  <div class='ocr_page' id='page_1' title='image "/cluster/home/n/w/nwhite01/storage/ocr_20150623/149/hvd.32044054760079/192.png"; bbox 0 0 3978 6178; ppageno 0'>
   <div class='ocr_carea' id='block_1_1' title="bbox 200 278 303 344">
    <p class='ocr_par' dir='ltr' id='par_1_1' title="bbox 200 278 303 344">
     <span class='ocr_line' id='line_1_1' title="bbox 200 278 303 344; baseline 0 0"><span class='ocrx_word' id='word_1_1' title='bbox 200 278 303 344; x_wconf 88' lang='grc'>373</span> 
     </span>
    </p>
   </div>
   <div class='ocr_carea' id='block_1_2' title="bbox 842 271 2907 349">
    <p class='ocr_par' dir='ltr' id='par_1_2' title="bbox 842 271 2907 349">
     <span class='ocr_line' id='line_1_2' title="bbox 842 271 2907 349; baseline 0.005 -11"><span class='ocrx_word' id='word_1_2' title='bbox 842 277 1049 339; x_wconf 86' lang='lat' dir='ltr'>VITA</span> <span class='ocrx_word' id='word_1_3' title='bbox 1092 276 1159 341; x_wconf 91' lang='lat' dir='ltr'>S.</span> <span class='ocrx_word' id='word_1_4' title='bbox 1206 278 1591 344; x_wconf 88' lang='lat' dir='ltr'>ELPHEGI.</span> <span class='ocrx_word' id='word_1_5' title='bbox 1643 316 1717 328; x_wconf 92' lang='lat'>-—</span> <span class='ocrx_word' id='word_1_6' title='bbox 1763 271 2471 349; x_wconf 77' lang='lat' dir='ltr'>OBSERVATIONES</span> <span class='ocrx_word' id='word_1_7' title='bbox 2511 284 2907 349; x_wconf 65' lang='lat' dir='ltr'>PRIEVIJE.</span> 
     </span>
    </p>
   </div>
   <div class='ocr_carea' id='block_1_3' title="bbox 3477 286 3595 349">
    <p class='ocr_par' dir='ltr' id='par_1_3' title="bbox 3477 286 3595 349">
     <span class='ocr_line' id='line_1_3' title="bbox 3477 286 3595 349; baseline -0.008 -1"><span class='ocrx_word' id='word_1_8' title='bbox 3477 286 3595 349; x_wconf 89' lang='lat'>3&#39;74</span> 
     </span>
    </p>
   </div>
   <div class='ocr_carea' id='block_1_4' title="bbox 190 467 3588 564">
    <p class='ocr_par' dir='ltr' id='par_1_4' title="bbox 190 467 3588 564">
     <span class='ocr_line' id='line_1_4' title="bbox 190 467 3588 564; baseline 0.002 -27"><span class='ocrx_word' id='word_1_9' title='bbox 190 481 645 552; x_wconf 75' lang='lat' dir='ltr'>Martyrologium</span> <span class='ocrx_word' id='word_1_10' title='bbox 673 484 726 536; x_wconf 90' lang='lat' dir='ltr'>et</span> <span class='ocrx_word' id='word_1_11' title='bbox 754 480 1226 551; x_wconf 89' lang='lat' dir='ltr'>Benedictinum,</span> <span class='ocrx_word' id='word_1_12' title='bbox 1263 482 1593 537; x_wconf 86' lang='lat' dir='ltr'>Romanum</span> <span class='ocrx_word' id='word_1_13' title='bbox 1627 484 1820 551; x_wconf 90' lang='lat' dir='ltr'>etiam,</span> <span class='ocrx_word' id='word_1_14' title='bbox 1839 467 1899 533; x_wconf 67' lang='grc' dir='ltr'><strong>Α</strong></span> <span class='ocrx_word' id='word_1_15' title='bbox 1932 484 2183 557; x_wconf 89' lang='lat' dir='ltr'>loquens</span> <span class='ocrx_word' id='word_1_16' title='bbox 2214 486 2358 540; x_wconf 81' lang='lat' dir='ltr'>dixit</span> <span class='ocrx_word' id='word_1_17' title='bbox 2387 487 2476 541; x_wconf 91' lang='lat' dir='ltr'>ei:</span> <span class='ocrx_word' id='word_1_18' title='bbox 2516 510 2537 535; x_wconf 84' lang='lat'><strong>«</strong></span> <span class='ocrx_word' id='word_1_19' title='bbox 2574 489 2751 561; x_wconf 89' lang='lat' dir='ltr'>Angli</span> <span class='ocrx_word' id='word_1_20' title='bbox 2779 490 2899 560; x_wconf 87' lang='lat' dir='ltr'>isti,</span> <span class='ocrx_word' id='word_1_21' title='bbox 2930 491 3081 547; x_wconf 89' lang='lat' dir='ltr'>inter</span> <span class='ocrx_word' id='word_1_22' title='bbox 3110 509 3261 564; x_wconf 89' lang='lat' dir='ltr'>quos</span> <span class='ocrx_word' id='word_1_23' title='bbox 3293 491 3588 564; x_wconf 88' lang='lat' dir='ltr'>degimus,</span> 
     </span>
    </p>
   </div>
   <div class='ocr_carea' id='block_1_5' title="bbox 187 570 1816 642">
    <p class='ocr_par' dir='ltr' id='par_1_5' title="bbox 187 570 1816 642">
     <span class='ocr_line' id='line_1_5' title="bbox 187 570 1816 642; baseline 0.001 -16"><span class='ocrx_word' id='word_1_24' title='bbox 187 572 531 626; x_wconf 88' lang='lat' dir='ltr'>Galesianum</span> <span class='ocrx_word' id='word_1_25' title='bbox 552 573 609 624; x_wconf 91' lang='lat' dir='ltr'>et</span> <span class='ocrx_word' id='word_1_26' title='bbox 638 570 746 624; x_wconf 88' lang='lat' dir='ltr'>alia</span> <span class='ocrx_word' id='word_1_27' title='bbox 767 586 901 641; x_wconf 63' lang='lat' dir='ltr'>qum</span> <span class='ocrx_word' id='word_1_28' title='bbox 929 575 1065 640; x_wconf 82' lang='lat' dir='ltr'>post</span> <span class='ocrx_word' id='word_1_29' title='bbox 1095 573 1383 627; x_wconf 82' lang='lat' dir='ltr'>saeculum</span> <span class='ocrx_word' id='word_1_30' title='bbox 1400 589 1457 626; x_wconf 69' lang='grc' dir='ltr'>χι</span> <span class='ocrx_word' id='word_1_31' title='bbox 1480 573 1816 642; x_wconf 89' lang='lat' dir='ltr'>conscripta</span> 
     </span>
    </p>
   </div>
   <div class='ocr_carea' id='block_1_6' title="bbox 181 659 1825 732">
    <p class='ocr_par' dir='ltr' id='par_1_6' title="bbox 181 659 1825 732">
     <span class='ocr_line' id='line_1_6' title="bbox 181 659 1825 732; baseline 0.001 -17"><span class='ocrx_word' id='word_1_32' title='bbox 181 664 320 726; x_wconf 86' lang='lat' dir='ltr'>sunt,</span> <span class='ocrx_word' id='word_1_33' title='bbox 363 661 808 728; x_wconf 67' lang='lat' dir='ltr'>repraesentant;</span> <span class='ocrx_word' id='word_1_34' title='bbox 845 660 1021 729; x_wconf 87' lang='lat' dir='ltr'>idque</span> <span class='ocrx_word' id='word_1_35' title='bbox 1055 659 1147 713; x_wconf 91' lang='lat' dir='ltr'>die</span> <span class='ocrx_word' id='word_1_36' title='bbox 1200 660 1265 714; x_wconf 83' lang='grc'>19</span> <span class='ocrx_word' id='word_1_37' title='bbox 1297 661 1541 730; x_wconf 80' lang='lat' dir='ltr'>Aprilis,</span> <span class='ocrx_word' id='word_1_38' title='bbox 1576 662 1674 731; x_wconf 91' lang='lat' dir='ltr'>qui</span> <span class='ocrx_word' id='word_1_39' title='bbox 1706 663 1825 732; x_wconf 87' lang='lat' dir='ltr'>ipsi</span> 
     </span>
    </p>
   </div>
   <div class='ocr_carea' id='block_1_7' title="bbox 182 746 1823 819">
    <p class='ocr_par' dir='ltr' id='par_1_7' title="bbox 182 746 1823 819">
     <span class='ocr_line' id='line_1_7' title="bbox 182 746 1823 819; baseline 0.001 -16"><span class='ocrx_word' id='word_1_40' title='bbox 182 764 470 819; x_wconf 90' lang='lat' dir='ltr'>supremus</span> <span class='ocrx_word' id='word_1_41' title='bbox 493 747 620 801; x_wconf 85' lang='lat' dir='ltr'>fuit.</span> <span class='ocrx_word' id='word_1_42' title='bbox 656 746 804 817; x_wconf 84' lang='lat' dir='ltr'>Ejus</span> <span class='ocrx_word' id='word_1_43' title='bbox 836 763 977 802; x_wconf 89' lang='lat' dir='ltr'>vero</span> <span class='ocrx_word' id='word_1_44' title='bbox 1007 749 1412 804; x_wconf 77' lang='lat' dir='ltr'>translationis</span> <span class='ocrx_word' id='word_1_45' title='bbox 1432 750 1653 805; x_wconf 85' lang='lat' dir='ltr'>festum</span> <span class='ocrx_word' id='word_1_46' title='bbox 1676 752 1768 805; x_wconf 90' lang='lat' dir='ltr'>die</span> <span class='ocrx_word' id='word_1_47' title='bbox 1790 752 1823 805; x_wconf 92' lang='lat'><strong>8</strong></span> 
     </span>
    </p>
   </div>
   <div class='ocr_carea' id='block_1_8' title="bbox 181 836 1823 907">
    <p class='ocr_par' dir='ltr' id='par_1_8' title="bbox 181 836 1823 907">
     <span class='ocr_line' id='line_1_8' title="bbox 181 836 1823 907; baseline 0 -13"><span class='ocrx_word' id='word_1_48' title='bbox 181 838 320 894; x_wconf 75' lang='lat' dir='ltr'>Junii</span> <span class='ocrx_word' id='word_1_49' title='bbox 346 837 655 907; x_wconf 87' lang='lat' dir='ltr'>consignat</span> <span class='ocrx_word' id='word_1_50' title='bbox 684 836 992 891; x_wconf 90' lang='lat' dir='ltr'>Osbernus</span> <span class='ocrx_word' id='word_1_51' title='bbox 1025 838 1155 907; x_wconf 91' lang='lat' dir='ltr'>ipse</span> <span class='ocrx_word' id='word_1_52' title='bbox 1188 838 1247 890; x_wconf 93' lang='lat' dir='ltr'>in</span> <span class='ocrx_word' id='word_1_53' title='bbox 1277 839 1684 894; x_wconf 79' lang='lat' dir='ltr'>translationis</span> <span class='ocrx_word' id='word_1_54' title='bbox 1724 841 1823 894; x_wconf 87' lang='lat' dir='ltr'>Hi-</span> 
     </span>
    </p>
   </div>
   <div class='ocr_carea' id='block_1_9' title="bbox 184 925 1819 999">
    <p class='ocr_par' dir='ltr' id='par_1_9' title="bbox 184 925 1819 999">
     <span class='ocr_line' id='line_1_9' title="bbox 184 925 1819 999; baseline 0.001 -16"><span class='ocrx_word' id='word_1_55' title='bbox 184 929 358 983; x_wconf 87' lang='lat' dir='ltr'>storia.</span> <span class='ocrx_word' id='word_1_56' title='bbox 380 925 547 995; x_wconf 82' lang='lat' dir='ltr'>Apud</span> <span class='ocrx_word' id='word_1_57' title='bbox 565 925 894 979; x_wconf 89' lang='lat' dir='ltr'>Germanos</span> <span class='ocrx_word' id='word_1_58' title='bbox 916 942 1032 979; x_wconf 91' lang='lat' dir='ltr'>non</span> <span class='ocrx_word' id='word_1_59' title='bbox 1056 926 1322 999; x_wconf 89' lang='lat' dir='ltr'>ignotum</span> <span class='ocrx_word' id='word_1_60' title='bbox 1344 926 1536 981; x_wconf 88' lang='lat' dir='ltr'>fuisse</span> <span class='ocrx_word' id='word_1_61' title='bbox 1558 931 1724 999; x_wconf 89' lang='lat' dir='ltr'>pater</span> <span class='ocrx_word' id='word_1_62' title='bbox 1744 946 1819 984; x_wconf 89' lang='lat' dir='ltr'>ex</span> 
     </span>
    </p>
   </div>
   <div class='ocr_carea' id='block_1_10' title="bbox 183 1015 1826 1087">
    <p class='ocr_par' dir='ltr' id='par_1_10' title="bbox 183 1015 1826 1087">
     <span class='ocr_line' id='line_1_10' title="bbox 183 1015 1826 1087; baseline 0.002 -16"><span class='ocrx_word' id='word_1_63' title='bbox 183 1017 294 1087; x_wconf 87' lang='lat' dir='ltr'>ejus</span> <span class='ocrx_word' id='word_1_64' title='bbox 321 1015 511 1085; x_wconf 87' lang='lat' dir='ltr'>elogio</span> <span class='ocrx_word' id='word_1_65' title='bbox 543 1016 703 1085; x_wconf 90' lang='lat' dir='ltr'>quod</span> <span class='ocrx_word' id='word_1_66' title='bbox 720 1015 1080 1069; x_wconf 88' lang='lat' dir='ltr'>Trithemius</span> <span class='ocrx_word' id='word_1_67' title='bbox 1102 1016 1160 1069; x_wconf 92' lang='lat' dir='ltr'>in</span> <span class='ocrx_word' id='word_1_68' title='bbox 1182 1031 1333 1069; x_wconf 89' lang='lat' dir='ltr'>nova</span> <span class='ocrx_word' id='word_1_69' title='bbox 1357 1017 1612 1071; x_wconf 84' lang='lat' dir='ltr'>editione</span> <span class='ocrx_word' id='word_1_70' title='bbox 1636 1016 1826 1074; x_wconf 90' lang='lat' dir='ltr'>Chro-</span> 
     </span>
    </p>
   </div>
   <div class='ocr_carea' id='block_1_11' title="bbox 180 1104 1821 1176">
    <p class='ocr_par' dir='ltr' id='par_1_11' title="bbox 180 1104 1821 1176">
     <span class='ocr_line' id='line_1_11' title="bbox 180 1104 1821 1176; baseline 0.001 -16"><span class='ocrx_word' id='word_1_71' title='bbox 180 1106 277 1160; x_wconf 90' lang='lat' dir='ltr'>nici</span> <span class='ocrx_word' id='word_1_72' title='bbox 304 1104 757 1176; x_wconf 85' lang='lat' dir='ltr'>Hirsaugiensis</span> <span class='ocrx_word' id='word_1_73' title='bbox 788 1104 1039 1158; x_wconf 87' lang='lat' dir='ltr'>inseruit</span> <span class='ocrx_word' id='word_1_74' title='bbox 1076 1104 1148 1158; x_wconf 90' lang='lat' dir='ltr'>ad</span> <span class='ocrx_word' id='word_1_75' title='bbox 1178 1121 1397 1159; x_wconf 89' lang='lat' dir='ltr'>annum</span> <span class='ocrx_word' id='word_1_76' title='bbox 1438 1105 1597 1161; x_wconf 87' lang='grc'><strong>1015.</strong></span> <span class='ocrx_word' id='word_1_77' title='bbox 1647 1109 1821 1162; x_wconf 90' lang='lat' dir='ltr'>Anno</span> 
     </span>
    </p>
   </div>
   <div class='ocr_carea' id='block_1_12' title="bbox 180 1192 1826 1264">
    <p class='ocr_par' dir='ltr' id='par_1_12' title="bbox 180 1192 1826 1264">
     <span class='ocr_line' id='line_1_12' title="bbox 180 1192 1826 1264; baseline 0.002 -16"><span class='ocrx_word' id='word_1_78' title='bbox 180 1193 421 1264; x_wconf 84' lang='lat' dir='ltr'>sequenti</span> <span class='ocrx_word' id='word_1_79' title='bbox 452 1193 775 1263; x_wconf 87' lang='lat' dir='ltr'>consignat</span> <span class='ocrx_word' id='word_1_80' title='bbox 803 1192 937 1262; x_wconf 84' lang='lat' dir='ltr'>ejus</span> <span class='ocrx_word' id='word_1_81' title='bbox 958 1195 1301 1263; x_wconf 78' lang='lat' dir='ltr'>martyrium</span> <span class='ocrx_word' id='word_1_82' title='bbox 1331 1194 1608 1250; x_wconf 91' lang='lat' dir='ltr'>Chronici</span> <span class='ocrx_word' id='word_1_83' title='bbox 1638 1196 1826 1252; x_wconf 87' lang='lat' dir='ltr'>Saxo-</span> 
     </span>
    </p>
   </div>
   <div class='ocr_carea' id='block_1_13' title="bbox 179 1280 1826 1352">
    <p class='ocr_par' dir='ltr' id='par_1_13' title="bbox 179 1280 1826 1352">
     <span class='ocr_line' id='line_1_13' title="bbox 179 1280 1826 1352; baseline 0.002 -16"><span class='ocrx_word' id='word_1_84' title='bbox 179 1282 276 1336; x_wconf 88' lang='lat' dir='ltr'>nici</span> <span class='ocrx_word' id='word_1_85' title='bbox 303 1280 426 1335; x_wconf 90' lang='lat' dir='ltr'>sive</span> <span class='ocrx_word' id='word_1_86' title='bbox 459 1281 1010 1352; x_wconf 85' lang='lat' dir='ltr'>Magdaburgensis</span> <span class='ocrx_word' id='word_1_87' title='bbox 1040 1285 1267 1351; x_wconf 86' lang='lat' dir='ltr'>auctor,</span> <span class='ocrx_word' id='word_1_88' title='bbox 1286 1282 1389 1337; x_wconf 90' lang='lat' dir='ltr'>ubi</span> <span class='ocrx_word' id='word_1_89' title='bbox 1408 1284 1645 1338; x_wconf 89' lang='lat' dir='ltr'>beatum</span> <span class='ocrx_word' id='word_1_90' title='bbox 1669 1285 1826 1340; x_wconf 91' lang='lat' dir='ltr'>hunc</span> 
     </span>
    </p>
   </div>
   <div class='ocr_carea' id='block_1_14' title="bbox 177 1369 1826 1441">
    <p class='ocr_par' dir='ltr' id='par_1_14' title="bbox 177 1369 1826 1441">
     <span class='ocr_line' id='line_1_14' title="bbox 177 1369 1826 1441; baseline 0.005 -19"><span class='ocrx_word' id='word_1_91' title='bbox 177 1371 343 1423; x_wconf 88' lang='lat' dir='ltr'>virum</span> <span class='ocrx_word' id='word_1_92' title='bbox 372 1371 583 1424; x_wconf 88' lang='lat' dir='ltr'>nescio</span> <span class='ocrx_word' id='word_1_93' title='bbox 602 1386 718 1441; x_wconf 89' lang='lat' dir='ltr'>qua</span> <span class='ocrx_word' id='word_1_94' title='bbox 744 1370 971 1424; x_wconf 86' lang='lat' dir='ltr'>ratione</span> <span class='ocrx_word' id='word_1_95' title='bbox 993 1369 1245 1425; x_wconf 83' lang='lat' dir='ltr'>Dustein</span> <span class='ocrx_word' id='word_1_96' title='bbox 1270 1372 1550 1441; x_wconf 84' lang='lat' dir='ltr'>appellat;</span> <span class='ocrx_word' id='word_1_97' title='bbox 1573 1374 1663 1427; x_wconf 91' lang='lat' dir='ltr'>sic</span> <span class='ocrx_word' id='word_1_98' title='bbox 1684 1389 1826 1430; x_wconf 90' lang='lat' dir='ltr'>vero</span> 
     </span>
    </p>
   </div>
   <div class='ocr_carea' id='block_1_15' title="bbox 177 1457 1824 1533">
    <p class='ocr_par' dir='ltr' id='par_1_15' title="bbox 177 1457 1824 1533">
     <span class='ocr_line' id='line_1_15' title="bbox 177 1457 1824 1533; baseline 0.001 -20"><span class='ocrx_word' id='word_1_99' title='bbox 177 1458 352 1513; x_wconf 84' lang='lat' dir='ltr'>habet:</span> <span class='ocrx_word' id='word_1_100' title='bbox 391 1479 411 1503; x_wconf 79' lang='grc' dir='ltr'>α</span> <span class='ocrx_word' id='word_1_101' title='bbox 440 1457 670 1511; x_wconf 90' lang='lat' dir='ltr'>Eodem</span> <span class='ocrx_word' id='word_1_102' title='bbox 700 1462 962 1527; x_wconf 90' lang='lat' dir='ltr'>tempore</span> <span class='ocrx_word' id='word_1_103' title='bbox 987 1458 1358 1528; x_wconf 90' lang='lat' dir='ltr'>Nortmauni,</span> <span class='ocrx_word' id='word_1_104' title='bbox 1392 1461 1540 1514; x_wconf 92' lang='lat' dir='ltr'>duce</span> <span class='ocrx_word' id='word_1_105' title='bbox 1562 1460 1824 1533; x_wconf 87' lang='lat' dir='ltr'>Turkilo,</span> 
     </span>
    </p>
   </div>
   <div class='ocr_carea' id='block_1_16' title="bbox 178 1545 1826 1618">
    <p class='ocr_par' dir='ltr' id='par_1_16' title="bbox 178 1545 1826 1618">
     <span class='ocr_line' id='line_1_16' title="bbox 178 1545 1826 1618; baseline 0.003 -19"><span class='ocrx_word' id='word_1_106' title='bbox 178 1547 479 1600; x_wconf 58' lang='lat' dir='ltr'>Cantuariis</span> <span class='ocrx_word' id='word_1_107' title='bbox 530 1545 793 1600; x_wconf 85' lang='lat' dir='ltr'>civitatis</span> <span class='ocrx_word' id='word_1_108' title='bbox 833 1546 1145 1618; x_wconf 88' lang='lat' dir='ltr'>egregium</span> <span class='ocrx_word' id='word_1_109' title='bbox 1199 1548 1540 1618; x_wconf 85' lang='lat' dir='ltr'>antistitem,</span> <span class='ocrx_word' id='word_1_110' title='bbox 1590 1550 1826 1605; x_wconf 87' lang='lat' dir='ltr'>nomine</span> 
     </span>
    </p>
   </div>
   <div class='ocr_carea' id='block_1_17' title="bbox 176 1636 1818 1705">
    <p class='ocr_par' dir='ltr' id='par_1_17' title="bbox 176 1636 1818 1705">
     <span class='ocr_line' id='line_1_17' title="bbox 176 1636 1818 1705; baseline 0.003 -16"><span class='ocrx_word' id='word_1_111' title='bbox 176 1636 410 1703; x_wconf 88' lang='lat' dir='ltr'>Dustein,</span> <span class='ocrx_word' id='word_1_112' title='bbox 426 1639 671 1705; x_wconf 86' lang='lat' dir='ltr'>captum</span> <span class='ocrx_word' id='word_1_113' title='bbox 683 1651 816 1689; x_wconf 91' lang='lat' dir='ltr'>cum</span> <span class='ocrx_word' id='word_1_114' title='bbox 835 1636 1089 1703; x_wconf 81' lang='lat' dir='ltr'>caeteris,</span> <span class='ocrx_word' id='word_1_115' title='bbox 1107 1637 1362 1691; x_wconf 89' lang='lat' dir='ltr'>vinculis</span> <span class='ocrx_word' id='word_1_116' title='bbox 1376 1640 1431 1691; x_wconf 91' lang='lat' dir='ltr'>et</span> <span class='ocrx_word' id='word_1_117' title='bbox 1446 1638 1635 1692; x_wconf 90' lang='lat' dir='ltr'>inedia</span> <span class='ocrx_word' id='word_1_118' title='bbox 1652 1654 1818 1694; x_wconf 87' lang='lat' dir='ltr'>more</span> 
     </span>
    </p>
   </div>
   <div class='ocr_carea' id='block_1_18' title="bbox 175 1723 1819 1789">
    <p class='ocr_par' dir='ltr' id='par_1_18' title="bbox 175 1723 1819 1789">
     <span class='ocr_line' id='line_1_18' title="bbox 175 1723 1819 1789; baseline 0.002 -12"><span class='ocrx_word' id='word_1_119' title='bbox 175 1739 264 1777; x_wconf 90' lang='lat' dir='ltr'>suo</span> <span class='ocrx_word' id='word_1_120' title='bbox 286 1725 609 1779; x_wconf 85' lang='lat' dir='ltr'>crudeliter</span> <span class='ocrx_word' id='word_1_121' title='bbox 627 1724 1057 1779; x_wconf 85' lang='lat' dir='ltr'>exstinxerunt.</span> <span class='ocrx_word' id='word_1_122' title='bbox 1078 1723 1189 1789; x_wconf 89' lang='lat' dir='ltr'>Qui</span> <span class='ocrx_word' id='word_1_123' title='bbox 1210 1725 1461 1779; x_wconf 88' lang='lat' dir='ltr'>humana</span> <span class='ocrx_word' id='word_1_124' title='bbox 1485 1730 1676 1782; x_wconf 91' lang='lat' dir='ltr'>motus</span> <span class='ocrx_word' id='word_1_125' title='bbox 1697 1727 1819 1780; x_wconf 88' lang='lat' dir='ltr'>fra-</span> 
     </span>
    </p>
   </div>
   <div class='ocr_carea' id='block_1_19' title="bbox 1943 574 3587 650">
    <p class='ocr_par' dir='ltr' id='par_1_19' title="bbox 1943 574 3587 650">
     <span class='ocr_line' id='line_1_19' title="bbox 1943 574 3587 650; baseline 0.005 -26"><span class='ocrx_word' id='word_1_126' title='bbox 1943 597 1966 624; x_wconf 73' lang='grc' dir='ltr'><em>α</em></span> <span class='ocrx_word' id='word_1_127' title='bbox 2009 574 2385 629; x_wconf 88' lang='lat' dir='ltr'>instituerunt</span> <span class='ocrx_word' id='word_1_128' title='bbox 2417 576 2530 629; x_wconf 91' lang='lat' dir='ltr'>sibi</span> <span class='ocrx_word' id='word_1_129' title='bbox 2555 579 2841 648; x_wconf 90' lang='lat' dir='ltr'>quosdam</span> <span class='ocrx_word' id='word_1_130' title='bbox 2865 596 3014 650; x_wconf 89' lang='lat' dir='ltr'>quos</span> <span class='ocrx_word' id='word_1_131' title='bbox 3038 583 3297 634; x_wconf 88' lang='lat' dir='ltr'>colerent</span> <span class='ocrx_word' id='word_1_132' title='bbox 3317 584 3587 634; x_wconf 84' lang='lat' dir='ltr'>sanctos:</span> 
     </span>
    </p>
   </div>
   <div class='ocr_carea' id='block_1_20' title="bbox 1942 664 3592 743">
    <p class='ocr_par' dir='ltr' id='par_1_20' title="bbox 1942 664 3592 743">
     <span class='ocr_line' id='line_1_20' title="bbox 1942 664 3592 743; baseline 0.003 -26"><span class='ocrx_word' id='word_1_133' title='bbox 1942 685 1964 710; x_wconf 79' lang='grc' dir='ltr'>α</span> <span class='ocrx_word' id='word_1_134' title='bbox 2007 664 2078 717; x_wconf 90' lang='lat' dir='ltr'>de</span> <span class='ocrx_word' id='word_1_135' title='bbox 2100 664 2316 733; x_wconf 89' lang='lat' dir='ltr'>quibus</span> <span class='ocrx_word' id='word_1_136' title='bbox 2346 680 2478 718; x_wconf 92' lang='lat' dir='ltr'>cum</span> <span class='ocrx_word' id='word_1_137' title='bbox 2509 666 2821 735; x_wconf 85' lang='lat' dir='ltr'>aliquando</span> <span class='ocrx_word' id='word_1_138' title='bbox 2865 669 2963 738; x_wconf 90' lang='lat' dir='ltr'>qui</span> <span class='ocrx_word' id='word_1_139' title='bbox 2996 668 3228 735; x_wconf 84' lang='lat' dir='ltr'>fuerint,</span> <span class='ocrx_word' id='word_1_140' title='bbox 3259 670 3592 743; x_wconf 85' lang='lat' dir='ltr'>secundum</span> 
     </span>
    </p>
   </div>
   <div class='ocr_carea' id='block_1_21' title="bbox 1936 753 3589 824">
    <p class='ocr_par' dir='ltr' id='par_1_21' title="bbox 1936 753 3589 824">
     <span class='ocr_line' id='line_1_21' title="bbox 1936 753 3589 824; baseline 0.002 -18"><span class='ocrx_word' id='word_1_141' title='bbox 1936 774 1957 799; x_wconf 85' lang='grc'>‹‹</span> <span class='ocrx_word' id='word_1_142' title='bbox 2003 753 2159 824; x_wconf 92' lang='lat' dir='ltr'>quod</span> <span class='ocrx_word' id='word_1_143' title='bbox 2181 753 2414 821; x_wconf 85' lang='lat' dir='ltr'>ipsimet</span> <span class='ocrx_word' id='word_1_144' title='bbox 2433 754 2712 824; x_wconf 86' lang='lat' dir='ltr'>referunt,</span> <span class='ocrx_word' id='word_1_145' title='bbox 2731 759 2921 809; x_wconf 85' lang='lat' dir='ltr'>mente</span> <span class='ocrx_word' id='word_1_146' title='bbox 2945 758 3204 823; x_wconf 85' lang='lat' dir='ltr'>revolvo,</span> <span class='ocrx_word' id='word_1_147' title='bbox 3227 758 3297 810; x_wconf 92' lang='lat' dir='ltr'>de</span> <span class='ocrx_word' id='word_1_148' title='bbox 3317 758 3589 811; x_wconf 85' lang='lat' dir='ltr'>sanctita-</span> 
     </span>
    </p>
   </div>
   <div class='ocr_carea' id='block_1_22' title="bbox 1938 841 3592 899">
    <p class='ocr_par' dir='ltr' id='par_1_22' title="bbox 1938 841 3592 899">
     <span class='ocr_line' id='line_1_22' title="bbox 1938 841 3592 899; baseline 0.003 -6"><span class='ocrx_word' id='word_1_149' title='bbox 1938 863 1959 886; x_wconf 86' lang='lat'><strong>«</strong></span> <span class='ocrx_word' id='word_1_150' title='bbox 2004 841 2078 894; x_wconf 91' lang='lat' dir='ltr'>tis</span> <span class='ocrx_word' id='word_1_151' title='bbox 2138 856 2342 895; x_wconf 89' lang='lat' dir='ltr'>eorum</span> <span class='ocrx_word' id='word_1_152' title='bbox 2397 842 2601 896; x_wconf 88' lang='lat' dir='ltr'>merito</span> <span class='ocrx_word' id='word_1_153' title='bbox 2652 844 2912 896; x_wconf 89' lang='lat' dir='ltr'>animum</span> <span class='ocrx_word' id='word_1_154' title='bbox 2951 860 2984 896; x_wconf 88' lang='lat' dir='ltr'>a</span> <span class='ocrx_word' id='word_1_155' title='bbox 3031 845 3323 897; x_wconf 82' lang='lat' dir='ltr'>dubietate</span> <span class='ocrx_word' id='word_1_156' title='bbox 3355 845 3592 899; x_wconf 86' lang='lat' dir='ltr'>ﬂectere</span> 
     </span>
    </p>
   </div>
   <div class='ocr_carea' id='block_1_23' title="bbox 1940 929 3595 999">
    <p class='ocr_par' dir='ltr' id='par_1_23' title="bbox 1940 929 3595 999">
     <span class='ocr_line' id='line_1_23' title="bbox 1940 929 3595 999; baseline 0.005 -22"><span class='ocrx_word' id='word_1_157' title='bbox 1940 953 1961 977; x_wconf 72' lang='grc' dir='ltr'><strong><em>α</em></strong></span> <span class='ocrx_word' id='word_1_158' title='bbox 2004 945 2254 999; x_wconf 90' lang='lat' dir='ltr'>nequeo.</span> <span class='ocrx_word' id='word_1_159' title='bbox 2308 929 2379 983; x_wconf 88' lang='lat' dir='ltr'>Et</span> <span class='ocrx_word' id='word_1_160' title='bbox 2427 945 2565 984; x_wconf 90' lang='lat' dir='ltr'>ecce</span> <span class='ocrx_word' id='word_1_161' title='bbox 2601 948 2756 985; x_wconf 92' lang='lat' dir='ltr'>unus</span> <span class='ocrx_word' id='word_1_162' title='bbox 2792 932 3023 985; x_wconf 90' lang='lat' dir='ltr'>illorum</span> <span class='ocrx_word' id='word_1_163' title='bbox 3053 937 3145 986; x_wconf 89' lang='lat' dir='ltr'>est</span> <span class='ocrx_word' id='word_1_164' title='bbox 3175 933 3233 985; x_wconf 89' lang='lat' dir='ltr'>in</span> <span class='ocrx_word' id='word_1_165' title='bbox 3265 935 3466 985; x_wconf 88' lang='lat' dir='ltr'>sancta</span> <span class='ocrx_word' id='word_1_166' title='bbox 3498 934 3595 986; x_wconf 90' lang='lat' dir='ltr'>cui</span> 
     </span>
    </p>
   </div>
   <div class='ocr_carea' id='block_1_24' title="bbox 1938 1018 3591 1091">
    <p class='ocr_par' dir='ltr' id='par_1_24' title="bbox 1938 1018 3591 1091">
     <span class='ocr_line' id='line_1_24' title="bbox 1938 1018 3591 1091; baseline 0.002 -21"><span class='ocrx_word' id='word_1_167' title='bbox 1938 1041 1958 1064; x_wconf 75' lang='grc' dir='ltr'><strong><em>α</em></strong></span> <span class='ocrx_word' id='word_1_168' title='bbox 2004 1033 2177 1085; x_wconf 90' lang='lat' dir='ltr'>nunc,</span> <span class='ocrx_word' id='word_1_169' title='bbox 2212 1018 2331 1072; x_wconf 95' lang='lat' dir='ltr'>Deo</span> <span class='ocrx_word' id='word_1_170' title='bbox 2361 1022 2618 1086; x_wconf 89' lang='lat' dir='ltr'>auctore,</span> <span class='ocrx_word' id='word_1_171' title='bbox 2650 1020 3044 1089; x_wconf 74' lang='lat' dir='ltr'>praesidemus</span> <span class='ocrx_word' id='word_1_172' title='bbox 3077 1022 3219 1074; x_wconf 91' lang='lat' dir='ltr'>scdc</span> <span class='ocrx_word' id='word_1_173' title='bbox 3248 1022 3591 1091; x_wconf 88' lang='lat' dir='ltr'>quiescens,</span> 
     </span>
    </p>
   </div>
   <div class='ocr_carea' id='block_1_25' title="bbox 1940 1105 3589 1178">
    <p class='ocr_par' dir='ltr' id='par_1_25' title="bbox 1940 1105 3589 1178">
     <span class='ocr_line' id='line_1_25' title="bbox 1940 1105 3589 1178; baseline 0.006 -25"><span class='ocrx_word' id='word_1_174' title='bbox 1940 1128 1962 1153; x_wconf 78' lang='grc' dir='ltr'>α</span> <span class='ocrx_word' id='word_1_175' title='bbox 2004 1105 2308 1176; x_wconf 84' lang='lat' dir='ltr'>Elphegus</span> <span class='ocrx_word' id='word_1_176' title='bbox 2331 1107 2584 1175; x_wconf 89' lang='lat' dir='ltr'>nomine,</span> <span class='ocrx_word' id='word_1_177' title='bbox 2609 1108 2700 1161; x_wconf 90' lang='lat' dir='ltr'>vir</span> <span class='ocrx_word' id='word_1_178' title='bbox 2729 1109 2920 1161; x_wconf 90' lang='lat' dir='ltr'>bonus</span> <span class='ocrx_word' id='word_1_179' title='bbox 2952 1109 3207 1178; x_wconf 91' lang='lat' dir='ltr'>quidem,</span> <span class='ocrx_word' id='word_1_180' title='bbox 3234 1112 3290 1162; x_wconf 91' lang='lat' dir='ltr'>et</span> <span class='ocrx_word' id='word_1_181' title='bbox 3312 1126 3421 1163; x_wconf 92' lang='lat' dir='ltr'>suo</span> <span class='ocrx_word' id='word_1_182' title='bbox 3443 1112 3589 1163; x_wconf 90' lang='lat' dir='ltr'>tem-</span> 
     </span>
    </p>
   </div>
   <div class='ocr_carea' id='block_1_26' title="bbox 1937 1194 3588 1265">
    <p class='ocr_par' dir='ltr' id='par_1_26' title="bbox 1937 1194 3588 1265">
     <span class='ocr_line' id='line_1_26' title="bbox 1937 1194 3588 1265; baseline 0.003 -18"><span class='ocrx_word' id='word_1_183' title='bbox 1937 1217 1959 1241; x_wconf 76' lang='grc' dir='ltr'>α</span> <span class='ocrx_word' id='word_1_184' title='bbox 2001 1210 2143 1265; x_wconf 89' lang='lat' dir='ltr'>pore</span> <span class='ocrx_word' id='word_1_185' title='bbox 2175 1194 2385 1265; x_wconf 81' lang='lat' dir='ltr'>gradui</span> <span class='ocrx_word' id='word_1_186' title='bbox 2411 1195 2959 1265; x_wconf 82' lang='lat' dir='ltr'>archiepiscopatus</span> <span class='ocrx_word' id='word_1_187' title='bbox 2982 1198 3317 1265; x_wconf 66' lang='lat' dir='ltr'>prmsidens</span> <span class='ocrx_word' id='word_1_188' title='bbox 3348 1198 3588 1252; x_wconf 90' lang='lat' dir='ltr'>ibidem.</span> 
     </span>
    </p>
   </div>
   <div class='ocr_carea' id='block_1_27' title="bbox 1938 1283 3594 1353">
    <p class='ocr_par' dir='ltr' id='par_1_27' title="bbox 1938 1283 3594 1353">
     <span class='ocr_line' id='line_1_27' title="bbox 1938 1283 3594 1353; baseline 0.004 -21"><span class='ocrx_word' id='word_1_189' title='bbox 1938 1304 1960 1332; x_wconf 70' lang='grc' dir='ltr'><strong><em>α</em></strong></span> <span class='ocrx_word' id='word_1_190' title='bbox 2005 1283 2174 1336; x_wconf 88' lang='lat' dir='ltr'>Hunc</span> <span class='ocrx_word' id='word_1_191' title='bbox 2221 1298 2337 1337; x_wconf 91' lang='lat' dir='ltr'>non</span> <span class='ocrx_word' id='word_1_192' title='bbox 2381 1284 2552 1336; x_wconf 87' lang='lat' dir='ltr'>modo</span> <span class='ocrx_word' id='word_1_193' title='bbox 2601 1284 2753 1338; x_wconf 87' lang='lat' dir='ltr'>inter</span> <span class='ocrx_word' id='word_1_194' title='bbox 2802 1288 3063 1353; x_wconf 88' lang='lat' dir='ltr'>sanctos,</span> <span class='ocrx_word' id='word_1_195' title='bbox 3107 1301 3312 1339; x_wconf 89' lang='lat' dir='ltr'>verum</span> <span class='ocrx_word' id='word_1_196' title='bbox 3344 1290 3400 1339; x_wconf 91' lang='lat' dir='ltr'>et</span> <span class='ocrx_word' id='word_1_197' title='bbox 3442 1285 3594 1340; x_wconf 88' lang='lat' dir='ltr'>inter</span> 
     </span>
    </p>
   </div>
   <div class='ocr_carea' id='block_1_28' title="bbox 1941 1372 3593 1441">
    <p class='ocr_par' dir='ltr' id='par_1_28' title="bbox 1941 1372 3593 1441">
     <span class='ocr_line' id='line_1_28' title="bbox 1941 1372 3593 1441; baseline 0.005 -22"><span class='ocrx_word' id='word_1_198' title='bbox 1941 1393 1963 1419; x_wconf 78' lang='grc' dir='ltr'>σι</span> <span class='ocrx_word' id='word_1_199' title='bbox 2006 1374 2294 1441; x_wconf 81' lang='lat' dir='ltr'>martyres</span> <span class='ocrx_word' id='word_1_200' title='bbox 2312 1376 2640 1441; x_wconf 79' lang='lat' dir='ltr'>numerant;</span> <span class='ocrx_word' id='word_1_201' title='bbox 2657 1372 2793 1426; x_wconf 90' lang='lat' dir='ltr'>licet</span> <span class='ocrx_word' id='word_1_202' title='bbox 2812 1388 2944 1426; x_wconf 92' lang='lat' dir='ltr'>eum</span> <span class='ocrx_word' id='word_1_203' title='bbox 2959 1388 3075 1426; x_wconf 89' lang='lat' dir='ltr'>non</span> <span class='ocrx_word' id='word_1_204' title='bbox 3094 1389 3196 1441; x_wconf 82' lang='lat' dir='ltr'>pro</span> <span class='ocrx_word' id='word_1_205' title='bbox 3211 1374 3593 1428; x_wconf 89' lang='lat' dir='ltr'>confessione</span> 
     </span>
    </p>
   </div>
   <div class='ocr_carea' id='block_1_29' title="bbox 1940 1459 3593 1530">
    <p class='ocr_par' dir='ltr' id='par_1_29' title="bbox 1940 1459 3593 1530">
     <span class='ocr_line' id='line_1_29' title="bbox 1940 1459 3593 1530; baseline 0.002 -17"><span class='ocrx_word' id='word_1_206' title='bbox 1940 1482 1961 1507; x_wconf 88' lang='grc'><em>‹‹</em></span> <span class='ocrx_word' id='word_1_207' title='bbox 2004 1460 2260 1514; x_wconf 91' lang='lat' dir='ltr'>nominis</span> <span class='ocrx_word' id='word_1_208' title='bbox 2277 1459 2518 1529; x_wconf 86' lang='lat' dir='ltr'>Christi,</span> <span class='ocrx_word' id='word_1_209' title='bbox 2536 1461 2641 1514; x_wconf 91' lang='lat' dir='ltr'>sed</span> <span class='ocrx_word' id='word_1_210' title='bbox 2656 1461 2795 1530; x_wconf 88' lang='lat' dir='ltr'>quia</span> <span class='ocrx_word' id='word_1_211' title='bbox 2813 1477 2877 1514; x_wconf 90' lang='lat' dir='ltr'>se</span> <span class='ocrx_word' id='word_1_212' title='bbox 2900 1463 3147 1530; x_wconf 91' lang='lat' dir='ltr'>pecunia</span> <span class='ocrx_word' id='word_1_213' title='bbox 3168 1462 3460 1516; x_wconf 86' lang='lat' dir='ltr'>redimere</span> <span class='ocrx_word' id='word_1_214' title='bbox 3476 1478 3593 1517; x_wconf 90' lang='lat' dir='ltr'>non</span> 
     </span>
    </p>
   </div>
   <div class='ocr_carea' id='block_1_30' title="bbox 1936 1549 3592 1620">
    <p class='ocr_par' dir='ltr' id='par_1_30' title="bbox 1936 1549 3592 1620">
     <span class='ocr_line' id='line_1_30' title="bbox 1936 1549 3592 1620; baseline 0.001 -19"><span class='ocrx_word' id='word_1_215' title='bbox 1936 1570 1959 1595; x_wconf 88' lang='grc'>‹‹</span> <span class='ocrx_word' id='word_1_216' title='bbox 2002 1549 2204 1618; x_wconf 92' lang='lat' dir='ltr'>voluit,</span> <span class='ocrx_word' id='word_1_217' title='bbox 2237 1549 2496 1603; x_wconf 90' lang='lat' dir='ltr'>occisum</span> <span class='ocrx_word' id='word_1_218' title='bbox 2540 1565 2657 1603; x_wconf 91' lang='lat' dir='ltr'>non</span> <span class='ocrx_word' id='word_1_219' title='bbox 2689 1554 2924 1620; x_wconf 87' lang='lat' dir='ltr'>negent.</span> <span class='ocrx_word' id='word_1_220' title='bbox 2960 1550 3107 1603; x_wconf 86' lang='lat' dir='ltr'>Nam</span> <span class='ocrx_word' id='word_1_221' title='bbox 3142 1566 3272 1603; x_wconf 91' lang='lat' dir='ltr'>cum</span> <span class='ocrx_word' id='word_1_222' title='bbox 3308 1550 3493 1618; x_wconf 91' lang='lat' dir='ltr'>illum,</span> <span class='ocrx_word' id='word_1_223' title='bbox 3528 1554 3592 1603; x_wconf 89' lang='lat' dir='ltr'>ut</span> 
     </span>
    </p>
   </div>
   <div class='ocr_carea' id='block_1_31' title="bbox 1938 1637 3598 1708">
    <p class='ocr_par' dir='ltr' id='par_1_31' title="bbox 1938 1637 3598 1708">
     <span class='ocr_line' id='line_1_31' title="bbox 1938 1637 3598 1708; baseline 0.001 -19"><span class='ocrx_word' id='word_1_224' title='bbox 1938 1659 1959 1683; x_wconf 76' lang='grc' dir='ltr'>α</span> <span class='ocrx_word' id='word_1_225' title='bbox 2003 1638 2205 1692; x_wconf 89' lang='lat' dir='ltr'>verbis</span> <span class='ocrx_word' id='word_1_226' title='bbox 2237 1641 2364 1692; x_wconf 88' lang='lat' dir='ltr'>utar</span> <span class='ocrx_word' id='word_1_227' title='bbox 2395 1637 2741 1708; x_wconf 77' lang='lat' dir='ltr'>Anglorum,</span> <span class='ocrx_word' id='word_1_228' title='bbox 2777 1639 2973 1692; x_wconf 71' lang='lat' dir='ltr'>aamuli</span> <span class='ocrx_word' id='word_1_229' title='bbox 3004 1639 3135 1708; x_wconf 91' lang='lat' dir='ltr'>ejus</span> <span class='ocrx_word' id='word_1_230' title='bbox 3167 1642 3224 1692; x_wconf 92' lang='lat' dir='ltr'>et</span> <span class='ocrx_word' id='word_1_231' title='bbox 3244 1640 3467 1691; x_wconf 82' lang='lat' dir='ltr'>inimici</span> <span class='ocrx_word' id='word_1_232' title='bbox 3492 1640 3598 1693; x_wconf 92' lang='lat' dir='ltr'>Dei</span> 
     </span>
    </p>
   </div>
   <div class='ocr_carea' id='block_1_32' title="bbox 1939 1726 3599 1798">
    <p class='ocr_par' dir='ltr' id='par_1_32' title="bbox 1939 1726 3599 1798">
     <span class='ocr_line' id='line_1_32' title="bbox 1939 1726 3599 1798; baseline 0.001 -19"><span class='ocrx_word' id='word_1_233' title='bbox 1939 1748 1961 1774; x_wconf 77' lang='grc' dir='ltr'>(ι</span> <span class='ocrx_word' id='word_1_234' title='bbox 2005 1726 2220 1798; x_wconf 79' lang='lat' dir='ltr'>pagani</span> <span class='ocrx_word' id='word_1_235' title='bbox 2250 1727 2569 1796; x_wconf 88' lang='lat' dir='ltr'>cepissent,</span> <span class='ocrx_word' id='word_1_236' title='bbox 2604 1731 2659 1780; x_wconf 92' lang='lat' dir='ltr'>et</span> <span class='ocrx_word' id='word_1_237' title='bbox 2681 1730 2873 1781; x_wconf 89' lang='lat' dir='ltr'>tamen</span> <span class='ocrx_word' id='word_1_238' title='bbox 2894 1743 2999 1797; x_wconf 91' lang='lat' dir='ltr'>pro</span> <span class='ocrx_word' id='word_1_239' title='bbox 3029 1727 3529 1781; x_wconf 86' lang='lat' dir='ltr'>reverentiaillius</span> <span class='ocrx_word' id='word_1_240' title='bbox 3545 1727 3599 1782; x_wconf 90' lang='lat' dir='ltr'>ei</span> 
     </span>
    </p>
   </div>
   <div class='ocr_carea' id='block_1_33' title="bbox 174 1812 3599 1902">
    <p class='ocr_par' dir='ltr' id='par_1_33' title="bbox 174 1812 3599 1902">
     <span class='ocr_line' id='line_1_33' title="bbox 174 1812 3599 1902; baseline 0.001 -36"><span class='ocrx_word' id='word_1_241' title='bbox 174 1812 725 1884; x_wconf 86' lang='lat' dir='ltr'>gilitate,pecuniam</span> <span class='ocrx_word' id='word_1_242' title='bbox 775 1814 1068 1882; x_wconf 88' lang='lat' dir='ltr'>promisit,</span> <span class='ocrx_word' id='word_1_243' title='bbox 1095 1814 1432 1868; x_wconf 87' lang='lat' dir='ltr'>etindueias</span> <span class='ocrx_word' id='word_1_244' title='bbox 1453 1819 1743 1885; x_wconf 89' lang='lat' dir='ltr'>poposcit,</span> <span class='ocrx_word' id='word_1_245' title='bbox 1764 1822 1899 1902; x_wconf 79' lang='lat' dir='ltr'>utB</span> <span class='ocrx_word' id='word_1_246' title='bbox 1937 1837 1958 1861; x_wconf 83' lang='lat'><strong>«</strong></span> <span class='ocrx_word' id='word_1_247' title='bbox 1990 1817 2338 1885; x_wconf 89' lang='lat' dir='ltr'>potestatem</span> <span class='ocrx_word' id='word_1_248' title='bbox 2355 1816 3599 1885; x_wconf 86' lang='lat' dir='ltr'>seredimendiconccssissent,immensam</span> 
     </span>
    </p>
   </div>
   <div class='ocr_carea' id='block_1_34' title="bbox 173 1901 1828 1974">
    <p class='ocr_par' dir='ltr' id='par_1_34' title="bbox 173 1901 1828 1974">
     <span class='ocr_line' id='line_1_34' title="bbox 173 1901 1828 1974; baseline 0.004 -20"><span class='ocrx_word' id='word_1_249' title='bbox 173 1901 215 1953; x_wconf 91' lang='lat' dir='ltr'>si</span> <span class='ocrx_word' id='word_1_250' title='bbox 231 1901 629 1971; x_wconf 85' lang='lat' dir='ltr'>redemptione</span> <span class='ocrx_word' id='word_1_251' title='bbox 651 1901 994 1972; x_wconf 87' lang='lat' dir='ltr'>acceptabili</span> <span class='ocrx_word' id='word_1_252' title='bbox 1010 1907 1254 1956; x_wconf 90' lang='lat' dir='ltr'>mortem</span> <span class='ocrx_word' id='word_1_253' title='bbox 1277 1904 1529 1958; x_wconf 88' lang='lat' dir='ltr'>evadere</span> <span class='ocrx_word' id='word_1_254' title='bbox 1547 1922 1663 1959; x_wconf 91' lang='lat' dir='ltr'>non</span> <span class='ocrx_word' id='word_1_255' title='bbox 1689 1920 1828 1974; x_wconf 89' lang='lat' dir='ltr'>pos-</span> 
     </span>
    </p>
   </div>
   <div class='ocr_carea' id='block_1_35' title="bbox 175 1991 1823 2064">
    <p class='ocr_par' dir='ltr' id='par_1_35' title="bbox 175 1991 1823 2064">
     <span class='ocr_line' id='line_1_35' title="bbox 175 1991 1823 2064; baseline 0.004 -22"><span class='ocrx_word' id='word_1_256' title='bbox 175 1992 281 2057; x_wconf 86' lang='lat' dir='ltr'>set,</span> <span class='ocrx_word' id='word_1_257' title='bbox 320 1992 716 2060; x_wconf 89' lang='lat' dir='ltr'>semetipsum</span> <span class='ocrx_word' id='word_1_258' title='bbox 762 1991 1083 2062; x_wconf 82' lang='lat' dir='ltr'>gemitibus</span> <span class='ocrx_word' id='word_1_259' title='bbox 1124 1996 1427 2064; x_wconf 86' lang='lat' dir='ltr'>purgaret.</span> <span class='ocrx_word' id='word_1_260' title='bbox 1477 1993 1823 2049; x_wconf 89' lang='lat' dir='ltr'>Transactis</span> 
     </span>
    </p>
   </div>
   <div class='ocr_carea' id='block_1_36' title="bbox 172 2078 1821 2153">
    <p class='ocr_par' dir='ltr' id='par_1_36' title="bbox 172 2078 1821 2153">
     <span class='ocr_line' id='line_1_36' title="bbox 172 2078 1821 2153; baseline 0.004 -23"><span class='ocrx_word' id='word_1_261' title='bbox 172 2078 418 2146; x_wconf 89' lang='lat' dir='ltr'>induciis,</span> <span class='ocrx_word' id='word_1_262' title='bbox 440 2080 812 2148; x_wconf 90' lang='lat' dir='ltr'>promissum</span> <span class='ocrx_word' id='word_1_263' title='bbox 835 2079 1221 2150; x_wconf 86' lang='lat' dir='ltr'>poscentibus</span> <span class='ocrx_word' id='word_1_264' title='bbox 1242 2082 1349 2136; x_wconf 90' lang='lat' dir='ltr'>ait:</span> <span class='ocrx_word' id='word_1_265' title='bbox 1380 2083 1649 2137; x_wconf 74' lang='lat' dir='ltr'>«Praesto</span> <span class='ocrx_word' id='word_1_266' title='bbox 1668 2099 1821 2153; x_wconf 92' lang='lat' dir='ltr'>sum,</span> 
     </span>
    </p>
   </div>
   <div class='ocr_carea' id='block_1_37' title="bbox 175 2173 1826 2246">
    <p class='ocr_par' dir='ltr' id='par_1_37' title="bbox 175 2173 1826 2246">
     <span class='ocr_line' id='line_1_37' title="bbox 175 2173 1826 2246; baseline 0.007 -25"><span class='ocrx_word' id='word_1_267' title='bbox 175 2195 192 2221; x_wconf 82' lang='grc' dir='ltr'>ι</span> <span class='ocrx_word' id='word_1_268' title='bbox 227 2177 452 2243; x_wconf 84' lang='lat' dir='ltr'>paratus</span> <span class='ocrx_word' id='word_1_269' title='bbox 482 2174 561 2227; x_wconf 88' lang='lat' dir='ltr'>ad</span> <span class='ocrx_word' id='word_1_270' title='bbox 592 2175 789 2227; x_wconf 87' lang='lat' dir='ltr'>omnia</span> <span class='ocrx_word' id='word_1_271' title='bbox 820 2189 924 2244; x_wconf 88' lang='lat' dir='ltr'>pro</span> <span class='ocrx_word' id='word_1_272' title='bbox 955 2173 1178 2228; x_wconf 86' lang='lat' dir='ltr'>Christi</span> <span class='ocrx_word' id='word_1_273' title='bbox 1209 2191 1429 2246; x_wconf 89' lang='lat' dir='ltr'>amore,</span> <span class='ocrx_word' id='word_1_274' title='bbox 1472 2179 1535 2231; x_wconf 92' lang='lat' dir='ltr'>ut</span> <span class='ocrx_word' id='word_1_275' title='bbox 1576 2193 1826 2232; x_wconf 91' lang='lat' dir='ltr'>suorum</span> 
     </span>
    </p>
   </div>
   <div class='ocr_carea' id='block_1_38' title="bbox 173 2262 1826 2332">
    <p class='ocr_par' dir='ltr' id='par_1_38' title="bbox 173 2262 1826 2332">
     <span class='ocr_line' id='line_1_38' title="bbox 173 2262 1826 2332; baseline 0.002 -16"><span class='ocrx_word' id='word_1_276' title='bbox 173 2287 189 2305; x_wconf 88' lang='lat'><strong>-</strong></span> <span class='ocrx_word' id='word_1_277' title='bbox 225 2277 522 2316; x_wconf 88' lang='lat' dir='ltr'>servorum</span> <span class='ocrx_word' id='word_1_278' title='bbox 574 2262 914 2332; x_wconf 85' lang='lat' dir='ltr'>exemplum</span> <span class='ocrx_word' id='word_1_279' title='bbox 964 2278 1192 2316; x_wconf 88' lang='lat' dir='ltr'>merear</span> <span class='ocrx_word' id='word_1_280' title='bbox 1230 2264 1378 2318; x_wconf 84' lang='lat' dir='ltr'>ﬁeri.</span> <span class='ocrx_word' id='word_1_281' title='bbox 1412 2264 1581 2329; x_wconf 89' lang='lat' dir='ltr'>Quod</span> <span class='ocrx_word' id='word_1_282' title='bbox 1632 2270 1826 2320; x_wconf 90' lang='lat' dir='ltr'>autem</span> 
     </span>
    </p>
   </div>
   <div class='ocr_carea' id='block_1_39' title="bbox 175 2350 1828 2422">
    <p class='ocr_par' dir='ltr' id='par_1_39' title="bbox 175 2350 1828 2422">
     <span class='ocr_line' id='line_1_39' title="bbox 175 2350 1828 2422; baseline 0.007 -24"><span class='ocrx_word' id='word_1_283' title='bbox 175 2372 192 2398; x_wconf 80' lang='grc' dir='ltr'>ι</span> <span class='ocrx_word' id='word_1_284' title='bbox 227 2350 387 2404; x_wconf 92' lang='lat' dir='ltr'>vobis</span> <span class='ocrx_word' id='word_1_285' title='bbox 436 2351 699 2406; x_wconf 81' lang='lat' dir='ltr'>mendax</span> <span class='ocrx_word' id='word_1_286' title='bbox 741 2351 963 2419; x_wconf 90' lang='lat' dir='ltr'>videor,</span> <span class='ocrx_word' id='word_1_287' title='bbox 1016 2367 1133 2405; x_wconf 89' lang='lat' dir='ltr'>non</span> <span class='ocrx_word' id='word_1_288' title='bbox 1184 2352 1458 2407; x_wconf 86' lang='lat' dir='ltr'>voluntas</span> <span class='ocrx_word' id='word_1_289' title='bbox 1519 2370 1668 2422; x_wconf 90' lang='lat' dir='ltr'>mea,</span> <span class='ocrx_word' id='word_1_290' title='bbox 1720 2356 1828 2410; x_wconf 91' lang='lat' dir='ltr'>sed</span> 
     </span>
    </p>
   </div>
   <div class='ocr_carea' id='block_1_40' title="bbox 176 2439 1826 2511">
    <p class='ocr_par' dir='ltr' id='par_1_40' title="bbox 176 2439 1826 2511">
     <span class='ocr_line' id='line_1_40' title="bbox 176 2439 1826 2511; baseline 0.002 -17"><span class='ocrx_word' id='word_1_291' title='bbox 176 2463 192 2485; x_wconf 72' lang='grc' dir='ltr'>ιι</span> <span class='ocrx_word' id='word_1_292' title='bbox 228 2444 454 2511; x_wconf 83' lang='lat' dir='ltr'>egestas</span> <span class='ocrx_word' id='word_1_293' title='bbox 499 2439 721 2495; x_wconf 81' lang='lat' dir='ltr'>effecit.</span> <span class='ocrx_word' id='word_1_294' title='bbox 760 2461 782 2488; x_wconf 70' lang='grc' dir='ltr'><strong><em>υ</em></strong></span> <span class='ocrx_word' id='word_1_295' title='bbox 837 2440 960 2494; x_wconf 90' lang='lat' dir='ltr'>Illis</span> <span class='ocrx_word' id='word_1_296' title='bbox 1011 2440 1401 2496; x_wconf 79' lang='lat' dir='ltr'>saevientibus</span> <span class='ocrx_word' id='word_1_297' title='bbox 1452 2443 1573 2496; x_wconf 85' lang='lat' dir='ltr'>dux</span> <span class='ocrx_word' id='word_1_298' title='bbox 1618 2443 1826 2498; x_wconf 85' lang='lat' dir='ltr'>Turkil</span> 
     </span>
    </p>
   </div>
   <div class='ocr_carea' id='block_1_41' title="bbox 172 2529 1827 2601">
    <p class='ocr_par' dir='ltr' id='par_1_41' title="bbox 172 2529 1827 2601">
     <span class='ocr_line' id='line_1_41' title="bbox 172 2529 1827 2601; baseline 0.004 -21"><span class='ocrx_word' id='word_1_299' title='bbox 172 2544 437 2584; x_wconf 88' lang='lat' dir='ltr'>aceurens</span> <span class='ocrx_word' id='word_1_300' title='bbox 472 2530 707 2600; x_wconf 92' lang='lat' dir='ltr'>inquit:</span> <span class='ocrx_word' id='word_1_301' title='bbox 745 2552 768 2576; x_wconf 78' lang='grc' dir='ltr'>ιι</span> <span class='ocrx_word' id='word_1_302' title='bbox 802 2529 910 2596; x_wconf 88' lang='lat' dir='ltr'>Ne,</span> <span class='ocrx_word' id='word_1_303' title='bbox 947 2545 1174 2598; x_wconf 60' lang='lat' dir='ltr'>quaeso,</span> <span class='ocrx_word' id='word_1_304' title='bbox 1202 2530 1454 2597; x_wconf 88' lang='lat' dir='ltr'>faciatis,</span> <span class='ocrx_word' id='word_1_305' title='bbox 1480 2531 1673 2585; x_wconf 89' lang='lat' dir='ltr'>omnia</span> <span class='ocrx_word' id='word_1_306' title='bbox 1693 2548 1827 2601; x_wconf 58' lang='lat' dir='ltr'>quis</span> 
     </span>
    </p>
   </div>
   <div class='ocr_carea' id='block_1_42' title="bbox 177 2616 1825 2690">
    <p class='ocr_par' dir='ltr' id='par_1_42' title="bbox 177 2616 1825 2690">
     <span class='ocr_line' id='line_1_42' title="bbox 177 2616 1825 2690; baseline 0.004 -22"><span class='ocrx_word' id='word_1_307' title='bbox 177 2641 194 2663; x_wconf 70' lang='grc' dir='ltr'><strong><em>ο</em></strong></span> <span class='ocrx_word' id='word_1_308' title='bbox 230 2616 428 2686; x_wconf 86' lang='lat' dir='ltr'>habeo,</span> <span class='ocrx_word' id='word_1_309' title='bbox 464 2622 723 2688; x_wconf 85' lang='lat' dir='ltr'>excepta</span> <span class='ocrx_word' id='word_1_310' title='bbox 754 2618 909 2686; x_wconf 90' lang='lat' dir='ltr'>navi,</span> <span class='ocrx_word' id='word_1_311' title='bbox 935 2634 1008 2672; x_wconf 90' lang='lat' dir='ltr'>ne</span> <span class='ocrx_word' id='word_1_312' title='bbox 1039 2618 1095 2670; x_wconf 91' lang='lat' dir='ltr'>in</span> <span class='ocrx_word' id='word_1_313' title='bbox 1116 2618 1418 2672; x_wconf 76' lang='lat' dir='ltr'>Christum</span> <span class='ocrx_word' id='word_1_314' title='bbox 1438 2620 1669 2673; x_wconf 89' lang='lat' dir='ltr'>Domini</span> <span class='ocrx_word' id='word_1_315' title='bbox 1690 2636 1825 2690; x_wconf 87' lang='lat' dir='ltr'>pec-</span> 
     </span>
    </p>
   </div>
   <div class='ocr_carea' id='block_1_43' title="bbox 177 2705 1829 2778">
    <p class='ocr_par' dir='ltr' id='par_1_43' title="bbox 177 2705 1829 2778">
     <span class='ocr_line' id='line_1_43' title="bbox 177 2705 1829 2778; baseline 0.002 -20"><span class='ocrx_word' id='word_1_316' title='bbox 177 2726 194 2748; x_wconf 73' lang='grc' dir='ltr'>ε</span> <span class='ocrx_word' id='word_1_317' title='bbox 232 2707 386 2775; x_wconf 88' lang='lat' dir='ltr'>cetis,</span> <span class='ocrx_word' id='word_1_318' title='bbox 411 2707 616 2761; x_wconf 90' lang='lat' dir='ltr'>libens</span> <span class='ocrx_word' id='word_1_319' title='bbox 650 2707 835 2761; x_wconf 90' lang='lat' dir='ltr'>trado.</span> <span class='ocrx_word' id='word_1_320' title='bbox 866 2730 887 2754; x_wconf 74' lang='grc' dir='ltr'><em>η</em></span> <span class='ocrx_word' id='word_1_321' title='bbox 913 2706 988 2759; x_wconf 90' lang='lat' dir='ltr'>At</span> <span class='ocrx_word' id='word_1_322' title='bbox 1018 2707 1102 2760; x_wconf 89' lang='lat' dir='ltr'>illi</span> <span class='ocrx_word' id='word_1_323' title='bbox 1133 2705 1387 2762; x_wconf 78' lang='lat' dir='ltr'>etfrenes</span> <span class='ocrx_word' id='word_1_324' title='bbox 1419 2709 1600 2762; x_wconf 87' lang='lat' dir='ltr'>boum</span> <span class='ocrx_word' id='word_1_325' title='bbox 1629 2710 1829 2778; x_wconf 86' lang='lat' dir='ltr'>capiti-</span> 
     </span>
    </p>
   </div>
   <div class='ocr_carea' id='block_1_44' title="bbox 175 2794 1825 2868">
    <p class='ocr_par' dir='ltr' id='par_1_44' title="bbox 175 2794 1825 2868">
     <span class='ocr_line' id='line_1_44' title="bbox 175 2794 1825 2868; baseline 0.002 -21"><span class='ocrx_word' id='word_1_326' title='bbox 175 2794 266 2847; x_wconf 88' lang='lat' dir='ltr'>bus</span> <span class='ocrx_word' id='word_1_327' title='bbox 295 2799 347 2848; x_wconf 90' lang='lat' dir='ltr'>et</span> <span class='ocrx_word' id='word_1_328' title='bbox 394 2795 662 2866; x_wconf 89' lang='lat' dir='ltr'>lapidum</span> <span class='ocrx_word' id='word_1_329' title='bbox 708 2795 1000 2849; x_wconf 88' lang='lat' dir='ltr'>imbribus</span> <span class='ocrx_word' id='word_1_330' title='bbox 1049 2796 1425 2851; x_wconf 89' lang='lat' dir='ltr'>innocentem</span> <span class='ocrx_word' id='word_1_331' title='bbox 1468 2798 1825 2868; x_wconf 88' lang='lat' dir='ltr'>sanguinem</span> 
     </span>
    </p>
   </div>
   <div class='ocr_carea' id='block_1_45' title="bbox 176 2882 1828 2955">
    <p class='ocr_par' dir='ltr' id='par_1_45' title="bbox 176 2882 1828 2955">
     <span class='ocr_line' id='line_1_45' title="bbox 176 2882 1828 2955; baseline 0.002 -19"><span class='ocrx_word' id='word_1_332' title='bbox 176 2882 472 2939; x_wconf 75' lang='lat' dir='ltr'>eﬁ‘undunt.</span> <span class='ocrx_word' id='word_1_333' title='bbox 510 2883 841 2954; x_wconf 88' lang='lat' dir='ltr'>Statimque</span> <span class='ocrx_word' id='word_1_334' title='bbox 864 2900 1020 2937; x_wconf 92' lang='lat' dir='ltr'>unus</span> <span class='ocrx_word' id='word_1_335' title='bbox 1041 2884 1112 2938; x_wconf 89' lang='lat' dir='ltr'>de</span> <span class='ocrx_word' id='word_1_336' title='bbox 1144 2884 1504 2955; x_wconf 84' lang='lat' dir='ltr'>primiceriis</span> <span class='ocrx_word' id='word_1_337' title='bbox 1535 2887 1828 2940; x_wconf 89' lang='lat' dir='ltr'>membris</span> 
     </span>
    </p>
   </div>
   <div class='ocr_carea' id='block_1_46' title="bbox 178 2971 1826 3044">
    <p class='ocr_par' dir='ltr' id='par_1_46' title="bbox 178 2971 1826 3044">
     <span class='ocr_line' id='line_1_46' title="bbox 178 2971 1826 3044; baseline 0.002 -20"><span class='ocrx_word' id='word_1_338' title='bbox 178 2971 365 3026; x_wconf 88' lang='lat' dir='ltr'>debilis</span> <span class='ocrx_word' id='word_1_339' title='bbox 387 2972 666 3042; x_wconf 77' lang='lat' dir='ltr'>ell&#39;ectus,</span> <span class='ocrx_word' id='word_1_340' title='bbox 686 2973 927 3043; x_wconf 86' lang='lat' dir='ltr'>agnovit</span> <span class='ocrx_word' id='word_1_341' title='bbox 948 2973 1007 3026; x_wconf 92' lang='lat' dir='ltr'>in</span> <span class='ocrx_word' id='word_1_342' title='bbox 1022 2973 1360 3043; x_wconf 83' lang='lat' dir='ltr'>semetipso</span> <span class='ocrx_word' id='word_1_343' title='bbox 1383 2974 1539 3044; x_wconf 90' lang='lat' dir='ltr'>quod</span> <span class='ocrx_word' id='word_1_344' title='bbox 1560 2975 1826 3044; x_wconf 88' lang='lat' dir='ltr'>peccavit</span> 
     </span>
    </p>
   </div>
   <div class='ocr_carea' id='block_1_47' title="bbox 174 3060 1825 3132">
    <p class='ocr_par' dir='ltr' id='par_1_47' title="bbox 174 3060 1825 3132">
     <span class='ocr_line' id='line_1_47' title="bbox 174 3060 1825 3132; baseline 0.003 -21"><span class='ocrx_word' id='word_1_345' title='bbox 174 3060 223 3113; x_wconf 92' lang='lat' dir='ltr'>in</span> <span class='ocrx_word' id='word_1_346' title='bbox 247 3060 345 3116; x_wconf 89' lang='lat' dir='ltr'>Dei</span> <span class='ocrx_word' id='word_1_347' title='bbox 374 3062 592 3116; x_wconf 91' lang='lat' dir='ltr'>electo.</span> <span class='ocrx_word' id='word_1_348' title='bbox 623 3081 645 3110; x_wconf 73' lang='grc' dir='ltr'><strong><em>ι</em></strong></span> <span class='ocrx_word' id='word_1_349' title='bbox 682 3060 968 3132; x_wconf 83' lang='lat' dir='ltr'>Ejusdem</span> <span class='ocrx_word' id='word_1_350' title='bbox 1000 3062 1187 3115; x_wconf 89' lang='lat' dir='ltr'>sancti</span> <span class='ocrx_word' id='word_1_351' title='bbox 1218 3061 1326 3115; x_wconf 88' lang='lat' dir='ltr'>viri</span> <span class='ocrx_word' id='word_1_352' title='bbox 1351 3063 1669 3118; x_wconf 89' lang='lat' dir='ltr'>meminere</span> <span class='ocrx_word' id='word_1_353' title='bbox 1704 3079 1825 3118; x_wconf 92' lang='lat' dir='ltr'>om-</span> 
     </span>
    </p>
   </div>
   <div class='ocr_carea' id='block_1_48' title="bbox 174 3150 1827 3223">
    <p class='ocr_par' dir='ltr' id='par_1_48' title="bbox 174 3150 1827 3223">
     <span class='ocr_line' id='line_1_48' title="bbox 174 3150 1827 3223; baseline 0.003 -22"><span class='ocrx_word' id='word_1_354' title='bbox 174 3164 283 3216; x_wconf 89' lang='lat' dir='ltr'>nes,</span> <span class='ocrx_word' id='word_1_355' title='bbox 311 3154 603 3223; x_wconf 88' lang='lat' dir='ltr'>quotquot</span> <span class='ocrx_word' id='word_1_356' title='bbox 626 3151 831 3220; x_wconf 87' lang='lat' dir='ltr'>sciam,</span> <span class='ocrx_word' id='word_1_357' title='bbox 855 3150 1167 3222; x_wconf 88' lang='lat' dir='ltr'>Anglicani</span> <span class='ocrx_word' id='word_1_358' title='bbox 1190 3151 1541 3220; x_wconf 90' lang='lat' dir='ltr'>scriptores,</span> <span class='ocrx_word' id='word_1_359' title='bbox 1569 3153 1665 3222; x_wconf 86' lang='lat' dir='ltr'>qui</span> <span class='ocrx_word' id='word_1_360' title='bbox 1692 3152 1827 3223; x_wconf 88' lang='lat' dir='ltr'>ejus</span> 
     </span>
    </p>
   </div>
   <div class='ocr_carea' id='block_1_49' title="bbox 176 3239 1825 3309">
    <p class='ocr_par' dir='ltr' id='par_1_49' title="bbox 176 3239 1825 3309">
     <span class='ocr_line' id='line_1_49' title="bbox 176 3239 1825 3309; baseline 0.002 -19"><span class='ocrx_word' id='word_1_361' title='bbox 176 3239 299 3292; x_wconf 83' lang='lat' dir='ltr'>Acta</span> <span class='ocrx_word' id='word_1_362' title='bbox 326 3256 397 3295; x_wconf 84' lang='lat' dir='ltr'>ex</span> <span class='ocrx_word' id='word_1_363' title='bbox 423 3241 703 3296; x_wconf 89' lang='lat' dir='ltr'>Osberno</span> <span class='ocrx_word' id='word_1_364' title='bbox 734 3239 1223 3309; x_wconf 87' lang='lat' dir='ltr'>desumpserunt;</span> <span class='ocrx_word' id='word_1_365' title='bbox 1252 3240 1311 3296; x_wconf 81' lang='lat' dir='ltr'>si</span> <span class='ocrx_word' id='word_1_366' title='bbox 1344 3239 1482 3309; x_wconf 93' lang='lat' dir='ltr'>quid</span> <span class='ocrx_word' id='word_1_367' title='bbox 1516 3241 1587 3294; x_wconf 90' lang='lat' dir='ltr'>de</span> <span class='ocrx_word' id='word_1_368' title='bbox 1620 3245 1825 3295; x_wconf 89' lang='lat' dir='ltr'>sancto</span> 
     </span>
    </p>
   </div>
   <div class='ocr_carea' id='block_1_50' title="bbox 176 3328 1825 3401">
    <p class='ocr_par' dir='ltr' id='par_1_50' title="bbox 176 3328 1825 3401">
     <span class='ocr_line' id='line_1_50' title="bbox 176 3328 1825 3401; baseline 0.002 -21"><span class='ocrx_word' id='word_1_369' title='bbox 176 3328 415 3401; x_wconf 87' lang='lat' dir='ltr'>Elphego</span> <span class='ocrx_word' id='word_1_370' title='bbox 446 3331 509 3385; x_wconf 91' lang='lat' dir='ltr'>in</span> <span class='ocrx_word' id='word_1_371' title='bbox 530 3331 628 3384; x_wconf 88' lang='lat' dir='ltr'>his</span> <span class='ocrx_word' id='word_1_372' title='bbox 648 3330 907 3384; x_wconf 89' lang='lat' dir='ltr'>occurrit</span> <span class='ocrx_word' id='word_1_373' title='bbox 932 3329 1220 3400; x_wconf 87' lang='lat' dir='ltr'>singulari</span> <span class='ocrx_word' id='word_1_374' title='bbox 1252 3329 1530 3383; x_wconf 90' lang='lat' dir='ltr'>memoria</span> <span class='ocrx_word' id='word_1_375' title='bbox 1560 3330 1825 3401; x_wconf 87' lang='lat' dir='ltr'>dignum,</span> 
     </span>
    </p>
   </div>
   <div class='ocr_carea' id='block_1_51' title="bbox 178 3416 1825 3488">
    <p class='ocr_par' dir='ltr' id='par_1_51' title="bbox 178 3416 1825 3488">
     <span class='ocr_line' id='line_1_51' title="bbox 178 3416 1825 3488; baseline -0.001 -16"><span class='ocrx_word' id='word_1_376' title='bbox 178 3418 301 3472; x_wconf 88' lang='lat' dir='ltr'>illud</span> <span class='ocrx_word' id='word_1_377' title='bbox 314 3435 417 3488; x_wconf 89' lang='lat' dir='ltr'>per</span> <span class='ocrx_word' id='word_1_378' title='bbox 437 3419 682 3474; x_wconf 90' lang='lat' dir='ltr'>modum</span> <span class='ocrx_word' id='word_1_379' title='bbox 702 3418 1034 3472; x_wconf 90' lang='lat' dir='ltr'>notularum</span> <span class='ocrx_word' id='word_1_380' title='bbox 1057 3418 1128 3471; x_wconf 90' lang='lat' dir='ltr'>ad</span> <span class='ocrx_word' id='word_1_381' title='bbox 1151 3416 1285 3487; x_wconf 88' lang='lat' dir='ltr'>ejus</span> <span class='ocrx_word' id='word_1_382' title='bbox 1306 3418 1497 3472; x_wconf 80' lang='lat' dir='ltr'>Vitam</span> <span class='ocrx_word' id='word_1_383' title='bbox 1518 3419 1825 3473; x_wconf 85' lang='lat' dir='ltr'>exhibebi-</span> 
     </span>
    </p>
   </div>
   <div class='ocr_carea' id='block_1_52' title="bbox 176 3506 1829 3578">
    <p class='ocr_par' dir='ltr' id='par_1_52' title="bbox 176 3506 1829 3578">
     <span class='ocr_line' id='line_1_52' title="bbox 176 3506 1829 3578; baseline 0 -18"><span class='ocrx_word' id='word_1_384' title='bbox 176 3508 422 3563; x_wconf 85' lang='lat' dir='ltr'>mus.Hic</span> <span class='ocrx_word' id='word_1_385' title='bbox 443 3523 697 3562; x_wconf 90' lang='lat' dir='ltr'>monere</span> <span class='ocrx_word' id='word_1_386' title='bbox 716 3506 974 3561; x_wconf 84' lang='lat' dir='ltr'>sufﬁciat</span> <span class='ocrx_word' id='word_1_387' title='bbox 996 3509 1265 3561; x_wconf 90' lang='lat' dir='ltr'>sanctum</span> <span class='ocrx_word' id='word_1_388' title='bbox 1282 3506 1612 3578; x_wconf 85' lang='lat' dir='ltr'>Elphegum</span> <span class='ocrx_word' id='word_1_389' title='bbox 1636 3509 1829 3562; x_wconf 91' lang='lat' dir='ltr'>conci-</span> 
     </span>
    </p>
   </div>
   <div class='ocr_carea' id='block_1_53' title="bbox 179 3593 1822 3665">
    <p class='ocr_par' dir='ltr' id='par_1_53' title="bbox 179 3593 1822 3665">
     <span class='ocr_line' id='line_1_53' title="bbox 179 3593 1822 3665; baseline 0.004 -21"><span class='ocrx_word' id='word_1_390' title='bbox 179 3593 243 3648; x_wconf 89' lang='lat' dir='ltr'>lio</span> <span class='ocrx_word' id='word_1_391' title='bbox 271 3595 666 3649; x_wconf 60' lang='lat' dir='ltr'>Ainhamensi</span> <span class='ocrx_word' id='word_1_392' title='bbox 706 3595 972 3665; x_wconf 89' lang='lat' dir='ltr'>generali</span> <span class='ocrx_word' id='word_1_393' title='bbox 1003 3595 1185 3649; x_wconf 90' lang='lat' dir='ltr'>totius</span> <span class='ocrx_word' id='word_1_394' title='bbox 1218 3594 1450 3665; x_wconf 82' lang='lat' dir='ltr'>Angliae</span> <span class='ocrx_word' id='word_1_395' title='bbox 1480 3595 1822 3665; x_wconf 82' lang='lat' dir='ltr'>praefuisse,</span> 
     </span>
    </p>
   </div>
   <div class='ocr_carea' id='block_1_54' title="bbox 179 3683 1824 3754">
    <p class='ocr_par' dir='ltr' id='par_1_54' title="bbox 179 3683 1824 3754">
     <span class='ocr_line' id='line_1_54' title="bbox 179 3683 1824 3754; baseline 0.001 -17"><span class='ocrx_word' id='word_1_396' title='bbox 179 3684 315 3752; x_wconf 87' lang='lat' dir='ltr'>quod</span> <span class='ocrx_word' id='word_1_397' title='bbox 362 3684 476 3739; x_wconf 88' lang='lat' dir='ltr'>sub</span> <span class='ocrx_word' id='word_1_398' title='bbox 508 3683 864 3738; x_wconf 51' lang='lat' dir='ltr'>{Ethelredo</span> <span class='ocrx_word' id='word_1_399' title='bbox 896 3699 1038 3754; x_wconf 88' lang='lat' dir='ltr'>rege</span> <span class='ocrx_word' id='word_1_400' title='bbox 1079 3683 1171 3737; x_wconf 91' lang='lat' dir='ltr'>die</span> <span class='ocrx_word' id='word_1_401' title='bbox 1200 3685 1407 3737; x_wconf 88' lang='lat' dir='ltr'>sancto</span> <span class='ocrx_word' id='word_1_402' title='bbox 1438 3683 1824 3739; x_wconf 88' lang='lat' dir='ltr'>Peutecostes</span> 
     </span>
    </p>
   </div>
   <div class='ocr_carea' id='block_1_55' title="bbox 176 3770 1826 3843">
    <p class='ocr_par' dir='ltr' id='par_1_55' title="bbox 176 3770 1826 3843">
     <span class='ocr_line' id='line_1_55' title="bbox 176 3770 1826 3843; baseline 0.002 -20"><span class='ocrx_word' id='word_1_403' title='bbox 176 3770 414 3828; x_wconf 86' lang='lat' dir='ltr'>habitum</span> <span class='ocrx_word' id='word_1_404' title='bbox 436 3774 576 3843; x_wconf 81' lang='lat' dir='ltr'>fuit;</span> <span class='ocrx_word' id='word_1_405' title='bbox 600 3773 672 3826; x_wconf 89' lang='lat' dir='ltr'>ad</span> <span class='ocrx_word' id='word_1_406' title='bbox 694 3772 852 3843; x_wconf 80' lang='lat' dir='ltr'>quod</span> <span class='ocrx_word' id='word_1_407' title='bbox 872 3772 1036 3843; x_wconf 87' lang='lat' dir='ltr'>regis</span> <span class='ocrx_word' id='word_1_408' title='bbox 1058 3772 1269 3839; x_wconf 89' lang='lat' dir='ltr'>edicto,</span> <span class='ocrx_word' id='word_1_409' title='bbox 1295 3787 1412 3825; x_wconf 90' lang='lat' dir='ltr'>non</span> <span class='ocrx_word' id='word_1_410' title='bbox 1436 3774 1628 3826; x_wconf 90' lang='lat' dir='ltr'>solum</span> <span class='ocrx_word' id='word_1_411' title='bbox 1645 3774 1826 3827; x_wconf 89' lang='lat' dir='ltr'>totius</span> 
     </span>
    </p>
   </div>
   <div class='ocr_carea' id='block_1_56' title="bbox 180 3861 1822 3934">
    <p class='ocr_par' dir='ltr' id='par_1_56' title="bbox 180 3861 1822 3934">
     <span class='ocr_line' id='line_1_56' title="bbox 180 3861 1822 3934; baseline 0.001 -21"><span class='ocrx_word' id='word_1_412' title='bbox 180 3863 326 3931; x_wconf 84' lang='lat' dir='ltr'>regni</span> <span class='ocrx_word' id='word_1_413' title='bbox 354 3863 646 3934; x_wconf 90' lang='lat' dir='ltr'>episcopi,</span> <span class='ocrx_word' id='word_1_414' title='bbox 681 3862 787 3916; x_wconf 90' lang='lat' dir='ltr'>sed</span> <span class='ocrx_word' id='word_1_415' title='bbox 816 3863 873 3915; x_wconf 90' lang='lat' dir='ltr'>et</span> <span class='ocrx_word' id='word_1_416' title='bbox 900 3861 1021 3914; x_wconf 90' lang='lat' dir='ltr'>allii</span> <span class='ocrx_word' id='word_1_417' title='bbox 1064 3862 1373 3930; x_wconf 88' lang='lat' dir='ltr'>optimates</span> <span class='ocrx_word' id='word_1_418' title='bbox 1406 3864 1822 3929; x_wconf 89' lang='lat' dir='ltr'>convenerant,</span> 
     </span>
    </p>
   </div>
   <div class='ocr_carea' id='block_1_57' title="bbox 180 3948 1826 4019">
    <p class='ocr_par' dir='ltr' id='par_1_57' title="bbox 180 3948 1826 4019">
     <span class='ocr_line' id='line_1_57' title="bbox 180 3948 1826 4019; baseline 0.002 -20"><span class='ocrx_word' id='word_1_419' title='bbox 180 3948 265 4002; x_wconf 86' lang='lat' dir='ltr'>ubi</span> <span class='ocrx_word' id='word_1_420' title='bbox 290 3952 467 4006; x_wconf 89' lang='lat' dir='ltr'>multa</span> <span class='ocrx_word' id='word_1_421' title='bbox 486 3950 564 4005; x_wconf 88' lang='lat' dir='ltr'>ad</span> <span class='ocrx_word' id='word_1_422' title='bbox 585 3949 962 4019; x_wconf 88' lang='lat' dir='ltr'>disciplinam</span> <span class='ocrx_word' id='word_1_423' title='bbox 979 3950 1449 4004; x_wconf 88' lang='lat' dir='ltr'>ecclesiasticam</span> <span class='ocrx_word' id='word_1_424' title='bbox 1470 3953 1628 4004; x_wconf 90' lang='lat' dir='ltr'>recte</span> <span class='ocrx_word' id='word_1_425' title='bbox 1653 3950 1826 4003; x_wconf 89' lang='lat' dir='ltr'>insti-</span> 
     </span>
    </p>
   </div>
   <div class='ocr_carea' id='block_1_58' title="bbox 180 4039 1826 4109">
    <p class='ocr_par' dir='ltr' id='par_1_58' title="bbox 180 4039 1826 4109">
     <span class='ocr_line' id='line_1_58' title="bbox 180 4039 1826 4109; baseline 0.002 -20"><span class='ocrx_word' id='word_1_426' title='bbox 180 4039 429 4094; x_wconf 88' lang='lat' dir='ltr'>tuendam</span> <span class='ocrx_word' id='word_1_427' title='bbox 449 4041 670 4095; x_wconf 88' lang='lat' dir='ltr'>statuta</span> <span class='ocrx_word' id='word_1_428' title='bbox 690 4041 846 4107; x_wconf 90' lang='lat' dir='ltr'>sunt,</span> <span class='ocrx_word' id='word_1_429' title='bbox 868 4054 999 4109; x_wconf 83' lang='lat' dir='ltr'>quae</span> <span class='ocrx_word' id='word_1_430' title='bbox 1021 4039 1174 4108; x_wconf 89' lang='lat' dir='ltr'>apud</span> <span class='ocrx_word' id='word_1_431' title='bbox 1205 4039 1644 4108; x_wconf 90' lang='lat' dir='ltr'>Spelmannum,</span> <span class='ocrx_word' id='word_1_432' title='bbox 1668 4042 1826 4093; x_wconf 88' lang='lat' dir='ltr'>tomo</span> 
     </span>
    </p>
   </div>
   <div class='ocr_carea' id='block_1_59' title="bbox 179 4124 1825 4199">
    <p class='ocr_par' dir='ltr' id='par_1_59' title="bbox 179 4124 1825 4199">
     <span class='ocr_line' id='line_1_59' title="bbox 179 4124 1825 4199; baseline 0.002 -22"><span class='ocrx_word' id='word_1_433' title='bbox 179 4124 194 4177; x_wconf 89' lang='grc' dir='ltr'>Ι</span> <span class='ocrx_word' id='word_1_434' title='bbox 218 4124 607 4184; x_wconf 90' lang='lat' dir='ltr'>Couciliorum</span> <span class='ocrx_word' id='word_1_435' title='bbox 636 4127 868 4199; x_wconf 84' lang='lat' dir='ltr'>Angliae</span> <span class='ocrx_word' id='word_1_436' title='bbox 896 4128 1208 4195; x_wconf 89' lang='lat' dir='ltr'>habentur,</span> <span class='ocrx_word' id='word_1_437' title='bbox 1255 4130 1309 4181; x_wconf 90' lang='lat' dir='ltr'>et</span> <span class='ocrx_word' id='word_1_438' title='bbox 1340 4128 1400 4181; x_wconf 91' lang='lat' dir='ltr'>in</span> <span class='ocrx_word' id='word_1_439' title='bbox 1426 4127 1825 4182; x_wconf 85' lang='lat' dir='ltr'>Couciliorum</span> 
     </span>
    </p>
   </div>
   <div class='ocr_carea' id='block_1_60' title="bbox 183 4216 1101 4283">
    <p class='ocr_par' dir='ltr' id='par_1_60' title="bbox 183 4216 1101 4283">
     <span class='ocr_line' id='line_1_60' title="bbox 183 4216 1101 4283; baseline 0.002 -15"><span class='ocrx_word' id='word_1_440' title='bbox 183 4219 532 4283; x_wconf 81' lang='lat' dir='ltr'>generalium</span> <span class='ocrx_word' id='word_1_441' title='bbox 562 4216 787 4271; x_wconf 86' lang='lat' dir='ltr'>Labbei</span> <span class='ocrx_word' id='word_1_442' title='bbox 809 4219 965 4270; x_wconf 91' lang='lat' dir='ltr'>tomo</span> <span class='ocrx_word' id='word_1_443' title='bbox 999 4216 1101 4270; x_wconf 88' lang='lat' dir='ltr'>IX.</span> 
     </span>
    </p>
   </div>
   <div class='ocr_carea' id='block_1_61' title="bbox 238 4301 1827 4376">
    <p class='ocr_par' dir='ltr' id='par_1_61' title="bbox 238 4301 1827 4376">
     <span class='ocr_line' id='line_1_61' title="bbox 238 4301 1827 4376; baseline 0.002 -19"><span class='ocrx_word' id='word_1_444' title='bbox 238 4301 286 4358; x_wconf 88' lang='lat'>3.</span> <span class='ocrx_word' id='word_1_445' title='bbox 318 4305 530 4372; x_wconf 86' lang='lat' dir='ltr'>Nemo,</span> <span class='ocrx_word' id='word_1_446' title='bbox 564 4304 878 4376; x_wconf 88' lang='lat' dir='ltr'>utquidem</span> <span class='ocrx_word' id='word_1_447' title='bbox 910 4305 1053 4357; x_wconf 89' lang='lat' dir='ltr'>mihi</span> <span class='ocrx_word' id='word_1_448' title='bbox 1081 4304 1335 4373; x_wconf 89' lang='lat' dir='ltr'>videtur,</span> <span class='ocrx_word' id='word_1_449' title='bbox 1361 4304 1611 4358; x_wconf 85' lang='lat' dir='ltr'>inﬁciari</span> <span class='ocrx_word' id='word_1_450' title='bbox 1634 4307 1827 4375; x_wconf 86' lang='lat' dir='ltr'>potest</span> 
     </span>
    </p>
   </div>
   <div class='ocr_carea' id='block_1_62' title="bbox 185 4393 1830 4464">
    <p class='ocr_par' dir='ltr' id='par_1_62' title="bbox 185 4393 1830 4464">
     <span class='ocr_line' id='line_1_62' title="bbox 185 4393 1830 4464; baseline 0.002 -21"><span class='ocrx_word' id='word_1_451' title='bbox 185 4399 426 4448; x_wconf 86' lang='lat' dir='ltr'>sanctum</span> <span class='ocrx_word' id='word_1_452' title='bbox 454 4393 792 4464; x_wconf 90' lang='lat' dir='ltr'>Elphegum</span> <span class='ocrx_word' id='word_1_453' title='bbox 805 4394 957 4448; x_wconf 89' lang='lat' dir='ltr'>inter</span> <span class='ocrx_word' id='word_1_454' title='bbox 977 4409 1154 4448; x_wconf 89' lang='lat' dir='ltr'>veros</span> <span class='ocrx_word' id='word_1_455' title='bbox 1171 4396 1461 4464; x_wconf 87' lang='lat' dir='ltr'>martyres</span> <span class='ocrx_word' id='word_1_456' title='bbox 1479 4410 1617 4449; x_wconf 89' lang='lat' dir='ltr'>esse</span> <span class='ocrx_word' id='word_1_457' title='bbox 1632 4409 1830 4448; x_wconf 88' lang='lat' dir='ltr'>recen-</span> 
     </span>
    </p>
   </div>
   <div class='ocr_carea' id='block_1_63' title="bbox 184 4482 1829 4553">
    <p class='ocr_par' dir='ltr' id='par_1_63' title="bbox 184 4482 1829 4553">
     <span class='ocr_line' id='line_1_63' title="bbox 184 4482 1829 4553; baseline 0.002 -21"><span class='ocrx_word' id='word_1_458' title='bbox 184 4482 430 4551; x_wconf 87' lang='lat' dir='ltr'>sendum,</span> <span class='ocrx_word' id='word_1_459' title='bbox 454 4486 775 4552; x_wconf 88' lang='lat' dir='ltr'>postquam</span> <span class='ocrx_word' id='word_1_460' title='bbox 807 4484 1054 4536; x_wconf 90' lang='lat' dir='ltr'>sanctus</span> <span class='ocrx_word' id='word_1_461' title='bbox 1078 4482 1398 4537; x_wconf 89' lang='lat' dir='ltr'>Auselmus</span> <span class='ocrx_word' id='word_1_462' title='bbox 1419 4484 1692 4553; x_wconf 90' lang='lat' dir='ltr'>probavit</span> <span class='ocrx_word' id='word_1_463' title='bbox 1713 4499 1829 4536; x_wconf 90' lang='lat' dir='ltr'>non</span> 
     </span>
    </p>
   </div>
   <div class='ocr_carea' id='block_1_64' title="bbox 1937 1903 3599 1975">
    <p class='ocr_par' dir='ltr' id='par_1_64' title="bbox 1937 1903 3599 1975">
     <span class='ocr_line' id='line_1_64' title="bbox 1937 1903 3599 1975; baseline 0.001 -18"><span class='ocrx_word' id='word_1_464' title='bbox 1937 1927 1957 1951; x_wconf 78' lang='grc' dir='ltr'>ιι</span> <span class='ocrx_word' id='word_1_465' title='bbox 1999 1920 2111 1975; x_wconf 90' lang='lat' dir='ltr'>pro</span> <span class='ocrx_word' id='word_1_466' title='bbox 2137 1906 2247 1958; x_wconf 91' lang='lat' dir='ltr'>hoc</span> <span class='ocrx_word' id='word_1_467' title='bbox 2269 1903 2342 1957; x_wconf 90' lang='lat' dir='ltr'>ab</span> <span class='ocrx_word' id='word_1_468' title='bbox 2366 1920 2433 1958; x_wconf 91' lang='lat' dir='ltr'>eo</span> <span class='ocrx_word' id='word_1_469' title='bbox 2457 1905 2763 1973; x_wconf 86' lang='lat' dir='ltr'>pecuniam</span> <span class='ocrx_word' id='word_1_470' title='bbox 2782 1905 3222 1975; x_wconf 83' lang='lat' dir='ltr'>expetiverunt;</span> <span class='ocrx_word' id='word_1_471' title='bbox 3254 1921 3429 1975; x_wconf 89' lang='lat' dir='ltr'>quam</span> <span class='ocrx_word' id='word_1_472' title='bbox 3462 1905 3599 1975; x_wconf 87' lang='lat' dir='ltr'>quia</span> 
     </span>
    </p>
   </div>
   <div class='ocr_carea' id='block_1_65' title="bbox 1937 1993 3596 2063">
    <p class='ocr_par' dir='ltr' id='par_1_65' title="bbox 1937 1993 3596 2063">
     <span class='ocr_line' id='line_1_65' title="bbox 1937 1993 3596 2063; baseline 0 -15"><span class='ocrx_word' id='word_1_473' title='bbox 1937 2017 1958 2040; x_wconf 73' lang='grc' dir='ltr'><strong><em>κ</em></strong></span> <span class='ocrx_word' id='word_1_474' title='bbox 2001 1994 2161 2048; x_wconf 91' lang='lat' dir='ltr'>nullo</span> <span class='ocrx_word' id='word_1_475' title='bbox 2210 1995 2380 2063; x_wconf 90' lang='lat' dir='ltr'>pacto</span> <span class='ocrx_word' id='word_1_476' title='bbox 2420 1996 2645 2063; x_wconf 88' lang='lat' dir='ltr'>poterat</span> <span class='ocrx_word' id='word_1_477' title='bbox 2692 1994 2930 2063; x_wconf 87' lang='lat' dir='ltr'>habere,</span> <span class='ocrx_word' id='word_1_478' title='bbox 2965 1994 3080 2047; x_wconf 91' lang='lat' dir='ltr'>nisi</span> <span class='ocrx_word' id='word_1_479' title='bbox 3126 1993 3396 2048; x_wconf 89' lang='lat' dir='ltr'>homines</span> <span class='ocrx_word' id='word_1_480' title='bbox 3449 2010 3596 2049; x_wconf 90' lang='lat' dir='ltr'>suos</span> 
     </span>
    </p>
   </div>
   <div class='ocr_carea' id='block_1_66' title="bbox 1936 2082 3595 2152">
    <p class='ocr_par' dir='ltr' id='par_1_66' title="bbox 1936 2082 3595 2152">
     <span class='ocr_line' id='line_1_66' title="bbox 1936 2082 3595 2152; baseline -0.001 -15"><span class='ocrx_word' id='word_1_481' title='bbox 1936 2105 1958 2129; x_wconf 73' lang='grc' dir='ltr'>«ι</span> <span class='ocrx_word' id='word_1_482' title='bbox 2003 2097 2207 2137; x_wconf 89' lang='lat' dir='ltr'>eorum</span> <span class='ocrx_word' id='word_1_483' title='bbox 2249 2082 2497 2152; x_wconf 88' lang='lat' dir='ltr'>pecunia</span> <span class='ocrx_word' id='word_1_484' title='bbox 2538 2083 2837 2152; x_wconf 89' lang='lat' dir='ltr'>spoliaret,</span> <span class='ocrx_word' id='word_1_485' title='bbox 2881 2087 2937 2137; x_wconf 91' lang='lat' dir='ltr'>et</span> <span class='ocrx_word' id='word_1_486' title='bbox 2986 2084 3303 2137; x_wconf 89' lang='lat' dir='ltr'>nonnullos</span> <span class='ocrx_word' id='word_1_487' title='bbox 3344 2082 3595 2136; x_wconf 88' lang='lat' dir='ltr'>forsitan</span> 
     </span>
    </p>
   </div>
   <div class='ocr_carea' id='block_1_67' title="bbox 1939 2170 3595 2242">
    <p class='ocr_par' dir='ltr' id='par_1_67' title="bbox 1939 2170 3595 2242">
     <span class='ocr_line' id='line_1_67' title="bbox 1939 2170 3595 2242; baseline 0.004 -22"><span class='ocrx_word' id='word_1_488' title='bbox 1939 2192 1960 2220; x_wconf 78' lang='grc' dir='ltr'><strong><em>α</em></strong></span> <span class='ocrx_word' id='word_1_489' title='bbox 2004 2171 2215 2225; x_wconf 83' lang='lat' dir='ltr'>invisae</span> <span class='ocrx_word' id='word_1_490' title='bbox 2233 2170 2588 2225; x_wconf 90' lang='lat' dir='ltr'>meudicitati</span> <span class='ocrx_word' id='word_1_491' title='bbox 2604 2171 2740 2240; x_wconf 87' lang='lat' dir='ltr'>subj</span> <span class='ocrx_word' id='word_1_492' title='bbox 2750 2174 2974 2242; x_wconf 89' lang='lat' dir='ltr'>ugaret,</span> <span class='ocrx_word' id='word_1_493' title='bbox 2996 2172 3177 2242; x_wconf 90' lang='lat' dir='ltr'>elegit</span> <span class='ocrx_word' id='word_1_494' title='bbox 3194 2171 3371 2224; x_wconf 88' lang='lat' dir='ltr'>vitam</span> <span class='ocrx_word' id='word_1_495' title='bbox 3387 2172 3595 2240; x_wconf 86' lang='lat' dir='ltr'>perde-</span> 
     </span>
    </p>
   </div>
   <div class='ocr_carea' id='block_1_68' title="bbox 1939 2258 3600 2330">
    <p class='ocr_par' dir='ltr' id='par_1_68' title="bbox 1939 2258 3600 2330">
     <span class='ocr_line' id='line_1_68' title="bbox 1939 2258 3600 2330; baseline -0.002 -17"><span class='ocrx_word' id='word_1_496' title='bbox 1939 2283 1960 2307; x_wconf 82' lang='lat'><strong>»</strong></span> <span class='ocrx_word' id='word_1_497' title='bbox 2004 2275 2067 2313; x_wconf 89' lang='lat' dir='ltr'>re</span> <span class='ocrx_word' id='word_1_498' title='bbox 2099 2275 2272 2329; x_wconf 92' lang='lat' dir='ltr'>quam</span> <span class='ocrx_word' id='word_1_499' title='bbox 2306 2275 2433 2312; x_wconf 90' lang='lat' dir='ltr'>eam</span> <span class='ocrx_word' id='word_1_500' title='bbox 2463 2259 2562 2313; x_wconf 91' lang='lat' dir='ltr'>tali</span> <span class='ocrx_word' id='word_1_501' title='bbox 2594 2260 2765 2313; x_wconf 90' lang='lat' dir='ltr'>modo</span> <span class='ocrx_word' id='word_1_502' title='bbox 2798 2260 3117 2313; x_wconf 90' lang='lat' dir='ltr'>custodire.</span> <span class='ocrx_word' id='word_1_503' title='bbox 3149 2258 3299 2323; x_wconf 91' lang='lat' dir='ltr'>Quid</span> <span class='ocrx_word' id='word_1_504' title='bbox 3322 2260 3457 2312; x_wconf 88' lang='lat' dir='ltr'>hinc</span> <span class='ocrx_word' id='word_1_505' title='bbox 3488 2260 3600 2330; x_wconf 88' lang='lat' dir='ltr'>igi-</span> 
     </span>
    </p>
   </div>
   <div class='ocr_carea' id='block_1_69' title="bbox 1941 2347 3598 2415">
    <p class='ocr_par' dir='ltr' id='par_1_69' title="bbox 1941 2347 3598 2415">
     <span class='ocr_line' id='line_1_69' title="bbox 1941 2347 3598 2415; baseline 0.001 -14"><span class='ocrx_word' id='word_1_506' title='bbox 1941 2370 1963 2395; x_wconf 81' lang='grc' dir='ltr'><strong>α</strong></span> <span class='ocrx_word' id='word_1_507' title='bbox 2007 2352 2100 2401; x_wconf 88' lang='lat' dir='ltr'>tur</span> <span class='ocrx_word' id='word_1_508' title='bbox 2128 2352 2227 2401; x_wconf 91' lang='lat' dir='ltr'>tua</span> <span class='ocrx_word' id='word_1_509' title='bbox 2255 2347 2593 2401; x_wconf 88' lang='lat' dir='ltr'>fraternitas</span> <span class='ocrx_word' id='word_1_510' title='bbox 2627 2348 2858 2415; x_wconf 88' lang='lat' dir='ltr'>sentiat,</span> <span class='ocrx_word' id='word_1_511' title='bbox 2894 2348 3096 2400; x_wconf 88' lang='lat' dir='ltr'>audire</span> <span class='ocrx_word' id='word_1_512' title='bbox 3129 2347 3426 2401; x_wconf 89' lang='lat' dir='ltr'>desidero.</span> <span class='ocrx_word' id='word_1_513' title='bbox 3466 2370 3486 2395; x_wconf 79' lang='grc' dir='ltr'>ι»</span> <span class='ocrx_word' id='word_1_514' title='bbox 3527 2347 3598 2402; x_wconf 86' lang='lat' dir='ltr'>Et</span> 
     </span>
    </p>
   </div>
   <div class='ocr_carea' id='block_1_70' title="bbox 1933 2435 3596 2508">
    <p class='ocr_par' dir='ltr' id='par_1_70' title="bbox 1933 2435 3596 2508">
     <span class='ocr_line' id='line_1_70' title="bbox 1933 2435 3596 2508; baseline -0.001 -18"><span class='ocrx_word' id='word_1_515' title='bbox 1933 2437 2167 2508; x_wconf 89' lang='lat' dir='ltr'>quidem</span> <span class='ocrx_word' id='word_1_516' title='bbox 2190 2436 2307 2504; x_wconf 91' lang='lat' dir='ltr'>ille,</span> <span class='ocrx_word' id='word_1_517' title='bbox 2335 2435 2511 2489; x_wconf 89' lang='lat' dir='ltr'>sicuti</span> <span class='ocrx_word' id='word_1_518' title='bbox 2531 2451 2723 2489; x_wconf 90' lang='lat' dir='ltr'>novus</span> <span class='ocrx_word' id='word_1_519' title='bbox 2745 2435 2976 2506; x_wconf 74' lang='lat' dir='ltr'>Angliae</span> <span class='ocrx_word' id='word_1_520' title='bbox 2996 2436 3166 2504; x_wconf 89' lang='lat' dir='ltr'>civis,</span> <span class='ocrx_word' id='word_1_521' title='bbox 3192 2435 3321 2489; x_wconf 74' lang='lat' dir='ltr'>haec</span> <span class='ocrx_word' id='word_1_522' title='bbox 3339 2450 3596 2489; x_wconf 89' lang='lat' dir='ltr'>summa-</span> 
     </span>
    </p>
   </div>
   <div class='ocr_carea' id='block_1_71' title="bbox 1932 2525 3145 2596">
    <p class='ocr_par' dir='ltr' id='par_1_71' title="bbox 1932 2525 3145 2596">
     <span class='ocr_line' id='line_1_71' title="bbox 1932 2525 3145 2596; baseline -0.002 -17"><span class='ocrx_word' id='word_1_523' title='bbox 1932 2526 2036 2579; x_wconf 88' lang='lat' dir='ltr'>tim</span> <span class='ocrx_word' id='word_1_524' title='bbox 2064 2525 2478 2596; x_wconf 89' lang='lat' dir='ltr'>perstringeus</span> <span class='ocrx_word' id='word_1_525' title='bbox 2510 2525 2790 2578; x_wconf 87' lang='lat' dir='ltr'>Anselmo</span> <span class='ocrx_word' id='word_1_526' title='bbox 2820 2526 3145 2593; x_wconf 88' lang='lat' dir='ltr'>proposuit.</span> 
     </span>
    </p>
   </div>
   <div class='ocr_carea' id='block_1_72' title="bbox 2001 2613 3594 2685">
    <p class='ocr_par' dir='ltr' id='par_1_72' title="bbox 2001 2613 3594 2685">
     <span class='ocr_line' id='line_1_72' title="bbox 2001 2613 3594 2685; baseline -0.001 -17"><span class='ocrx_word' id='word_1_527' title='bbox 2001 2613 2056 2668; x_wconf 74' lang='grc'>4.</span> <span class='ocrx_word' id='word_1_528' title='bbox 2090 2615 2358 2667; x_wconf 86' lang='lat' dir='ltr'>Attamen</span> <span class='ocrx_word' id='word_1_529' title='bbox 2390 2629 2631 2667; x_wconf 90' lang='lat' dir='ltr'>causam</span> <span class='ocrx_word' id='word_1_530' title='bbox 2661 2613 2826 2666; x_wconf 91' lang='lat' dir='ltr'>necis</span> <span class='ocrx_word' id='word_1_531' title='bbox 2857 2614 3014 2668; x_wconf 88' lang='lat' dir='ltr'>beati</span> <span class='ocrx_word' id='word_1_532' title='bbox 3039 2613 3290 2685; x_wconf 85' lang='lat' dir='ltr'>Elphegi</span> <span class='ocrx_word' id='word_1_533' title='bbox 3320 2614 3594 2668; x_wconf 85' lang='lat' dir='ltr'>historia—</span> 
     </span>
    </p>
   </div>
   <div class='ocr_carea' id='block_1_73' title="bbox 1934 2703 3597 2771">
    <p class='ocr_par' dir='ltr' id='par_1_73' title="bbox 1934 2703 3597 2771">
     <span class='ocr_line' id='line_1_73' title="bbox 1934 2703 3597 2771; baseline 0.001 -15"><span class='ocrx_word' id='word_1_534' title='bbox 1934 2704 2065 2757; x_wconf 90' lang='lat' dir='ltr'>liter</span> <span class='ocrx_word' id='word_1_535' title='bbox 2092 2704 2386 2757; x_wconf 89' lang='lat' dir='ltr'>intuentes</span> <span class='ocrx_word' id='word_1_536' title='bbox 2416 2703 2686 2757; x_wconf 87' lang='lat' dir='ltr'>videmus</span> <span class='ocrx_word' id='word_1_537' title='bbox 2718 2720 2835 2757; x_wconf 92' lang='lat' dir='ltr'>non</span> <span class='ocrx_word' id='word_1_538' title='bbox 2866 2704 3025 2757; x_wconf 89' lang='lat' dir='ltr'>illam</span> <span class='ocrx_word' id='word_1_539' title='bbox 3054 2703 3262 2771; x_wconf 89' lang='lat' dir='ltr'>solam,</span> <span class='ocrx_word' id='word_1_540' title='bbox 3299 2704 3403 2757; x_wconf 89' lang='lat' dir='ltr'>sed</span> <span class='ocrx_word' id='word_1_541' title='bbox 3425 2703 3597 2757; x_wconf 85' lang='lat' dir='ltr'>aliam</span> 
     </span>
    </p>
   </div>
   <div class='ocr_carea' id='block_1_74' title="bbox 1934 2792 3600 2864">
    <p class='ocr_par' dir='ltr' id='par_1_74' title="bbox 1934 2792 3600 2864">
     <span class='ocr_line' id='line_1_74' title="bbox 1934 2792 3600 2864; baseline 0 -19"><span class='ocrx_word' id='word_1_542' title='bbox 1934 2793 2124 2847; x_wconf 84' lang='lat' dir='ltr'>fuisse</span> <span class='ocrx_word' id='word_1_543' title='bbox 2157 2794 2268 2846; x_wconf 90' lang='lat' dir='ltr'>ista</span> <span class='ocrx_word' id='word_1_544' title='bbox 2317 2792 2727 2863; x_wconf 88' lang='lat' dir='ltr'>antiquiorem.</span> <span class='ocrx_word' id='word_1_545' title='bbox 2760 2794 3026 2864; x_wconf 89' lang='lat' dir='ltr'>Denique</span> <span class='ocrx_word' id='word_1_546' title='bbox 3058 2809 3173 2846; x_wconf 91' lang='lat' dir='ltr'>non</span> <span class='ocrx_word' id='word_1_547' title='bbox 3215 2793 3345 2847; x_wconf 91' lang='lat' dir='ltr'>ideo</span> <span class='ocrx_word' id='word_1_548' title='bbox 3375 2795 3600 2847; x_wconf 89' lang='lat' dir='ltr'>tantum</span> 
     </span>
    </p>
   </div>
   <div class='ocr_carea' id='block_1_75' title="bbox 1935 2880 3599 2953">
    <p class='ocr_par' dir='ltr' id='par_1_75' title="bbox 1935 2880 3599 2953">
     <span class='ocr_line' id='line_1_75' title="bbox 1935 2880 3599 2953; baseline 0.002 -19"><span class='ocrx_word' id='word_1_549' title='bbox 1935 2882 2069 2952; x_wconf 90' lang='lat' dir='ltr'>quia</span> <span class='ocrx_word' id='word_1_550' title='bbox 2102 2897 2168 2934; x_wconf 90' lang='lat' dir='ltr'>se</span> <span class='ocrx_word' id='word_1_551' title='bbox 2199 2880 2480 2950; x_wconf 85' lang='lat' dir='ltr'>peccunia</span> <span class='ocrx_word' id='word_1_552' title='bbox 2521 2882 2811 2935; x_wconf 88' lang='lat' dir='ltr'>redimere</span> <span class='ocrx_word' id='word_1_553' title='bbox 2854 2882 3057 2950; x_wconf 89' lang='lat' dir='ltr'>noluit,</span> <span class='ocrx_word' id='word_1_554' title='bbox 3092 2882 3199 2935; x_wconf 89' lang='lat' dir='ltr'>sed</span> <span class='ocrx_word' id='word_1_555' title='bbox 3247 2883 3420 2936; x_wconf 87' lang='lat' dir='ltr'>etiam</span> <span class='ocrx_word' id='word_1_556' title='bbox 3461 2883 3599 2953; x_wconf 85' lang='lat' dir='ltr'>quia</span> 
     </span>
    </p>
   </div>
   <div class='ocr_carea' id='block_1_76' title="bbox 1932 2969 3595 3041">
    <p class='ocr_par' dir='ltr' id='par_1_76' title="bbox 1932 2969 3595 3041">
     <span class='ocr_line' id='line_1_76' title="bbox 1932 2969 3595 3041; baseline 0.001 -18"><span class='ocrx_word' id='word_1_557' title='bbox 1932 2969 2182 3041; x_wconf 85' lang='lat' dir='ltr'>paganis</span> <span class='ocrx_word' id='word_1_558' title='bbox 2213 2969 2697 3037; x_wconf 88' lang='lat' dir='ltr'>persecutoribus</span> <span class='ocrx_word' id='word_1_559' title='bbox 2731 2970 2882 3038; x_wconf 90' lang='lat' dir='ltr'>suis,</span> <span class='ocrx_word' id='word_1_560' title='bbox 2908 2970 3201 3023; x_wconf 89' lang='lat' dir='ltr'>civitatem</span> <span class='ocrx_word' id='word_1_561' title='bbox 3221 2970 3595 3024; x_wconf 85' lang='lat' dir='ltr'>Cantuariam</span> 
     </span>
    </p>
   </div>
   <div class='ocr_carea' id='block_1_77' title="bbox 1933 3056 3593 3128">
    <p class='ocr_par' dir='ltr' id='par_1_77' title="bbox 1933 3056 3593 3128">
     <span class='ocr_line' id='line_1_77' title="bbox 1933 3056 3593 3128; baseline 0 -17"><span class='ocrx_word' id='word_1_562' title='bbox 1933 3061 1990 3112; x_wconf 89' lang='lat' dir='ltr'>et</span> <span class='ocrx_word' id='word_1_563' title='bbox 2037 3057 2351 3112; x_wconf 89' lang='lat' dir='ltr'>ecclesiam</span> <span class='ocrx_word' id='word_1_564' title='bbox 2382 3056 2603 3111; x_wconf 89' lang='lat' dir='ltr'>Christi</span> <span class='ocrx_word' id='word_1_565' title='bbox 2654 3058 2712 3110; x_wconf 87' lang='lat' dir='ltr'>in</span> <span class='ocrx_word' id='word_1_566' title='bbox 2755 3073 2823 3112; x_wconf 90' lang='lat' dir='ltr'>ea</span> <span class='ocrx_word' id='word_1_567' title='bbox 2854 3057 3025 3111; x_wconf 89' lang='lat' dir='ltr'>sitam</span> <span class='ocrx_word' id='word_1_568' title='bbox 3055 3058 3593 3128; x_wconf 87' lang='lat' dir='ltr'>concremantibus,</span> 
     </span>
    </p>
   </div>
   <div class='ocr_carea' id='block_1_78' title="bbox 1935 3145 3599 3216">
    <p class='ocr_par' dir='ltr' id='par_1_78' title="bbox 1935 3145 3599 3216">
     <span class='ocr_line' id='line_1_78' title="bbox 1935 3145 3599 3216; baseline 0.001 -17"><span class='ocrx_word' id='word_1_569' title='bbox 1935 3146 2216 3216; x_wconf 91' lang='lat' dir='ltr'>civesque</span> <span class='ocrx_word' id='word_1_570' title='bbox 2247 3161 2393 3199; x_wconf 90' lang='lat' dir='ltr'>suos</span> <span class='ocrx_word' id='word_1_571' title='bbox 2422 3146 2605 3199; x_wconf 88' lang='lat' dir='ltr'>atroci</span> <span class='ocrx_word' id='word_1_572' title='bbox 2638 3150 2821 3199; x_wconf 89' lang='lat' dir='ltr'>morte</span> <span class='ocrx_word' id='word_1_573' title='bbox 2855 3147 3223 3214; x_wconf 89' lang='lat' dir='ltr'>necantibus,</span> <span class='ocrx_word' id='word_1_574' title='bbox 3261 3145 3599 3201; x_wconf 90' lang='lat' dir='ltr'>Christiana</span> 
     </span>
    </p>
   </div>
   <div class='ocr_carea' id='block_1_79' title="bbox 1853 3189 3599 3305">
    <p class='ocr_par' dir='ltr' id='par_1_79' title="bbox 1853 3189 3599 3305">
     <span class='ocr_line' id='line_1_79' title="bbox 1936 3189 3599 3216; baseline 0.001 -16"><span class='ocrx_word' id='word_1_575' title='bbox 1936 3189 2215 3216; x_wconf 61' lang='grc' dir='ltr'>νηνωιμ..</span> <span class='ocrx_word' id='word_1_576' title='bbox 2247 3189 2392 3199; x_wconf 57' lang='grc' dir='ltr'>νην</span> <span class='ocrx_word' id='word_1_577' title='bbox 2423 3189 2605 3199; x_wconf 59' lang='grc' dir='ltr'>...μω</span> <span class='ocrx_word' id='word_1_578' title='bbox 2638 3189 2820 3199; x_wconf 71' lang='grc' dir='ltr'>..-νην</span> <span class='ocrx_word' id='word_1_579' title='bbox 2855 3189 3223 3214; x_wconf 34' lang='lat' dir='ltr'>“suum...”</span> <span class='ocrx_word' id='word_1_580' title='bbox 3266 3189 3599 3201; x_wconf 51' lang='lat' dir='ltr'>vuum...“</span> 
     </span>
     <span class='ocr_line' id='line_1_80' title="bbox 1853 3189 3599 3305; baseline 0.001 -17"><span class='ocrx_word' id='word_1_581' title='bbox 1853 3189 1909 3259; x_wconf 66' lang='grc' dir='ltr'>ο</span> <span class='ocrx_word' id='word_1_582' title='bbox 1934 3234 2197 3289; x_wconf 90' lang='lat' dir='ltr'>libertate</span> <span class='ocrx_word' id='word_1_583' title='bbox 2219 3235 2538 3301; x_wconf 90' lang='lat' dir='ltr'>obsistere,</span> <span class='ocrx_word' id='word_1_584' title='bbox 2566 3250 2789 3305; x_wconf 89' lang='lat' dir='ltr'>eosque</span> <span class='ocrx_word' id='word_1_585' title='bbox 2807 3250 2839 3287; x_wconf 87' lang='lat' dir='ltr'>a</span> <span class='ocrx_word' id='word_1_586' title='bbox 2864 3251 2970 3288; x_wconf 89' lang='lat' dir='ltr'>sua</span> <span class='ocrx_word' id='word_1_587' title='bbox 2989 3234 3326 3289; x_wconf 82' lang='lat' dir='ltr'>infidelitate</span> <span class='ocrx_word' id='word_1_588' title='bbox 3350 3250 3599 3289; x_wconf 86' lang='lat' dir='ltr'>conver-</span> 
     </span>
    </p>
   </div>
   <div class='ocr_carea' id='block_1_80' title="bbox 1935 3323 3596 3392">
    <p class='ocr_par' dir='ltr' id='par_1_80' title="bbox 1935 3323 3596 3392">
     <span class='ocr_line' id='line_1_81' title="bbox 1935 3323 3596 3392; baseline 0.001 -14"><span class='ocrx_word' id='word_1_589' title='bbox 1935 3328 2055 3378; x_wconf 88' lang='lat' dir='ltr'>tere</span> <span class='ocrx_word' id='word_1_590' title='bbox 2076 3325 2246 3377; x_wconf 90' lang='lat' dir='ltr'>nisus</span> <span class='ocrx_word' id='word_1_591' title='bbox 2268 3328 2378 3391; x_wconf 91' lang='lat' dir='ltr'>est,</span> <span class='ocrx_word' id='word_1_592' title='bbox 2406 3323 2477 3377; x_wconf 88' lang='lat' dir='ltr'>ab</span> <span class='ocrx_word' id='word_1_593' title='bbox 2500 3324 2589 3377; x_wconf 90' lang='lat' dir='ltr'>eis</span> <span class='ocrx_word' id='word_1_594' title='bbox 2613 3326 2820 3392; x_wconf 89' lang='lat' dir='ltr'>captus</span> <span class='ocrx_word' id='word_1_595' title='bbox 2843 3326 2898 3376; x_wconf 92' lang='lat' dir='ltr'>et</span> <span class='ocrx_word' id='word_1_596' title='bbox 2916 3323 3138 3376; x_wconf 88' lang='lat' dir='ltr'>crudeli</span> <span class='ocrx_word' id='word_1_597' title='bbox 3163 3324 3596 3379; x_wconf 76' lang='lat' dir='ltr'>exanimatione</span> 
     </span>
    </p>
   </div>
   <div class='ocr_carea' id='block_1_81' title="bbox 1935 3410 3594 3481">
    <p class='ocr_par' dir='ltr' id='par_1_81' title="bbox 1935 3410 3594 3481">
     <span class='ocr_line' id='line_1_82' title="bbox 1935 3410 3594 3481; baseline 0.001 -15"><span class='ocrx_word' id='word_1_598' title='bbox 1935 3416 2027 3467; x_wconf 90' lang='lat' dir='ltr'>est</span> <span class='ocrx_word' id='word_1_599' title='bbox 2065 3413 2324 3466; x_wconf 90' lang='lat' dir='ltr'>occisus.</span> <span class='ocrx_word' id='word_1_600' title='bbox 2368 3410 2484 3465; x_wconf 87' lang='lat' dir='ltr'>Sed</span> <span class='ocrx_word' id='word_1_601' title='bbox 2534 3411 2874 3479; x_wconf 90' lang='lat' dir='ltr'>Anselmus,</span> <span class='ocrx_word' id='word_1_602' title='bbox 2924 3416 2986 3466; x_wconf 93' lang='lat' dir='ltr'>ut</span> <span class='ocrx_word' id='word_1_603' title='bbox 3027 3413 3118 3464; x_wconf 83' lang='lat' dir='ltr'>vir</span> <span class='ocrx_word' id='word_1_604' title='bbox 3147 3413 3429 3481; x_wconf 89' lang='lat' dir='ltr'>prudens,</span> <span class='ocrx_word' id='word_1_605' title='bbox 3463 3412 3594 3467; x_wconf 91' lang='lat' dir='ltr'>viro</span> 
     </span>
    </p>
   </div>
   <div class='ocr_carea' id='block_1_82' title="bbox 1934 3499 3597 3572">
    <p class='ocr_par' dir='ltr' id='par_1_82' title="bbox 1934 3499 3597 3572">
     <span class='ocr_line' id='line_1_83' title="bbox 1934 3499 3597 3572; baseline 0 -16"><span class='ocrx_word' id='word_1_606' title='bbox 1934 3502 2205 3572; x_wconf 89' lang='lat' dir='ltr'>prudenti</span> <span class='ocrx_word' id='word_1_607' title='bbox 2257 3499 2427 3571; x_wconf 83' lang='lat' dir='ltr'>juxta</span> <span class='ocrx_word' id='word_1_608' title='bbox 2483 3500 3004 3571; x_wconf 88' lang='lat' dir='ltr'>interrogationem</span> <span class='ocrx_word' id='word_1_609' title='bbox 3059 3501 3175 3555; x_wconf 90' lang='lat' dir='ltr'>sibi</span> <span class='ocrx_word' id='word_1_610' title='bbox 3229 3502 3597 3570; x_wconf 88' lang='lat' dir='ltr'>propositam</span> 
     </span>
    </p>
   </div>
   <div class='ocr_carea' id='block_1_83' title="bbox 1938 3588 3600 3660">
    <p class='ocr_par' dir='ltr' id='par_1_83' title="bbox 1938 3588 3600 3660">
     <span class='ocr_line' id='line_1_84' title="bbox 1938 3588 3600 3660; baseline 0.002 -17"><span class='ocrx_word' id='word_1_611' title='bbox 1938 3590 2285 3660; x_wconf 89' lang='lat' dir='ltr'>simpliciter</span> <span class='ocrx_word' id='word_1_612' title='bbox 2313 3590 2389 3643; x_wconf 89' lang='lat' dir='ltr'>ita</span> <span class='ocrx_word' id='word_1_613' title='bbox 2419 3590 2742 3660; x_wconf 86' lang='lat' dir='ltr'>respondit,</span> <span class='ocrx_word' id='word_1_614' title='bbox 2776 3590 3008 3643; x_wconf 86' lang='lat' dir='ltr'>dicens:</span> <span class='ocrx_word' id='word_1_615' title='bbox 3048 3612 3067 3636; x_wconf 78' lang='grc' dir='ltr'>ιι</span> <span class='ocrx_word' id='word_1_616' title='bbox 3099 3588 3295 3643; x_wconf 90' lang='lat' dir='ltr'>Palam</span> <span class='ocrx_word' id='word_1_617' title='bbox 3328 3593 3419 3643; x_wconf 90' lang='lat' dir='ltr'>est</span> <span class='ocrx_word' id='word_1_618' title='bbox 3441 3591 3600 3660; x_wconf 92' lang='lat' dir='ltr'>quod</span> 
     </span>
    </p>
   </div>
   <div class='ocr_carea' id='block_1_84' title="bbox 1941 3678 3600 3750">
    <p class='ocr_par' dir='ltr' id='par_1_84' title="bbox 1941 3678 3600 3750">
     <span class='ocr_line' id='line_1_85' title="bbox 1941 3678 3600 3750; baseline 0.001 -19"><span class='ocrx_word' id='word_1_619' title='bbox 1941 3702 1962 3725; x_wconf 82' lang='grc' dir='ltr'>α</span> <span class='ocrx_word' id='word_1_620' title='bbox 2006 3680 2059 3733; x_wconf 90' lang='lat' dir='ltr'>is</span> <span class='ocrx_word' id='word_1_621' title='bbox 2107 3680 2205 3750; x_wconf 92' lang='lat' dir='ltr'>qui</span> <span class='ocrx_word' id='word_1_622' title='bbox 2257 3694 2328 3732; x_wconf 91' lang='lat' dir='ltr'>ne</span> <span class='ocrx_word' id='word_1_623' title='bbox 2371 3679 2501 3732; x_wconf 91' lang='lat' dir='ltr'>leve</span> <span class='ocrx_word' id='word_1_624' title='bbox 2546 3678 2784 3750; x_wconf 90' lang='lat' dir='ltr'>quidem</span> <span class='ocrx_word' id='word_1_625' title='bbox 2829 3682 3030 3733; x_wconf 89' lang='lat' dir='ltr'>contra</span> <span class='ocrx_word' id='word_1_626' title='bbox 3078 3678 3261 3732; x_wconf 91' lang='lat' dir='ltr'>Deum</span> <span class='ocrx_word' id='word_1_627' title='bbox 3292 3683 3600 3749; x_wconf 89' lang='lat' dir='ltr'>peccatum</span> 
     </span>
    </p>
   </div>
   <div class='ocr_carea' id='block_1_85' title="bbox 1939 3767 3598 3836">
    <p class='ocr_par' dir='ltr' id='par_1_85' title="bbox 1939 3767 3598 3836">
     <span class='ocr_line' id='line_1_86' title="bbox 1939 3767 3598 3836; baseline 0.001 -15"><span class='ocrx_word' id='word_1_628' title='bbox 1939 3790 1960 3813; x_wconf 87' lang='grc'><strong>‹‹</strong></span> <span class='ocrx_word' id='word_1_629' title='bbox 2005 3768 2284 3836; x_wconf 88' lang='lat' dir='ltr'>admittat,</span> <span class='ocrx_word' id='word_1_630' title='bbox 2302 3768 2447 3821; x_wconf 90' lang='lat' dir='ltr'>mori</span> <span class='ocrx_word' id='word_1_631' title='bbox 2464 3783 2578 3822; x_wconf 89' lang='lat' dir='ltr'>non</span> <span class='ocrx_word' id='word_1_632' title='bbox 2602 3767 3033 3836; x_wconf 89' lang='lat' dir='ltr'>dubitat,multo</span> <span class='ocrx_word' id='word_1_633' title='bbox 3047 3767 3299 3821; x_wconf 85' lang='lat' dir='ltr'>maxime</span> <span class='ocrx_word' id='word_1_634' title='bbox 3315 3768 3463 3822; x_wconf 88' lang='lat' dir='ltr'>mori</span> <span class='ocrx_word' id='word_1_635' title='bbox 3479 3784 3598 3822; x_wconf 91' lang='lat' dir='ltr'>non</span> 
     </span>
    </p>
   </div>
   <div class='ocr_carea' id='block_1_86' title="bbox 1939 3856 3601 3928">
    <p class='ocr_par' dir='ltr' id='par_1_86' title="bbox 1939 3856 3601 3928">
     <span class='ocr_line' id='line_1_87' title="bbox 1939 3856 3601 3928; baseline -0.001 -17"><span class='ocrx_word' id='word_1_636' title='bbox 1939 3880 1961 3903; x_wconf 92' lang='grc'>‹‹</span> <span class='ocrx_word' id='word_1_637' title='bbox 2006 3858 2316 3925; x_wconf 89' lang='lat' dir='ltr'>dubitaret,</span> <span class='ocrx_word' id='word_1_638' title='bbox 2350 3857 2696 3927; x_wconf 88' lang='lat' dir='ltr'>priusquam</span> <span class='ocrx_word' id='word_1_639' title='bbox 2727 3857 2922 3927; x_wconf 91' lang='lat' dir='ltr'>aliquo</span> <span class='ocrx_word' id='word_1_640' title='bbox 2953 3856 3126 3928; x_wconf 87' lang='lat' dir='ltr'>gravi</span> <span class='ocrx_word' id='word_1_641' title='bbox 3146 3859 3387 3925; x_wconf 90' lang='lat' dir='ltr'>peccato</span> <span class='ocrx_word' id='word_1_642' title='bbox 3411 3857 3601 3911; x_wconf 89' lang='lat' dir='ltr'>Deum</span> 
     </span>
    </p>
   </div>
   <div class='ocr_carea' id='block_1_87' title="bbox 1941 3944 3601 4016">
    <p class='ocr_par' dir='ltr' id='par_1_87' title="bbox 1941 3944 3601 4016">
     <span class='ocr_line' id='line_1_88' title="bbox 1941 3944 3601 4016; baseline 0.004 -22"><span class='ocrx_word' id='word_1_643' title='bbox 1941 3968 1962 3994; x_wconf 75' lang='grc' dir='ltr'><strong><em>υ</em></strong></span> <span class='ocrx_word' id='word_1_644' title='bbox 2006 3947 2406 4000; x_wconf 82' lang='lat' dir='ltr'>exacerbaret.</span> <span class='ocrx_word' id='word_1_645' title='bbox 2441 3944 2511 3999; x_wconf 92' lang='lat' dir='ltr'>Et</span> <span class='ocrx_word' id='word_1_646' title='bbox 2532 3961 2743 3999; x_wconf 89' lang='lat' dir='ltr'>revera</span> <span class='ocrx_word' id='word_1_647' title='bbox 2764 3946 3011 4016; x_wconf 86' lang='lat' dir='ltr'>gravius</span> <span class='ocrx_word' id='word_1_648' title='bbox 3033 3948 3339 4015; x_wconf 89' lang='lat' dir='ltr'>peccatum</span> <span class='ocrx_word' id='word_1_649' title='bbox 3367 3945 3601 4001; x_wconf 89' lang='lat' dir='ltr'>videtur</span> 
     </span>
    </p>
   </div>
   <div class='ocr_carea' id='block_1_88' title="bbox 1941 4033 3601 4105">
    <p class='ocr_par' dir='ltr' id='par_1_88' title="bbox 1941 4033 3601 4105">
     <span class='ocr_line' id='line_1_89' title="bbox 1941 4033 3601 4105; baseline 0.005 -22"><span class='ocrx_word' id='word_1_650' title='bbox 1941 4059 1961 4083; x_wconf 77' lang='grc' dir='ltr'>α</span> <span class='ocrx_word' id='word_1_651' title='bbox 2008 4050 2145 4089; x_wconf 88' lang='lat' dir='ltr'>esse</span> <span class='ocrx_word' id='word_1_652' title='bbox 2173 4033 2473 4088; x_wconf 89' lang='lat' dir='ltr'>Christum</span> <span class='ocrx_word' id='word_1_653' title='bbox 2491 4050 2731 4104; x_wconf 88' lang='lat' dir='ltr'>negare,</span> <span class='ocrx_word' id='word_1_654' title='bbox 2756 4050 2932 4104; x_wconf 87' lang='lat' dir='ltr'>quam</span> <span class='ocrx_word' id='word_1_655' title='bbox 2954 4035 3273 4105; x_wconf 88' lang='lat' dir='ltr'>quemlibet</span> <span class='ocrx_word' id='word_1_656' title='bbox 3292 4037 3601 4091; x_wconf 86' lang='lat' dir='ltr'>terrenum</span> 
     </span>
    </p>
   </div>
   <div class='ocr_carea' id='block_1_89' title="bbox 1942 4123 3598 4193">
    <p class='ocr_par' dir='ltr' id='par_1_89' title="bbox 1942 4123 3598 4193">
     <span class='ocr_line' id='line_1_90' title="bbox 1942 4123 3598 4193; baseline 0.001 -16"><span class='ocrx_word' id='word_1_657' title='bbox 1942 4146 1963 4170; x_wconf 88' lang='lat'><strong>«</strong></span> <span class='ocrx_word' id='word_1_658' title='bbox 1998 4124 2430 4193; x_wconf 88' lang='lat' dir='ltr'>dominum,pro</span> <span class='ocrx_word' id='word_1_659' title='bbox 2444 4123 2843 4193; x_wconf 87' lang='lat' dir='ltr'>redemptione</span> <span class='ocrx_word' id='word_1_660' title='bbox 2857 4123 2991 4176; x_wconf 85' lang='lat' dir='ltr'>vitae</span> <span class='ocrx_word' id='word_1_661' title='bbox 3006 4123 3435 4191; x_wconf 86' lang='lat' dir='ltr'>suae,homines</span> <span class='ocrx_word' id='word_1_662' title='bbox 3449 4139 3598 4178; x_wconf 91' lang='lat' dir='ltr'>suos</span> 
     </span>
    </p>
   </div>
   <div class='ocr_carea' id='block_1_90' title="bbox 1943 4210 3600 4282">
    <p class='ocr_par' dir='ltr' id='par_1_90' title="bbox 1943 4210 3600 4282">
     <span class='ocr_line' id='line_1_91' title="bbox 1943 4210 3600 4282; baseline -0.001 -16"><span class='ocrx_word' id='word_1_663' title='bbox 1943 4236 1964 4259; x_wconf 77' lang='grc' dir='ltr'><em>υ</em></span> <span class='ocrx_word' id='word_1_664' title='bbox 2009 4228 2113 4282; x_wconf 91' lang='lat' dir='ltr'>per</span> <span class='ocrx_word' id='word_1_665' title='bbox 2143 4212 2493 4266; x_wconf 87' lang='lat' dir='ltr'>ablationem</span> <span class='ocrx_word' id='word_1_666' title='bbox 2516 4211 2781 4280; x_wconf 82' lang='lat' dir='ltr'>pecuniae</span> <span class='ocrx_word' id='word_1_667' title='bbox 2801 4210 3034 4264; x_wconf 90' lang='lat' dir='ltr'>illorum</span> <span class='ocrx_word' id='word_1_668' title='bbox 3055 4210 3125 4263; x_wconf 91' lang='lat' dir='ltr'>ad</span> <span class='ocrx_word' id='word_1_669' title='bbox 3145 4211 3440 4265; x_wconf 91' lang='lat' dir='ltr'>modicum</span> <span class='ocrx_word' id='word_1_670' title='bbox 3461 4227 3600 4282; x_wconf 86' lang='lat' dir='ltr'>gra-</span> 
     </span>
    </p>
   </div>
   <div class='ocr_carea' id='block_1_91' title="bbox 1944 4298 3598 4370">
    <p class='ocr_par' dir='ltr' id='par_1_91' title="bbox 1944 4298 3598 4370">
     <span class='ocr_line' id='line_1_92' title="bbox 1944 4298 3598 4370; baseline -0.001 -15"><span class='ocrx_word' id='word_1_671' title='bbox 1944 4323 1965 4349; x_wconf 83' lang='lat'><strong><em>«</em></strong></span> <span class='ocrx_word' id='word_1_672' title='bbox 2006 4300 2281 4370; x_wconf 83' lang='lat' dir='ltr'>vare;sed</span> <span class='ocrx_word' id='word_1_673' title='bbox 2294 4300 2405 4354; x_wconf 92' lang='lat' dir='ltr'>hoc</span> <span class='ocrx_word' id='word_1_674' title='bbox 2417 4300 2574 4370; x_wconf 82' lang='lat' dir='ltr'>quod</span> <span class='ocrx_word' id='word_1_675' title='bbox 2588 4300 2781 4353; x_wconf 91' lang='lat' dir='ltr'>minus</span> <span class='ocrx_word' id='word_1_676' title='bbox 2796 4301 2888 4353; x_wconf 91' lang='lat' dir='ltr'>est</span> <span class='ocrx_word' id='word_1_677' title='bbox 2910 4298 3213 4369; x_wconf 86' lang='lat' dir='ltr'>Elphegus</span> <span class='ocrx_word' id='word_1_678' title='bbox 3232 4299 3419 4353; x_wconf 90' lang='lat' dir='ltr'>noluit</span> <span class='ocrx_word' id='word_1_679' title='bbox 3440 4299 3598 4353; x_wconf 88' lang='lat' dir='ltr'>face-</span> 
     </span>
    </p>
   </div>
   <div class='ocr_carea' id='block_1_92' title="bbox 1943 4373 3600 4461">
    <p class='ocr_par' dir='ltr' id='par_1_92' title="bbox 1943 4373 3600 4461">
     <span class='ocr_line' id='line_1_93' title="bbox 1943 4373 3600 4461; baseline 0.001 -21"><span class='ocrx_word' id='word_1_680' title='bbox 1943 4412 1964 4440; x_wconf 74' lang='grc' dir='ltr'><strong>α</strong></span> <span class='ocrx_word' id='word_1_681' title='bbox 2007 4405 2091 4444; x_wconf 90' lang='lat' dir='ltr'>re.</span> <span class='ocrx_word' id='word_1_682' title='bbox 2108 4390 2288 4443; x_wconf 88' lang='lat' dir='ltr'>Multo</span> <span class='ocrx_word' id='word_1_683' title='bbox 2303 4389 2483 4461; x_wconf 89' lang='lat' dir='ltr'>igitur</span> <span class='ocrx_word' id='word_1_684' title='bbox 2497 4373 2689 4443; x_wconf 79' lang='lat' dir='ltr'>minus</span> <span class='ocrx_word' id='word_1_685' title='bbox 2702 4388 3003 4443; x_wconf 88' lang='lat' dir='ltr'>Christum</span> <span class='ocrx_word' id='word_1_686' title='bbox 3020 4390 3283 4459; x_wconf 89' lang='lat' dir='ltr'>negaret,</span> <span class='ocrx_word' id='word_1_687' title='bbox 3306 4388 3361 4441; x_wconf 92' lang='lat' dir='ltr'>si</span> <span class='ocrx_word' id='word_1_688' title='bbox 3375 4402 3600 4443; x_wconf 87' lang='lat' dir='ltr'>vesana</span> 
     </span>
    </p>
   </div>
   <div class='ocr_carea' id='block_1_93' title="bbox 1941 4476 3599 4534">
    <p class='ocr_par' dir='ltr' id='par_1_93' title="bbox 1941 4476 3599 4534">
     <span class='ocr_line' id='line_1_94' title="bbox 1941 4476 3599 4534; baseline -0.001 -2"><span class='ocrx_word' id='word_1_689' title='bbox 1941 4502 1962 4525; x_wconf 86' lang='lat'><strong>«</strong></span> <span class='ocrx_word' id='word_1_690' title='bbox 2008 4494 2216 4534; x_wconf 91' lang='lat' dir='ltr'>manus</span> <span class='ocrx_word' id='word_1_691' title='bbox 2249 4494 2381 4533; x_wconf 90' lang='lat' dir='ltr'>eum</span> <span class='ocrx_word' id='word_1_692' title='bbox 2412 4478 2482 4531; x_wconf 90' lang='lat' dir='ltr'>ad</span> <span class='ocrx_word' id='word_1_693' title='bbox 2514 4476 2626 4531; x_wconf 87' lang='lat' dir='ltr'>hoc</span> <span class='ocrx_word' id='word_1_694' title='bbox 2658 4479 2905 4531; x_wconf 89' lang='lat' dir='ltr'>mortem</span> <span class='ocrx_word' id='word_1_695' title='bbox 2939 4477 3274 4531; x_wconf 90' lang='lat' dir='ltr'>iutentando</span> <span class='ocrx_word' id='word_1_696' title='bbox 3299 4476 3599 4532; x_wconf 89' lang='lat' dir='ltr'>constrin-</span> 
     </span>
    </p>
   </div>
   <div class='ocr_carea' id='block_1_94' title="bbox 184 4548 3599 4642">
    <p class='ocr_par' dir='ltr' id='par_1_94' title="bbox 184 4548 3599 4642">
     <span class='ocr_line' id='line_1_95' title="bbox 184 4548 3599 4642; baseline -0 -21"><span class='ocrx_word' id='word_1_697' title='bbox 184 4568 354 4625; x_wconf 87' lang='lat' dir='ltr'>minus</span> <span class='ocrx_word' id='word_1_698' title='bbox 382 4548 501 4641; x_wconf 79' lang='lat' dir='ltr'>ipsi</span> <span class='ocrx_word' id='word_1_699' title='bbox 534 4548 712 4642; x_wconf 74' lang='lat' dir='ltr'>quam</span> <span class='ocrx_word' id='word_1_700' title='bbox 754 4573 960 4625; x_wconf 89' lang='lat' dir='ltr'>sancto</span> <span class='ocrx_word' id='word_1_701' title='bbox 992 4571 1204 4625; x_wconf 84' lang='lat' dir='ltr'>Joanni</span> <span class='ocrx_word' id='word_1_702' title='bbox 1236 4548 1518 4641; x_wconf 77' lang='lat' dir='ltr'>Baptistae</span> <span class='ocrx_word' id='word_1_703' title='bbox 1549 4572 1825 4641; x_wconf 73' lang='lat' dir='ltr'>martyris</span> <span class='ocrx_word' id='word_1_704' title='bbox 1853 4548 1912 4612; x_wconf 79' lang='lat' dir='ltr'>D</span> <span class='ocrx_word' id='word_1_705' title='bbox 1940 4589 1963 4620; x_wconf 74' lang='grc' dir='ltr'>ι</span> <span class='ocrx_word' id='word_1_706' title='bbox 2007 4570 2192 4639; x_wconf 88' lang='lat' dir='ltr'>geret.</span> <span class='ocrx_word' id='word_1_707' title='bbox 2242 4567 2409 4621; x_wconf 89' lang='lat' dir='ltr'>Unde</span> <span class='ocrx_word' id='word_1_708' title='bbox 2450 4567 2620 4621; x_wconf 90' lang='lat' dir='ltr'>datur</span> <span class='ocrx_word' id='word_1_709' title='bbox 2666 4566 2935 4638; x_wconf 90' lang='lat' dir='ltr'>intelligi,</span> <span class='ocrx_word' id='word_1_710' title='bbox 2978 4565 3184 4620; x_wconf 88' lang='lat' dir='ltr'>miram</span> <span class='ocrx_word' id='word_1_711' title='bbox 3226 4568 3433 4634; x_wconf 89' lang='lat' dir='ltr'>pectus</span> <span class='ocrx_word' id='word_1_712' title='bbox 3463 4565 3599 4635; x_wconf 84' lang='lat' dir='ltr'>ejus</span> 
     </span>
    </p>
   </div>
   <div class='ocr_carea' id='block_1_95' title="bbox 184 4656 1829 4715">
    <p class='ocr_par' dir='ltr' id='par_1_95' title="bbox 184 4656 1829 4715">
     <span class='ocr_line' id='line_1_96' title="bbox 184 4656 1829 4715; baseline 0.002 -8"><span class='ocrx_word' id='word_1_713' title='bbox 184 4656 388 4713; x_wconf 89' lang='lat' dir='ltr'>titulum</span> <span class='ocrx_word' id='word_1_714' title='bbox 419 4659 648 4714; x_wconf 91' lang='lat' dir='ltr'>deberi.</span> <span class='ocrx_word' id='word_1_715' title='bbox 698 4658 758 4711; x_wconf 92' lang='lat' dir='ltr'>Id</span> <span class='ocrx_word' id='word_1_716' title='bbox 790 4658 985 4713; x_wconf 87' lang='lat' dir='ltr'>fusius</span> <span class='ocrx_word' id='word_1_717' title='bbox 1030 4664 1228 4713; x_wconf 88' lang='lat' dir='ltr'>narrat</span> <span class='ocrx_word' id='word_1_718' title='bbox 1270 4659 1599 4715; x_wconf 88' lang='lat' dir='ltr'>Eadmerus</span> <span class='ocrx_word' id='word_1_719' title='bbox 1629 4659 1779 4713; x_wconf 90' lang='lat' dir='ltr'>libro</span> <span class='ocrx_word' id='word_1_720' title='bbox 1812 4677 1829 4711; x_wconf 87' lang='lat'>1</span> 
     </span>
    </p>
   </div>
   <div class='ocr_carea' id='block_1_96' title="bbox 186 4744 1829 4819">
    <p class='ocr_par' dir='ltr' id='par_1_96' title="bbox 186 4744 1829 4819">
     <span class='ocr_line' id='line_1_97' title="bbox 186 4744 1829 4819; baseline 0.002 -21"><span class='ocrx_word' id='word_1_721' title='bbox 186 4744 255 4800; x_wconf 86' lang='lat' dir='ltr'>De</span> <span class='ocrx_word' id='word_1_722' title='bbox 291 4751 403 4803; x_wconf 89' lang='lat' dir='ltr'>vita</span> <span class='ocrx_word' id='word_1_723' title='bbox 455 4748 649 4803; x_wconf 88' lang='lat' dir='ltr'>sancti</span> <span class='ocrx_word' id='word_1_724' title='bbox 699 4749 986 4817; x_wconf 88' lang='lat' dir='ltr'>Auselmi,</span> <span class='ocrx_word' id='word_1_725' title='bbox 1036 4748 1213 4819; x_wconf 89' lang='lat' dir='ltr'>cujus</span> <span class='ocrx_word' id='word_1_726' title='bbox 1243 4750 1425 4803; x_wconf 86' lang='lat' dir='ltr'>verba</span> <span class='ocrx_word' id='word_1_727' title='bbox 1452 4749 1567 4803; x_wconf 92' lang='lat' dir='ltr'>huc</span> <span class='ocrx_word' id='word_1_728' title='bbox 1598 4749 1829 4803; x_wconf 89' lang='lat' dir='ltr'>referre</span> 
     </span>
    </p>
   </div>
   <div class='ocr_carea' id='block_1_97' title="bbox 181 4834 1831 4909">
    <p class='ocr_par' dir='ltr' id='par_1_97' title="bbox 181 4834 1831 4909">
     <span class='ocr_line' id='line_1_98' title="bbox 181 4834 1831 4909; baseline 0.002 -22"><span class='ocrx_word' id='word_1_729' title='bbox 181 4834 351 4890; x_wconf 85' lang='lat' dir='ltr'>visum</span> <span class='ocrx_word' id='word_1_730' title='bbox 378 4843 494 4905; x_wconf 89' lang='lat' dir='ltr'>est,</span> <span class='ocrx_word' id='word_1_731' title='bbox 516 4841 713 4906; x_wconf 85' lang='lat' dir='ltr'>utpote</span> <span class='ocrx_word' id='word_1_732' title='bbox 735 4851 768 4889; x_wconf 87' lang='lat' dir='ltr'>a</span> <span class='ocrx_word' id='word_1_733' title='bbox 790 4836 990 4891; x_wconf 91' lang='lat' dir='ltr'>multis</span> <span class='ocrx_word' id='word_1_734' title='bbox 1008 4837 1413 4907; x_wconf 66' lang='lat' dir='ltr'>praetermissa</span> <span class='ocrx_word' id='word_1_735' title='bbox 1439 4854 1450 4891; x_wconf 90' lang='lat'>:</span> <span class='ocrx_word' id='word_1_736' title='bbox 1478 4853 1613 4909; x_wconf 82' lang='lat' dir='ltr'>quae</span> <span class='ocrx_word' id='word_1_737' title='bbox 1638 4840 1831 4891; x_wconf 91' lang='lat' dir='ltr'>tamen</span> 
     </span>
    </p>
   </div>
   <div class='ocr_carea' id='block_1_98' title="bbox 185 4925 1827 4998">
    <p class='ocr_par' dir='ltr' id='par_1_98' title="bbox 185 4925 1827 4998">
     <span class='ocr_line' id='line_1_99' title="bbox 185 4925 1827 4998; baseline 0.002 -22"><span class='ocrx_word' id='word_1_738' title='bbox 185 4926 410 4982; x_wconf 79' lang='lat' dir='ltr'>maxime</span> <span class='ocrx_word' id='word_1_739' title='bbox 443 4928 515 4982; x_wconf 89' lang='lat' dir='ltr'>ad</span> <span class='ocrx_word' id='word_1_740' title='bbox 562 4926 754 4981; x_wconf 77' lang='lat' dir='ltr'>sancti</span> <span class='ocrx_word' id='word_1_741' title='bbox 784 4925 968 4998; x_wconf 87' lang='lat' dir='ltr'>hujus</span> <span class='ocrx_word' id='word_1_742' title='bbox 1000 4926 1279 4981; x_wconf 87' lang='lat' dir='ltr'>antistitis</span> <span class='ocrx_word' id='word_1_743' title='bbox 1313 4925 1562 4997; x_wconf 90' lang='lat' dir='ltr'>gloriam</span> <span class='ocrx_word' id='word_1_744' title='bbox 1593 4926 1827 4981; x_wconf 87' lang='lat' dir='ltr'>cedunt.</span> 
     </span>
    </p>
   </div>
   <div class='ocr_carea' id='block_1_99' title="bbox 189 5010 1829 5087">
    <p class='ocr_par' dir='ltr' id='par_1_99' title="bbox 189 5010 1829 5087">
     <span class='ocr_line' id='line_1_100' title="bbox 189 5010 1829 5087; baseline 0.002 -22"><span class='ocrx_word' id='word_1_745' title='bbox 189 5010 270 5066; x_wconf 88' lang='lat' dir='ltr'>Sic</span> <span class='ocrx_word' id='word_1_746' title='bbox 311 5017 505 5087; x_wconf 88' lang='lat' dir='ltr'>itaque</span> <span class='ocrx_word' id='word_1_747' title='bbox 536 5031 664 5070; x_wconf 89' lang='lat' dir='ltr'>rem</span> <span class='ocrx_word' id='word_1_748' title='bbox 711 5018 944 5071; x_wconf 88' lang='lat' dir='ltr'>narrat:</span> <span class='ocrx_word' id='word_1_749' title='bbox 999 5037 1020 5061; x_wconf 84' lang='grc' dir='ltr'>α</span> <span class='ocrx_word' id='word_1_750' title='bbox 1066 5015 1205 5069; x_wconf 88' lang='lat' dir='ltr'>Erat</span> <span class='ocrx_word' id='word_1_751' title='bbox 1235 5014 1603 5070; x_wconf 87' lang='lat' dir='ltr'>Laufrancus</span> <span class='ocrx_word' id='word_1_752' title='bbox 1637 5015 1829 5069; x_wconf 92' lang='lat' dir='ltr'>adhuc</span> 
     </span>
    </p>
   </div>
   <div class='ocr_carea' id='block_1_100' title="bbox 188 5103 1828 5176">
    <p class='ocr_par' dir='ltr' id='par_1_100' title="bbox 188 5103 1828 5176">
     <span class='ocr_line' id='line_1_101' title="bbox 188 5103 1828 5176; baseline 0.002 -21"><span class='ocrx_word' id='word_1_753' title='bbox 188 5105 335 5170; x_wconf 83' lang='lat' dir='ltr'>quasi</span> <span class='ocrx_word' id='word_1_754' title='bbox 347 5106 515 5160; x_wconf 88' lang='lat' dir='ltr'>rudis</span> <span class='ocrx_word' id='word_1_755' title='bbox 534 5104 793 5176; x_wconf 87' lang='lat' dir='ltr'>Anglus,</span> <span class='ocrx_word' id='word_1_756' title='bbox 810 5105 1180 5176; x_wconf 89' lang='lat' dir='ltr'>necdumque</span> <span class='ocrx_word' id='word_1_757' title='bbox 1193 5104 1469 5159; x_wconf 89' lang='lat' dir='ltr'>sederant</span> <span class='ocrx_word' id='word_1_758' title='bbox 1483 5104 1676 5159; x_wconf 86' lang='lat' dir='ltr'>animo</span> <span class='ocrx_word' id='word_1_759' title='bbox 1695 5103 1828 5175; x_wconf 88' lang='lat' dir='ltr'>ejus</span> 
     </span>
    </p>
   </div>
   <div class='ocr_carea' id='block_1_101' title="bbox 188 5193 1819 5265">
    <p class='ocr_par' dir='ltr' id='par_1_101' title="bbox 188 5193 1819 5265">
     <span class='ocr_line' id='line_1_102' title="bbox 188 5193 1819 5265; baseline 0.002 -20"><span class='ocrx_word' id='word_1_760' title='bbox 188 5194 427 5259; x_wconf 70' lang='lat' dir='ltr'>quaedam</span> <span class='ocrx_word' id='word_1_761' title='bbox 474 5195 899 5263; x_wconf 86' lang='lat' dir='ltr'>institutiones,</span> <span class='ocrx_word' id='word_1_762' title='bbox 942 5210 1090 5265; x_wconf 88' lang='lat' dir='ltr'>quas</span> <span class='ocrx_word' id='word_1_763' title='bbox 1125 5195 1439 5262; x_wconf 87' lang='lat' dir='ltr'>reperierat</span> <span class='ocrx_word' id='word_1_764' title='bbox 1487 5193 1544 5246; x_wconf 92' lang='lat' dir='ltr'>in</span> <span class='ocrx_word' id='word_1_765' title='bbox 1594 5193 1819 5265; x_wconf 88' lang='lat' dir='ltr'>Anglia.</span> 
     </span>
    </p>
   </div>
   <div class='ocr_carea' id='block_1_102' title="bbox 191 5276 1821 5354">
    <p class='ocr_par' dir='ltr' id='par_1_102' title="bbox 191 5276 1821 5354">
     <span class='ocr_line' id='line_1_103' title="bbox 191 5276 1821 5354; baseline 0.002 -20"><span class='ocrx_word' id='word_1_766' title='bbox 191 5276 532 5354; x_wconf 84' lang='lat' dir='ltr'>Quapropter</span> <span class='ocrx_word' id='word_1_767' title='bbox 555 5283 889 5353; x_wconf 89' lang='lat' dir='ltr'>complures</span> <span class='ocrx_word' id='word_1_768' title='bbox 903 5283 975 5337; x_wconf 91' lang='lat' dir='ltr'>de</span> <span class='ocrx_word' id='word_1_769' title='bbox 998 5283 1114 5337; x_wconf 78' lang='lat' dir='ltr'>illis</span> <span class='ocrx_word' id='word_1_770' title='bbox 1136 5298 1351 5354; x_wconf 88' lang='lat' dir='ltr'>magna</span> <span class='ocrx_word' id='word_1_771' title='bbox 1366 5282 1551 5336; x_wconf 88' lang='lat' dir='ltr'>fretus</span> <span class='ocrx_word' id='word_1_772' title='bbox 1574 5283 1821 5351; x_wconf 90' lang='lat' dir='ltr'>ratione,</span> 
     </span>
    </p>
   </div>
   <div class='ocr_carea' id='block_1_103' title="bbox 192 5370 1828 5443">
    <p class='ocr_par' dir='ltr' id='par_1_103' title="bbox 192 5370 1828 5443">
     <span class='ocr_line' id='line_1_104' title="bbox 192 5370 1828 5443; baseline 0.003 -22"><span class='ocrx_word' id='word_1_773' title='bbox 192 5370 294 5424; x_wconf 84' lang='lat' dir='ltr'>tum</span> <span class='ocrx_word' id='word_1_774' title='bbox 319 5373 605 5443; x_wconf 87' lang='lat' dir='ltr'>quasdam</span> <span class='ocrx_word' id='word_1_775' title='bbox 636 5372 880 5426; x_wconf 89' lang='lat' dir='ltr'>mutavit</span> <span class='ocrx_word' id='word_1_776' title='bbox 910 5372 1036 5426; x_wconf 89' lang='lat' dir='ltr'>sola</span> <span class='ocrx_word' id='word_1_777' title='bbox 1057 5371 1423 5427; x_wconf 89' lang='lat' dir='ltr'>auctoritatis</span> <span class='ocrx_word' id='word_1_778' title='bbox 1451 5388 1579 5426; x_wconf 80' lang='lat' dir='ltr'>suae</span> <span class='ocrx_word' id='word_1_779' title='bbox 1609 5372 1828 5426; x_wconf 89' lang='lat' dir='ltr'>delibe-</span> 
     </span>
    </p>
   </div>
   <div class='ocr_carea' id='block_1_104' title="bbox 194 5458 1826 5530">
    <p class='ocr_par' dir='ltr' id='par_1_104' title="bbox 194 5458 1826 5530">
     <span class='ocr_line' id='line_1_105' title="bbox 194 5458 1826 5530; baseline 0.004 -23"><span class='ocrx_word' id='word_1_780' title='bbox 194 5458 411 5516; x_wconf 85' lang='lat' dir='ltr'>ratione.</span> <span class='ocrx_word' id='word_1_781' title='bbox 433 5462 634 5530; x_wconf 81' lang='lat' dir='ltr'>itaque</span> <span class='ocrx_word' id='word_1_782' title='bbox 682 5460 821 5514; x_wconf 88' lang='lat' dir='ltr'>dum</span> <span class='ocrx_word' id='word_1_783' title='bbox 863 5460 1096 5515; x_wconf 89' lang='lat' dir='ltr'>illarum</span> <span class='ocrx_word' id='word_1_784' title='bbox 1130 5461 1434 5515; x_wconf 88' lang='lat' dir='ltr'>mutationi</span> <span class='ocrx_word' id='word_1_785' title='bbox 1480 5460 1826 5527; x_wconf 87' lang='lat' dir='ltr'>intenderet,</span> 
     </span>
    </p>
   </div>
   <div class='ocr_carea' id='block_1_105' title="bbox 194 5546 1832 5605">
    <p class='ocr_par' dir='ltr' id='par_1_105' title="bbox 194 5546 1832 5605">
     <span class='ocr_line' id='line_1_106' title="bbox 194 5546 1832 5605; baseline 0 -3"><span class='ocrx_word' id='word_1_786' title='bbox 194 5546 578 5605; x_wconf 80' lang='lat' dir='ltr'>etAnselmum</span> <span class='ocrx_word' id='word_1_787' title='bbox 595 5549 949 5604; x_wconf 91' lang='lat' dir='ltr'>unamimem</span> <span class='ocrx_word' id='word_1_788' title='bbox 970 5550 1199 5604; x_wconf 87' lang='lat' dir='ltr'>scilicet</span> <span class='ocrx_word' id='word_1_789' title='bbox 1228 5549 1481 5605; x_wconf 91' lang='lat' dir='ltr'>amicum</span> <span class='ocrx_word' id='word_1_790' title='bbox 1511 5552 1569 5604; x_wconf 89' lang='lat' dir='ltr'>et</span> <span class='ocrx_word' id='word_1_791' title='bbox 1586 5549 1832 5603; x_wconf 86' lang='lat' dir='ltr'>fratrem</span> 
     </span>
    </p>
   </div>
   <div class='ocr_carea' id='block_1_106' title="bbox 195 5638 1830 5710">
    <p class='ocr_par' dir='ltr' id='par_1_106' title="bbox 195 5638 1830 5710">
     <span class='ocr_line' id='line_1_107' title="bbox 195 5638 1830 5710; baseline 0.006 -26"><span class='ocrx_word' id='word_1_792' title='bbox 195 5646 370 5692; x_wconf 85' lang='lat' dir='ltr'>secum</span> <span class='ocrx_word' id='word_1_793' title='bbox 416 5638 682 5709; x_wconf 88' lang='lat' dir='ltr'>haberet,</span> <span class='ocrx_word' id='word_1_794' title='bbox 742 5638 995 5710; x_wconf 85' lang='lat' dir='ltr'>quadam</span> <span class='ocrx_word' id='word_1_795' title='bbox 1051 5638 1145 5694; x_wconf 91' lang='lat' dir='ltr'>die</span> <span class='ocrx_word' id='word_1_796' title='bbox 1191 5638 1541 5695; x_wconf 87' lang='lat' dir='ltr'>familiarius</span> <span class='ocrx_word' id='word_1_797' title='bbox 1583 5653 1717 5693; x_wconf 90' lang='lat' dir='ltr'>cum</span> <span class='ocrx_word' id='word_1_798' title='bbox 1762 5651 1830 5693; x_wconf 91' lang='lat' dir='ltr'>eo</span> 
     </span>
    </p>
   </div>
   <div class='ocr_carea' id='block_1_107' title="bbox 1941 4654 3600 4728">
    <p class='ocr_par' dir='ltr' id='par_1_107' title="bbox 1941 4654 3600 4728">
     <span class='ocr_line' id='line_1_108' title="bbox 1941 4654 3600 4728; baseline -0.002 -17"><span class='ocrx_word' id='word_1_799' title='bbox 1941 4680 1962 4705; x_wconf 78' lang='grc' dir='ltr'>«ι</span> <span class='ocrx_word' id='word_1_800' title='bbox 1998 4656 2291 4728; x_wconf 88' lang='lat' dir='ltr'>justitiam</span> <span class='ocrx_word' id='word_1_801' title='bbox 2322 4656 2693 4727; x_wconf 90' lang='lat' dir='ltr'>possedisse,</span> <span class='ocrx_word' id='word_1_802' title='bbox 2727 4657 2961 4727; x_wconf 90' lang='lat' dir='ltr'>quando</span> <span class='ocrx_word' id='word_1_803' title='bbox 2996 4657 3172 4709; x_wconf 90' lang='lat' dir='ltr'>vitam</span> <span class='ocrx_word' id='word_1_804' title='bbox 3194 4671 3364 4709; x_wconf 91' lang='lat' dir='ltr'>suam</span> <span class='ocrx_word' id='word_1_805' title='bbox 3395 4654 3600 4707; x_wconf 89' lang='lat' dir='ltr'>maluit</span> 
     </span>
    </p>
   </div>
   <div class='ocr_carea' id='block_1_108' title="bbox 1941 4745 3595 4817">
    <p class='ocr_par' dir='ltr' id='par_1_108' title="bbox 1941 4745 3595 4817">
     <span class='ocr_line' id='line_1_109' title="bbox 1941 4745 3595 4817; baseline -0.002 -18"><span class='ocrx_word' id='word_1_806' title='bbox 1941 4768 1961 4793; x_wconf 77' lang='grc' dir='ltr'>α</span> <span class='ocrx_word' id='word_1_807' title='bbox 2006 4746 2165 4815; x_wconf 88' lang='lat' dir='ltr'>dare,</span> <span class='ocrx_word' id='word_1_808' title='bbox 2183 4762 2378 4817; x_wconf 89' lang='lat' dir='ltr'>quam,</span> <span class='ocrx_word' id='word_1_809' title='bbox 2401 4748 2599 4816; x_wconf 89' lang='lat' dir='ltr'>spreta</span> <span class='ocrx_word' id='word_1_810' title='bbox 2613 4745 2913 4813; x_wconf 88' lang='lat' dir='ltr'>charitate,</span> <span class='ocrx_word' id='word_1_811' title='bbox 2929 4745 3231 4815; x_wconf 85' lang='lat' dir='ltr'>proximos</span> <span class='ocrx_word' id='word_1_812' title='bbox 3250 4760 3397 4798; x_wconf 90' lang='lat' dir='ltr'>suos</span> <span class='ocrx_word' id='word_1_813' title='bbox 3416 4759 3595 4797; x_wconf 89' lang='lat' dir='ltr'>scan-</span> 
     </span>
    </p>
   </div>
   <div class='ocr_carea' id='block_1_109' title="bbox 1943 4832 3597 4905">
    <p class='ocr_par' dir='ltr' id='par_1_109' title="bbox 1943 4832 3597 4905">
     <span class='ocr_line' id='line_1_110' title="bbox 1943 4832 3597 4905; baseline 0 -18"><span class='ocrx_word' id='word_1_814' title='bbox 1943 4856 1964 4880; x_wconf 92' lang='lat'><strong>«</strong></span> <span class='ocrx_word' id='word_1_815' title='bbox 2008 4833 2279 4888; x_wconf 88' lang='lat' dir='ltr'>dalizare.</span> <span class='ocrx_word' id='word_1_816' title='bbox 2315 4833 2707 4898; x_wconf 89' lang='lat' dir='ltr'>Quamobrem</span> <span class='ocrx_word' id='word_1_817' title='bbox 2736 4835 2912 4905; x_wconf 88' lang='lat' dir='ltr'>longe</span> <span class='ocrx_word' id='word_1_818' title='bbox 2946 4833 3053 4887; x_wconf 88' lang='lat' dir='ltr'>fuit</span> <span class='ocrx_word' id='word_1_819' title='bbox 3098 4833 3169 4886; x_wconf 90' lang='lat' dir='ltr'>ab</span> <span class='ocrx_word' id='word_1_820' title='bbox 3208 4848 3278 4886; x_wconf 90' lang='lat' dir='ltr'>eo</span> <span class='ocrx_word' id='word_1_821' title='bbox 3316 4832 3461 4885; x_wconf 90' lang='lat' dir='ltr'>illud</span> <span class='ocrx_word' id='word_1_822' title='bbox 3492 4832 3597 4887; x_wconf 62' lang='lat' dir='ltr'>Vw</span> 
     </span>
    </p>
   </div>
   <div class='ocr_carea' id='block_1_110' title="bbox 1944 4920 3598 4996">
    <p class='ocr_par' dir='ltr' id='par_1_110' title="bbox 1944 4920 3598 4996">
     <span class='ocr_line' id='line_1_111' title="bbox 1944 4920 3598 4996; baseline 0 -22"><span class='ocrx_word' id='word_1_823' title='bbox 1944 4944 1967 4974; x_wconf 73' lang='grc' dir='ltr'><strong>α</strong></span> <span class='ocrx_word' id='word_1_824' title='bbox 2010 4924 2167 4996; x_wconf 90' lang='lat' dir='ltr'>quod</span> <span class='ocrx_word' id='word_1_825' title='bbox 2199 4923 2485 4978; x_wconf 89' lang='lat' dir='ltr'>Dominus</span> <span class='ocrx_word' id='word_1_826' title='bbox 2518 4924 2768 4977; x_wconf 91' lang='lat' dir='ltr'>minatur</span> <span class='ocrx_word' id='word_1_827' title='bbox 2812 4922 2863 4976; x_wconf 90' lang='lat' dir='ltr'>ei</span> <span class='ocrx_word' id='word_1_828' title='bbox 2913 4937 3020 4991; x_wconf 85' lang='lat' dir='ltr'>per</span> <span class='ocrx_word' id='word_1_829' title='bbox 3048 4936 3225 4992; x_wconf 88' lang='lat' dir='ltr'>quem</span> <span class='ocrx_word' id='word_1_830' title='bbox 3253 4920 3598 4975; x_wconf 90' lang='lat' dir='ltr'>scandalum</span> 
     </span>
    </p>
   </div>
   <div class='ocr_carea' id='block_1_111' title="bbox 1944 5010 3598 5080">
    <p class='ocr_par' dir='ltr' id='par_1_111' title="bbox 1944 5010 3598 5080">
     <span class='ocr_line' id='line_1_112' title="bbox 1944 5010 3598 5080; baseline -0.001 -14"><span class='ocrx_word' id='word_1_831' title='bbox 1944 5036 1965 5061; x_wconf 72' lang='grc' dir='ltr'>α</span> <span class='ocrx_word' id='word_1_832' title='bbox 2011 5013 2188 5068; x_wconf 90' lang='lat' dir='ltr'>venit.</span> <span class='ocrx_word' id='word_1_833' title='bbox 2210 5013 2334 5067; x_wconf 91' lang='lat' dir='ltr'>Nec</span> <span class='ocrx_word' id='word_1_834' title='bbox 2364 5012 2672 5080; x_wconf 90' lang='lat' dir='ltr'>immerito,</span> <span class='ocrx_word' id='word_1_835' title='bbox 2697 5015 2925 5074; x_wconf 87' lang='lat' dir='ltr'>utreor,</span> <span class='ocrx_word' id='word_1_836' title='bbox 2952 5010 3104 5063; x_wconf 89' lang='lat' dir='ltr'>inter</span> <span class='ocrx_word' id='word_1_837' title='bbox 3122 5011 3412 5080; x_wconf 75' lang='lat' dir='ltr'>martyres</span> <span class='ocrx_word' id='word_1_838' title='bbox 3441 5025 3598 5065; x_wconf 88' lang='lat' dir='ltr'>com-</span> 
     </span>
    </p>
   </div>
   <div class='ocr_carea' id='block_1_112' title="bbox 1945 5099 3599 5173">
    <p class='ocr_par' dir='ltr' id='par_1_112' title="bbox 1945 5099 3599 5173">
     <span class='ocr_line' id='line_1_113' title="bbox 1945 5099 3599 5173; baseline 0.001 -20"><span class='ocrx_word' id='word_1_839' title='bbox 1945 5123 1967 5153; x_wconf 73' lang='grc' dir='ltr'><strong><em>ι</em></strong></span> <span class='ocrx_word' id='word_1_840' title='bbox 2009 5105 2264 5173; x_wconf 89' lang='lat' dir='ltr'>putatur,</span> <span class='ocrx_word' id='word_1_841' title='bbox 2315 5102 2416 5171; x_wconf 90' lang='lat' dir='ltr'>qui</span> <span class='ocrx_word' id='word_1_842' title='bbox 2475 5116 2579 5170; x_wconf 88' lang='lat' dir='ltr'>pro</span> <span class='ocrx_word' id='word_1_843' title='bbox 2626 5103 2783 5153; x_wconf 88' lang='lat' dir='ltr'>tanta</span> <span class='ocrx_word' id='word_1_844' title='bbox 2822 5099 3054 5170; x_wconf 86' lang='lat' dir='ltr'>justitia</span> <span class='ocrx_word' id='word_1_845' title='bbox 3105 5102 3353 5154; x_wconf 89' lang='lat' dir='ltr'>mortem</span> <span class='ocrx_word' id='word_1_846' title='bbox 3386 5102 3599 5170; x_wconf 89' lang='lat' dir='ltr'>sponte</span> 
     </span>
    </p>
   </div>
   <div class='ocr_carea' id='block_1_113' title="bbox 1945 5188 3599 5259">
    <p class='ocr_par' dir='ltr' id='par_1_113' title="bbox 1945 5188 3599 5259">
     <span class='ocr_line' id='line_1_114' title="bbox 1945 5188 3599 5259; baseline 0.001 -18"><span class='ocrx_word' id='word_1_847' title='bbox 1945 5213 1968 5241; x_wconf 72' lang='grc' dir='ltr'><strong>α</strong></span> <span class='ocrx_word' id='word_1_848' title='bbox 2012 5190 2374 5245; x_wconf 89' lang='lat' dir='ltr'>sustinuisse</span> <span class='ocrx_word' id='word_1_849' title='bbox 2404 5190 2693 5243; x_wconf 87' lang='lat' dir='ltr'>veraciter</span> <span class='ocrx_word' id='word_1_850' title='bbox 2719 5188 3097 5259; x_wconf 83' lang='lat' dir='ltr'>praedicatur.</span> <span class='ocrx_word' id='word_1_851' title='bbox 3124 5188 3274 5242; x_wconf 88' lang='lat' dir='ltr'>Nam</span> <span class='ocrx_word' id='word_1_852' title='bbox 3302 5191 3360 5243; x_wconf 92' lang='lat' dir='ltr'>et</span> <span class='ocrx_word' id='word_1_853' title='bbox 3386 5188 3599 5244; x_wconf 86' lang='lat' dir='ltr'>beatus</span> 
     </span>
    </p>
   </div>
   <div class='ocr_carea' id='block_1_114' title="bbox 1945 5278 3600 5352">
    <p class='ocr_par' dir='ltr' id='par_1_114' title="bbox 1945 5278 3600 5352">
     <span class='ocr_line' id='line_1_115' title="bbox 1945 5278 3600 5352; baseline 0.001 -21"><span class='ocrx_word' id='word_1_854' title='bbox 1945 5302 1967 5331; x_wconf 71' lang='grc' dir='ltr'><strong>α</strong></span> <span class='ocrx_word' id='word_1_855' title='bbox 2012 5281 2273 5335; x_wconf 84' lang='lat' dir='ltr'>Joannes</span> <span class='ocrx_word' id='word_1_856' title='bbox 2306 5279 2591 5348; x_wconf 88' lang='lat' dir='ltr'>Baptista,</span> <span class='ocrx_word' id='word_1_857' title='bbox 2622 5280 2723 5349; x_wconf 92' lang='lat' dir='ltr'>qui</span> <span class='ocrx_word' id='word_1_858' title='bbox 2757 5278 3094 5348; x_wconf 69' lang='lat' dir='ltr'>prmcipuus</span> <span class='ocrx_word' id='word_1_859' title='bbox 3118 5280 3335 5350; x_wconf 86' lang='lat' dir='ltr'>martyr</span> <span class='ocrx_word' id='word_1_860' title='bbox 3355 5281 3412 5333; x_wconf 91' lang='lat' dir='ltr'>et</span> <span class='ocrx_word' id='word_1_861' title='bbox 3429 5293 3600 5352; x_wconf 86' lang='lat' dir='ltr'>vene-</span> 
     </span>
    </p>
   </div>
   <div class='ocr_carea' id='block_1_115' title="bbox 1946 5357 3599 5439">
    <p class='ocr_par' dir='ltr' id='par_1_115' title="bbox 1946 5357 3599 5439">
     <span class='ocr_line' id='line_1_116' title="bbox 1946 5357 3599 5439; baseline 0.001 -19"><span class='ocrx_word' id='word_1_862' title='bbox 1946 5390 1967 5420; x_wconf 79' lang='grc'><strong>«</strong></span> <span class='ocrx_word' id='word_1_863' title='bbox 2010 5357 2175 5423; x_wconf 83' lang='lat' dir='ltr'>ratur</span> <span class='ocrx_word' id='word_1_864' title='bbox 2222 5372 2278 5421; x_wconf 91' lang='lat' dir='ltr'>et</span> <span class='ocrx_word' id='word_1_865' title='bbox 2307 5366 2564 5422; x_wconf 89' lang='lat' dir='ltr'>creditur</span> <span class='ocrx_word' id='word_1_866' title='bbox 2593 5383 2626 5420; x_wconf 89' lang='lat' dir='ltr'>a</span> <span class='ocrx_word' id='word_1_867' title='bbox 2679 5369 2800 5422; x_wconf 88' lang='lat' dir='ltr'>tota</span> <span class='ocrx_word' id='word_1_868' title='bbox 2830 5367 2935 5421; x_wconf 89' lang='lat' dir='ltr'>Dei</span> <span class='ocrx_word' id='word_1_869' title='bbox 2974 5367 3262 5438; x_wconf 87' lang='lat' dir='ltr'>Ecclesia,</span> <span class='ocrx_word' id='word_1_870' title='bbox 3315 5383 3433 5423; x_wconf 90' lang='lat' dir='ltr'>non</span> <span class='ocrx_word' id='word_1_871' title='bbox 3461 5368 3599 5439; x_wconf 90' lang='lat' dir='ltr'>quia</span> 
     </span>
    </p>
   </div>
   <div class='ocr_carea' id='block_1_116' title="bbox 1948 5455 3597 5526">
    <p class='ocr_par' dir='ltr' id='par_1_116' title="bbox 1948 5455 3597 5526">
     <span class='ocr_line' id='line_1_117' title="bbox 1948 5455 3597 5526; baseline 0.002 -21"><span class='ocrx_word' id='word_1_872' title='bbox 1948 5481 1968 5505; x_wconf 75' lang='grc' dir='ltr'>ι(</span> <span class='ocrx_word' id='word_1_873' title='bbox 2012 5456 2311 5511; x_wconf 89' lang='lat' dir='ltr'>Christum</span> <span class='ocrx_word' id='word_1_874' title='bbox 2342 5458 2604 5526; x_wconf 88' lang='lat' dir='ltr'>negaret,</span> <span class='ocrx_word' id='word_1_875' title='bbox 2638 5456 2745 5509; x_wconf 91' lang='lat' dir='ltr'>sed</span> <span class='ocrx_word' id='word_1_876' title='bbox 2776 5455 2913 5525; x_wconf 91' lang='lat' dir='ltr'>quia</span> <span class='ocrx_word' id='word_1_877' title='bbox 2933 5456 3241 5510; x_wconf 90' lang='lat' dir='ltr'>veritatem</span> <span class='ocrx_word' id='word_1_878' title='bbox 3264 5458 3464 5510; x_wconf 88' lang='lat' dir='ltr'>tacere</span> <span class='ocrx_word' id='word_1_879' title='bbox 3496 5470 3597 5509; x_wconf 90' lang='lat' dir='ltr'>no-</span> 
     </span>
    </p>
   </div>
   <div class='ocr_carea' id='block_1_117' title="bbox 1948 5544 3597 5615">
    <p class='ocr_par' dir='ltr' id='par_1_117' title="bbox 1948 5544 3597 5615">
     <span class='ocr_line' id='line_1_118' title="bbox 1948 5544 3597 5615; baseline -0.002 -16"><span class='ocrx_word' id='word_1_880' title='bbox 1948 5569 1969 5592; x_wconf 82' lang='grc' dir='ltr'>α</span> <span class='ocrx_word' id='word_1_881' title='bbox 2012 5546 2135 5615; x_wconf 90' lang='lat' dir='ltr'>luit,</span> <span class='ocrx_word' id='word_1_882' title='bbox 2192 5545 2431 5600; x_wconf 91' lang='lat' dir='ltr'>occisus</span> <span class='ocrx_word' id='word_1_883' title='bbox 2481 5546 2589 5598; x_wconf 89' lang='lat' dir='ltr'>est.</span> <span class='ocrx_word' id='word_1_884' title='bbox 2638 5544 2708 5599; x_wconf 86' lang='lat' dir='ltr'>Et</span> <span class='ocrx_word' id='word_1_885' title='bbox 2748 5544 2889 5615; x_wconf 90' lang='lat' dir='ltr'>quid</span> <span class='ocrx_word' id='word_1_886' title='bbox 2918 5546 3094 5600; x_wconf 79' lang='lat' dir='ltr'>distat</span> <span class='ocrx_word' id='word_1_887' title='bbox 3132 5546 3287 5600; x_wconf 88' lang='lat' dir='ltr'>inter</span> <span class='ocrx_word' id='word_1_888' title='bbox 3316 5545 3463 5599; x_wconf 91' lang='lat' dir='ltr'>mori</span> <span class='ocrx_word' id='word_1_889' title='bbox 3492 5558 3597 5612; x_wconf 88' lang='lat' dir='ltr'>pro</span> 
     </span>
    </p>
   </div>
   <div class='ocr_carea' id='block_1_118' title="bbox 1944 5632 3596 5706">
    <p class='ocr_par' dir='ltr' id='par_1_118' title="bbox 1944 5632 3596 5706">
     <span class='ocr_line' id='line_1_119' title="bbox 1944 5632 3596 5706; baseline -0.005 -15"><span class='ocrx_word' id='word_1_890' title='bbox 1944 5658 1964 5682; x_wconf 83' lang='grc' dir='ltr'>α</span> <span class='ocrx_word' id='word_1_891' title='bbox 2004 5634 2255 5706; x_wconf 87' lang='lat' dir='ltr'>justitia,</span> <span class='ocrx_word' id='word_1_892' title='bbox 2312 5636 2369 5688; x_wconf 90' lang='lat' dir='ltr'>et</span> <span class='ocrx_word' id='word_1_893' title='bbox 2411 5632 2558 5688; x_wconf 90' lang='lat' dir='ltr'>mori</span> <span class='ocrx_word' id='word_1_894' title='bbox 2599 5648 2704 5704; x_wconf 92' lang='lat' dir='ltr'>pro</span> <span class='ocrx_word' id='word_1_895' title='bbox 2754 5635 3043 5691; x_wconf 74' lang='lat' dir='ltr'>veritate?</span> <span class='ocrx_word' id='word_1_896' title='bbox 3105 5633 3398 5705; x_wconf 90' lang='lat' dir='ltr'>Amplius,</span> <span class='ocrx_word' id='word_1_897' title='bbox 3441 5646 3596 5700; x_wconf 89' lang='lat' dir='ltr'>cum,</span> 
     </span>
    </p>
   </div>
  </div>
