3978 6178
148 341 250 405 377

1434 331 1639 401 VITA
1683 339 1749 401 S.
1798 326 2195 401 ELPHEGI.

3421 334 3541 405 378

149 537 404 595 desideria
448 539 833 610 propriasque
878 538 1211 593 voluntates
1264 536 1440 609 coepit
1469 537 1715 611 abigere
1741 579 1754 605 ,
1797 521 1845 583 Α
1870 539 1979 607 tes,
2015 541 2071 595 et
2100 539 2499 610 paenitentiam
2531 543 2798 613 agentes,
2831 542 3009 597 vitam
3039 542 3100 597 in
3130 541 3345 597 melius
3377 555 3534 596 com-

145 632 450 683 cunctorum
481 627 782 682 famulatui
812 626 1149 698 subjacere,
1186 628 1446 682 omnium
1492 642 1558 680 se
1589 627 1761 699 quasi

145 716 399 789 quoddam
419 717 867 771 instrumentum
891 717 1197 786 exhibere,
1221 716 1408 771 Deum
1424 714 1758 788 infatigabi-

142 808 249 860 liter
272 806 527 876 diligere,
556 804 806 876 jejuniis
836 808 891 859 et
923 805 1145 876 vigiliis
1177 805 1495 860 vacare.Et
1522 805 1759 876 quidem

144 895 553 966 quibuscunque
585 894 771 964 potuit
798 894 1021 948 studuit
1049 893 1372 964 prodesse:
1408 894 1627 965 quibus
1658 909 1757 948 au-

144 988 234 1037 tem
257 982 533 1052 prodesse
552 999 670 1036 non
688 983 891 1052 potuit,
909 984 1115 1038 saltem
1136 999 1253 1037 non
1272 984 1489 1037 obesse
1513 986 1758 1038 conatus

145 1071 571 1126 est.'l‘ransactis
591 1074 785 1126 autem
808 1072 866 1125 in
888 1072 1211 1125 monastica
1231 1072 1521 1143 religione
1540 1072 1761 1143 aliquot

145 1161 299 1226 annis,
328 1175 457 1213 cum
480 1160 714 1214 videret
734 1164 966 1230 tempus
991 1159 1407 1215 adolescentiae
1427 1162 1758 1231 praeterire,

139 1248 367 1302 arctioris
394 1248 535 1303 vitae
554 1250 830 1304 semitam
846 1250 1128 1319 arripere,
1164 1248 1589 1320 singulareque
1629 1266 1762 1304 cum

140 1340 335 1408 antiquo
366 1337 536 1392 hoste
570 1341 872 1393 certamen
900 1338 1050 1392 inire
1101 1338 1419 1393 contendit.
1460 1338 1761 1410 Egressus

136 1425 292 1495 itaque
320 1426 388 1480 de
417 1426 808 1495 monasterio,
841 1425 1108 1496 pervenit
1138 1426 1210 1480 ad
1240 1425 1434 1481 locum
1479 1426 1762 1481 Bathonia

137 1514 203 1581 (id
227 1521 304 1567 est
332 1512 644 1583 Balneum)
674 1519 945 1569 vocatum
973 1513 1072 1585 (2),
1125 1514 1226 1568 ubi
1273 1530 1424 1586 aqua
1471 1515 1658 1569 calida
1691 1515 1762 1569 de

135 1606 256 1655 terra
298 1617 651 1675 emergens,
698 1603 1042 1658 balnearum
1087 1619 1264 1657 usum
1304 1620 1412 1674 pro
1465 1605 1761 1659 voluntate

136 1688 453 1760 praestatJbi
487 1692 896 1746 habitaculum
929 1696 1307 1761 construens,
1336 1709 1402 1747 se
1432 1692 1763 1761 inclusit,et

136 1780 293 1850 rigore
309 1778 646 1835 ineredibili
665 1796 852 1851 copus
874 1797 1047 1835 suum
1065 1780 1317 1852 jejuniis
1336 1785 1392 1836 et
1410 1780 1765 1860 abstinentia

134 1867 321 1961 afﬂixit.
349 1865 746 1961 Confluebant
774 1870 847 1923 ad
879 1886 1012 1961 eum
1044 1870 1102 1923 in
1132 1870 1303 1961 brevi
1350 1870 1582 1925 nobiles
1629 1870 1762 1941 qui-
1788 1898 1840 1961 Β

133 1970 250 2025 quc,
302 1958 543 2012 Silarum
591 1957 841 2014 vulnera
888 1958 1216 2012 animarum
1272 1958 1655 2029 detegentes,
1709 1962 1766 2013 et

134 2045 400 2100 consilium
434 2047 655 2102 salutis
678 2047 752 2102 ab
782 2062 852 2101 eo
884 2048 1511 2118 perquirentes.Unde
1544 2046 1762 2101 factum

136 2134 283 2187 estut
309 2149 419 2189 non
450 2150 643 2205 parva
670 2136 1095 2190 monachorum
1127 2136 1298 2190 turba
1331 2136 1479 2190 intra
1527 2139 1761 2206 tempus

136 2221 380 2295 exiguum
411 2223 639 2279 ibidem
672 2226 1033 2297 congregata
1065 2223 1160 2278 sit.

186 2323 229 2383 2.
256 2327 400 2385 Suos
427 2331 505 2385 ad
524 2328 902 2402 perfectiora
932 2330 1307 2386 adhortatur.
1359 2361 1429 2371 —
1477 2331 1765 2402 Culpabat

132 2420 288 2472 autem
315 2434 430 2473 non
460 2419 701 2474 modice
730 2419 822 2473 vir
853 2423 1098 2474 sanctus
1130 2420 1263 2475 illos
1295 2420 1394 2491 qui
1412 2420 1762 2475 saecularem

134 2504 356 2561 habitum
384 2510 706 2577 mutarent,
731 2510 786 2562 et
807 2509 986 2563 vitam
1002 2524 1120 2562 non
1141 2512 1450 2564 mutarent.
1470 2531 1492 2557 α
1524 2510 1759 2577 Annon,

132 2591 303 2665 inquit,
332 2595 632 2651 mendacii
654 2597 756 2651 tibi
787 2598 1001 2668 plenus
1031 2597 1280 2668 videtur,
1313 2598 1414 2669 qui
1443 2598 1599 2669 quod
1646 2614 1763 2653 non

134 2687 349 2739 estesse
379 2701 445 2741 se
495 2689 779 2753 ostentat,
813 2686 950 2740 dum
976 2686 1137 2741 aliud
1188 2686 1424 2741 simulat
1463 2687 1523 2740 in
1572 2690 1759 2755 veste,

134 2769 257 2825 aliud
287 2779 476 2845 gestat
506 2776 576 2830 in
607 2775 833 2829 corde?
874 2773 1150 2829 Sanctius
1199 2777 1291 2830 est
1337 2775 1494 2829 enim
1536 2778 1764 2829 vestem

133 2875 227 2915 non
243 2865 475 2933 mutare,
511 2879 697 2936 quam
718 2864 831 2917 sub
850 2868 1018 2918 veste
1036 2863 1212 2917 vitam
1225 2863 1552 2936 negligere.
1574 2885 1594 2912 ιι
1617 2864 1763 2919 Cum

135 2953 290 3004 autem
317 2953 692 3023 amplissima
733 2952 1042 3007 mansione
1087 2952 1370 3023 perfecta,
1425 2952 1763 3007 sobrietatis

135 3036 291 3110 legem
309 3036 624 3112 discipulis
642 3040 976 3111 indixisset,
994 3043 1167 3111 atque
1182 3041 1451 3096 carnales
1469 3041 1764 3111 appetitus

135 3122 390 3184 refrenare
421 3129 755 3199 docuisset,
788 3129 919 3201 ipse
949 3129 1010 3184 in
1041 3132 1295 3201 augusta
1325 3129 1678 3185 domuncula
1696 3146 1763 3185 se

136 3214 369 3288 inclusit;
399 3234 675 3273 summas
709 3221 904 3274 tamen
937 3234 1151 3273 causas
1184 3221 1241 3272 et
1261 3220 1498 3291 negotia
1528 3219 1601 3273 ad
1630 3234 1763 3274 eum

134 3302 312 3361 fratres
349 3308 713 3364 referebant.
746 3306 1021 3379 Plerique
1070 3307 1293 3362 interea
1342 3308 1765 3363 monachorum

136 3391 241 3448 ﬁdei
267 3398 317 3450 et
336 3397 738 3468 professionis
765 3396 1163 3465 immemores,
1182 3397 1393 3451 laxatis
1416 3397 1763 3452 obedientim

138 3479 304 3553 frenis,
336 3486 550 3540 mediis
582 3485 859 3540 noctibus
885 3485 1137 3539 furtivos
1166 3486 1334 3540 cibos
1354 3486 1549 3555 edere,
1574 3486 1765 3540 ebrie-

132 3570 212 3623 tati
235 3588 460 3642 operam
489 3575 657 3643 dare,
691 3574 996 3638 lascivire;
1033 3577 1085 3626 et
1116 3590 1372 3644 prorsus
1407 3590 1539 3646 quas
1586 3574 1766 3629 inho-

134 3663 269 3714 nesta
294 3668 446 3732 sunt,
481 3666 770 3735 quantum
794 3662 985 3716 latens
1003 3662 1249 3716 audacia
1266 3663 1518 3731 sinebat,
1537 3664 1767 3731 cperari

134 3757 413 3818 coeperunt.
431 3753 500 3807 In
524 3751 982 3822 cujusisceleris
1006 3752 1314 3821 capitalem
1340 3752 1427 3805 ira
1444 3750 1545 3806 Dei
1571 3752 1768 3806 desae-

138 3835 495 3907 vitpariteret
543 3841 775 3895 occidit.
800 3839 987 3895 Nocte
1021 3856 1161 3894 vero
1197 3839 1464 3911 quadam,
1500 3839 1766 3912 Elphego

138 3938 268 3981 more
278 3918 441 3985 solito
455 3945 669 3986 sacras
692 3929 977 3985 excubias
999 3929 1271 3994 faciente,
1289 3943 1471 3982 voces
1488 3931 1544 3982 et
1556 3929 1767 3999 strepi-

137 4014 212 4067 tus
220 4013 353 4072 intra
364 4014 791 4074 monasterium
806 4016 1360 4090 audivit.Egressus
1373 4020 1566 4072 autem
1580 4017 1764 4088 foras,

139 4098 338 4160 fratrem
365 4108 686 4180 quemdam
712 4107 932 4162 misere
960 4106 1244 4160 afﬂictum
1278 4109 1335 4160 et
1360 4104 1659 4177 jacentem
1691 4106 1771 4159 vi-

140 4188 217 4261 dit,
253 4211 421 4267 super
462 4212 643 4268 quem
660 4196 939 4251 horrendi
971 4196 1249 4264 aspectus
1281 4197 1336 4249 et
1365 4193 1767 4248 sordidissimi

140 4282 349 4339 amictus
380 4278 656 4340 homines
687 4282 941 4353 stabant,
992 4283 1093 4354 qui
1135 4283 1357 4337 taureis
1397 4299 1532 4338 eum
1581 4286 1757 4354 atque

140 4366 306 4440 ignitis
321 4374 703 4446 serpentibus
725 4372 1117 4446 ﬂagellabant.
1134 4370 1204 4443 Ej
1214 4371 1406 4426 ulante
1425 4374 1617 4426 autem
1630 4371 1749 4439 illo,

142 4460 184 4509 et
206 4476 309 4528 prae
330 4463 518 4519 dolori
542 4464 816 4535 augustia
838 4462 1000 4517 diros
1022 4461 1281 4515 ululatus
1308 4461 1628 4530 emittente,
1644 4464 1768 4515 tor-

139 4545 266 4603 tores
293 4551 369 4606 illi
399 4552 538 4607 talia
570 4550 1021 4622 improperando
1053 4548 1358 4618 dixerunt;
1382 4548 1508 4604 Nec
1537 4552 1599 4603 tu
1630 4549 1765 4604 obe-

143 4633 253 4691 disti
276 4639 408 4713 Deo,
443 4657 554 4696 nec
584 4656 695 4695 nos
724 4640 852 4695 tibi.
869 4638 939 4694 Et
959 4639 1090 4694 haec
1112 4638 1401 4708 dicentes,
1423 4638 1671 4692 animam
1692 4637 1763 4693 de

142 4737 350 4796 corpore
379 4733 795 4786 excusserunt.
812 4727 978 4794 Quod
1003 4728 1214 4783 videns
1232 4730 1498 4794 sanctus,
1519 4730 1677 4782 totus
1706 4727 1766 4781 in

144 4809 390 4886 lacrymas
404 4820 731 4887 resolutus,
755 4818 927 4873 rediit
948 4817 1019 4872 ad
1041 4816 1247 4871 cellam
1278 4832 1468 4871 suam.
1487 4815 1765 4870 Videntes

147 4905 301 4959 autem
329 4906 541 4963 fratres
570 4922 703 4978 quas
735 4908 905 4980 gesta
937 4909 1377 4976 sunt,errorem
1391 4920 1566 4960 suum
1580 4903 1763 4958 faten-

147 5128 170 5164 ι
193 5122 368 5192 sancto
392 5118 671 5176 Eduardo
702 5134 845 5192 rege
874 5120 1231 5192 reparatum,
1248 5118 1617 5192 etdonatum
1635 5132 1763 5192 r_no-

150 5187 315 5264 nachis
342 5190 539 5264 Sancti
564 5187 840 5264 Dionysii
869 5187 1240 5264 ing—Francia,
1263 5188 1567 5264 Elphegus
1595 5187 1764 5264 ejus:

149 5254 250 5332 dera
276 5262 518 5318 ccenobii
551 5254 864 5332 professus
883 5260 1095 5316 dicitur
1112 5261 1170 5314 in
1192 5254 1393 5316 charta
1426 5254 1663 5314 Henric'i
1688 5254 1762 5313 VI

150 5330 572 5405 regis,_MonastZ
604 5333 841 5405 Anglic.
872 5336 1030 5405 tonio
1064 5332 1104 5387 ῐ.

203 5401 593 5470 (2)(ὶὶαειοηὶω
622 5400 880 5475 ρνὶὃνθω
924 5402 1137 5469 fuisse,
1188 5402 1538 5475 priusquam
1574 5400 1761 5475 abbas

152 5465 296 5549 ﬁeret,
321 5476 585 5549 scribunt
610 5465 875 5549 plerique
904 5465 1292 5549 recentiores,
1322 5465 1629 5549 quodcum
1661 5474 1761 5549 ad-

152 5545 333 5599 mittere
361 5545 652 5602 noluerint
682 5545 1043 5601 Bollandiani
1086 5562 1158 5601 ex
1207 5546 1549 5599 auctoritate
1594 5545 1755 5599 Anti-

152 5613 383 5677 quitatum
400 5617 891 5682 Britannicarum,
910 5617 967 5670 id
990 5633 1063 5671 ex
1082 5615 1340 5671 Historia
1359 5616 1759 5671 Glastoniensi

152 5694 254 5769 (ipse
276 5686 699 5769 habetuxltomo
712 5688 1065 5769 lgionastici
1086 5688 1397 5769 anglicani
1413 5687 1637 5769 ‘probat
1656 5704 1757 5742 au-

156 5755 252 5808 ctor
265 5760 474 5831 Anglia
495 5762 696 5815 Sacrae
727 5759 868 5815 Tem
901 5758 971 5814 II.
995 5755 1301 5815 Bathoniae
1334 5755 1527 5815 autem
1551 5774 1754 5815 mona-

1785 3255 1839 3318 α

1776 4586 1838 4674 b

1870 630 2186 683 mutarunt.

1942 714 1995 769 3.
2026 716 2130 769 Fit
2162 719 2469 789 episcOpus
2512 718 2967 774 W'intoniensis.
2990 749 3061 758 —
3081 719 3310 774 Mortuo
3343 721 3536 774 autem

1876 804 2273 860 \Nintoniensi
2324 808 2603 878 episcopo
2653 808 3043 877 Ethelwoldo,
3090 808 3241 862 facta
3281 813 3372 863 est
3419 823 3537 861 non

1882 893 2111 948 modica
2142 896 2432 950 contentio
2463 914 2570 968 pro
2600 898 2897 967 pontificis
2928 898 3213 961 electione
3245 897 3397 952 inter
3420 912 3543 951 mo-

1878 983 2103 1036 nachos
2133 988 2188 1037 et
2212 985 2482 1040 clericos.
2499 985 2800 1057 Siquidem
2821 986 3021 1041 clerici
3043 986 3313 1057 ejusdem
3333 985 3535 1040 Eccle-

1873 1072 1981 1125 sia:
2005 1072 2526 1128 sceleratissimam
2540 1076 2716 1128 vitam
2736 1078 3003 1146 agentes,
3022 1080 3226 1130 contra
3249 1090 3536 1129 canonum

1872 1162 2086 1214 statuta
2117 1177 2222 1231 per
2252 1163 2443 1216 omnia
2472 1164 2769 1233 viventes,
2788 1180 2920 1217 cum
2945 1182 2975 1219 a
3001 1163 3248 1234 praefato
3279 1164 3536 1218 antistite

1870 1248 2093 1317 saepius
2125 1250 2379 1320 correpti
2410 1268 2628 1321 pravos
2681 1268 2879 1306 mores
2932 1252 3234 1324 corrigere
3283 1252 3532 1322 nollent,

1870 1336 1986 1391 imo
2002 1354 2133 1409 quae
2145 1355 2324 1408 prave
2338 1342 2658 1411 gesserant
2680 1342 2963 1410 pertinaci
2992 1341 3206 1411 spiritu
3219 1340 3535 1395 defendere

1872 1426 2109 1496 vellent,
2142 1427 2327 1498 regali
2361 1430 2668 1484 sanctione
2699 1430 3003 1484 decretum
3031 1429 3140 1484 fuit
3169 1445 3275 1484 eos
3299 1428 3533 1499 expelli,

1872 1518 1929 1569 et
1956 1515 2125 1579 alios,
2162 1517 2260 1587 qui
2293 1516 2603 1588 digniores
2632 1522 3076 1588 essent,eorum
3093 1519 3223 1572 vice
3248 1516 3415 1589 fungi
3437 1517 3537 1573 de—

1871 1604 2031 1658 bere.
2065 1604 2267 1676 Itaque
2300 1606 2535 1660 clericis
2556 1607 2617 1660 in
2639 1607 3048 1661 exterminium
3071 1608 3534 1677 datis,timentes

1874 1692 2184 1746 Dominum
2212 1695 2486 1748 monachi
2515 1696 3025 1751 admittuntur.Ex
3056 1713 3171 1767 quo
3198 1696 3418 1751 factum
3440 1697 3533 1750 est

1870 1786 1934 1835 ut
1960 1781 2019 1835 in
2051 1782 2339 1837 electione
2372 1783 2637 1854 episcopi
2669 1784 2872 1838 clerici
2903 1785 3206 1853 clericum,
3259 1785 3535 1840 monachi

1873 1870 2488 1943 monachum,utrique
2510 1888 2637 1928 suae
2651 1873 2968 1928 voluntatis
2988 1874 3277 1929 fautorem
3297 1873 3533 1942 vellent,

1870 1958 2037 2023 Quod
2066 1960 2278 2015 videns
2312 1967 2556 2016 sanctus
2591 1962 2954 2033 Dunstanus,
2985 1964 3058 2017 ad
3082 1964 3364 2018 orationis
3386 1962 3539 2017 refu-

1872 2051 2036 2123 gium
2067 2067 2133 2106 se
2165 2050 2429 2120 contulit,
2464 2051 2669 2122 Deum,
2697 2052 2791 2106 cui
2818 2053 3152 2108 futurorum
3171 2051 3419 2107 scientia
3435 2067 3538 2122 pa-

1872 2143 1973 2210 tet,
2010 2140 2358 2211 suppliciter
2379 2156 2623 2212 rogans,
2657 2145 2951 2213 quatenus
2974 2141 3320 2214 dignaretur
3343 2144 3541 2196 osten-

1872 2228 2012 2285 dere
2043 2229 2144 2301 qui
2169 2230 2450 2301 regendae
2481 2230 2754 2285 ecclesiae
2785 2228 3035 2285 idoneus
3067 2230 3237 2285 foret.
3272 2227 3538 2300 Cumque

1871 2333 2083 2390 preces
2114 2317 2322 2372 devote
2354 2318 2791 2389 multiplicaret,
2824 2318 3096 2389 apparuit
3116 2318 3166 2372 ei
3190 2317 3402 2371 beatus
3419 2316 3536 2370 An-

1873 2408 2049 2462 dreas
2079 2407 2408 2477 apostolus,
2442 2407 2545 2461 tali
2591 2406 2831 2461 oraculo
2876 2421 3063 2461 usus:
3111 2404 3279 2479 Quid,
3324 2403 3533 2475 inquit,

1874 2496 2248 2566 charissime,
2265 2495 2677 2551 contristaris?
2698 2495 2838 2566 quid
2857 2494 3274 2566 tamlugubres
3287 2494 3537 2565 questus

1869 2584 2250 2655 lacrymando
2282 2582 2621 2655 depromisl
2656 2584 2870 2657 Surge,
2921 2586 2978 2639 et
3021 2582 3289 2654 Elphego
3338 2581 3537 2636 abbati

1870 2689 2106 2729 manum
2134 2677 2389 2744 impone,
2418 2677 2476 2729 et
2514 2673 2861 2745 episcopum
2908 2670 3193 2727 desolatas
3248 2669 3537 2726 Ecclesiae

1873 2763 2187 2819 constitue.
2235 2762 2362 2818 Nec
2404 2764 2459 2819 te
2508 2764 2838 2835 aliquorum
2887 2762 3144 2833 potentia
3191 2759 3538 2832 prohibeat,

1873 2853 2148 2925 quoniam
2180 2868 2296 2906 non
2328 2851 2400 2907 ab
2424 2851 2682 2919 homine,
2700 2852 2807 2908 sed
2829 2869 2859 2906 a
2878 2851 3021 2920 Deo,
3037 2846 3167 2905 haec
3185 2849 3257 2904 de
3284 2849 3381 2903 illo
3404 2862 3541 2903 sen-

1870 2942 2050 2997 tentia
2078 2941 2395 3011 processit.
2427 2941 2519 2997 Ne
2550 2944 2745 2996 autem
2762 2941 2833 2996 de
2856 2956 2951 2995 me
2973 2944 3029 2994 te
3056 2937 3375 2994 sollicitum
3396 2937 3540 2992 red-

1876 3030 2028 3099 dam,
2062 3046 2175 3101 ego
2209 3046 2342 3084 sum
2371 3029 2664 3085 Andreas.
2696 3030 2830 3084 Filii
2880 3028 2985 3084 Dei
3017 3026 3354 3098 apostolus;
3388 3027 3539 3080 tuaa-

1873 3135 1988 3191 que
2001 3119 2210 3173 salutis
2231 3118 2755 3187 diligentissimum
2776 3115 3084 3171 custodem
3097 3130 3189 3169 me
3203 3129 3343 3168 esse
3367 3128 3540 3168 nove-

1873 3207 1980 3262 ris.
2011 3231 2032 3255 ››
2063 3206 2281 3277 Sicque
2313 3206 2614 3261 relevatus
2655 3206 3019 3261 Dunstanus.
3072 3202 3424 3274 Elphegum,
3477 3203 3542 3256 ut

1867 3296 2088 3367 jussus
2119 3296 2329 3365 fuerat,
2362 3294 2708 3365 episcOpum
2736 3291 3129 3360 consecravit,
3165 3288 3309 3346 etad
3336 3289 3538 3345 sedem

1879 3401 2047 3439 suam
2078 3400 2211 3439 cum
2242 3383 2465 3439 honore
2496 3383 2743 3437 remisit.

1949 3474 2001 3528 4.
2028 3471 2295 3528 Virtutes
2308 3473 2369 3527 in
2392 3472 2747 3544 episcopatu.
2764 3469 3056 3525 Ecclesiae
3072 3468 3541 3540 thesaurospau-

1873 3560 2125 3635 poribus
2139 3561 2472 3617 distribuit.
2487 3592 2555 3600 —
2567 3559 2874 3632 Elphegus
2896 3563 3088 3613 autem
3102 3558 3180 3612 ita
3199 3573 3266 3612 se
3280 3556 3542 3612 omnium

1877 3652 2144 3706 moribus
2176 3649 2582 3719 conformavit,
2616 3652 2679 3703 ut
2709 3653 2765 3704 et
2796 3647 3072 3703 omnibus
3103 3646 3322 3701 charus
3355 3648 3537 3713 esset,

1878 3744 1933 3795 et
1963 3740 2328 3811 nemo,quod
2357 3755 2557 3794 rarum
2576 3739 2836 3793 estinter
2856 3737 3147 3803 homines,
3176 3733 3311 3805 ejus
3334 3733 3542 3805 gloriae

1877 3828 2186 3883 invideret.
2221 3827 2477 3882 Summae
2509 3827 2566 3881 in
2597 3842 2805 3881 omnes
2838 3825 3059 3880 exstitit
3075 3821 3538 3890 misericordiae;

1876 3918 1937 3971 in
1968 3916 2233 3984 seipsum
2264 3931 2408 3969 vero
2440 3914 2656 3984 impius
2675 3914 2986 3968 videbatur
3005 3916 3062 3967 et
3082 3910 3342 3966 crudelis
3366 3909 3543 3980 (3).In

1875 4004 2129 4076 hyemali
2160 4004 2312 4057 enim
2344 4003 2570 4075 frigore
2598 4005 2655 4057 et
2684 4002 2897 4074 glacie,
2918 4017 3053 4055 cum
3085 4014 3333 4055 somnus
3365 4001 3538 4053 nocte

1877 4107 2082 4148 omnes
2115 4091 2594 4161 occuparet,ipse
2619 4090 2768 4144 clam
2800 4089 2976 4144 nudis
3008 4088 3429 4160 pedibus,sola
3447 4089 3544 4142 tu-

1876 4181 2009 4235 nica
2038 4179 2298 4247 indutus,
2317 4179 2388 4232 de
2410 4181 2562 4233 stato
2601 4193 2875 4251 surgere,
2894 4177 3059 4232 foras
3075 4178 3324 4245 exire,et
3348 4192 3543 4246 usque

1877 4269 1951 4323 ad
1980 4283 2251 4322 auroram
2286 4267 2649 4322 orationibus
2668 4282 2881 4320 vacare
2905 4265 3235 4319 consuevit.
3266 4262 3409 4317 Cum
3436 4280 3545 4317 au-

1874 4361 1991 4413 tem
2022 4371 2355 4428 pransurus
2374 4355 2447 4409 ad
2467 4371 2731 4410 mensam
2749 4356 3010 4423 intraret,
3030 4356 3148 4406 tam
3169 4367 3396 4406 vacuus
3419 4351 3543 4406 fere

1874 4463 1907 4501 a
1938 4459 2146 4501 mensa
2164 4444 2445 4514 surrexit,
2462 4458 2636 4515 quam
2662 4442 2937 4497 accessit.
2954 4441 3124 4497 Unde
3141 4455 3360 4511 corpus
3383 4439 3545 4494 illius

1873 4538 2033 4590 tanta
2063 4536 2422 4589 attenuatum
2463 4534 2556 4587 est
2603 4532 2809 4601 macie,
2862 4532 2926 4585 ut
2969 4546 3101 4585 cum
3148 4545 3358 4584 manus
3410 4544 3544 4582 cum

1879 4625 2250 4679 sacramento
2271 4624 2517 4675 tensans
2534 4621 2594 4673 in
2622 4619 2803 4674 altum
2822 4619 3175 4690 porrigeret,
3191 4618 3296 4688 per
3314 4615 3542 4672 medias

1875 4714 2201 4784 palmarum
2222 4709 2540 4781 juncturas
2571 4707 2810 4763 claritas
2841 4708 2997 4762 aeris
3030 4705 3290 4777 perspici
3306 4706 3533 4776 posset.

1876 4800 2045 4855 Omni
2077 4799 2284 4871 generi
2314 4796 2619 4853 hominum
2651 4811 2825 4850 suum
2871 4795 3045 4849 scivit
3101 4795 3544 4862 contemperare

1878 4904 2211 4944 sermonem
2245 4889 2301 4941 et
2328 4885 2607 4941 animum.
2641 4882 3387 4954 Nullumparochianorum
3407 4897 3546 4936 suo-

1884 4994 2014 5033 rum
2045 4974 2279 5047 publice
2308 4975 2644 5031 mendicare
2676 4973 2963 5044 permisit,
2995 4987 3104 5027 nec
3134 4970 3382 5025 alterius
3428 4969 3547 5025 loci

1878 5120 2123 5176 sterium
2154 5118 2311 5199 quod
2341 5117 2437 5173 hic
2468 5114 2775 5199 Elphegus
2826 5112 3125 5199 excitasse
3171 5112 3414 5199 dicitur,
3451 5111 3544 5194 di-

1874 5206 2118 5246 versum
2147 5182 2384 5244 videtur
2411 5205 2444 5242 a
2475 5182 2696 5242 celebri
2726 5184 3085 5239 monasterio
3118 5182 3543 5239 sanctimonia-

1872 5263 2015 5317 lium
2048 5260 2201 5333 quod
2222 5259 2444 5333 saeculo
2469 5274 2548 5333 vn
2566 5255 3080 5333 exstructumfuit,
3097 5270 3166 5309 ac
3183 5256 3388 5333 postea
3413 5269 3543 5308 ces-

1874 5333 1953 5387 sit
1983 5324 2286 5386 canonicis
2305 5326 2837 5398 saecularibus,ubi
2858 5325 2975 5398 sub
2999 5324 3234 5398 Edgaro
3261 5340 3413 5398 rege
3426 5340 3546 5379 mo-

1870 5404 2046 5458 nachi
2068 5400 2430 5457 Benedictini
2449 5396 2905 5471 degeban_t_.l\lisi
2924 5395 3156 5452 dicatur
3175 5395 3317 5471 illud
3337 5395 3370 5449 a
3398 5396 3541 5471 bar-

1869 5475 2031 5529 baris
2045 5472 2407 5528 destructum
2427 5485 2457 5524 a
2477 5466 2683 5524 sa'ncto
2698 5468 2965 5540 Elphego
2980 5468 3378 5524 restauratum
3396 5466 3540 5520 fuis-

1871 5562 1937 5600 se
1956 5560 1970 5613 ;
1990 5561 2022 5598 a
2042 5544 2224 5599 Danis
2240 5544 2450 5597 iterum
2467 5542 2855 5613 destructum,
2873 5544 2929 5594 et
2951 5540 3164 5595 iterum
3184 5540 3536 5607 reparatum,

1872 5612 2105 5671 tandem
2138 5615 2195 5669 in
2230 5612 2622 5667 cathedralem
2655 5612 2969 5667 ecclesiam
3000 5613 3281 5665 mutatum
3312 5622 3473 5662 esse.

1945 5686 2021 5757 (3)
2054 5685 2228 5740 Addit
2257 5682 2598 5757 Willelmus
2629 5680 3188 5757 Malmesburiensis
3202 5677 3360 5757 _libr’o
3393 5694 3431 5757 ii
3454 5674 3539 5729 De

1870 5748 2256 5812 Pontificibus
2270 5754 2655 5829 Anglorum,g
2676 5754 2758 5809 De
2784 5749 3302 5810 Wintoniensibus
3315 5748 3538 5822 episco-
