4008 6172
475 262 590 328 379

471 481 789 537 pauperem
822 481 1074 519 vacuum
1104 464 1266 519 abire
1299 464 1456 533 sivit,
1477 464 1728 518 immane
1750 461 2135 516 horrendum-

476 571 589 626 que
621 555 790 611 nefas
818 561 1123 625 reputans,
1159 555 1213 607 si
1242 554 1398 624 quod
1419 556 1626 607 natura
1659 567 1968 607 commune
1991 566 2136 605 con-

478 645 694 714 stituit,
746 644 861 698 hoc
908 645 1049 698 velit
1092 644 1266 697 homo
1316 658 1423 697 ceu
1471 642 1771 712 proprium
1820 656 2133 710 usurpare.

475 734 843 804 Quapropter
871 749 980 787 nec
1013 732 1301 786 Dominici
1320 731 1591 801 corporis
1615 730 1942 784 membrum
1974 744 2133 796 esse,

482 823 581 892 qui
594 837 911 891 pauperum
927 821 1270 893 indigentiis
1283 821 1462 874 nollet
1475 818 2138 889 subvenire,vigilanter

486 911 841 979 disputabat.
873 911 1023 965 Nam
1055 912 1106 964 si
1138 912 1390 979 patiente
1422 924 1537 963 uno
1568 908 1837 977 corporis
1871 906 2135 960 membro

475 1001 907 1069 compatiuntur
936 1002 1168 1067 catera,
1186 999 1563 1052 manifestum
1595 1002 1687 1052 est
1711 996 1983 1067 ejusdem
2008 1012 2137 1051 cor-

477 1089 643 1158 poris
674 1090 999 1142 membrum
1033 1104 1150 1142 non
1179 1102 1316 1142 esse
1348 1089 1504 1158 quod
1539 1088 1791 1158 patiente
1822 1087 1936 1140 alio
1969 1102 2133 1141 com-

476 1177 778 1247 passionis
809 1176 1075 1231 affectum
1108 1178 1297 1231 nescit
1314 1177 1953 1233 habere.Ubiveroi|la
1984 1176 2141 1236 defe-

477 1268 684 1321 cerunt
712 1282 847 1336 qua
880 1282 953 1319 ex
978 1265 1114 1336 jure
1146 1265 1433 1320 Ecclesia
1458 1267 1786 1322 ministerio
1809 1283 2135 1338 pauperum

477 1360 812 1425 competere
825 1355 1177 1425 potuissent,
1194 1355 1510 1410 thesauros
1529 1357 1821 1423 ecclesiae,
1838 1373 1990 1428 quos
2006 1358 2134 1429 ipse

454 1444 831 1514 ‘multiplices
861 1448 1188 1515 paraverat,
1218 1444 1388 1515 jubet
1425 1445 1701 1500 distribui
1728 1462 1742 1515 ;
1796 1448 2016 1501 docens
2063 1464 2136 1502 ex

475 1533 587 1588 hoc
634 1533 1012 1589 ornatissima
1055 1549 1304 1604 quaque
1359 1534 1647 1589 ecclesias
1692 1537 2027 1605 possidere,
2076 1542 2137 1591 ut

475 1626 739 1694 tempore
789 1623 1086 1677 fecilitatis
1137 1624 1254 1676 sint
1300 1623 1620 1687 honestati,
1676 1628 1937 1695 tempore
1994 1643 2137 1682 vero

477 1711 855 1766 necessitatis
879 1711 996 1765 sint
1028 1712 1256 1766 utilitati
1287 1713 1387 1784 (4).

1425 259 1793 323 OSBERNI
1838 258 2232 322 MONACHI
2277 258 2957 323 CANTUARIENSIS

2179 445 2198 480 ξ

3748 278 3845 341 380

2195 467 2205 499 ι
2248 476 2317 515 eo
2362 465 2423 516 ut
2471 476 2642 516 nemo
2693 463 2790 517 illo
2836 464 3106 520 audiente
3152 466 3243 520 vel
3292 466 3603 525 obscenum
3645 475 3846 545 aliquod

2250 551 2496 604 verbum
2526 551 2812 621 proferre,
2847 553 2938 607 vel
2970 557 3137 624 turpe
3172 555 3386 610 factum
3430 558 3576 614 ferre
3620 564 3845 621 auderet.

2249 637 2386 693 Erat
2416 656 2559 694 vero
2578 642 2749 694 etiam
2762 657 3083 712 pauperum
3107 646 3461 714 consolator,
3477 663 3850 719 oppressorum

2246 728 2559 797 relevalor,
2593 731 2829 784 unicum
2862 731 3098 786 afflictis
3128 733 3448 805 refugium.

2318 817 2371 871 6.
2397 817 2553 871 Dam’
2579 818 2857 890 Angliam
2890 820 3224 876 devastant.
3244 854 3312 862 —
3346 824 3460 877 Per
3487 824 3630 880 idem
3657 831 3852 899 tempus

2248 906 2502 961 Swanus
2520 911 2576 961 et
2592 908 2893 963 Turkillus
2922 910 3218 965 Danorum
3236 913 3530 983 principes
3560 919 3853 973 nonnullam

2246 1000 2419 1050 terra
2453 997 2777 1068 Anglorum
2810 999 3117 1069 maculam,
3152 1001 3526 1072 exigentibus
3547 1019 3855 1076 eorumpec-

2249 1086 2415 1154 catis,
2449 1086 2787 1141 intulerunt.
2806 1087 3019 1142 vaano
3044 1092 3234 1143 tamen
3261 1090 3597 1145 terribiliter
3615 1093 3858 1150 divinitus

2248 1175 2470 1244 occiso,
2492 1174 2796 1231 Turkillus
2826 1177 3100 1249 maligna
3132 1178 3477 1232 hereditatis
3508 1180 3849 1251 principatum

2249 1265 2514 1331 sortitus,
2531 1264 2744 1320 multas
2763 1266 2994 1337 Anglia
3014 1268 3351 1337 provincias
3375 1268 3533 1321 caede
3547 1272 3599 1322 et
3627 1270 3858 1326 incendio

2248 1354 2535 1407 vastabat.
2555 1354 2682 1408 Rex
2705 1370 2956 1425 namque
2980 1354 3336 1410 Ethelredus
3358 1356 3858 1429 imbellis,quiaim-

2247 1441 2508 1510 becillis,
2540 1444 2892 1498 monachum
2939 1445 3136 1514 potius
3182 1461 3356 1515 quam
3395 1446 3629 1501 militem
3670 1449 3865 1503 actione

2245 1531 2702 1601 praseferebat;
2720 1533 2989 1587 homines
3002 1548 3144 1588 vero
3159 1534 3423 1604 regionis
3438 1534 3652 1590 divitiis
3666 1552 3866 1606 corrup-

2245 1620 2316 1687 ti,
2363 1622 2761 1690 voluptatibus
2811 1621 3088 1693 obligati,
3142 1638 3250 1676 nec
3295 1624 3642 1695 quidquam,
3685 1629 3864 1696 prater

2248 1712 2515 1779 corporis
2548 1715 2603 1765 et
2638 1711 2939 1783 singulare
2975 1718 3031 1765 et
3060 1712 3353 1782 privatum
3385 1713 3864 1774 commodum.ho-

545 1801 598 1854 5.
636 1798 972 1854 Cautum-ia
997 1801 1385 1855 transfertur.
1419 1833 1487 1841 —
1515 1803 1659 1857 Cum
1700 1806 1891 1859 autem
1924 1784 2134 1859 beatus
2173 1814 2215 1871 ω
2247 1804 2481 1853 nestum
2511 1800 2807 1868 putabant.
2842 1800 3039 1871 Itaque
3067 1802 3319 1873 quisque
3337 1802 3477 1856 dum
3499 1802 3611 1855 sibi
3629 1807 3683 1855 et
3708 1802 3861 1856 rebus

476 1889 819 1942 Dunstanus
860 1888 1081 1943 obitum
1130 1890 1245 1944 sibi
1294 1890 1597 1947 imminere
1647 1895 2046 1963 conspiceret,
2082 1899 2138 1948 et

481 1976 811 2031 Ecclesiam
842 1977 947 2031 Dei
976 1994 1083 2048 per
1111 1980 1398 2033 malorum
1432 1983 1882 2036 successionem
1915 1983 2137 2037 turbari

478 2069 783 2133 metueret,
816 2066 1088 2121 sollicitis
1135 2068 1649 2124 obsecrationibus
1695 2086 1871 2125 aures
1920 2071 2136 2126 divina

479 2154 906 2209 misericordia
928 2157 1140 2225 pulsat,
1158 2160 1449 2227 quatenus
1474 2158 1801 2231 Elphegum
1822 2176 2140 2215 successo—

479 2257 603 2297 rem
636 2243 855 2299 habere
871 2246 1084 2315 possit.
1101 2245 1206 2300 Cui
1223 2248 1419 2300 statim
1438 2248 1733 2317 exaudito,
1750 2250 1905 2319 quod
1931 2255 2141 2320 postu-

479 2330 577 2401 lat,
611 2333 1003 2401 promittitur:
1037 2335 1308 2405 quamvis
1339 2352 1457 2390 non
1488 2337 1684 2390 statim
1703 2338 1859 2409 quod
1880 2355 2138 2408 promis-

481 2436 614 2474 sum
645 2421 853 2491 fuerat,
888 2421 1258 2493 adimpletur.
1301 2424 1425 2489 Qod
1460 2441 1525 2479 ea
1559 2413 1897 2482 re'dilatum
1948 2429 2139 2484 fuisse

480 2509 754 2578 arbitror,
788 2514 850 2563 ut
878 2513 934 2564 et
964 2514 1240 2567 omnibus
1263 2514 1639 2568 manifestum
1657 2516 2140 2588 fieret,quantum

479 2598 639 2652 Deus
671 2598 1037 2654 Dunstanum
1086 2601 1374 2672 diligeret,
1413 2604 1507 2658 cui
1555 2605 1712 2675 quod
1755 2606 1973 2660 viventi
2026 2611 2141 2661 tam

479 2686 735 2759 benigne
765 2689 1136 2758 promiserat,
1173 2689 1286 2745 hoc
1317 2692 1595 2747 defuncto
1635 2695 1814 2765 longe
1860 2699 1995 2765 post
2025 2700 2142 2750 tam

481 2776 771 2830 veraciter
801 2776 1146 2844 exhibebat;
1179 2782 1236 2833 et
1268 2779 1599 2853 Elphegum
1630 2783 1727 2836 illa
1757 2787 2019 2854 tempora
2050 2786 2141 2839 in-

480 2866 750 2919 venirent
779 2881 911 2936 qua
942 2882 1075 2921 eum
1105 2867 1179 2921 ad
1210 2870 1470 2940 martyrii
1516 2871 1764 2941 gloriam
1811 2874 2141 2942 provehere

481 2958 729 3024 possent
759 2954 857 3024 (5).
894 2957 1060 3011 Anno
1083 2961 1276 3012 autem
1296 2959 1527 3014 Domini
1546 2960 1855 3016 millesimo
1876 2967 1931 3017 et
1949 2967 2139 3034 sexto,

480 3042 553 3097 ab
585 3042 839 3099 adventu
869 3045 1197 3117 Anglorum
1228 3048 1287 3101 in
1336 3048 1696 3103 Britanniam
1727 3052 2140 3123 quingentesi-

481 3147 575 3186 mo
606 3135 1046 3205 septuagesimo
1096 3139 1322 3205 octavo,
1378 3137 1701 3211 Elphegus,
1752 3156 1904 3195 anno
1952 3144 2142 3196 atatis

480 3236 607 3276 sua
639 3223 1132 3295 quinquagesimo
1156 3227 1441 3296 secundo,
1474 3229 1964 3300 archiepiscopus
1994 3231 2142 3286 Can-

479 3312 800 3366 tuariensis
829 3313 1074 3367 allectus
1104 3318 1214 3369 est.
1240 3315 1503 3388 Cumque
1527 3318 1637 3371 iter
1654 3335 1871 3373 versus
1898 3322 2142 3375 Ilomam

480 3416 586 3470 pro
615 3399 791 3469 pallio
823 3401 1093 3456 habendo
1125 3404 1431 3474 arriperet,
1462 3409 1517 3459 et
1540 3407 1833 3476 quoddam
1865 3410 2141 3478 oppidum

481 3488 817 3558 hospitandi
853 3492 1042 3561 gratia
1072 3492 1332 3561 intraret,
1350 3495 1622 3564 oppidani
1648 3496 1944 3551 hominem
1976 3499 2142 3552 inco-

481 3578 712 3647 gnitum
743 3577 1033 3649 videntes,
1068 3583 1124 3633 et
1172 3582 1434 3636 avaritia
1478 3599 1604 3637 sua
1648 3585 2049 3656 consulentes,
2082 3589 2143 3641 in

482 3666 717 3720 domum
750 3666 1103 3736 irrumpunt,
1119 3684 1218 3723 res
1241 3669 1375 3740 ejus
1395 3671 1694 3741 diripiunt,
1716 3689 1963 3745 eumque
1986 3678 2142 3730 omni

483 3754 836 3823 supellectili
885 3756 1175 3825 privatum
1220 3758 1426 3812 verbis
1475 3764 1532 3814 et
1579 3762 1932 3817 verberibus
1981 3766 2145 3820 exire

485 3842 859 3912 compellunt.
913 3844 987 3898 At
1034 3845 1128 3899 ille
1173 3845 1424 3917 injurias
1475 3864 1617 3903 suas
1666 3850 1877 3905 leniter
1918 3852 2142 3923 ferens,

482 3946 728 3985 suorum
759 3947 900 3988 vero
933 3935 1309 3990 mediocriter
1336 3936 1565 4006 dolens,
1598 3939 1693 3992 via
1726 3957 1839 4011 qua
1873 3943 2031 3995 venit
2060 3959 2145 3997 re-

483 4021 1043 4092 greditur.Necdum
1060 4025 1133 4079 ab
1151 4026 1364 4096 oppido
1379 4027 1553 4100 longe
1569 4033 1986 4099 recesserat,et
2003 4047 2142 4086 ecce

481 4108 794 4166 horrendae
823 4127 1005 4168 voces
1039 4116 1252 4169 moenia
1283 4118 1626 4187 corripiunt,
1661 4135 1794 4189 quae
1835 4120 2067 4174 civibus
2090 4124 2147 4175 et

482 4198 750 4252 adificiis
786 4199 1039 4255 celerem
1076 4203 1373 4258 minantur
1402 4206 1648 4261 ruinam.
1684 4208 1808 4261 Nec
1840 4224 2001 4263 mora
2035 4225 2144 4263 vo-

479 4303 586 4341 rax
599 4288 827 4342 flamma
842 4291 1117 4360 oppidum
1133 4308 1484 4349 consumere
1499 4298 1675 4367 capit
1690 4313 1700 4351 :
1720 4314 1788 4350 cu
1798 4314 1891 4368 mq
1901 4314 1970 4351 ue
1986 4298 2144 4368 ignis

480 4376 861 4431 vehementer
890 4385 1284 4451 excresceret,
1319 4399 1426 4437 nec
1459 4386 1745 4440 evadendi
1780 4402 1920 4456 spes
1950 4388 2145 4459 aliqua

480 4465 716 4534 fuisset,
751 4465 941 4521 virum
975 4474 1244 4526 sanctum
1275 4474 1510 4542 adeunt,
1545 4475 1800 4530 fatentur
1845 4478 2142 4549 delictum,

480 4557 538 4608 et
567 4554 800 4609 veniam
830 4557 1052 4625 petunt.
1099 4559 1237 4614 Mox
1286 4567 1551 4632 sanctus,
1594 4564 1712 4618 illis
1760 4568 2142 4635 compatiens,

480 4658 691 4713 preces
723 4644 795 4696 ad
827 4644 1011 4698 Deum
1042 4646 1208 4716 fudit,
1242 4655 1298 4703 et
1346 4650 1505 4721 ignis
1554 4653 1825 4707 molestia
1874 4657 2146 4723 protinus

484 4732 773 4787 exstincta
799 4735 1080 4789 cessavit.
1119 4736 1429 4792 Restitutis
1463 4755 1608 4811 ergo
1639 4741 1920 4813 episcopo
1965 4745 2147 4799 rebus

485 4820 616 4874 suis
640 4821 717 4891 (6)
750 4825 1110 4894 acceptoque
1140 4841 1173 4879 a
1192 4841 1343 4897 papa
1372 4827 1569 4898 pallio,
1592 4829 1830 4885 domum
1862 4847 2148 4901 prospere

482 4910 837 4980 regreditur.
870 4911 1178 4968 Pudicitia
1206 4915 1395 4970 virtus
1414 4919 1638 4973 tantum
1660 4919 2073 4976 dominabatur
2088 4923 2148 4976 in

474 5050 608 5122 pis,
644 5052 975 5135 Elphegum
1018 5057 1296 5135 carnibus
1358 5074 1677 5135 nunquam,
1724 5061 1837 5115 nisi
1895 5079 2142 5135 aegrum,

482 5136 658 5204 usum
690 5124 900 5204 fuisse,
935 5124 1549 5204 noctibusquegsolufn
1579 5124 1909 5204 adiamnem
1935 5124 2143 5204 pvroce-'

484 5191 626 5247 dere
658 5191 915 5264 solitum,
949 5199 1047 5252 ubi
1079 5202 1152 5254 ad
1183 5191 1280 5254 illa
1311 5201 1623 5257 demersus
1653 5203 1710 5255 in
1735 5204 1837 5257 Dci
1870 5191 2142 5260 laudibus

484 5265 837 5338 excubabat,
873 5268 1048 5338 idque
1079 5271 1207 5324 suis
1238 5273 1646 5327 nescientibus
1678 5273 1919 5329 fecisse.

555 5332 633 5400 (4)
664 5334 874 5390 Mirum
906 5332 997 5392 est
1027 5338 1122 5393 hic
1152 5341 1297 5395 nihil
1328 5342 1401 5396 de
1432 5344 1815 5399 translatione
1846 5345 1905 5399 S.
1939 5346 2140 5400 Ethel-

484 5403 643 5458 voldi
662 5409 1188 5486 memorari,_eujus
1204 5414 1690 5486 translationibus
1706 5420 1910 5469 auctor
1941 5416 2005 5469 ΕΙ
2014 5417 2147 5486 phe-

485 5490 601 5601 ἕως
632 5477 785 5545 apud
818 5477 1178 5535 Willelmum
1211 5483 1798 5540 Malmesburiensem
1819 5487 1970 5541 libro
2005 5477 2043 5540 ιί
2063 5489 2144 5542 De

534 5549 652 5601 οιιῐ.
669 5548 1303 5601 Angl.:Antecessoris
1328 5556 1797 5601 snijmmitngsn
1820 5557 2144 5601 nrtnlilnn-

534 5549 652 5628 ont.
669 5548 1303 5628 Angl.:Anteeessori_s
1328 5556 1797 5628 sui,inquit,ossa
1820 5557 2032 5611 extulit
2046 5575 2145 5613 an-

486 5632 561 5673 no
577 5617 917 5676 duodecimo
928 5626 1064 5694 post
1080 5617 1506 5693 depositionem
1532 5617 1677 5701 ejus,
1695 5629 1891 5700 signis
1912 5628 2150 5700 quibus-

2161 4522 2220 4587 D

2250 1889 2378 1941 suis
2422 1890 2603 1957 timet,
2656 1906 2861 1944 omnes
2910 1894 3234 1960 temperant
3276 1906 3308 1944 a
3356 1890 3534 1956 bello,
3582 1906 3740 1945 nemo
3778 1906 3865 1960 pro

2250 1994 2428 2032 causa
2459 1979 2718 2033 omnium
2750 1980 3045 2033 certamen
3077 1980 3331 2049 experiri
3361 1980 3648 2033 tentabat:
3683 1995 3800 2033 cum
3814 1994 3869 2032 ea

2250 2068 2321 2121 de
2352 2083 2531 2121 causa
2565 2068 2906 2122 certandum
2937 2072 3121 2135 esset,
3159 2074 3218 2122 ut
3250 2069 3403 2138 quod
3452 2070 3697 2141 quisque
3725 2084 3873 2122 suum

2248 2172 2385 2210 esse
2406 2157 2599 2225 vellet,
2615 2173 2721 2227 pro
2744 2174 2811 2212 eo
2831 2174 3004 2229 quam
3023 2159 3330 2229 splendide
3343 2162 3650 2230 pugnaret.
3666 2157 3726 2211 In
3741 2160 3872 2210 tanto

2249 2247 2429 2317 igitur
2457 2260 2655 2300 rerum
2687 2247 3029 2302 discrimine
3061 2246 3366 2319 Elphegus
3381 2248 3590 2302 hostes
3621 2246 3767 2300 adire
3794 2259 3875 2298 so-

2249 2336 2424 2405 lebat,
2459 2338 2515 2390 et
2544 2335 2791 2389 verbum
2815 2336 2925 2390 via
2962 2336 3050 2390 eis
3080 2336 3464 2407 pradicabat,
3483 2335 3737 2405 captivos
3765 2334 3876 2387 dato

2250 2426 2438 2495 pretio
2475 2425 2817 2493 redimebat,
2849 2427 2904 2479 et
2946 2440 3099 2495 quos
3144 2425 3331 2479 fames
3375 2424 3752 2494 opprimebat,
3777 2425 3879 2475 stu-

2250 2514 2419 2568 diose
2442 2513 2651 2568 alebat.
2671 2513 2839 2568 Unde
2858 2516 3136 2584 quantum
3156 2532 3188 2567 a
3210 2514 3364 2567 fideli
3380 2514 3596 2583 populo
3612 2512 3878 2565 colebatur

2250 2606 2305 2656 et
2335 2604 2753 2670 venerabatur,
2788 2606 3008 2656 tantum
3047 2602 3120 2655 ab
3152 2602 3372 2657 infideli
3403 2600 3877 2663 contemnebatur,

2250 2697 2306 2747 et
2337 2692 2711 2759 irridebatur,
2730 2693 2835 2747 sed
2858 2692 3051 2747 fidelis
3083 2691 3471 2761 ille,‘mallens
3502 2707 3635 2745 cum
3664 2688 3879 2743 Domino

2252 2782 2581 2836 Beelzebub
2614 2798 2789 2852 quam
2821 2797 2953 2835 eum
2982 2781 3287 2834 Pharisao
3319 2781 3515 2835 Rabbi
3547 2780 3757 2844 vocari,
3786 2792 3881 2829 non

2251 2872 2472 2925 destitit
2502 2871 2667 2940 operi
2697 2871 2952 2940 incapto
2988 2885 3224 2938 operam
3256 2869 3417 2938 dare,
3457 2869 3662 2924 fideles
3692 2869 3748 2921 in
3791 2864 3885 2919 ﬁde

2251 2961 2605 3029 confortare,
2640 2959 2907 3014 infideles
2939 2959 3010 3012 ad
3040 2958 3213 3013 fidem
3244 2973 3483 3013 vocare.

2320 3050 2373 3103 '7.
2412 3048 2636 3115 Quibus
2665 3064 2730 3103 se
2745 3049 2951 3120 jungit
2982 3048 3247 3102 Edricus
3274 3048 3456 3117 regni
3479 3046 3808 3119 praefectus.
3832 3073 3888 3083 —

2171 3170 2225 3233 ο
2249 3138 2558 3204 Quemlam
2572 3141 2764 3192 autem
2778 3137 3058 3191 Edricum
3073 3152 3179 3191 rex
3192 3137 3370 3191 totius
3386 3138 3559 3208 regni
3575 3134 3888 3233 praefectum

2252 3230 2533 3282 statuerat
2563 3227 2859 3281 hominem
2891 3226 3094 3279 humili
3127 3226 3363 3296 quidem
3392 3240 3618 3297 genere
3638 3266 3650 3290 ,
3684 3222 3785 3277 sed
3813 3220 3893 3274 cui

2251 3318 2451 3389 lingua
2484 3317 2721 3371 divitias
2752 3332 2819 3369 ac
2838 3314 3196 3369 nobilitatem
3220 3318 3686 3383 comparaverat,
3701 3311 3892 3365 callen-

2251 3411 2365 3460 tem
2396 3405 2656 3476 ingenio,
2674 3420 2917 3458 suavem
2939 3404 3193 3475 eloquio,
3212 3406 3268 3458 et
3297 3405 3395 3474 qui
3412 3402 3693 3457 mortales
3708 3412 3890 3454 omnes

2251 3498 2371 3548 tum
2403 3494 2621 3548 invidia
2650 3498 2823 3564 atque
2854 3492 3257 3561 perfidia,tum
3275 3493 3562 3562 superbia
3587 3494 3753 3560 atque
3777 3503 3894 3541 cru—

2253 3583 2485 3637 delitate
2517 3585 2917 3653 superaverat.
2955 3582 3148 3651 Hujus
3181 3582 3362 3654 igitur
3412 3580 3679 3647 fratrem,
3732 3577 3893 3647 primo

2253 3671 2537 3725 nobilitati
2569 3671 3018 3725 Cantuariorum
3051 3671 3108 3723 in
3136 3669 3456 3739 prasentia
3492 3668 3656 3740 regis
3670 3663 3897 3738 gratuito

2251 3759 2944 3828 maledicentem,deinde
2976 3774 3045 3812 ea
3076 3774 3209 3829 qua
3232 3758 3559 3828 unicuique
3592 3772 3664 3809 ex
3699 3751 3901 3807 heredi-

2252 3853 2367 3905 tate
2380 3850 2820 3919 provenissent,
2837 3848 3093 3902 violenta
3114 3847 3515 3901 dominatione
3529 3844 3898 3903 invadentem,

2253 3939 2458 3993 eadem
2489 3938 2764 3992 nobilitas
2784 3936 3091 4001 interfecit,
3112 3935 3391 4007 adesque
3417 3934 3559 4005 ejus
3593 3929 3900 3987 succendit.

2253 4027 2438 4099 Cujus
2469 4027 2652 4080 frater
2679 4044 2711 4080 ει
2740 4041 2882 4098 rege
2916 4026 3195 4079 ultionem
3216 4024 3511 4094 postulat,
3533 4023 3783 4093 denegat
3814 4033 3904 4071 rex

2255 4116 2715 4187 postulata,jure
2738 4116 2976 4169 fratrem
3002 4114 3135 4185 ejus
3157 4116 3531 4184 peremptum
3564 4106 3898 4182 pronuntiat.

2253 4206 2583 4261 Praefectus
2598 4206 2790 4276 itaque
2810 4200 3700 4275 palatiumingreditur,junctis
3724 4209 3908 4251 secum

2252 4297 2457 4350 decem
2488 4294 2749 4348 millibus
2777 4294 3072 4360 virorum,
3138 4290 3379 4343 fratrem
3413 4290 3690 4343 occisum
3722 4282 3908 4340 ulcisci

2253 4388 2517 4439 conatur.
2552 4384 2667 4438 Sed
2699 4398 2831 4436 cum
2863 4396 3069 4452 parum
3089 4379 3423 4450 proficeret,
3444 4380 3748 4432 Hunorum
3771 4370 3911 4427 auxi-

2251 4473 2326 4527 lia
2356 4472 2517 4542 petit,
2552 4488 2668 4525 non
2700 4471 2770 4524 ad
2803 4470 3173 4523 Cantuaritas
3197 4468 3361 4521 solos
3385 4466 3804 4531 debellandos,
3819 4459 3912 4515 sed

2250 4563 2323 4615 ad
2353 4562 2533 4616 totius
2564 4560 2883 4614 Britannia
2914 4558 3064 4612 fines
3098 4557 3530 4624 invadendoss,
3553 4563 3911 4627 regnumque

2250 4654 2385 4721 post
2416 4649 2725 4705 victoriam
2754 4663 2922 4719 aqua
2948 4650 3108 4701 sorte
3137 4645 3548 4700 dividendum.
3582 4643 3800 4713 Sicque
3830 4639 3917 4691 fa-

2251 4742 2362 4794 dus
2395 4741 2614 4809 ineunt,
2648 4739 2885 4792 dextras
2916 4736 3054 4789 dant
3087 4738 3145 4789 et
3195 4734 3518 4800 accipiunt,
3557 4730 3913 4786 sacramenta

2252 4829 2495 4898 exigunt
2525 4831 2581 4882 et
2619 4827 2949 4898 porrigunt,
2973 4822 3350 4878 Cantuarium
3368 4826 3621 4876 vastare
3640 4820 3825 4889 primo
3838 4816 3920 4868 de-

2254 4919 2523 4973 liberant.
2557 4917 2725 4983 Quod
2740 4915 2987 4970 audiens
3013 4912 3319 4983 Elphegus
3338 4911 3698 4980 episcopus,
3716 4918 3914 4961 convo-

2258 5062 2389 5116 clam
2422 5066 2478 5115 et
2503 5060 2593 5114 eis
2627 5074 2739 5113 nou
2769 5055 3009 5112 levibus
3038 5054 3114 5109 ad
3150 5052 3483 5108 audendum
3513 5063 3864 5123 persuasus.

2328 5134 2403 5201 (5)
2432 5133 2575 5185 Post
2592 5130 3053 5183 administratam
3079 5125 3283 5179 sedem
3310 5123 3810 5201 ﬂintoniensem
3824 5129 3920 5189 per

2256 5191 2461 5274 viginti
2493 5202 2645 5274 duos
2675 5216 2884 5274 annos,
2919 5213 3095 5274 quam
3123 5210 3275 5274 anno
3304 5191 3457 5274 _l_t84_
3480 5194 3755 5274 inierat.‘

2324 5261 2401 5342 (6)
2430 5272 2723 5345 Omittitur
2745 5272 2839 5324 hic
2862 5261 3018 5341 quod
3044 5267 3197 5335 apud
3218 5264 3597 5345 Bollandum,
3616 5268 3675 5318 et
3705 5264 3779 5345 ab
3799 5261 3920 5345 aliis

2253 5336 2594 5399 auctoribus
2622 5336 3140 5416 refer-turinempe
3190 5336 3345 5416 quod
3409 5336 3628 5416 Iloma
3667 5336 3925 5416 existens

2253 5415 2597 5487 cognoverit
2628 5403 3270 5487 mortem_'Kenulti,_s_ui
3294 5408 3352 5487 in
3368 5406 3740 5487 episcopatu
3777 5403 3927 5482 Win-

2253 5477 2510 5541 toﬁiensi
2540 5482 2942 5550 successoris,
2978 5484 3032 5534 et
3077 5482 3242 5533 antea
3291 5477 3530 5531 abbatis
3575 5477 3926 5550 Ilurgensis,

2252 5558 2350 5629 qui
2384 5557 2587 5612 sedem
2619 5546 3095 5610 Wintoniensem
3108 5549 3363 5605 nummis
3379 5551 3696 5603 mercatus
3718 5546 3926 5602 fuerat.
