3978 6178
144 269 232 332 381
1436 264 1639 327 VITA
1671 264 1731 327 S.

1914 265 2163 330 ’HEGI.

3398 273 3515 342 382

140 472 241 522 cato
265 465 463 536 populo
508 466 584 519 ait
619 482 630 518 :
672 485 692 511 ιι
727 464 884 519 Forti
925 465 1118 519 animo
1151 466 1359 532 estote,
1404 465 1587 519 Deum
1619 480 1742 533 prae
1769 445 1815 505 Α
1853 468 2227 538 praepeditur,
2254 469 2508 524 vinculis
2533 470 2743 539 palmae
2781 471 3179 542 innectuntur,
3207 489 3378 546 genae
3404 491 3510 531 un-

137 556 290 608 oculis
319 554 515 609 habete
542 571 554 621 ;
597 558 807 624 praeter
837 571 970 609 eum
1020 555 1119 625 qui
1151 571 1372 624 corpus
1404 558 1460 608 et
1490 555 1742 606 animam

132 647 288 714 potest
315 643 548 713 perdere
581 645 640 697 in
665 644 1011 715 gehennam,
1033 645 1174 698 nihil
1205 644 1533 712 formidata,
1557 645 1739 698 humi-

134 734 310 784 litatem
338 736 388 784 et
419 732 748 800 patientiam
798 736 1050 785 servate.
1086 731 1362 786 Christus
1395 735 1569 802 enim,
1606 749 1738 786 cum

133 821 254 873 Deus
283 824 452 884 esset,
491 825 545 872 et
578 822 769 874 omnia
801 821 884 873 illi
920 821 1088 874 Pater
1118 822 1175 873 in
1207 837 1415 875 manus
1447 823 1730 891 dedisset,

132 910 183 962 de
208 909 435 961 inimicis
467 909 679 962 ulcisci
711 925 776 962 se
810 910 1028 978 noluit,
1072 911 1180 964 sed
1214 911 1474 981 gladium
1525 911 1734 964 Malchi

132 997 367 1069 sanguine
397 1003 705 1051 cruentum
736 1000 793 1051 in
826 1000 1099 1069 vaginam
1131 1000 1569 1071 recondijussit
1590 999 1686 1069 (7).
1713 1023 1733 1047 ιο

177 1086 216 1139 8.
248 1085 607 1140 Cantuariam
625 1094 981 1158 expugnant.
1004 1088 1383 1142 Miserabilis
1399 1088 1737 1143 Cantuariae

131 1180 288 1228 status.
311 1203 374 1213 -—
399 1174 671 1229 Obsessa
703 1176 936 1229 tandem
967 1193 999 1229 a
1031 1177 1214 1230 Danis
1251 1178 1484 1231 civitate
1515 1192 1621 1247 per
1652 1179 1739 1232 vi-

127 1264 235 1334 ginti
253 1262 386 1332 dies,
421 1267 477 1318 et
506 1264 798 1335 quidquid
829 1265 900 1318 ad
933 1281 1106 1319 usum
1139 1267 1274 1319 vitae
1305 1267 1468 1320 cives
1492 1283 1736 1336 parave-

128 1357 222 1405 rant
249 1352 544 1420 exhausto,
570 1353 820 1407 mittitur
840 1370 870 1407 a
894 1355 1168 1422 pontifice
1190 1356 1289 1426 qui
1312 1356 1494 1408 Danis
1517 1371 1739 1428 sugge-

53 1441 58 1458 '
123 1446 187 1494 rat
211 1446 260 1495 ut
286 1442 349 1494 ab
400 1441 658 1511 inccepto
708 1443 1024 1512 desistant,
1073 1444 1409 1515 populoque
1440 1445 1738 1498 innocenti

121 1535 328 1599 parcant,
351 1536 719 1602 eaveantque
737 1548 808 1587 ne
829 1532 1042 1587 divina:
1062 1535 1456 1602 correptionis
1478 1535 1734 1604 ﬂagello,

120 1636 196 1688 pro
220 1619 452 1674 ﬁliorum
477 1621 870 1692 castigatione
895 1622 965 1675 ad
984 1627 1215 1692 tempus
1239 1623 1737 1692 concesso,nimis

119 1709 385 1762 insolenter
403 1710 746 1764 abutantur.
786 1711 901 1765 Sed
924 1712 1071 1765 Dani
1091 1713 1357 1766 mandata
1380 1712 1736 1782 praetermit-

1853 556 2073 627 guibus
2105 557 2502 625 dissecantur,
2537 559 2754 630 pugnis
2789 562 2846 613 et
2876 561 3138 615 calcibus
3171 563 3354 618 latera
3385 568 3515 620 tun-

1853 645 2088 698 duntur.
2109 645 2438 700 Ecclesiam
2470 663 2704 717 quoque
2736 649 2858 719 igni
2891 652 3242 706 comburunt
3264 653 3362 721 (8),
3386 671 3516 725 gre-

1854 749 1988 804 gem
2025 734 2330 787 Dominiin
2363 752 2465 790 ore
2500 735 3513 810 gladiiconsumunt,etepiscopum

1855 825 2080 890 septem
2097 824 2404 878 mensibus
2418 825 2476 877 in
2490 829 2650 878 arcto
2667 841 2904 880 carcere
2920 827 3515 884 custodiunt.lnterea

1856 911 2030 980 coepit
2047 912 2131 964 ira
2155 913 2257 966 Dei
2282 913 2338 966 in
2371 913 2721 968 homicidam
2735 916 3014 984 populum
3031 915 3176 970 adeo
3197 917 3508 984 desaevire,

1856 1002 1917 1052 ut
1947 1015 2126 1068 parvo
2149 1002 2430 1071 temporis
2448 1004 2755 1057 intervallo
2776 1005 3008 1059 duobus
3033 1021 3237 1059 eorum
3250 1006 3513 1061 millibus

1855 1103 1961 1156 per
2007 1089 2170 1142 diros
2213 1091 2509 1144 viscerum
2559 1095 2857 1147 cruciatus
2902 1097 3241 1165 prostratis,
3298 1101 3516 1150 caetera

1852 1191 2085 1247 quoque
2117 1177 2420 1232 multitudo
2445 1180 2715 1234 similiter
2746 1198 3032 1250 percussa
3057 1183 3249 1237 simile
3273 1184 3514 1238 exitium

1855 1269 2244 1334 exspectaret.
2278 1268 2624 1323 Commoniti
2665 1275 2803 1323 sunt
2834 1274 3024 1325 autem
3056 1289 3088 1324 a
3113 1272 3264 1326 ﬁdeli
3299 1275 3514 1343 populo

1852 1357 1913 1409 ut
1944 1356 2016 1409 de
2047 1357 2305 1424 peccatis
2355 1359 2693 1426 pocniteant,
2739 1363 2793 1412 et
2832 1360 3095 1428 pontifici
3124 1362 3511 1416 satisfaciant.

1851 1443 1966 1498 Sed
1999 1444 2082 1497 illi
2115 1443 2406 1515 differunt,
2440 1448 2795 1501 arbitiantes
2828 1447 2938 1501 hoc
2970 1449 3184 1502 malum
3219 1465 3250 1502 a
3281 1449 3514 1504 fortuna

1849 1533 1938 1586 eis
1955 1533 2594 1589 accidisse.Praevaluit
2614 1537 2846 1590 interim
2863 1538 3060 1591 clades
3081 1553 3265 1607 super
3283 1554 3513 1593 omnem

1850 1637 2088 1677 carnem
2113 1638 2245 1693 quin
2276 1624 2537 1693 pontifici
2564 1629 2809 1679 mortem
2854 1625 3072 1680 inferre
3109 1627 3422 1696 nitebatur,
3457 1630 3514 1682 et

1849 1727 2006 1766 nunc
2035 1712 2227 1781 denis,
2261 1729 2416 1766 nunc
2446 1714 2674 1767 vicenis
2707 1714 2953 1767 terribili
2984 1716 3283 1770 viscerum
3307 1716 3514 1770 dolore

119 1800 280 1865 tentes,
326 1801 519 1852 turres
553 1803 901 1869 exstruere,
935 1802 1220 1856 arietibus
1269 1817 1502 1854 murum
1535 1801 1731 1864 ferire,
1765 1812 1816 1874 Β
1851 1802 2178 1872 capitisque
2201 1802 2551 1870 absumptis,
2573 1819 2846 1875 magnam
2872 1803 3243 1858 formidinem
3265 1805 3516 1859 viventi-

115 1884 277 1956 igneas
306 1887 462 1942 faces
497 1888 711 1959 jacere
762 1892 1101 1945 constanter
1133 1893 1458 1961 coeperunt.
1493 1890 1563 1944 Et
1595 1906 1734 1944 ecce

115 1989 255 2028 vorax
274 1975 495 2030 ﬂamma
527 1995 642 2048 per
672 1979 879 2033 domos
911 1980 1314 2050 succenditur,
1348 1996 1416 2034 ac
1447 1981 1733 2036 saeviente

117 2068 291 2133 austro,
322 2081 385 2119 se
414 2067 718 2122 dilatando
763 2068 1146 2141 dispergitur.
1202 2069 1365 2124 Tunc
1397 2069 1734 2125 miseranda

114 2153 232 2205 inter
249 2155 398 2208 cives
423 2155 575 2210 facta
607 2160 700 2211 est
719 2157 1082 2228 deliberatio,
1101 2162 1451 2229 utrumnam,
1477 2159 1732 2213 desertis

115 2257 360 2296 murorum
382 2246 877 2316 prepugnaculis,
895 2248 965 2301 ad
987 2248 1260 2317 proprias
1283 2249 1491 2302 domos
1515 2264 1730 2302 convo-

126 2330 288 2398 larent,
320 2349 410 2402 an,
431 2335 504 2388 iis
537 2335 858 2406 neglectis,
885 2337 1224 2391 munitionis
1245 2338 1413 2392 urbis
1431 2338 1748 2398 incumbe-.

115 2420 369 2474 rent.V'icit
382 2437 762 2477 communem
777 2425 1079 2478 utilitatem
1093 2426 1317 2495 privata
1339 2425 1585 2496 affectio,
1597 2429 1736 2482 tilio-

114 2521 212 2559 rum
229 2509 402 2564 duleis
419 2513 932 2586 recordatio,erga
949 2516 1220 2569 tuendam
1241 2516 1517 2570 familiam
1539 2518 1733 2571 innata

116 2599 517 2655 commiseratio.
560 2602 821 2656 Currunt
844 2603 1040 2673 itaque
1078 2607 1134 2658 et
1155 2606 1387 2674 rapiunt
1418 2605 1489 2658 de
1522 2606 1733 2660 mediis

115 2684 314 2738 flammis
344 2689 645 2760 conjuges
683 2696 737 2746 et
774 2692 988 2747 charos
1020 2693 1268 2761 liberos,
1302 2693 1504 2748 hostili
1535 2696 1732 2766 gladio

114 2775 265 2827 statim
295 2776 624 2834 feriendos.
669 2780 739 2833 Et
770 2796 929 2850 ecce,
963 2781 1198 2836 effracta
1230 2785 1398 2854 urbe,
1433 2785 1734 2838 exercitus

114 2859 421 2936 ingreditur,
457 2869 749 2924 terribilis
782 2872 1014 2925 sonitus
1044 2887 1119 2925 ex
1148 2872 1402 2927 clamore
1433 2889 1645 2927 vocum
1678 2876 1734 2927 et

116 2949 343 3026 clangore
374 2957 656 3012 tubarum
678 2961 976 3029 attollitur,
1011 2961 1155 3015 adeo
1174 2967 1234 3016 ut
1258 2962 1451 3016 omnia
1474 2962 1732 3016 civitatis

112 3039 429 3100 fundamenta
464 3049 708 3103 concuti
748 3049 1108 3104 viderentur.
1144 3050 1257 3104 Alii
1288 3066 1540 3121 namque
1570 3053 1730 3108 ferro

107 3127 330 3229 jugulati,
354 3136 448 3189 alii
468 3137 728 3190 ﬂammis
752 3140 1102 3208 consumpti,
1130 3140 1330 3208 plures
1347 3157 1378 3194 a
1400 3157 1567 3196 muro
1585 3159 1732 3212 prae-
1760 3165 1814 3235 ο

111 3218 273 3288 cipites
317 3224 446 3293 dati,
500 3226 777 3280 nonnulli
823 3243 928 3296 per
960 3229 1219 3282 verenda
1251 3232 1534 3299 suspensi
1580 3232 1727 3286 deti-

113 3306 248 3362 ciunt.
282 3312 567 3369 Matrona;-
599 3315 736 3368 dum
758 3316 1074 3370 thesauros
1098 3333 1249 3386 quos
1283 3334 1401 3373 non
1435 3320 1731 3375 habebant

113 3405 353 3468 coguntur
377 3405 661 3473 prodere,
695 3405 924 3474 capillis
959 3421 1060 3474 per
1091 3423 1294 3461 omnes
1329 3409 1583 3462 civitatis
1605 3411 1726 3479 pla-

114 3487 206 3539 teas
230 3487 542 3561 distractae,
591 3493 663 3547 ad
705 3494 971 3548 ultimum
1018 3495 1268 3548 ﬂammis
1302 3496 1534 3566 injectae
1569 3501 1724 3552 sunt.

112 3571 317 3647 Parvuli,
349 3597 379 3634 a
407 3587 665 3638 matrum
699 3583 989 3637 uberibus
1019 3586 1232 3649 avulsi,
1265 3586 1492 3640 lanceis
1526 3587 1728 3640 confo-

113 3661 324 3735 diuntur,
354 3674 451 3724 aut
482 3687 674 3740 super
704 3688 809 3726 eos
858 3673 1031 3727 ducto
1073 3674 1359 3742 plaustro,
1406 3676 1728 3728 minutatim

117 3757 464 3813 conteruntur.
507 3760 766 3814 Sanctus
798 3767 990 3816 autem
1037 3762 1340 3835 Elpbegus
1380 3780 1495 3818 non
1528 3765 1728 3818 ferens

113 3841 280 3898 tantam
312 3864 561 3904 suorum
593 3850 1127 3920 depopulationem,
1163 3868 1295 3905 cum
1329 3853 1499 3906 turba
1531 3868 1728 3907 mona-

116 3924 315 3985 chorum
362 3935 417 3988 in
464 3937 724 3990 ecclesia
769 3938 1204 4008 circumseptus
1251 3943 1434 4007 esset,
1485 3944 1728 4008 repente

113 4013 165 4068 de
188 4023 435 4078 manibus
473 4026 802 4080 tenentium
833 4027 1074 4096 elapsus
1119 4028 1189 4081 de
1230 4029 1485 4082 ecclesia
1516 4029 1726 4097 evasit,

112 4117 428 4181 currensque
472 4113 552 4165 ad
599 4113 791 4167 locum
834 4115 1225 4169 cadaveribus
1276 4115 1535 4184 plenum,
1579 4116 1730 4170 inter

114 4207 292 4252 cuneos
323 4201 582 4256 hostium
605 4217 670 4256 se
704 4203 1408 4274 ingerens,exclamavit;
1433 4209 1507 4274 et,
1547 4227 1568 4250 «
1599 4207 1734 4259 Par-

113 4281 213 4353 cite,
235 4287 423 4360 inquit,
449 4290 695 4361 parcite,
721 4295 775 4345 et
794 4294 845 4346 si
870 4292 1033 4346 viros
1059 4308 1164 4347 vos
1179 4309 1316 4347 esse
1340 4295 1726 4365 cognoscitis,

115 4371 427 4433 innocentem
489 4385 721 4434 atatem
778 4383 1062 4452 persequi
1109 4387 1362 4438 cessate.
1437 4385 1566 4439 Non
1635 4389 1726 4440 est

115 4459 196 4514 ista
222 4465 466 4537 victoria,
505 4486 622 4541 qua
651 4471 990 4524 lactentium
1015 4473 1320 4540 perimitur
1351 4475 1681 4528 innocentia
1711 4492 1721 4528 :

1847 1890 1964 1944 bus
1985 1891 2258 1944 incussit.
2293 1889 2478 1945 Citato
2502 1892 2682 1963 igitur
2705 1893 2975 1963 consilio,
3020 1909 3158 1946 mox
3179 1894 3249 1946 ad
3273 1895 3514 1963 episco-

1846 1995 1986 2048 pum
2005 1982 2266 2049 currunt,
2283 1983 2337 2033 et
2361 1981 2431 2034 de
2453 1984 2784 2050 perpetrato
2806 1981 3068 2036 facinore
3085 1998 3216 2036 cum
3233 1982 3516 2052 lacrymis

1850 2069 2082 2122 veniam
2112 2072 2347 2138 petunt;
2386 2073 2441 2123 et
2463 2069 2534 2123 de
2557 2085 2795 2124 carcere
2831 2087 2965 2125 eum
3001 2071 3400 2139 extrahentes,
3436 2072 3509 2124 ad

1848 2157 2120 2228 publicos
2153 2158 2352 2229 populi
2385 2163 2742 2228 conspectus
2775 2175 2908 2212 cum
2943 2160 3164 2213 honore
3195 2161 3510 2215 deducunt.

1851 2246 1920 2300 Et
1941 2247 2021 2299 ait
2050 2247 2170 2300 illis
2202 2248 2520 2316 episcopus
2549 2265 2558 2300 :
2591 2268 2611 2293 ει
2636 2247 2760 2301 Etsi
2781 2250 2979 2301 vestra
3011 2249 3361 2302 insatiabilis
3381 2264 3512 2302 cru-

1855 2336 2066 2390 delitas
2090 2336 2320 2389 veniam
2352 2351 2469 2389 non
2502 2339 2887 2406 promeretur,
2912 2340 3103 2390 tamen
3127 2337 3264 2407 quid
3300 2352 3410 2390 nos
3433 2337 3514 2389 fa-

1849 2441 1982 2479 cere
2001 2425 2205 2479 deceat
2219 2426 2490 2493 exemplo
2506 2425 2738 2479 Domini
2752 2425 3090 2494 edocemur,
3113 2425 3358 2496 quicum
3377 2441 3512 2479 suo-

1848 2530 1977 2567 rum
1996 2514 2271 2585 dignatus
2296 2514 2508 2567 fuisset
2532 2515 2725 2567 lavare
2740 2515 2922 2582 pedes
2942 2515 3512 2584 discipulorum,non

1847 2603 2009 2656 illum
2041 2603 2291 2656 exclusit
2326 2619 2358 2656 a
2387 2619 2502 2673 quo
2536 2620 2600 2656 se
2631 2604 2981 2657 tradendum
3011 2619 3150 2658 esse
3178 2603 3508 2672 prae-scivit,

1847 2692 1963 2746 imo
1986 2692 2180 2761 ipsum
2213 2692 2594 2747 sanctissimo
2611 2707 2762 2763 pane
2786 2693 3036 2762 cibavit;
3069 2693 3510 2746 Pharisaeorum

1847 2781 2150 2835 ministros
2184 2783 2456 2852 potentiae
2489 2799 2616 2836 suae
2648 2783 2829 2836 verbo
2845 2783 3020 2851 elisit,
3047 2781 3360 2836 confestim
3383 2797 3512 2837 eos-

1847 2868 1978 2922 dem
1997 2870 2281 2941 erigendo
2301 2871 2530 2924 sanavit
2553 2888 2564 2925 :
2585 2876 2660 2939 et,
2695 2871 2852 2941 quod
2874 2887 3104 2942 magnae
3126 2870 3408 2925 bonitatis
3428 2871 3514 2923 iu-

1847 2958 2020 3029 signe
2042 2963 2153 3027 est,
2189 2975 2340 3029 quos
2375 2960 2634 3030 quotidie
2667 2960 2958 3014 mandatis
2991 2960 3338 3014 coelestibus
3369 2976 3509 3030 per-

1845 3047 2022 3101 tinaci
2054 3049 2248 3101 animo
2281 3049 2469 3101 cernit
2516 3050 2825 3117 resistere,
2861 3065 2966 3103 eos
3012 3050 3072 3101 in
3105 3048 3252 3101 coelo
3284 3047 3506 3102 sedens

1845 3136 2036 3189 adhuc
2059 3137 2275 3206 patitur
2302 3136 2523 3204 vivere,
2550 3136 2665 3189 imo
2690 3137 2962 3190 humanis
2991 3137 3174 3191 rebus
3186 3136 3509 3207 plusquam

1846 3228 2097 3279 caeteros
2115 3227 2419 3294 praestare.
2436 3225 3089 3296 Quapropterquoniam
3103 3226 3509 3295 exemplorum

1844 3315 2003 3369 illius
2026 3314 2278 3368 devotus
2301 3315 2471 3383 cupio
2495 3315 2750 3369 imitator
2778 3316 3055 3381 existere,
3077 3313 3296 3368 oblitus
3313 3314 3514 3368 incen-

1845 3404 1938 3457 dia
1969 3404 2242 3471 civitatis,
2283 3403 2681 3457 innocentium
2713 3404 2931 3471 caedes,
2967 3404 3205 3472 oblitus,
3243 3403 3505 3474 inquam,

1845 3509 1976 3562 quae
2009 3492 2068 3546 in
2091 3509 2180 3546 me
2214 3495 2340 3547 acta
2372 3497 2463 3546 est
2493 3493 2810 3562 praeteritae
2830 3493 3177 3562 impietatis;
3199 3493 3354 3546 sicut
3377 3493 3507 3562 ipse

1841 3583 2075 3635 Patrem
2100 3597 2206 3651 pro
2221 3583 2349 3635 suis
2364 3583 2843 3650 crucifixoribus,
2870 3583 2942 3636 ita
2965 3598 3077 3654 ego
3099 3597 3204 3652 pro
3223 3583 3374 3636 meis
3393 3585 3511 3636 tor-

1841 3670 2072 3724 toribus
2102 3672 2299 3741 ipsum
2320 3671 2727 3740 interpellabo.
2747 3669 2964 3725 Ati‘erte
2987 3687 3133 3743 ergo
3155 3687 3364 3741 panem
3392 3675 3508 3725 sta-

1840 3759 1942 3812 tim
1991 3759 2164 3814 vobis
2198 3761 2557 3815 reddendum
2588 3761 2927 3829 salutarem,
2969 3765 3259 3831 quatenus
3293 3776 3367 3814 ex
3398 3760 3511 3815 hoc

1843 3849 2068 3917 refecti,
2093 3853 2148 3902 et
2165 3849 2378 3919 cupita:
2402 3851 2610 3904 salutis
2636 3851 2988 3904 beneficium
3013 3849 3225 3918 adepti,
3260 3853 3358 3904 aut
3379 3866 3512 3920 gra-

1843 3937 1954 3991 tias
1977 3936 2266 3991 Salvatori
2299 3938 2578 4007 reddatis,
2606 3943 2702 3992 aut
2723 3939 3139 3993 sceleratiores
3178 3937 3509 4007 blasphemi

1845 4026 2220 4079 remanentis.
2252 4049 2272 4071 ιι
2302 4025 2370 4078 Ει
2400 4026 2532 4080 dato
2551 4027 2826 4080 omnibus
2857 4043 3053 4096 panea
3078 4043 3144 4080 se
3173 4027 3505 4096 benedieto,

1843 4129 2049 4168 omnes
2081 4114 2152 4168 de
2185 4114 2402 4168 exitiali
2436 4114 2707 4168 liberavit
2738 4115 2922 4168 clade.

1914 4203 2000 4256 10.
2027 4201 2205 4267 Quam
2236 4204 2298 4255 in
2342 4219 2469 4257 eum
2491 4204 2736 4274 ingrati.
2765 4204 2817 4257 Α
2851 4201 3084 4256 diabolo
3113 4202 3403 4257 illuditur.
3438 4233 3508 4242 —

1841 4290 2102 4362 Cumque
2136 4291 2367 4344 sanitati
2412 4292 2620 4345 redditi
2654 4296 2877 4360 essent,
2915 4291 3211 4360 principes
3255 4294 3506 4360 quatuor

1842 4382 2121 4450 episcopo
2170 4382 2400 4434 mittunt
2434 4398 2446 4434 :
2483 4385 2536 4435 et
2581 4380 2768 4449 primo
2806 4380 3043 4450 quidem
3082 4395 3188 4448 pro
3234 4379 3504 4449 impenso

1842 4470 2131 4525 beneﬁcio
2169 4472 2391 4541 gratias
2426 4473 2608 4543 agunt
2643 4485 2655 4524 :
2693 4469 2902 4523 deinde
2927 4469 2976 4523 si
3001 4469 3118 4522 vita
3151 4472 3207 4523 et
3237 4467 3505 4522 libertate

115 4563 195 4603 nec
219 4553 357 4610 laudi
384 4559 724 4628 ascribitur,
759 4559 1044 4630 quidquid
1092 4561 1150 4612 in
1194 4562 1494 4631 simplices
1529 4567 1585 4616 et
1615 4564 1726 4616 mi-
1749 4525 1808 4592 Β
1845 4560 1982 4614 velit
2018 4560 2222 4630 potiri,
2250 4559 2355 4612 tria
2384 4559 2562 4612 millia
2607 4573 2936 4611 marcarum
2965 4560 3026 4611 ut
3045 4556 3347 4626 persolvat
3375 4556 3504 4609 exi-

115 4639 182 4691 les
207 4641 456 4700 bellando
491 4648 831 4702 admittitur.
869 4649 955 4703 En
987 4665 1096 4715 me,
1131 4654 1230 4721 qui
1262 4653 1482 4705 vestrae
1514 4653 1727 4721 impie-

117 4728 218 4782 tatis
245 4734 472 4789 crimina
509 4736 696 4790 libero
743 4753 982 4807 semper
1011 4755 1114 4792 ore
1166 4740 1492 4810 castigavi;
1526 4757 1597 4793 en
1629 4742 1729 4812 qui

117 4819 331 4884 captivos
362 4829 416 4877 et
446 4841 479 4878 a
511 4825 685 4879 vobis
706 4827 977 4880 multatos
1014 4829 1169 4897 pavi,
1194 4829 1432 4898 vestivi,
1469 4830 1730 4900 redemi;

119 4901 158 4954 in
183 4921 256 4962 me
283 4916 473 4966 vestra
512 4913 709 4984 potius
742 4915 827 4968 ira
858 4915 1162 4971 desmviat.
1201 4941 1222 4964 »ι

168 4991 209 5046 9.
245 4997 301 5052 S.
349 5001 654 5072 Elphegus
689 5005 960 5073 captivus
990 5003 1052 5058 in
1095 5020 1404 5060 carcerem
1440 5007 1726 5062 truditur.

118 5076 234 5150 Ejus
256 5087 310 5139 in
331 5098 755 5159 persecutores
785 5092 1073 5149 Charitas.
1103 5095 1322 5150 —Mox
1343 5097 1539 5167 itaque
1566 5097 1729 5166 capi-

120 5169 203 5237 tur,
230 5178 278 5227 et
303 5177 617 5250 intercepto
653 5181 923 5236 manibus
965 5187 1225 5256 gutture,
1280 5201 1396 5240 vox
1430 5187 1729 5256 loquentis

173 5383 232 5472 (:7)
262 5392 412 5470 Apud
437 5393 782 5472 Bo_llandu_m
801 5395 1077 5472 adjicitur
1091 5401 1362 5472 sanctum
1397 5399 1726 5472 Elphegum

123 5465 241 5537 suos
257 5465 406 5537 cives
437 5465 758 5534 episcopali
808 5465 1220 5524 benedictione
1253 5474 1309 5523 et
1339 5465 1528 5526 sacrae
1562 5465 1724 5526 com-

125 5533 366 5605 lnunionis
394 5533 832 5605 participatione
862 5539 936 5592 ad
959 5540 1110 5595 hanc
1141 5541 1510 5596 obsidionem
1545 5544 1723 5597 susti-

123 5599 322 5677 nendam
349 5599 736 5677 praeparasse.

174 5668 488 5737 (Simia—tuor
504 5681 727 5733 tantum
757 5682 1083 5738 monachos
1117 5699 1184 5738 ac
1215 5684 1379 5739 viros
1412 5685 1721 5758 octingen-

1843 4653 2009 4722 gunt.
2025 4649 2187 4714 Quod
2212 4665 2344 4703 cum
2367 4649 2463 4702 ille
2480 4649 2677 4702 facere
2704 4649 2998 4713 renueret,
3016 4661 3148 4700 eum
3172 4645 3505 4716 ligaverunt

1842 4743 1897 4793 et
1921 4737 2196 4792 inauditis
2218 4740 2640 4792 tormentorum
2673 4735 3105 4806 quaestionibus
3128 4734 3222 4788 die
3240 4732 3504 4786 Domini-

1843 4844 1932 4882 cae
1955 4827 2412 4882 resurrectionis
2434 4826 2788 4898 afﬂigentes,
2824 4825 2880 4877 in
2907 4837 3208 4877 carcerem
3236 4823 3504 4875 retruse-

1843 4917 2266 4987 runt.(‘.umque
2286 4917 2342 4968 in
2357 4917 2630 4969 omnibus
2654 4913 2967 4968 bislaudes
2992 4912 3111 4965 Deo
3129 4913 3504 4982 ageret,ecce

1842 5005 2108 5076 apparuit
2131 5005 2184 5059 ei
2207 5005 2451 5074 spiritus
2478 5004 2772 5074 malignus
2804 5002 2861 5056 in
2883 4999 3084 5071 specie
3105 4999 3321 5070 angeli,
3348 5016 3506 5054 men-

1844 5095 2101 5165 titurque
2131 5093 2202 5149 de
2235 5094 2513 5164 supernis
2537 5093 2781 5148 sedibus
2813 5106 2879 5145 se
2911 5089 3286 5159 destinatum,
3310 5091 3505 5160 quate-

1841 5200 1956 5238 nus
1976 5183 2139 5237 illum
2158 5183 2230 5238 ad
2253 5199 2624 5238 communem
2644 5181 2836 5254 gentis
2860 5180 3110 5233 salutem
3129 5178 3200 5233 de
3224 5177 3501 5250 squalore

1839 5405 1930 5456 tos
1963 5403 2023 5456 in
2054 5401 2211 5456 tanto
2235 5399 2463 5454 excidio
2496 5400 2744 5452 mortem
2776 5394 3046 5449 evasisse
3087 5394 3270 5448 refert
3299 5395 3504 5448 auctor

1838 5474 1990 5543 apud
2026 5471 2370 5527 Bollandum
2396 5485 2552 5544 num.
2706 5481 2876 5544 quem
2911 5465 3004 5544 alii
3043 5464 3272 5544 Anglici
3305 5465 3500 5544 scrip:

1838 5536 1999 5598 tores
2032 5545 2380 5614 sequuntur.
2418 5536 2915 5614 Viideiliogerium
2955 5536 3366 5614 de‘lioveden,
3390 5536 3501 5614 qui

1837 5617 1916 5669 ait
1965 5608 2227 5668 Ailmaro
2276 5612 2470 5666 abbati
2538 5608 2735 5664 Sancti
2787 5608 3103 5680 Augustini
3153 5609 3498 5678 potestatem

1838 5688 2047 5741 factam
2082 5686 2273 5740 fuisse
2296 5681 2569 5738 abeundi.
