3978 6178
520 312 636 384 383

1457 318 1823 383 OSBERNI
1854 314 2252 382 MONACHI
2287 304 2999 383 CANTUARIENSIS.

3832 322 3930 390 384

522 521 782 577 carceris
805 521 1033 577 educat.
1067 521 1193 575 Nec
1230 522 1508 575 vereatur
1537 519 1739 591 ignavi
1767 519 1968 573 militis
2000 535 2180 574 voca-
2218 505 2255 566 ἃ
2294 519 2470 574 horas
2502 519 2742 591 injecto,
2777 519 3273 591 carcerisjanuas
3305 520 3613 575 claudunt.
3644 520 3929 578 Transacta

517 610 659 666 bulo
688 612 898 680 notari,
928 626 1061 665 cum
1083 625 1275 681 neque
1299 609 1779 677 Petrohumilior,
1796 624 1987 679 neque
2006 607 2186 662 Paulo

525 703 693 755 esset
723 701 1030 754 robustior
1067 716 1078 753 :
1110 715 1361 769 quorum
1392 699 1637 752 alterum
1672 702 1875 768 sporta
1907 698 2183 765 contexit,

519 788 773 842 alterum
803 804 948 844 vero
989 787 1273 843 carcerali
1316 788 1571 842 stridore
1593 791 1899 858 gravatum
1936 787 2184 857 angelus

519 875 794 929 absolvit.
811 875 1085 931 Christus
1107 892 1360 947 quoque,
1378 881 1438 931 ut
1460 876 1840 946 lapidantium
1862 891 2071 930 manus
2094 876 2183 929 ef-

520 962 788 1034 fugeret,
844 964 914 1018 de
953 966 1169 1034 templo
1205 965 1414 1034 exivit,
1467 967 1524 1020 et
1578 964 1844 1036 fugiendi
1890 964 2184 1018 licentiam

520 1052 869 1124 evangelico
900 1056 1196 1123 praecepto
1229 1054 1358 1107 suis
1390 1053 1707 1107 mandavit.
1758 1053 1865 1106 His
1910 1053 2008 1107 ille
2048 1069 2184 1107 ser-

518 1141 797 1195 monibus
812 1142 991 1195 veluti
1013 1142 1331 1213 unguentis
1355 1142 1672 1209 delibutus,
1694 1156 1992 1195 carcerem
2013 1157 2187 1212 egre-

518 1228 677 1282 ditur
704 1229 865 1283 illum
895 1245 1177 1300 sequens.
1210 1230 1490 1284 Pluribus
1513 1232 1710 1285 autem
1732 1245 2018 1300 aquarum
2042 1230 2185 1284 allu-

517 1317 797 1372 vionibus
829 1333 934 1388 per
954 1319 1247 1373 obscuras
1267 1319 1458 1373 noctis
1490 1319 1732 1373 umbras
1764 1319 2182 1386 transvadatis,

516 1410 758 1476 repente
790 1406 1086 1478 malignus
1134 1406 1441 1469 disparuit.
1478 1407 1642 1461 Tunc
1692 1410 1959 1475 sanctus,
1996 1409 2183 1477 pesti-

517 1494 628 1549 feri
659 1495 923 1549 ductoris
955 1495 1261 1549 machinas
1286 1496 1646 1566 intelligens,
1683 1511 1758 1549 ex
1788 1496 1904 1549 imo
1927 1496 2186 1564 pectoris

516 1583 781 1638 dolorem
804 1584 1280 1651 attraxit,mediis
1300 1600 1365 1637 se
1386 1584 1705 1654 paludibus
1726 1583 2185 1653 injectans,cum

516 1672 772 1725 maximo
794 1672 933 1726 fletu
956 1671 1626 1743 Salvatoremimplorat,
1662 1672 1866 1726 dicens
1892 1688 1903 1726 :
1933 1696 1953 1719 α
1981 1673 2028 1727 0
2049 1674 2183 1727 vitm

516 1759 705 1829 dator,
740 1776 773 1814 ο
806 1761 1011 1830 stirpis
1059 1761 1204 1814 Adae
1255 1762 1428 1816 unice
1474 1761 1809 1826 miserator,
1842 1777 1948 1815 cur
1976 1776 2183 1815 senem

515 1863 608 1902 me
640 1852 737 1902 tua
767 1849 954 1919 gratia
984 1849 1267 1916 destituit,
1304 1866 1477 1920 quem
1509 1850 1567 1902 in
1597 1849 1803 1903 ﬂorida
1835 1852 2004 1904 aetate
2037 1866 2183 1904 nun-
2212 1877 2257 1936 Β

517 1953 693 2008 quam
714 1939 1034 1992 destituere
1067 1940 1424 1993 consuevit?
1455 1939 1682 1992 Tandiu
1715 1940 2187 1994 misericorditer

516 2029 847 2096 servatum,
895 2026 955 2081 in
999 2030 1264 2081 extremo
1314 2029 1535 2098 pateris
1586 2028 1783 2097 perire
1825 2026 2181 2108 ‘abjectum!

516 2112 760 2179 Quoties
790 2116 847 2170 te
894 2115 953 2169 in
985 2109 1168 2186 hujus
1199 2116 1336 2170 vitae
1368 2116 1680 2188 naufragio
1711 2117 2065 2171 salvatorem
2098 2118 2185 2171 in-

516 2202 702 2257 veni?
733 2202 1022 2274 Experiar
1049 2220 1225 2273 nunc,
1260 2220 1488 2276 quasso,
1521 2205 1953 2259 consolatorem
1984 2205 2043 2259 in
2076 2205 2185 2260 hac

518 2291 810 2347 dmmonis
842 2293 1143 2363 illusione,
1176 2293 1414 2365 adjutor
1461 2295 1519 2348 in
1550 2294 2102 2365 opportunitatibus,
2126 2295 2185 2349 in

514 2381 914 2436 tribulatione.
965 2382 1263 2438 Carcer'a
1313 2388 1503 2455 tergo,
1559 2400 1591 2436 a
1640 2383 1829 2437 fronte
1859 2384 2095 2452 ﬂumen,
2129 2384 2185 2437 in

517 2485 728 2541 gyrum
759 2467 1022 2526 tenebrae
1053 2476 1260 2526 auctor
1290 2471 1696 2542 earumjuxta,
1726 2471 2032 2544 Elphegus
2063 2488 2183 2526 om-

514 2558 694 2612 nibus
743 2560 1024 2613 aerumnis
1073 2560 1364 2615 inclusus.
1417 2561 1549 2615 Tibi
1597 2561 1711 2616 soli
1744 2560 2062 2617 derelictus
2093 2565 2185 2616 est

513 2660 760 2717 pauper,
794 2646 1014 2717 pupillo
1046 2650 1108 2702 tu
1138 2648 1260 2703 eris
1291 2648 1549 2718 adjutor.
1588 2669 1610 2699 ι

587 2750 676 2806 11.
725 2751 1056 2807 Reducitur
1104 2754 1179 2808 ab
1227 2754 1456 2825 angelo.
1489 2785 1559 2794 —
1592 2756 1701 2809 His
1751 2757 1808 2810 et
1838 2755 2183 2826 hujusmodi

513 2839 747 2895 divinas
776 2856 953 2895 aures
982 2842 1279 2912 appellare
1310 2858 1427 2897 non
1468 2846 1707 2914 cessat;
1741 2846 1797 2899 et
1826 2860 1967 2899 ecce
1997 2860 2183 2914 appa-

515 2928 633 2983 ruit
660 2929 714 2983 ei
734 2928 982 3000 juvenis
1013 2946 1194 2985 aureo
1226 2931 1544 3001 splendore
1574 2932 1845 3003 amictus,
1880 2932 2062 2987 divini
2095 2934 2181 2987 si-

513 3016 756 3089 gnaculi
786 3018 1004 3074 vexilla
1053 3018 1385 3089 praeferens
1410 3061 1425 3090 ,
1473 3023 1531 3076 et
1574 3020 1718 3075 dixit
1752 3036 1764 3076 :
1804 3044 1825 3067 «
1857 3021 1981 3087 Quo
2010 3025 2066 3075 te
2099 3021 2181 3077 tui

512 3106 852 3163 distrahunt
873 3108 1096 3176 pedes?
1125 3124 1241 3179 quo
1264 3109 1516 3179 impetus
1538 3109 1699 3181 fugae
1720 3111 1749 3164 ‘?
1780 3125 1895 3181 quo
1913 3110 2181 3164 ductoris

2294 608 2474 679 igitur
2502 624 2717 679 magna
2761 611 2955 663 noctis
3004 613 3192 680 parte,
3248 609 3430 679 coepit
3460 609 3676 663 domus
3707 611 3933 665 cmlcslis

2295 698 2500 768 gratim
2536 698 2907 768 participium
2944 698 3273 767 suscipere,
3310 701 3555 752 aeternae
3587 698 3719 751 vitae
3748 699 3928 755 odora-

2299 788 2491 840 menta
2506 786 2752 856 spirare,
2768 786 3019 856 hymnos
3039 786 3333 840 mellilluis
3352 789 3700 841 sanctorum
3715 789 3921 842 vocibus

2294 890 2526 928 sonare.
2556 874 2716 940 Quos
2739 875 2950 929 beatus
2974 874 3281 947 Elphegus
3304 875 3576 943 intuitus,
3605 891 3735 928 cum
3754 891 3913 947 magna

2293 963 2491 1017 cordis
2510 964 2709 1017 laetitia
2733 963 3102 1018 Dunstanum
3124 964 3421 1035 quondam
3446 964 3917 1033 archiepiscoPum

2292 1051 2455 1105 vultu
2487 1056 2543 1106 et
2592 1056 2759 1106 veste
2809 1052 3160 1123 gloriosum,
3214 1052 3514 1122 conspicit
3562 1053 3922 1117 assistentem,

2288 1141 2711 1211 protensisque
2736 1141 2807 1193 ad
2838 1141 2999 1194 illum
3026 1140 3298 1195 manibus
3329 1142 3408 1194 ita
3443 1140 3736 1195 dicentem
3764 1158 3775 1195 :
3809 1164 3827 1189 ι
3850 1143 3918 1194 Ad

2287 1230 2363 1297 te,
2398 1229 2602 1282 aeterni
2634 1230 2818 1301 Regis
2869 1229 3261 1283 invictissime
3309 1230 3511 1298 miles,
3565 1230 3635 1282 ad
3680 1234 3732 1283 te
3758 1232 3925 1284 nostro

2289 1316 2696 1372 honorandum
2732 1318 3022 1389 obsequio
3053 1318 3346 1388 venimus,
3399 1317 3583 1371 missi
3626 1318 3696 1372 ab
3729 1317 3816 1372 illo
3841 1320 3919 1389 qui

2288 1405 2393 1459 tibi
2424 1409 2479 1460 et
2511 1406 2817 1461 victoriam
2848 1406 3121 1477 praestitit
3152 1407 3223 1460 de
3254 1406 3521 1475 inimico,
3559 1409 3616 1460 et
3646 1406 3919 1477 sempiter-

2289 1510 2422 1548 nam
2456 1510 2733 1548 coronam
2763 1496 3119 1566 prmparavit
3143 1497 3201 1549 in
3223 1496 3394 1550 coelo.
3425 1494 3537 1565 En,
3571 1511 3806 1567 quorum
3825 1495 3920 1549 col-

2288 1583 2442 1654 legio
2489 1586 2622 1653 post
2671 1586 2920 1639 mortem
2968 1585 3165 1638 carnis
3217 1585 3274 1637 in
3319 1587 3677 1655 perpetuum
3720 1584 3922 1643 frueris,

2289 1672 2451 1726 cives
2501 1673 2833 1726 Jerusalem
2870 1673 3127 1726 caelestis
3171 1688 3238 1725 ac
3288 1672 3605 1726 domestici
3641 1672 3739 1726 Dei
3764 1714 3776 1739 ,
3804 1672 3848 1725 si
3872 1687 3923 1725 ea

2288 1777 2420 1832 quas
2453 1761 2667 1815 desunt
2699 1761 3049 1831 passionum
3091 1761 3314 1815 Christi
3336 1777 3545 1816 amore
3570 1761 3629 1814 in
3660 1776 3818 1814 carne
3845 1766 3920 1812 tua

2289 1850 2575 1919 patienter
2601 1849 2999 1920 suppleveris.
3022 1849 3291 1903 Vidimus
3325 1864 3587 1920 namque
3612 1846 3920 1918 multiplices

2290 1938 2457 1991 urbis
2497 1937 2755 2006 labores,
2791 1937 3182 1992 ecclesiarum
3231 1938 3531 2006 incendia,
3568 1937 3805 1990 filiorum
3831 1950 3914 1988 ne~

2290 2041 2413 2095 ces,
2446 2029 2543 2079 tua
2574 2042 2707 2079 cum
2740 2024 2995 2079 vinculis
3044 2026 3383 2095 opprobria,
3442 2030 3499 2079 et
3532 2028 3666 2095 post
3694 2025 3916 2093 impensa

2286 2114 2595 2182 beneficia,
2630 2114 2923 2183 duplicata
2945 2117 3252 2168 tormenta.
3284 2113 3453 2178 Quod
3490 2129 3635 2184 ergo
3668 2111 3917 2180 reliquum

2288 2207 2379 2257 est
2411 2202 2657 2257 Deitatis
2689 2203 2944 2271 potentia
2976 2201 3228 2257 vallatus
3270 2201 3469 2257 libens
3502 2202 3726 2271 excipe,
3751 2199 3917 2253 sciens

2286 2306 2403 2345 non
2436 2306 2574 2345 esse
2607 2291 2936 2363 condignas
2976 2291 3292 2360 passiones
3342 2291 3533 2363 hujus
3576 2288 3833 2359 temporis
3859 2286 3915 2338 ad

2286 2382 2777 2450 superventuram
2823 2378 3108 2451 gloriam,
3165 2396 3298 2451 quae
3352 2379 3716 2433 revelabitur
3765 2377 3814 2429 in
3854 2378 3910 2427 te.

2287 2468 2456 2522 Unus
2508 2484 2759 2538 namque
2798 2467 2927 2522 dies
2978 2468 3051 2521 ad
3102 2469 3462 2539 supplicium
3487 2510 3501 2538 ,
3544 2467 3649 2521 sed
3689 2464 3837 2536 jugis
3861 2477 3911 2515 ac

2286 2558 2684 2626 sempiternus
2716 2558 2825 2611 erit
2857 2556 2928 2611 ad
2959 2557 3286 2625 praemium.
3317 2581 3339 2605 ι»

2358 2662 2443 2718 13.
2478 2663 2699 2718 Iterum
2735 2668 2926 2717 tortus
2940 2664 3144 2718 securi
3153 2664 3519 2734 percutitur.
3553 2691 3620 2701 -—
3644 2661 3783 2713 Inter
3808 2658 3906 2711 haec

2285 2753 2555 2807 laxantur
2572 2752 2891 2821 vineula,et
2908 2753 3136 2823 integre
3159 2768 3366 2806 omnes
3383 2751 3657 2821 corporis
3669 2751 3906 2802 sanantur

2285 2842 2478 2913 plagae
2504 2857 2514 2896 :
2542 2840 2848 2912 Elphegus
2874 2841 3135 2910 psallens
3156 2856 3287 2894 eum
3310 2839 3724 2909 psallentibus,
3746 2834 3904 2889 exsul-

2286 2933 2417 2985 tans
2450 2946 2581 2984 cum
2612 2929 3046 2984 exsultantibus
3078 2929 3313 2983 incedit.
3359 2929 3535 2984 Mane
3566 2932 3746 2981 autem
3766 2924 3902 2987 tacto,

2288 3034 2421 3073 cum
2449 3022 2806 3073 armatorum
2840 3034 3012 3072 manu
3054 3033 3170 3072 non
3212 3034 3395 3087 parva
3428 3018 3502 3072 de
3535 3029 3762 3072 carcere
3789 3011 3902 3064 edu-

2287 3108 2456 3177 citur,
2488 3111 2543 3161 et
2564 3106 3090 3178 superjumentum
3114 3107 3369 3177 positus,
3404 3107 3477 3160 ad
3506 3105 3779 3177 judicium
3797 3113 3905 3169 per-

512 3192 782 3251 invidia?
812 3196 1045 3251 Siccine
1077 3198 1191 3252 itur
1243 3198 1315 3252 ad
1366 3214 1648 3253 coronam
1678 3198 1960 3271 fugiendo
1993 3203 2178 3253 certa-
2208 3196 2551 3298 ‘Otrahitur.
2608 3195 2894 3250 Dixerunt
2942 3199 3131 3250 autem
3173 3196 3227 3249 ci
3270 3212 3282 3250 :
3331 3218 3352 3246 ι
3394 3195 3574 3252 Solve
3597 3187 3804 3254 aurum,
3830 3188 3903 3239 aut

510 3284 689 3339 minis
720 3286 936 3340 luctam
958 3288 985 3341 ‘?
1032 3288 1147 3340 Aut
1186 3287 1478 3357 quomodo
1509 3291 1703 3357 potest
1732 3289 1936 3342 bravio
1967 3288 2176 3358 palmae

511 3373 768 3444 fulgere,
804 3375 903 3444 qui
928 3375 1213 3429 currendi
1234 3378 1419 3430 metas
1453 3376 1512 3430 in
1543 3376 1739 3430 studio
1762 3376 1948 3431 noluit
1968 3392 2179 3446 appre-

510 3458 771 3515 hendere
792 3462 819 3516 ?
854 3485 876 3510 »ι
910 3462 1019 3517 Cui
1049 3479 1183 3517 cum
1214 3463 1517 3518 retulisset
1539 3464 1825 3518 sacerdos
1850 3481 1966 3519 non
1998 3480 2065 3519 se
2088 3465 2177 3519 fu-

511 3563 679 3618 gere,
713 3549 821 3603 sed
850 3549 1034 3603 divini
1066 3550 1141 3619 (9)
1173 3551 1358 3604 nuntii
1383 3551 1628 3621 imperio
1650 3553 1925 3621 paruisse
1953 3570 1964 3607 :
1994 3575 2015 3599 α
2043 3554 2176 3607 Νοη

512 3635 648 3700 hoc,
679 3637 759 3691 ait
790 3637 907 3704 ille,
957 3637 1289 3692 Divinitatis
1322 3640 1632 3709 imperium
1666 3640 1792 3709 fuit,
1829 3642 1936 3695 sed
1966 3642 2179 3695 diabo-

511 3723 644 3778 licae
693 3725 1077 3797 malignitatis
1115 3731 1547 3794 commentum;
1590 3745 1699 3782 nec
1732 3732 1847 3783 tam
1893 3734 1948 3784 te
1981 3731 2079 3785 ille
2111 3730 2183 3784 de

513 3827 755 3868 carcere
787 3814 1070 3884 educere,
1122 3831 1297 3886 quam
1338 3819 1505 3871 extra
1535 3832 1834 3873 carcerem
1865 3818 2047 3873 voluit
2078 3835 2179 3875 se-

511 3901 749 3957 ducere.
786 3904 975 3975 Urget
1015 3919 1267 3975 namque
1318 3905 1481 3959 illum
1531 3906 1850 3976 praeteritae
1896 3907 2032 3962 vitae
2064 3912 2178 3963 tuae

508 3990 606 4061 pia
636 3992 917 4061 operatio,
942 3997 997 4047 et
1018 3993 1269 4048 iutantis
1286 3993 1767 4050 tribulationibus
1786 3997 2178 4067 praesenstibi

512 4094 751 4150 semper
771 4081 960 4135 sancti
993 4082 1249 4151 Spiritus
1274 4083 1630 4139 consolatio:
1657 4084 1833 4156 cujus
1855 4086 2177 4155 praesentia

512 4168 788 4223 omnibus
829 4171 1219 4224 constantiam
1252 4171 1447 4238 donat,
1483 4173 1809 4226 constantia
1842 4174 2173 4243 victoriam,

508 4256 755 4311 victoria
786 4257 1056 4328 gloriam.
1082 4259 1227 4313 Redi
1252 4274 1397 4331 ergo
1415 4260 1485 4313 ad
1509 4260 1704 4315 locum
1726 4262 1969 4316 amissae
2003 4278 2177 4317 coro-

508 4360 621 4413 nm,
654 4345 889 4400 coalitus
938 4347 1043 4402 tibi
1091 4347 1428 4417 deputatum
1453 4390 1467 4417 ,
1505 4350 1767 4404 sciturus
1807 4351 1964 4421 quod
1996 4354 2051 4405 te
2084 4352 2178 4407 die

508 4434 768 4488 crastino
817 4435 991 4488 Pater
1039 4435 1451 4490 honoriﬁcabit
1501 4438 1555 4490 in
1590 4438 1771 4506 coelo,
1822 4438 2044 4493 honore
2077 4439 2177 4493 illo

505 4522 784 4591 maximo,
817 4525 879 4576 ut
909 4522 968 4577 in
1000 4526 1284 4578 mternum
1317 4524 1406 4578 sis
1436 4541 1570 4579 cum
1601 4525 1735 4596 ejus
1766 4525 1935 4580 Filio.
1975 4548 1997 4576 ι

579 4566 784 4591 -........,
821 4566 879 4576 ...
909 4566 968 4577 ...
1000 4566 1284 4578 κωκυ...
1317 4566 1406 4578 ...υ
1437 4566 1570 4579 νυ...
1601 4566 1735 4596 ej..-
1767 4566 1788 4578 .
1814 4566 1935 4580 ...κη
1975 4566 1996 4576 -

579 4610 666 4665 12.
696 4610 908 4665 Yortus
936 4611 997 4664 in
1030 4628 1277 4667 carcere
1306 4613 1588 4667 visitatur
1614 4629 1645 4667 a
1672 4614 1733 4668 S.
1760 4614 2084 4670 Dunstano.
2108 4566 2261 4659 —b

507 4698 816 4771 Elphegus
836 4699 1021 4771 igitur
1041 4700 1112 4753 ad
1147 4701 1341 4754 locum
1359 4702 1700 4757 certaminis
1730 4703 1803 4757 ab
1834 4703 2048 4775 angelo
2078 4719 2175 4758 re-

506 4788 957 4858 vocatus,laetus
979 4788 1367 4859 exspectabat
1402 4790 1609 4845 horam
1640 4806 1753 4861 qua
1784 4807 1817 4844 a
1849 4791 1967 4846 Deo
2000 4807 2173 4847 coro-

507 4892 642 4932 nam
672 4877 1026 4948 perciperet.
1051 4877 1163 4932 Sed
1187 4894 1320 4932 cum
1341 4894 1528 4950 prope
1554 4880 1773 4935 fuisset
1794 4882 1855 4934 ut
1874 4896 2174 4936 carcerem

500 4963 627 5035 jam
668 4966 930 5034 intraret,
980 4967 1453 5037 comprehensus
1502 4984 1536 5021 a
1584 4969 1930 5023 carnificum
1975 4970 2166 5039 turba,

506 5053 703 5124 plagis
750 5054 1008 5110 afficitur
1053 5056 1333 5110 maximis
1370 5057 1654 5128 :insuper
1684 5059 1928 5113 cerebro
1962 5057 2170 5128 capitis

508 5140 743 5209 violato,
779 5144 1105 5199 semivivus
1138 5145 1195 5199 in
1228 5147 1528 5218 ergastulo
1561 5147 1909 5216 recluditur;
1945 5148 2045 5202 ubi
2074 5163 2169 5201 ac-

510 5244 691 5283 censo
714 5230 866 5298 foco,
893 5236 948 5287 et
965 5235 1248 5305 quidquid
1272 5235 1688 5290 fetidissimum
1712 5236 1935 5290 fumum
1960 5236 2046 5291 vel
2074 5251 2174 5307 ge-

509 5321 760 5387 neraret,
795 5321 885 5374 vel
924 5328 1267 5392 generatum
1313 5322 1558 5393 foveret,
1612 5340 1718 5395 per
1745 5324 2016 5395 singulas
2048 5325 2162 5379 diei

580 5510 817 5592 Jam
846 5516 1124 5592 superius
1157 5516 1463 5592 Elphegus
1494 5520 1710 5575 dicitur
1758 5517 2007 5592 insidias
2036 5517 2163 5592 dia-

504 5584 628 5661 boli
656 5584 1045 5661 intellexisse,
1070 5587 1199 5642 hac
1228 5584 1423 5646 tamén
1444 5592 1618 5647 etiam
1648 5590 1803 5661 apud
1823 5589 2169 5645 Bollandum

508 5655 714 5711 eodem
746 5656 918 5711 modo
951 5655 1308 5715 referuntur.

579 5726 690 5798 (10)
740 5727 805 5783 Id
868 5725 1090 5784 fecisse
1131 5730 1346 5787 dicitur
1392 5734 1545 5804 apud
1589 5732 1935 5789 Bollandum
1988 5734 2168 5806 impia

2284 3286 2501 3340 mundo
2532 3285 2706 3339 hodie
2747 3285 2868 3339 eris
2914 3286 3338 3356 spectaculum.
3379 3309 3399 3334 υ
3438 3285 3513 3340 Et
3542 3285 3634 3338 ille
3667 3304 3689 3332 ι
3721 3283 3901 3333 Aurum

2286 3374 2458 3429 vobis
2488 3374 2704 3428 divinae
2727 3375 3034 3444 sapientiae
3053 3390 3339 3445 propono,
3367 3378 3448 3443 ut,
3484 3374 3678 3428 relicta
3696 3365 3902 3421 vanitate

2286 3479 2460 3534 quam
2488 3462 2755 3534 diligitis,
2782 3463 2854 3516 ad
2886 3478 3063 3517 unum
3096 3463 3295 3518 vivum
3319 3467 3371 3516 et
3399 3478 3606 3517 verum
3630 3460 3791 3512 Deum
3810 3458 3901 3505 stu-

2286 3553 2445 3606 dium
2479 3551 2862 3606 convertatis.
2896 3550 3063 3615 Quod
3094 3551 3145 3606 si
3188 3552 3507 3606 consilium
3540 3549 3667 3615 Dei,
3714 3559 3804 3614 per
3830 3552 3897 3591 me

2287 3641 2459 3695 vobis
2508 3640 2934 3709 annuntiatum,
2982 3640 3274 3694 obstinata
3326 3644 3524 3694 mente
3577 3628 3894 3706 spreveritis,

2285 3729 2509 3801 pejoris
2528 3729 2797 3799 profecto
2827 3744 3003 3799 quam
3033 3728 3288 3783 Sodoma
3308 3732 3499 3782 morte
3516 3722 3786 3798 peribitis,
3812 3729 3891 3769 nec

2284 3819 2342 3871 in
2375 3818 2484 3871 hac
2513 3821 2673 3872 terra
2722 3817 2780 3871 in
2812 3821 3159 3887 perpetuum
3211 3816 3443 3871 radices
3476 3815 3683 3888 agetis.
3719 3834 3737 3856 ιι
3769 3806 3890 3859 Τυηο

2286 3906 2499 3961 diaboli
2535 3905 2820 3961 satellites
2853 3905 2912 3960 in
2944 3905 3107 3961 illum
3137 3905 3473 3977 prosiliunt,
3510 3900 3729 3959 aversis
3756 3907 3893 3949 secu-

2284 3996 2452 4049 ribus
2470 3992 2775 4065 dejiciunt,
2796 3995 3092 4065 lapidibus
3116 4010 3249 4049 eum
3264 3994 3607 4049 obruentes.
3624 3987 3721 4054 Qui
3742 3993 3891 4075 gelum

2285 4085 2549 4153 flectens,
2577 4084 2726 4138 hanc
2750 4085 3069 4138 orationem
3093 4084 3241 4138 fudit
3272 4085 3415 4152 Deo,
3450 4084 3655 4137 dicens
3679 4092 3690 4131 :
3716 4070 3890 4161 «Altis-

2285 4174 2433 4227 sime
2484 4173 2589 4228 Dei
2637 4173 2832 4228 Patris
2879 4172 3179 4243 unigenite
3224 4172 3375 4245 [Bo].
3424 4166 3695 4226 altissimi
3732 4162 3885 4215 Patris

2283 4260 2627 4335 unigenite].
2674 4263 2823 4317 Jesu
2860 4260 3120 4330 Christe,
3170 4262 3269 4332 qui
3318 4277 3424 4333 per
3452 4264 3677 4315 uterum
3708 4246 3888 4303 intacta?

2286 4349 2550 4422 Virginis
2569 4351 2787 4405 venisti
2817 4350 2875 4403 in
2894 4350 3049 4405 hunc
3070 4352 3348 4405 mundum
3370 4351 3709 4420 peccatores
3730 4336 3887 4392 salvos

2285 4439 2499 4507 facere,
2533 4442 2589 4494 et
2618 4455 2709 4493 me
2742 4439 2800 4492 in
2831 4455 2975 4508 pace
3006 4440 3268 4508 suscipe,
3303 4442 3358 4493 et
3390 4440 3525 4493 istis
3563 4435 3834 4490 miserere.
3870 4439 3883 4459 ιι

2284 4526 2354 4581 Et
2384 4528 2700 4598 prolapsus
2726 4528 2783 4581 in
2801 4528 3375 4599 terram,iterumque
3396 4515 3889 4599 resurgensyd8"_“°

2284 4617 2372 4671 sic
2386 4596 2467 4670 ait
2490 4632 2501 4670 :
2529 4596 3543 4689 «SPastorbcne,pastorsingularis,
3568 4612 3710 4667 ﬁlios
3728 4596 3884 4656 Eccle-

2284 4707 2412 4775 siae,
2446 4721 2597 4775 quos
2629 4705 2735 4759 tibi
2762 4706 3027 4760 moriens
3059 4707 3423 4775 commendo,
3457 4709 3635 4760 tuere.
3670 4694 3887 4747 «Accur-

2282 4774 2423 4849 rens
2441 4774 2631 4849 autem
2656 4794 2891 4865 quidam
2916 4793 3049 4864 (lO),
3071 4811 3247 4866 quem
3270 4799 3324 4850 et
3343 4774 3471 4864 ipse
3504 4795 3573 4848 de
3594 4798 3753 4845 sacro
3765 4774 3884 4870 ΐοξίθ

2285 4884 2651 4951 susceperat,
2685 4884 2945 4937 securim
2977 4883 3150 4953 capiti
3184 4883 3317 4953 ejus
3351 4880 3554 4936 infixit.
3595 4875 3695 4941 Qui
3734 4867 3882 4963 ξῑξίίῐη

2283 4971 2341 5025 in
2380 4973 2600 5025 aeterna
2657 4986 2801 5041 pace
2863 4971 3285 5042 requiescens,
3334 4972 3613 5025 victorem
3668 4956 3883 5048 spiritui}?

2284 5076 2416 5114 cum
2448 5034 2765 5130 triumpho,
2790 5034 2966 5115 tertio
2987 5060 3215 5115 decimo
3239 5034 3534 5114 Kalendas
3554 5051 3698 5129 Maii,
3725 5034 3879 5106 dirisil

2281 5150 2352 5204 ad
2385 5129 2642 5205 coelum;
2666 5148 2977 5219 Principes
3026 5152 3216 5203 autem
3260 5148 3589 5214 Danorum,
3628 5129 3879 5206 cupientes

2278 5241 2336 5294 et
2366 5254 2540 5293 suum
2574 5238 2803 5292 facinus
2822 5240 2878 5293 et
2901 5237 3152 5309 Elphegi
3183 5236 3431 5309 gloriam
3450 5224 3880 5309 obscuraretcof‘f

2278 5343 2393 5398 pus
2440 5325 2605 5380 illius
2645 5326 2871 5381 ﬂumini
2914 5326 3185 5397 immergi
3221 5329 3505 5393 statuunt,
3547 5319 3648 5377 rati
3686 5304 3881 5365 sceleris

2274 5522 2503 5606 pietate
2533 5528 2742 5603 motus,
2780 5538 2905 5606 cum
2954 5491 3875 5606 Ythl’OlﬂE/RDOQUHL

2280 5540 2503 5593 precare
2533 5540 2742 5603 morus,
2780 5540 2905 5577 cum
2954 5540 3188 5577 maeret
3224 5540 3554 5647 nlﬁiegum
3597 5540 3869 5616 ωυυυυ

2280 5592 3274 5679 gerentem.-inweonﬁnipnmortis.
3356 5610 3487 5679 Iuni.
3537 5591 3602 5672 35
3628 5577 3870 5679 ’,ξρξξξυςρίι

2280 5648 2519 5736 Βοϐθνό
2552 5669 2608 5719 et
2638 5664 2939 5736 Willelmo
2960 5662 3593 5722 Westmonasteriensi
3635 5652 3676 5711 Τ
3673 5660 3766 5707 run
3792 5648 3839 5688 se

2285 5734 2480 5807 Trum,
2515 5739 2757 5808 eratque
2790 5734 3014 5792 Danus.
