3978 6178
118 341 209 404 385
1413 333 1619 403 VITA
1662 332 1723 392 s.
1780 331 2173 395 ELPHEGI.

3389 336 3506 411 386

115 538 466 594 enormitatem
494 550 565 591 eo
588 534 825 589 facilius
843 533 1081 605 contegi
1090 533 1722 605 possgqnomgisab

1908 529 2701 602 sluminﬁgemtmmsbxtar
2717 533 3506 603 penﬁnacitenmtucemabsr

112 625 398 682 hominibus
427 623 560 693 ejus
594 623 879 677 memoria
907 623 1230 677 tolleretur.
1247 621 1364 675 Sed
1393 622 1550 692 quod
1581 622 1729 674 Dani

116 718 161 769 ad
186 712 592 781 contumeliam,
625 711 906 765 Christus
929 709 1199 781 Elphego
1232 710 1463 780 paravit
1496 710 1567 767 ad
1599 710 1731 780 glo—

113 806 240 857 riam.
257 802 519 854 Protinus
535 814 793 871 namque
812 800 1005 854 omnis
1018 798 1220 869 populi
1249 798 1579 867 multitudo,
1597 814 1730 868 quis

108 893 183 946 illo
208 891 430 945 docente
476 903 746 943 errorem
794 887 1119 959 abjecerat,
1174 891 1394 941 armata
1441 887 1725 956 procedit,

110 980 286 1033 malens
331 993 461 1031 cum
510 976 798 1031 defuncto
846 978 1067 1048 pariter
1112 976 1493 1044 occumbere,
1553 992 1728 1046 quam

108 1068 212 1122 illud
224 1082 445 1136 corpus,
461 1065 649 1137 cujus
669 1066 998 1120 ministerio
1017 1065 1507 1120 sanctificationis
1528 1079 1729 1120 susce-

112 1160 230 1225 perat
252 1153 623 1224 mysterium,
659 1170 943 1225 aquarum
963 1153 1241 1225 voragini
1260 1154 1492 1207 tradere
1514 1153 1723 1207 absor-

108 1242 544 1313 bendumJtaque
575 1258 802 1312 corpus
822 1259 856 1296 a
875 1243 1117 1297 diverso
1148 1242 1363 1312 populo
1396 1245 1723 1311 servatum,

104 1331 592 1402 necmergebatur,
627 1330 1170 1401 necsepeliebatur.
1224 1330 1488 1400 Vespere
1537 1332 1729 1384 autem

100 1420 352 1491 utriusque
378 1420 572 1490 partis
587 1424 905 1475 senatores
925 1418 1303 1485 conveniunt,
1320 1421 1569 1472 uttantze
1586 1434 1726 1471 con-

104 1510 326 1564 tentionis
354 1509 519 1563 litem
552 1508 692 1563 suis
709 1508 1040 1563 rationibus
1059 1508 1467 1563 determinent.
1485 1506 1727 1561 Factum

103 1598 168 1651 est
189 1601 360 1650 autem
388 1596 637 1652 omnius
668 1613 928 1651 assensu
949 1639 962 1665 ,
996 1601 1057 1651 ut
1088 1597 1148 1650 in
1177 1611 1487 1651 commune
1518 1611 1727 1650 omnes

104 1690 318 1740 sanctum
345 1687 704 1756 deposcant,
744 1690 1035 1758 quatenus
1069 1685 1121 1738 si
1154 1684 1295 1755 quid
1336 1685 1527 1738 valeat
1573 1684 1725 1754 apud

104 1775 240 1829 Deum
267 1788 453 1843 suum,
468 1776 533 1828 in
550 1775 672 1829 hoc
694 1775 972 1845 ambiguo
1003 1774 1280 1843 potentiae
1303 1789 1431 1827 suae
1451 1774 1723 1827 virtutem

1842 619 2103 674 condens
2118 620 2412 690 martyris,
2430 620 2626 690 gladio
2641 622 3042 677 occideretur:
3059 625 3211 677 alius
3230 624 3503 695 ejusdem

1839 707 2088 777 ordinis,
2105 708 2369 765 sandalia
2388 708 2652 779 episcopi
2667 713 2887 769 temere
2901 713 3165 780 portans,
3181 728 3214 765 a
3235 713 3504 767 daemone

1839 812 2036 850 coram
2068 797 2226 851 omni
2257 798 2471 867 populo
2495 803 2832 853 vexaretur.
2853 798 2922 852 Et
2942 799 3159 853 factum
3189 804 3281 854 est
3306 805 3366 855 ut
3385 804 3505 855 tam

1837 886 2160 939 vehemens
2192 890 2437 940 cunctos
2471 887 2769 940 Danorum
2791 888 3090 957 principes
3124 888 3377 945 formido
3407 891 3502 944 in-

1838 975 2076 1044 vaserit,
2108 978 2167 1027 ut
2196 976 2295 1027 vix
2324 991 2428 1029 eos
2460 979 2617 1030 terra
2662 980 2916 1045 teneret,
2954 976 3062 1030 sed
3088 978 3398 1031 maritimis
3433 993 3501 1033 se

1833 1062 2287 1133 tempestatibus
2319 1063 2548 1132 dantes,
2572 1064 2979 1119 existimarent
3008 1066 3068 1119 in
3100 1066 3312 1138 pelago
3344 1082 3504 1121 mar-

1834 1151 1979 1221 tyris
2008 1151 2151 1204 iram
2183 1150 2444 1223 effugere
2477 1168 2679 1222 posse,
2713 1168 2864 1222 quos
2895 1153 2967 1206 ab
2998 1153 3134 1224 ejus
3181 1154 3267 1208 ira
3318 1155 3497 1211 tellus

1834 1238 1987 1292 tueri
2017 1254 2136 1294 non
2166 1245 2390 1310 posset.
2444 1240 2558 1294 Sed
2608 1256 2745 1294 mox
2793 1244 2854 1295 ut
2900 1241 2959 1294 in
3003 1242 3182 1296 altum
3229 1243 3504 1313 perducti

1835 1327 2023 1396 fuere,
2057 1331 2292 1382 centum
2325 1329 2636 1400 sexaginta
2665 1344 2870 1399 naves,
2889 1330 3160 1385 adversis
3186 1333 3502 1387 ventorum

1834 1416 2071 1470 flatibus
2102 1418 2270 1487 actae,
2301 1416 2358 1470 in
2388 1416 2747 1486 profundum
2780 1418 2960 1472 maris
2992 1419 3285 1474 demersae
3317 1423 3457 1475 sunt
3485 1437 3499 1491 ;

1833 1520 2011 1575 porro
2046 1504 2357 1576 sexaginta
2387 1506 2646 1575 quinque
2677 1507 2751 1559 ad
2802 1508 3040 1577 ignotas
3085 1507 3352 1577 appulsae
3402 1523 3499 1564 re-

1833 1594 2066 1665 giones,
2091 1594 2264 1664 quasi
2295 1593 2393 1663 qui
2427 1593 2779 1647 insidiarum
2825 1595 3017 1666 gratia
3064 1595 3392 1667 venissent,
3426 1597 3500 1652 ab

1834 1681 2047 1736 incolis
2064 1682 2481 1736 miserabiliter
2494 1682 2789 1736 interfecti
2806 1687 2964 1737 sunt.
2986 1685 3291 1739 Remansit
3306 1689 3501 1739 tamen

1836 1770 1896 1824 in
1927 1771 2141 1842 Anglia
2172 1772 2476 1842 pessimus
2507 1771 2831 1841 Turkillus,
2864 1772 3150 1828 malorum
3194 1774 3499 1845 princeps,

100 1863 333 1918 ostendat.
363 1862 544 1933 Ecce,
580 1863 860 1934 inquiunt
906 1863 1076 1931 Dani,
1126 1878 1329 1916 ramus
1373 1862 1445 1917 de
1492 1861 1721 1917 fraxino
1754 1861 1807 1922 Β
1837 1875 2025 1929 pauco
2074 1863 2335 1929 tempore
2383 1860 2586 1930 praedo
2638 1859 2904 1930 futurus,
2952 1862 3058 1916 sed
3107 1863 3165 1916 in
3212 1866 3500 1917 aeternum

95 1952 350 2021 precisas,
369 1968 559 2006 succo
582 1955 644 2006 et
660 1953 880 2006 cortice
899 1951 1135 2006 omnino
1166 1951 1457 2006 nudatus:
1486 1950 1538 2004 si
1566 1950 1723 2005 hunc

102 2040 242 2111 huius
267 2042 557 2113 sanguine
599 2041 914 2095 intinctum
961 2042 1243 2094 matutina
1287 2039 1392 2093 lux
1435 2040 1721 2093 virentem

99 2129 355 2199 invenerit,
376 2130 623 2199 justum
643 2144 759 2184 nos
790 2132 846 2184 et
862 2132 1135 2183 sanctum
1157 2128 1457 2183 occidisse
1483 2131 1722 2182 consta-

101 2216 176 2286 bit,
203 2221 250 2272 et
274 2233 383 2289 quo
412 2218 586 2273 illum
618 2218 849 2273 honore
879 2217 1206 2288 sepeliatis,
1243 2232 1428 2288 penes
1460 2232 1569 2270 vos
1588 2216 1719 2271 erit.

101 2305 175 2357 Sin
193 2310 366 2361 autem
393 2308 455 2361 in
486 2307 748 2377 pristina
768 2306 994 2379 lignum
1019 2306 1286 2360 ariditate
1308 2306 1717 2376 permanserit,

102 2409 290 2449 errasse
316 2412 423 2450 vos
454 2395 517 2449 in
551 2395 695 2467 ejus
728 2409 929 2450 amore
959 2395 1247 2465 dicemus,
1282 2395 1590 2466 nostrique
1613 2395 1723 2448 erit

100 2482 280 2536 arbitrii
308 2485 442 2555 quid
477 2485 554 2540 de
587 2484 883 2538 cadavere
916 2483 1112 2538 facere
1143 2482 1417 2537 velimus.

136 2568 504 2626 “Mil-aeolis
520 2571 744 2626 claret.
756 2572 985 2643 Corpus
997 2571 1127 2643 eius
1140 2571 1501 2626 Londonium
1528 2576 1724 2625 trans-

99 2656 623 2731 fertur.—Cumque
656 2660 933 2715 omnibus
947 2660 1204 2714 conditio
1220 2662 1385 2731 grata
1408 2662 1464 2713 et
1479 2662 1719 2729 accepta

100 2745 286 2817 fuisset,
314 2752 375 2802 ut
405 2750 697 2804 omnibus
728 2748 953 2819 liquido
986 2751 1262 2802 constare
1294 2751 1520 2818 posset,
1566 2748 1721 2818 quod

102 2841 201 2902 post
223 2843 457 2892 mortem
489 2837 811 2910 Elphegus
841 2837 1085 2902 viveret,
1120 2837 1349 2890 aridum
1369 2837 1594 2908 lignum
1608 2836 1721 2890 sub

101 2923 233 2978 unius
258 2926 443 2981 noctis
474 2931 753 2996 tempore
786 2925 961 2996 ccepit
989 2924 1288 2994 frondere,
1307 2929 1362 2979 et
1393 2925 1551 2995 quod
1584 2939 1721 2978 sero

102 3011 210 3066 [lani
233 3015 416 3069 telluri
444 3017 739 3083 ﬁxerunt,
771 3030 939 3068 mane
971 3016 1293 3085 surgentes
1325 3014 1538 3067 florere
1559 3013 1722 3067 vide-

101 3104 215 3154 runt.
244 3101 389 3157 Nihil
421 3120 581 3175 ergo
612 3103 1092 3157 centradictionis
1130 3102 1380 3157 ulterius
1430 3102 1722 3156 habentes

1838 1948 2093 2002 damnati
2127 1948 2373 2018 spiritus
2404 1949 2606 2018 praeda
2637 1964 2979 2003 mansurus.

1908 2037 1995 2091 15.
2030 2037 2164 2091 Non
2193 2053 2378 2107 parvo
2407 2040 2671 2107 tempore
2709 2039 2965 2108 evoluto,
3014 2039 3175 2093 venit
3218 2040 3502 2111 princeps

1834 2126 2135 2180 Danorum
2160 2126 2423 2180 (Janutus
2459 2143 2590 2181 cum
2622 2127 2806 2182 multo
2836 2128 3076 2199 navigio
3118 2128 3178 2183 in
3202 2129 3497 2201 Angliam,

1834 2213 2261 2284 dissidensque
2291 2214 2364 2268 ab
2394 2214 2493 2268 illo
2525 2217 2767 2285 propter
2793 2216 3080 2286 quasdam
3119 2232 3219 2271 res
3249 2218 3399 2272 male
3430 2234 3500 2272 ac

1830 2302 2151 2373 perﬁdiose
2183 2307 2366 2372 actas,
2392 2303 2678 2373 quidquid
2699 2303 3004 2358 residuum
3028 2303 3266 2358 nefandi
3294 2305 3499 2375 populi

1833 2390 1960 2459 fuit,
1995 2390 2230 2458 delevit,
2248 2391 2443 2460 ipsum
2476 2390 2687 2445 ducem
2706 2406 2839 2445 cum
2860 2407 2969 2446 sex
2998 2395 3221 2446 tantum
3242 2394 3496 2447 navibus

1827 2480 1892 2533 in
1923 2479 2168 2533 Daniam
2201 2479 2449 2549 fugavit.
2479 2478 2589 2542 Qui
2624 2494 2757 2534 cum
2799 2481 2870 2534 ad
2916 2484 3132 2535 terram
3176 2482 3492 2552 evasisset,

1796 2634 1801 2639 1
1825 2571 2149 2639 suspectus
2180 2567 2477 2621 Danorum
2509 2568 2901 2639 principibus,
2921 2585 2994 2624 ne
3035 2570 3310 2625 intestina
3340 2570 3497 2649 bella

1826 2656 2156 2725 moliretur,
2178 2656 2371 2709 statim
2390 2672 2497 2725 per
2514 2659 2724 2711 cuncta
2755 2658 3021 2729 regionis
3051 2659 3180 2713 loca
3209 2658 3491 2731 agitatus,

1829 2745 1901 2798 ad
1931 2748 2259 2807 extremum
2288 2744 2362 2798 ab
2391 2746 2640 2816 ignobili
2657 2746 2836 2819 vulgo
2861 2749 3121 2818 occisus,
3139 2747 3284 2803 feris
3302 2753 3358 2803 et
3374 2750 3494 2802 avi-

1829 2833 1945 2887 bus
1975 2833 2278 2903 projectus
2297 2835 2409 2887 est.
2426 2835 2571 2888 Post
2589 2834 2717 2889 haec
2741 2851 2883 2890 vero
2900 2837 3177 2907 princeps
3200 2838 3496 2893 Danorum

1829 2922 2115 2991 Canutus,
2149 2937 2282 2976 cum
2313 2922 2541 2977 videret
2575 2924 2853 2993 populum
2895 2941 3068 2980 suum
3116 2926 3189 2981 ab
3232 2928 3498 2982 exercitu

1830 3008 2159 3081 Anglorum
2176 3012 2305 3064 sine
2324 3011 2766 3067 intermissione
2785 3014 2951 3083 caedi,
2969 3017 3025 3067 et
3041 3018 3283 3084 propter
3296 3030 3498 3069 rerum

1831 3098 2235 3152 difficultatem
2256 3099 2328 3152 ad
2350 3099 2706 3153 deditionem
2727 3100 2851 3155 fere
2871 3102 3165 3171 compelli,
3181 3103 3494 3156 accersitis

102 3188 229 3260 Dani,
258 3193 510 3247 certatim
544 3193 613 3245 in
645 3192 954 3260 amplexus
987 3191 1249 3245 defuncti
1277 3206 1473 3260 ruere,
1509 3191 1721 3245 crebra
1756 3205 1806 3266 ο
1832 3186 2129 3255 omnibus,
2165 3187 2267 3257 qui
2290 3187 2363 3239 ad
2395 3201 2463 3240 se
2485 3187 2878 3259 confugerant
2898 3190 3358 3258 sapientioribus
3376 3191 3493 3245 An-

101 3279 260 3332 oscula
280 3281 477 3352 ﬁgere,
495 3281 775 3336 cervices
806 3295 1162 3350 supponere,
1180 3280 1472 3349 lacrymas
1496 3282 1552 3334 et
1583 3278 1718 3351 eju—

101 3364 216 3421 latus
249 3371 500 3425 emittere
557 3374 885 3440 coeperunt.
939 3368 1245 3423 Sublatum
1295 3384 1442 3440 ergo
1497 3383 1722 3437 corpus

104 3452 316 3512 humeris
342 3459 746 3525 inimicorum,
798 3458 870 3512 ad
920 3446 1210 3512 arborem.
1241 3457 1375 3528 ejus
1425 3457 1717 3527 triumpho

104 3540 350 3615 insignem
378 3548 678 3616 defer-tur,
704 3546 1121 3601 comitantibus
1152 3546 1482 3599 innumeris
1512 3545 1723 3617 signo-

103 3647 200 3685 rum
225 3635 526 3706 prodigiis,
556 3636 781 3705 potenti
811 3635 1023 3689 virtute
1046 3635 1151 3688 Dei
1174 3634 1406 3689 caelitus
1437 3634 1722 3688 ostensis.

104 3717 352 3776 Moxenim
382 3724 560 3779 salus
590 3723 1722 3795 languidisinnovatur,caeciilluminan-

103 3812 187 3876 tur,
216 3814 365 3868 surdi
403 3815 673 3883 audiunt,
698 3814 839 3866 muti
872 3814 1207 3882 loquuntur,
1230 3811 1456 3865 claudis
1471 3826 1724 3883 gressus

108 3901 412 3957 restituitur.
458 3903 552 3957 ibi
592 3902 762 3956 etiam
807 3901 1093 3955 orationis
1141 3902 1313 3955 domo
1364 3916 1545 3970 super
1564 3901 1725 3953 illum

105 3985 356 4060 fabricata,
388 3991 663 4062 plerique
697 3991 992 4045 Danorum
1020 3993 1349 4061 magnetes,
1374 3990 1431 4042 in
1455 3989 1719 4044 eamdem

103 4082 401 4148 regenerati,
426 4081 502 4134 ad
550 4080 725 4133 fidem
739 4078 961 4133 Christi
993 4080 1431 4133 convertuntur.
1455 4079 1598 4132 Cum
1622 4093 1721 4131 au-

103 4164 190 4218 tem
214 4167 327 4222 haec
355 4171 556 4224 omnia
587 4168 1039 4223 Londonienses
1072 4183 1177 4237 per
1226 4160 1501 4222 ordinem
1548 4167 1720 4221 audi-

107 4253 310 4326 vissent,
321 4258 498 4313 multa
527 4257 818 4312 mediante
838 4256 1109 4327 pecunia,
1127 4272 1346 4327 corpus
1361 4272 1552 4327 usque
1575 4256 1722 4309 Lon-

108 4338 272 4399 donias
300 4344 749 4416 transferentes,
783 4345 1109 4400 honoriﬁce
1142 4345 1522 4415 sepelierunt,
1549 4345 1715 4397 Anno

1831 3276 1969 3347 glis,
2003 3276 2301 3329 consuluit
2331 3276 2613 3346 eos,quid
2638 3292 2836 3331 causae
2868 3281 3050 3345 esset,
3080 3278 3237 3349 quod
3267 3281 3351 3333 tot
3374 3279 3492 3334 sibi

1829 3365 2079 3418 adversa
2110 3364 2492 3419 accidissent.
2507 3363 2839 3428 Quiomnes
2865 3382 2978 3421 uno
3002 3382 3103 3422 ore
3122 3368 3492 3438 responden-

1828 3458 1939 3523 tes,
1972 3453 2281 3508 dixerunt:
2321 3475 2342 3503 α
2378 3453 2694 3524 Prophetia
2725 3458 2816 3509 est
2847 3456 3039 3510 sancti
3086 3458 3366 3526 martyris
3404 3457 3495 3512 El-

1828 3543 2006 3615 pbegi
2034 3559 2046 3596 :
2080 3543 2182 3613 qui
2212 3559 2346 3597 cum
2375 3559 2408 3597 a
2434 3545 2704 3613 patribus
2737 3545 2855 3599 tuis
2885 3543 3102 3600 fuisset
3130 3546 3496 3602 circumven-

1831 3637 1948 3701 tus,
1982 3633 2256 3701 praedixit
2286 3632 2376 3687 eis
2398 3633 2555 3704 quod
2575 3633 2632 3686 in
2656 3649 2840 3706 regno
2853 3634 3183 3706 Anglorum
3215 3652 3334 3689 non
3361 3652 3493 3706 per-

1829 3718 2005 3791 petuo
2018 3726 2222 3777 essent
2239 3722 2472 3777 radices
2488 3723 2699 3792 acturi,
2717 3723 2823 3777 sed
2840 3722 2935 3794 pej
2945 3724 3035 3777 ori
3052 3740 3226 3795 quam
3240 3724 3496 3781 Sodoma

1829 3814 2015 3866 morte
2046 3813 2310 3881 perituri.
2343 3812 2514 3867 Nunc
2545 3813 2782 3883 ergo,si
2812 3813 2904 3867 vis
2937 3813 3100 3867 illum
3134 3815 3251 3868 tuis
3274 3818 3492 3885 tempo-

1828 3900 1995 3955 ribus
2024 3902 2274 3955 reddere
2306 3902 2921 3971 placatum,promitte
2942 3902 3047 3972 illi,
3073 3902 3124 3956 si
3148 3903 3288 3957 felix
3319 3904 3495 3960 fuerit

1827 4007 2025 4045 rerum
2056 4006 2402 4060 successus,
2434 3995 2489 4045 te
2518 3991 2809 4062 reliquias
2836 3991 3091 4048 illiusad
3125 3993 3327 4047 sedem
3358 3994 3493 4065 ejus

1826 4079 2151 4133 honoriﬁce
2182 4080 2567 4148 reportandas
2600 4083 2958 4135 curaturum.
2978 4102 3003 4131 ι»
3025 4080 3190 4144 Quod
3224 4100 3357 4137 cum
3389 4084 3495 4139 tir-

1825 4168 1996 4221 miter
2023 4168 2420 4237 promisisset,
2456 4171 2593 4237 post
2625 4169 2921 4223 modicum
2968 4185 3172 4239 pacem
3222 4171 3490 4243 obtinuit,

1826 4258 1961 4326 post
1993 4270 2198 4325 pacem
2221 4256 2390 4327 regni
2421 4255 2747 4327 dimidium,
2780 4261 2917 4327 post
2948 4257 3253 4311 dimidium
3282 4262 3488 4315 totum.

1825 4345 2086 4415 Cumque
2115 4345 2187 4398 ab
2212 4343 2673 4398 omnibellorum
2696 4345 2947 4399 tumultu
2967 4346 3207 4416 requies
3232 4347 3492 4418 undique

109 4434 261 4487 autem
290 4436 514 4491 Domini
546 4434 705 4504 1012,
735 4403 1278 4505 advesperascente
1296 4403 1550 4488 Sabbat'o
1576 4449 1714 4503 pas-
1743 4403 1797 4476 Β
1826 4433 1956 4488 data
1985 4403 2219 4503 fuisset,
2236 4432 2582 4487 recordatus
2606 4438 2696 4488 est
2729 4449 2836 4488 rex
2853 4434 2991 4505 quid
3013 4403 3189 4490 beato
3222 4403 3490 4509 Elphego

112 4518 258 4576 chalis
283 4522 689 4590 hebdomadas,
710 4527 954 4577 sanctus
976 4522 1284 4594 Elphegus
1307 4538 1438 4576 cum
1455 4524 1719 4593 martyrii

111 4622 283 4665 corona
311 4613 538 4668 decimo
566 4611 741 4667 tertio
773 4611 1067 4666 Kalendas
1099 4610 1254 4679 Maii,
1288 4627 1441 4665 anno
1473 4611 1719 4681 episco-

111 4704 245 4764 patus
273 4703 357 4755 sui
388 4705 665 4772 septimo,
716 4704 774 4756 et
818 4701 1008 4755 aetatis
1055 4716 1179 4754 suae
1224 4701 1721 4773 quinquagesimo

113 4798 247 4858 nono,
278 4793 545 4865 migravit
574 4793 647 4846 ad
676 4790 1007 4857 Dominum,
1043 4789 1103 4841 iu
1134 4788 1269 4860 ejus
1290 4793 1482 4843 autem
1515 4789 1722 4843 mortis

113 4878 335 4935 auctores
357 4884 416 4936 in
446 4885 671 4936 tantum
688 4880 776 4934 ira
799 4878 906 4933 Dei
936 4878 1225 4946 desmviit,
1250 4881 1312 4932 ut
1334 4878 1572 4948 quidam
1601 4879 1720 4935 dux

116 4969 303 5036 propria
323 4986 385 5025 se
416 4972 529 5042 (11)
560 4986 738 5025 manu
766 4967 1153 5039 interimeret,
1183 4968 1335 5022 alius
1369 4969 1590 5039 gutturi
1610 4985 1719 5025 suo

1827 4523 2122 4593 quondam
2150 4521 2547 4592 promisisset,
2569 4526 2644 4593 et,
2661 4523 2884 4578 directa
2908 4524 3233 4597 legatione,
3260 4526 3501 4581 vocavit

1828 4610 2220 4683 Egelnothum
2249 4610 2785 4682 archiepiscopum,
2831 4615 2931 4684 qui
2961 4630 3182 4684 corpus
3214 4614 3491 4685 martyris

1827 4700 2036 4753 decem
2068 4701 2237 4754 annis
2276 4699 2592 4770 sepultum,
2626 4701 3036 4772 incorruptum
3065 4707 3121 4758 et
3151 4704 3495 4758 inviolatum

1827 4788 2605 4858 reperientes,Cantuariam
2630 4807 2760 4845 cum
2787 4792 3040 4846 maxime
3064 4792 3289 4847 honore
3321 4792 3497 4848 dedu-

1828 4881 1989 4947 cunt,
2025 4878 2084 4932 in
2117 4877 2490 4950 sarcophago
2521 4883 2878 4935 veneranter
2909 4881 3285 4937 collocantes.

170 5120 262 5195 (11)
286 5125 340 5178 ls
366 5130 578 5185 dicitur
601 5128 763 5183 Haec
789 5127 849 5182 in
870 5126 1276 5183 translationis
1308 5128 1660 5199 narratione,
1689 5144 1864 5201 quam
1895 5144 2031 5184 mox
2063 5128 2381 5184 exhibituri
2409 5144 2637 5186 sumus.

1352 5356 2192 5413 κ--ςοουι--η-
