3978 6178
451 366 571 432 387

1414 365 1784 428 OSBERNI
1825 364 2223 428 MONACHI
2274 365 2953 429 CANTUARIENSIS
3791 366 3893 429 388

477 544 3883 577 ω

1108 684 1504 788 INCIPIT
1567 683 2053 788 EIUSDEM
2109 684 2487 790 SANGTI
2560 685 3234 792 TRANSLATIO

1740 902 2033 963 Auctore
2062 900 2284 963 eodem
2309 899 2621 962 Osssnuo

680 1083 954 1152 (Manum.
988 1082 1138 1137 Acta
1171 1081 1283 1137 SS.
1320 1079 1545 1136 Bened.
1581 1078 1735 1135 Scec.
1771 1078 1867 1150 VI,
1898 1081 2065 1149 parte
2094 1096 2132 1149 ι,
2164 1094 2302 1151 pag.
2339 1078 2460 1150 123,
2492 1095 2565 1135 ex
2595 1080 2725 1136 cod.
2760 1096 2872 1135 ms.
2910 1080 3296 1137 Bibliotheca
3327 1081 3693 1151 Thuaneae.)

524 1376 575 1430 1.
607 1374 900 1430 Praefatio
930 1374 1211 1429 auctoris.
1243 1403 1315 1412 -
1341 1372 1488 1438 Quia
1524 1370 1920 1426 venerandam
1960 1368 2114 1424 beati
2144 1349 2206 1413 Α
2233 1373 2459 1439 posset.
2493 1369 2609 1425 Sed
2638 1386 2778 1426 mox
2824 1374 2887 1426 ut
2933 1373 2994 1427 in
3045 1374 3222 1429 altum
3274 1374 3708 1445 spumantibus
3737 1371 3895 1426 remis

449 1465 726 1536 martyris
756 1462 1009 1536 Elphegi
1038 1463 1383 1533 passionem
1412 1459 1770 1514 litteralibus
1823 1459 2118 1530 quondam

450 1552 850 1609 monumentis
882 1550 1332 1627 applicavimus,
1366 1550 1585 1619 placuit
1613 1548 1787 1602 etiam
1832 1546 2117 1602 voluntati

450 1642 687 1697 illorum
721 1641 970 1713 gratiam
997 1644 1306 1711 praestare,
1338 1638 1440 1709 qui
1470 1635 1961 1708 quemadmodum
2018 1651 2119 1689 sa-

453 1732 843 1786 critissimum
874 1746 1092 1800 corpus
1125 1729 1259 1800 ejus
1290 1729 1364 1782 de
1411 1727 1718 1782 Londonia
1747 1724 2121 1780 Cantuariam
2166 1748 2167 1751 η

454 1821 809 1874 translatum
823 1819 919 1887 sit,
937 1817 1354 1873 ardentissima
1367 1816 1607 1885 cupiunt
1620 1814 1932 1869 devotione
1946 1828 2122 1885 agno-

453 1924 612 1963 cere.
649 1907 723 1961 Et
752 1907 990 1978 quidem
1020 1906 1177 1977 quod
1208 1905 1560 1960 translatum
1581 1904 1734 1958 sitin
1764 1904 1879 1958 fine
1896 1903 2125 1972 passio-

451 1996 546 2050 nis
562 1995 722 2049 illius
746 1995 1010 2050 breviter
1041 1994 1365 2066 attigimus,
1393 1994 1499 2049 sed
1521 1993 1760 2047 modum
1782 1991 2122 2047 translatio-

452 2084 547 2138 nis
562 2083 799 2138 minime
813 2083 1222 2153 exposuimus.
1240 2082 1389 2137 Eum
1401 2097 1546 2153 ergo
1560 2096 1718 2137 nunc
1731 2096 2097 2151 exponemus
2107 2122 2119 2134 .

523 2172 576 2227 2.
631 2173 801 2226 Anno
847 2172 1030 2243 igitur
1073 2173 1146 2226 ab
1196 2170 1604 2226 Incarnatione
1651 2169 1883 2224 Domini
1932 2168 2122 2224 nostri

451 2260 633 2315 Jesus
663 2259 890 2315 Christi
919 2259 1239 2315 millesimo
1269 2260 1640 2328 duodecimo,
1676 2259 1994 2313 indictione
2021 2258 2121 2312 de-

451 2349 622 2415 cima,
659 2349 1198 2419 advesperascente
1237 2348 1495 2403 Sabbato
1541 2347 1844 2418 paschalis
1892 2347 2119 2402 hebdo-

450 2437 660 2506 madis,
693 2440 751 2492 et
805 2438 1120 2492 inchoante
1153 2437 1460 2492 Dominica
1492 2436 1585 2491 die
1614 2435 1967 2491 Octavarum
2002 2436 2119 2490 Pa-

457 2526 642 2596 schaa,
675 2525 1082 2580 tertiodecimo
1112 2526 1413 2580 Kalendas
1445 2524 1603 2594 Maii,
1637 2524 2119 2596 gloriosissimus

2232 1459 2505 1513 eductum
2537 1458 2772 1529 fuisset,
2806 1464 3042 1516 centum
3072 1464 3384 1536 sexaginta
3419 1478 3619 1518 naves
3641 1462 3893 1516 adversis

2232 1552 2543 1602 ventorum
2573 1548 2810 1603 flatibus
2840 1553 2987 1606 actae
3016 1552 3078 1605 in
3107 1552 3404 1622 profundo
3436 1552 3633 1606 maris
3647 1551 3895 1605 submer-

2232 1651 2318 1690 sae
2348 1639 2517 1706 sunt;
2540 1637 2929 1709 quadraginta
2941 1654 3104 1709 vero,
3129 1641 3387 1711 itemque
3405 1640 3627 1712 viginti
3657 1640 3892 1710 quinque

2231 1724 2304 1778 ad
2331 1728 2566 1779 exteras
2590 1726 2873 1797 regiones
2891 1731 3066 1798 atque
3086 1729 3322 1799 ignotas
3342 1726 3650 1800 appulsae,
3675 1732 3729 1782 et
3742 1726 3895 1798 quasi

2231 1827 2365 1883 quas
2395 1813 2747 1868 insidiarum
2778 1816 2969 1886 gratia
2997 1817 3325 1887 venissent,
3360 1819 3440 1872 ab
3473 1817 3706 1872 eisdem
3738 1815 3891 1869 mise-

2231 1902 2497 1956 rabiliter
2540 1902 2927 1974 interemptae.
2989 1905 3296 1960 Remansit
3340 1908 3547 1960 tamen
3597 1906 3657 1958 in
3702 1903 3893 1974 Anglia

2232 1991 2385 2046 male
2434 1991 2629 2045 audax
2672 1992 2952 2062 princeps
2995 1993 3284 2049 malorum
3330 1993 3673 2063 Turkillus,
3724 2005 3891 2062 pauco

2230 2084 2495 2150 tempore
2523 2081 2732 2151 praedo
2764 2080 3021 2151 futurus,
3054 2081 3162 2137 sed
3201 2082 3260 2135 in
3304 2087 3611 2137 aeternum
3657 2080 3891 2134 damnati

2234 2170 2481 2239 spiritus
2510 2170 2710 2240 praeda
2742 2185 3082 2225 mansurus.
3098 2170 3249 2225 Nam
3270 2187 3463 2242 parvo
3482 2174 3749 2240 tempore
3768 2181 3888 2221 evo-

2232 2258 2352 2312 luto
2385 2258 2544 2312 venit
2571 2258 2851 2328 princeps
2886 2259 3183 2314 Danorum
3213 2259 3364 2314 Cnut
3397 2275 3542 2314 eum
3572 2258 3750 2312 multo
3795 2271 3888 2309 na-

2232 2346 2393 2418 vigio
2423 2346 2482 2400 in
2512 2349 2730 2402 terram
2758 2348 3565 2420 Anglorum,dissidensque
3589 2344 3704 2417 (1‘3)
3723 2344 3886 2399 abillo

2229 2437 2469 2505 propter
2498 2436 2786 2506 quasdam
2816 2451 2917 2490 res
2951 2438 3105 2490 male
3136 2452 3205 2490 ac
3238 2438 3469 2507 perfide
3502 2438 3688 2503 aetas,
3732 2431 3884 2503 quid-

2234 2522 2375 2593 quid
2406 2524 2709 2579 residuum
2731 2524 2953 2579 infandi
2970 2525 3173 2595 populi
3194 2541 3334 2580 esse
3356 2528 3617 2596 poterat,
3654 2523 3885 2577 sicutta-

449 2613 619 2668 urbis
648 2611 983 2668 Cantuariae
1014 2613 1282 2683 pontifex
1329 2613 1636 2685 Elphegus
1681 2613 2119 2684 gloriosissima
2147 2597 2204 2663 Β
2234 2610 2389 2666 bula:
2421 2612 2573 2682 stylo
2606 2611 2790 2667 deleri
2823 2613 3036 2682 solent,
3073 2613 3319 2683 delevit;
3342 2614 3667 2684 ipsumque
3697 2611 3879 2664 ducem

447 2718 556 2771 pro
589 2701 804 2756 ovibus
835 2701 1013 2756 simul
1044 2706 1251 2757 etcum
1275 2702 1489 2757 ovibus
1513 2702 1630 2756 sibi
1651 2718 1682 2754 a
1706 2702 1829 2756 Deo
1852 2701 2116 2771 creditis,

448 2789 732 2860 passione
751 2790 1135 2860 occumbens,
1153 2790 1710 2845 immarcescibilem
1733 2792 1971 2844 aeterna,
1993 2790 2121 2862 glo-

450 2878 556 2932 riae
587 2894 865 2933 coronam
895 2878 1181 2949 suscepit,
1216 2895 1371 2934 anno
1396 2878 1833 2949 patriarchatus
1852 2879 1947 2931 sui
1977 2893 2121 2949 sep-

450 2967 614 3036 timo,
647 2968 971 3022 nativitatis
989 2970 1186 3022 autem
1217 2967 1710 3039 quinquagesimo
1736 2982 1912 3022 nono.
1933 2965 2120 3038 Cujus

447 3056 789 3111 venerabile
823 3072 1063 3126 corpus,
1107 3057 1237 3111 sive
1268 3057 1459 3128 gratia
1491 3071 1601 3110 seu
1650 3055 1838 3126 pretio
1879 3071 1910 3109 a
1960 3055 2120 3110 ﬁdeli

447 3144 668 3215 populo
699 3149 1023 3215 receptum,
1057 3147 1128 3200 de
1159 3146 1292 3201 loco
1324 3144 1586 3216 martyrii
1626 3144 1759 3215 ejus
1807 3145 1878 3198 ad
1910 3146 2118 3200 urbem

449 3233 814 3289 Londoniam
837 3235 1115 3306 delatum,
1131 3238 1188 3290 et
1209 3236 1271 3288 in
1294 3234 1551 3289 ecclesia
1571 3234 1726 3289 beati
1756 3234 1920 3289 Pauli
1943 3250 2118 3304 apos-

446 3322 548 3377 toli
583 3338 717 3378 cum
764 3325 1094 3379 innumeris
1142 3323 1519 3379 coruscantis
1566 3324 1774 3394 gratiae
1824 3322 2116 3394 prodigiis

447 3414 541 3467 est
574 3411 896 3467 humatum.
931 3413 1067 3467 Mox
1094 3413 1348 3482 denique
1382 3411 1547 3465 salus
1592 3411 1890 3482 languidis
1941 3410 2115 3464 inno-

446 3504 637 3569 vatur,
659 3501 1047 3570 cmcislumen
1070 3502 1228 3555 clare
1242 3499 1453 3569 perfun
1473 3500 1649 3569 ditur,
1669 3500 1860 3553 audiei
1896 3515 2112 3553 munus

450 3587 654 3642 surdis
682 3588 979 3656 tribuitur,
1013 3591 1175 3642 recto
1206 3603 1426 3658 gressu
1457 3587 1649 3641 claudi
1682 3587 2117 3656 incedunt,om-

453 3675 750 3747 nibusque
781 3676 1033 3730 ﬁdeliter
1063 3676 1400 3746 petentibus
1432 3676 1629 3731 divina
1670 3676 2114 3747 promptissime

446 3763 738 3819 beneﬁcia
767 3765 1143 3835 proveniunt.
1177 3765 1294 3820 Sed
1338 3765 1473 3819 illos
1513 3765 1614 3837 qui
1660 3767 1870 3820 mortis
1918 3766 2111 3836 ipsius

2235 2715 2345 2755 sex
2374 2702 2597 2755 tantum
2614 2701 2869 2755 navibus
2887 2703 3174 2757 munitum
3199 2704 3259 2757 in
3279 2703 3715 2757 Danamaream
3736 2698 3881 2767 fuga-

2233 2788 2334 2842 vit.
2369 2786 2479 2852 Qui
2512 2805 2646 2843 cum
2675 2789 2749 2843 ad
2770 2792 2987 2844 terram
3009 2791 3328 2860 evasisset,
3354 2793 3685 2862 suspectus
3715 2787 3878 2840 Dano-

2230 2893 2362 2932 rum
2382 2877 2774 2947 principibus,
2790 2894 2864 2932 ne
2888 2879 3165 2934 intestina
3185 2879 3337 2934 bella
3356 2880 3687 2945 moliretur,
3708 2873 3879 2929 statim

2229 2982 2339 3037 per
2365 2970 2575 3021 cuneta
2602 2967 2763 3021 illius
2795 2968 3207 3038 regionisloca
3230 2968 3606 3040 agitatus,ad
3636 2964 3877 3020 ultimum

2229 3055 2303 3109 ab
2337 3054 2583 3126 ignobili
2613 3055 2794 3126 vulgo
2818 3056 3078 3126 occisus,
3097 3056 3361 3129 ferisque
3386 3062 3444 3112 et
3460 3057 3678 3112 avibus
3695 3055 3779 3109 est
3793 3048 3878 3102 mi-

2230 3143 2566 3198 serabiliter
2593 3142 2920 3215 projectus.
2945 3143 3044 3198 Sic
3062 3160 3211 3217 ergo
3232 3146 3304 3201 de
3328 3150 3488 3200 terra
3513 3148 3572 3201 et
3591 3143 3733 3198 mari
3751 3138 3877 3193 sub-

2228 3231 2325 3286 lati
2360 3235 2518 3303 sunt,
2551 3233 2651 3304 qui
2681 3234 2874 3287 virum
2908 3237 3180 3288 sanctum
3210 3237 3268 3289 et
3299 3250 3432 3289 cum
3462 3235 3693 3289 honore
3722 3226 3879 3282 nomi-

2228 3320 2486 3375 nandum
2517 3320 2848 3393 Elphegum
2878 3320 3395 3394 archiepiscopum
3428 3321 3788 3378 occiderunt.

2297 3410 2351 3463 4.
2369 3409 2806 3465 Translationis
2818 3411 3067 3466 occasio.
3084 3411 3189 3465 Fit
3203 3417 3451 3466 curante
3467 3412 3661 3468 Cnuto
3671 3420 3872 3478 rege—-

2225 3497 2301 3550 At
2328 3497 2608 3567 princeps
2642 3498 2941 3553 Danorum
2972 3499 3142 3554 Cnut.
3176 3516 3306 3554 cum
3338 3500 3572 3555 videret
3620 3494 3870 3568 pepulum

2227 3601 2403 3641 suum
2448 3587 2522 3641 ab
2571 3588 2840 3641 exercitu
2893 3588 3220 3659 Anglorum
3271 3589 3402 3643 sine
3452 3583 3868 3644 intermissione

2226 3675 2529 3731 dirissime
2560 3676 2728 3745 cadi,
2745 3675 2933 3747 etjam
2956 3675 3080 3731 fere
3103 3680 3339 3747 propter
3356 3694 3559 3732 rerum
3585 3670 3868 3730 difﬁculta-

2222 3766 2339 3818 tem
2371 3765 2442 3818 ad
2471 3764 2825 3819 deditionem
2859 3780 2925 3819 se
2956 3766 3258 3836 compelli;
3278 3767 3596 3821 accersntis
3619 3759 3863 3818 omnibus

449 3856 728 3907 auctores
776 3853 1153 3923 exstiterant,
1204 3869 1323 3908 non
1375 3854 1504 3909 sine
1552 3854 1807 3909 terribili
1856 3854 2112 3910 vindicta
2144 3848 2196 3910 C
2223 3854 2324 3924 qui
2351 3854 2425 3907 ad
2456 3869 2523 3908 se
2558 3853 2944 3925 confugerant
2975 3854 3436 3924 sapientioribus
3478 3852 3712 3926 Anglis,
3744 3859 3866 3901 con-

447 3941 667 3996 vindex
694 3942 799 3997 Dei
832 3943 919 3996 ira
950 3943 1206 3997 transire
1239 3944 1492 3998 sinebat.

517 4030 571 4085 3.
606 4030 671 4084 S.
705 4031 966 4103 Elphegi
995 4032 1208 4086 mortis
1237 4037 1512 4087 auctores
1542 4033 1889 4103 puniuntur.
1921 4064 1993 4072 -—
2035 4033 2112 4088 Ut

449 4119 606 4175 enim
638 4135 824 4190 pauca
854 4119 926 4174 de
956 4120 1227 4190 pluribus
1246 4121 1475 4190 prolixa
1514 4120 1778 4177 breviter
1803 4122 2106 4193 attingam,

446 4223 710 4279 propono
729 4208 940 4264 ducem
962 4208 1258 4264 Haeonem
1276 4210 1516 4280 proprio
1532 4225 1599 4264 se
1621 4226 1905 4265 mucrone
1923 4213 2115 4265 trans-

447 4296 882 4367 verberantem,
898 4301 1089 4352 vatem
1112 4299 1452 4353 matheseos
1475 4299 1805 4369 disciplinis
1827 4300 2111 4353 intentum

447 4387 671 4458 gutturi
701 4403 811 4441 suo
844 4387 1062 4457 stylum
1082 4387 1446 4459 inﬁgentem,
1479 4388 1895 4458 presbyterum
1928 4387 2111 4442 colla-

444 4474 593 4529 riam
622 4476 902 4544 martyris
934 4491 1174 4529 crucem
1203 4475 1580 4545 pertinaciter
1611 4475 2072 4531 abscondentem
2095 4517 2109 4545 ,

446 4564 721 4634 ejusdem
741 4564 1018 4633 martyris
1038 4564 1310 4617 manibus
1329 4564 1616 4633 occisum,
1632 4565 1929 4635 aliumque
1951 4564 2111 4635 ejus-

444 4654 581 4709 dem
611 4652 841 4707 ordinis
870 4651 1085 4719 virum,
1120 4652 1384 4705 sandalia
1414 4652 1574 4706 illius
1604 4655 1825 4707 temere
1869 4656 2108 4722 portan-

446 4746 584 4811 tem,
620 4759 652 4795 a
684 4742 951 4796 daemone
981 4740 1254 4795 invasum
1281 4756 1295 4810 ;
1329 4744 1385 4795 et
1414 4756 1725 4811 quousque
1758 4741 1830 4796 de
1858 4742 2112 4811 pedibus

446 4831 576 4885 suis
606 4830 1004 4898 traherentur,
1021 4845 1220 4883 coram
1242 4829 1401 4883 omni
1422 4829 1724 4884 Londonae
1740 4830 1996 4885 civitatis
2010 4846 2111 4901 po-

443 4919 581 4988 pulo
595 4918 913 4973 durissima
928 4919 1223 4974 vexatum.
1246 4917 1330 4971 Ex
1347 4919 1566 4988 quibus
1593 4919 1774 4973 rebus
1792 4923 1906 4973 tam
1931 4919 2109 4973 vehe-

444 5021 615 5060 mens
649 5012 895 5062 cunctos
928 5008 1225 5063 Danorum
1255 5007 1555 5077 principes
1582 5007 1833 5062 formido
1868 5008 2105 5077 invasit,

2222 3942 2404 3997 suluit
2433 3958 2538 3996 eos
2569 3941 2707 4013 quid
2739 3958 2940 3996 causae
2970 3946 3137 3997 esset
3165 3943 3324 4014 quod
3357 3946 3437 3997 tot
3483 3943 3607 3998 sibi
3634 3939 3861 3993 adversa

2222 4030 2639 4102 contigissent.
2655 4029 2765 4095 Qui
2785 4047 2991 4085 omnes
3011 4047 3126 4086 uno
3146 4046 3247 4086 ore
3270 4032 3703 4102 respondentes
3726 4024 3861 4078 dixe-

2222 4122 2386 4174 runt:
2412 4119 2725 4190 Prophetia
2739 4122 2833 4175 est
2854 4120 3469 4191 venerandimartyris
3502 4106 3863 4192 Elphegi,qui

2222 4224 2355 4262 cum
2385 4224 2415 4261 a
2449 4210 2719 4279 patribus
2749 4208 2867 4263 tuis
2900 4210 3123 4264 crudeli
3153 4210 3620 4281 interrogatione
3650 4207 3862 4260 circum-

2220 4301 2436 4351 ventus
2461 4297 2696 4367 fuisset,
2711 4297 2985 4367 praedixit
3003 4299 3091 4352 eis
3110 4298 3266 4369 quod
3282 4298 3339 4352 in
3356 4313 3543 4370 regno
3560 4292 3860 4366 Anglorum

2220 4390 2506 4457 perpetuo
2538 4402 2655 4441 non
2687 4388 2893 4440 essent
2935 4386 3274 4454 radicaturi,
3322 4387 3432 4441 sed
3474 4384 3667 4458 pejori
3709 4387 3857 4450 quam

2220 4474 2474 4530 Sodoma
2505 4478 2690 4529 morte
2720 4475 2984 4545 perituri.
3007 4475 3180 4529 Nunc
3198 4490 3344 4547 ergo
3362 4476 3416 4529 si
3446 4476 3540 4529 vis
3571 4473 3726 4528 illum
3755 4461 3855 4518 tuis

2221 4564 2590 4633 temporibus
2620 4564 2969 4633 placabilem
3001 4563 3216 4634 facere,
3242 4563 3499 4635 hujuste
3521 4550 3851 4634 pollicitatio-

2221 4654 2317 4707 nis
2351 4652 2574 4707 foedere
2605 4653 2759 4722 apud
2791 4652 2954 4706 illum
2976 4653 3344 4723 constringe,
3368 4655 3431 4707 ut
3459 4668 3591 4706 cum
3624 4645 3756 4703 felix
3776 4653 3855 4694 re-

2221 4757 2352 4797 rum
2386 4741 2563 4796 fuerit
2613 4741 2948 4811 successio,
2982 4741 3360 4796 venerabiles
3408 4738 3674 4810 corporis
3719 4728 3853 4784 illius

2221 4830 2509 4901 reliquias
2541 4830 2613 4884 de
2642 4830 2773 4884 loco
2804 4830 2863 4884 in
2894 4846 3009 4901 quo
3043 4831 3298 4884 conditae
3331 4834 3469 4884 sunt
3500 4823 3852 4892 tollas,aique

2220 4918 2293 4972 ad
2323 4918 2527 4973 sedem
2558 4918 2992 4987 patriarchatus
3019 4919 3115 4972 sui
3146 4921 3382 4973 servato
3414 4933 3575 4972 more
3612 4910 3851 4977 antiquo-

2219 5022 2350 5060 rum
2382 5007 2705 5061 transferre
2736 5008 2998 5062 studeas.
3032 5008 3312 5062 Assensit
3351 5008 3547 5078 itaque
3594 5002 3841 5074 princel’s

445 5098 509 5148 ut
541 5095 639 5147 vix
667 5111 771 5149 eos
799 5100 956 5150 terra
988 5099 1234 5165 teneret,
1261 5095 1369 5150 sed
1390 5097 1636 5151 marinis
1661 5112 1728 5152 se
1748 5096 2106 5167 tempestati-
2136 5092 2192 5155 D
2221 5098 2560 5150 senatorum
2591 5096 2863 5162 consilio,
2889 5095 3207 5150 consilium
3225 5097 3497 5166 sequitur
3516 5093 3721 5149 divinae
3737 5093 3847 5153 ριό·

444 5180 561 5236 bus
592 5182 798 5237 dantes
829 5184 1244 5238 existimabant
1274 5184 1334 5239 in
1384 5185 1594 5256 pelago
1639 5187 1914 5256 martyris
1964 5186 2109 5239 iram

447 5268 709 5341 effugere
739 5286 939 5343 posse,
973 5288 1125 5343 quos
1166 5273 1238 5327 ab
1287 5274 1422 5345 ejus
1473 5274 1559 5328 ira
1606 5274 1779 5329 tellus
1812 5275 1960 5329 tueri
1992 5289 2111 5328 non

517 5444 629 5522 (l2)
662 5446 1019 5522 Mss:_Angl.
1037 5448 1472 5522 ﬂii/idemque.
1492 5450 1776 5520 Canutus,
1808 5450 2061 5522 primum
2079 5468 2111 5505 a

446 5517 631 5592 D_anis
661 5517 1385 5592 Angliam'infestantibus
1403 5522 1464 5575 in
1488 5523 1673 5592 patris
1695 5517 1895 5575 vaani
1916 5521 2113 5576 locum

447 5588 676 5664 electus
707 5590 820 5659 est,
855 5591 978 5664 tum
1007 5588 1659 5664 defunctoEthreIredo
1677 5607 1821 5664 rege
1844 5592 2014 5664 etiam
2039 5592 2111 5648 ab

444 5659 776 5735 Anglorum
807 5663 972 5734 parte
1021 5676 1127 5717 rex
1165 5663 1444 5736 agnitus;
1494 5667 1551 5720 et
1598 5659 1827 5721 mortuo
1876 5663 2113 5720 tandem

2220 5184 2541 5254 pitiationis
2590 5184 2930 5238 declaratio.
2965 5184 3096 5238 Non
3117 5187 3253 5254 post
3275 5184 3493 5238 multos
3518 5180 3720 5238 etenim
3737 5169 3847 5225 dies

2221 5272 2373 5327 Cnut
2408 5287 2615 5342 pacem
2644 5272 2922 5341 obtinuit;
2952 5275 3088 5342 post
3115 5288 3342 5343 pacem,
3378 5272 3548 5344 regni
3578 5260 3846 5325 dimidimn

2219 5466 2377 5505 anno
2410 5450 2548 5504 101⁸7
2583 5449 2894 5504 Edmundo
2925 5464 3097 5522 rege,
3136 5449 3306 5503 solus
3338 5448 3397 5503 in
3417 5448 3638 5522 Anglia
3663 5446 3845 5522 r089?

2220 5522 2323 5593 vit,
2359 5522 2459 5592 qui
2494 5521 2735 5577 nonnisi
2765 5524 2902 5592 post
2931 5517 3158 5593 aliquot
3184 5535 3375 5576 annos
3413 5517 3723 5576 Turkillum
3760 5518 3844 5561 δι’

2221 5592 2423 5647 sulare
2454 5592 2669 5665 coegit.
