3978 6178
88 378 180 441 389
1200 373 1738 437 TRANSLATIO

82 585 185 649 post
209 577 502 640 dimidium,
546 579 748 630 totum.
789 578 1051 647 Cumque
1081 577 1154 630 ab
1185 576 1342 630 omni
1381 559 1742 630 bellorumA

80 666 278 721 tumultu
316 666 541 736 requies
582 666 837 736 undique
878 666 1010 719 data
1049 664 1291 734 fuisset,
1327 665 1671 719 recordatus

81 756 185 824 quid
210 756 360 808 beato
388 753 650 825 Elphego
679 753 971 825 quondam
1011 754 1417 824 promisisset,
1450 754 1671 808 directa

79 843 313 915 legatione
353 843 577 897 vocavit
621 842 1002 914 Agelnotum,
1054 843 1151 913 qui
1197 848 1335 897 tunc
1383 842 1666 911 temporis

81 947 313 986 summum
340 931 396 985 in
427 935 632 985 sancta
661 932 1102 985 Dorobernensi
1136 931 1401 986 Ecclesia
1424 933 1666 1001 gerebat

82 1019 423 1087 sacerdotium,
439 1020 531 1073 vir
549 1024 796 1074 sanctus
819 1023 874 1074 et
894 1021 1107 1090 bonus,
1129 1024 1185 1074 et
1208 1022 1337 1093 regi
1360 1024 1669 1091 propterea

84 1108 191 1178 quod
216 1108 357 1162 illum
385 1123 559 1162 sacro
591 1108 910 1164 chrismate
942 1109 1207 1177 linisset,
1246 1108 1416 1163 valde
1457 1124 1669 1178 accep-

87 1202 161 1249 tus.
174 1195 263 1259 Qui
276 1195 520 1250 Sabbato
538 1197 875 1268 vigiliarum
895 1197 1284 1252 Pentecostes
1306 1198 1668 1253 Londoniam

82 1284 350 1353 adveniens,
377 1285 677 1340 mandavit
707 1286 835 1358 regi
867 1286 926 1339 in
957 1286 1200 1340 balneas
1234 1285 1382 1340 forte
1412 1286 1667 1340 descen-

78 1373 188 1425 denti
213 1388 268 1427 se
296 1374 523 1443 adesse,
540 1378 603 1428 et
621 1375 762 1445 quid
784 1374 922 1428 velit
945 1374 1074 1444 ipse
1097 1377 1353 1429 statuere
1384 1376 1441 1427 in
1473 1375 1667 1431 eccle-

78 1461 138 1513 sia
152 1460 275 1515 beati
293 1461 451 1515 Pauli
471 1463 733 1533 apostoli
754 1467 1122 1533 exspectare.
1137 1464 1263 1528 Quo
1286 1464 1382 1517 ille
1404 1468 1665 1532 accepto,

79 1549 167 1601 sine
189 1565 327 1603 mora
355 1551 424 1604 de
455 1550 702 1605 lavacro
726 1553 938 1623 surgit,
964 1550 1269 1621 chlamyde
1298 1551 1668 1606 solummodo

78 1636 234 1691 nudum
250 1654 453 1708 corpus
472 1639 724 1710 obtegit,
741 1640 1044 1709 simplices
1064 1640 1313 1709 pedibus
1334 1640 1667 1695 subtalares

78 1725 252 1793 inducit,
275 1727 471 1797 sicque
492 1728 570 1782 ad
602 1729 923 1797 praesulem
959 1729 1210 1799 impigro
1244 1729 1432 1800 gradu
1464 1729 1665 1798 tendit,

78 1814 290 1867 mandans
310 1816 587 1870 omnibus
620 1816 859 1871 familia:
890 1832 1018 1871 suae
1050 1816 1355 1885 militibus,
1376 1833 1529 1887 quos
1560 1817 1669 1870 lin-

76 1918 153 1970 gua
177 1903 439 1958 Danorum
472 1904 806 1959 Huscarles
832 1909 1072 1971 vocant,
1112 1909 1173 1959 ut
1207 1906 1301 1959 alii
1333 1921 1533 1960 eorum
1565 1921 1671 1974 per
1702 1930 1747 1987 Β

74 1994 298 2045 extremas
328 1993 582 2046 civitatis
612 1996 816 2063 portas
852 1993 1177 2047 seditiones
1209 1995 1523 2062 concitent,
1567 1993 1668 2046 alii

74 2081 244 2146 pontem
270 2084 321 2135 et
348 2081 505 2151 ripas
537 2081 804 2135 ﬂuminis
835 2083 1040 2136 armati
1068 2082 1398 2151 obsideant,
1425 2098 1496 2136 ne
1529 2098 1665 2136 exe-

72 2168 195 2221 untes
219 2184 311 2223 eos
349 2186 477 2223 cum
521 2185 778 2247 corpore
824 2171 1013 2224 sancti
1058 2170 1379 2225 Londanus
1414 2171 1667 2241 p0pulus

74 2257 330 2325 prapedire
361 2259 569 2314 valeat.

118 2386 156 2438 5.
189 2386 484 2459 Ingressus
534 2408 688 2465 ergo
734 2410 840 2448 rex
899 2395 1253 2462 ecclesiam,
1306 2394 1671 2464 amplexatur

74 2473 508 2549 archiepiscopum
558 2482 846 2536 osculans
896 2482 1099 2551 illum;
1146 2484 1439 2553 satimque
1488 2482 1667 2536 obse-

74 2561 173 2613 ratis
194 2560 420 2635 foribus,
443 2568 785 2624 laetabunda
815 2571 992 2624 simul
1014 2586 1083 2624 ac
1108 2571 1492 2626 tremebunda
1524 2587 1669 2625 voce

75 2649 151 2702 ait:
182 2671 199 2699 ι
228 2651 364 2710 Ecce
392 2656 522 2712 dies
554 2674 735 2729 quam
777 2658 916 2712 fecit
962 2660 1270 2729 Dominus,
1304 2660 1669 2714 exsultemus

76 2742 111 2788 et
135 2738 444 2798 lztemurin
472 2761 562 2800 ea.
603 2770 626 2794 η
665 2746 819 2802 Ecce
859 2748 988 2802 dies
1038 2748 1110 2802 de
1162 2744 1273 2818 qua
1314 2749 1547 2803 locutus
1581 2752 1673 2802 est

76 2822 308 2898 Dominus,
338 2835 398 2886 ut
424 2835 485 2887 in
515 2849 587 2888 ea
618 2834 1013 2890 transferatur
1042 2836 1365 2891 thesaurus
1399 2836 1673 2907 reliquia-

76 2927 161 2965 rum
183 2916 353 2972 damni
384 2920 641 2995 Elphegi
691 2922 764 2977 de
835 2924 1008 2979 domo
1039 2924 1277 2994 hospitii
1309 2926 1379 2978 ad
1436 2925 1670 2978 domum

75 3004 422 3067 patriarchatus
470 3011 590 3065 sui.
647 3012 738 3065 Ad
796 3014 952 3083 quod
1010 3012 1228 3067 dictum
1288 3014 1670 3068 tremefactus

75 3102 201 3159 supra
222 3110 379 3164 quam
406 3099 551 3154 dicit
571 3102 769 3170 potest
788 3101 1097 3170 sacerdos,
1125 3117 1242 3157 non
1265 3103 1421 3157 enim
1442 3102 1671 3157 sciebat

77 3177 199 3247 cujus
223 3184 296 3237 rei
322 3187 507 3256 gratia
552 3205 587 3242 a
636 3204 784 3261 rege
813 3193 1062 3245 vocatus
1096 3190 1330 3257 fuisset,
1369 3191 1426 3244 in
1457 3207 1670 3262 magna

77 3267 200 3321 animi
224 3276 475 3344 angustia
507 3277 690 3331 dixit:
719 3278 850 3333 Non
881 3278 984 3333 tibi
1017 3280 1262 3350 imputet
1294 3281 1668 3350 omnipotens
1701 3285 1750 3347 C

77 3350 202 3424 Deus,
230 3359 443 3419 domine
475 3366 556 3419 mi
592 3382 719 3436 rex,
754 3368 911 3438 quod
946 3368 1058 3422 hoc
1092 3368 1289 3423 facere
1318 3369 1579 3437 voluisti,
1612 3371 1669 3423 et

76 3454 154 3495 non
183 3445 425 3506 indicasti
468 3454 617 3508 mihi
660 3455 973 3510 consilium
1022 3457 1201 3511 animi
1245 3457 1326 3511 tui
1378 3460 1669 3527 quatenus

77 3528 349 3592 instructior
381 3556 448 3596 ac
486 3559 600 3613 per
649 3544 840 3598 omnia
884 3546 1140 3614 paratior
1177 3546 1551 3615 advenirem,
1595 3562 1666 3602 ne

78 3616 115 3669 in
137 3624 288 3682 medio
318 3629 572 3686 civitatis
602 3632 787 3704 hujus
810 3636 924 3687 tam
954 3649 1186 3706 magna
1217 3634 1665 3705 occumberem;

77 3712 143 3760 aut
176 3712 219 3765 si
254 3717 456 3785 placuit
516 3736 645 3775 rem
697 3725 813 3775 tam
862 3722 1162 3778 difficilem
1220 3724 1508 3793 incipere,
1561 3741 1670 3779 cur

80 3797 227 3854 saltem
280 3822 385 3862 non
442 3810 746 3864 adduxisti
807 3812 1005 3878 viros,
1067 3813 1164 3882 qui
1223 3812 1407 3883 hujus
1469 3814 1666 3883 operis

76 3895 257 3951 possent
280 3896 524 3952 ministri
560 3899 837 3967 existere,
865 3916 999 3954 cum
1020 3901 1171 3971 lapis
1202 3901 1274 3955 ad
1304 3903 1667 3956 monumenti

78 3975 233 4033 ostium
271 3986 488 4051 positus
549 3988 693 4041 tanti
750 3989 1032 4057 ponderis
1093 3991 1338 4060 existat,
1382 3994 1443 4044 ut
1491 3991 1589 4043 vix
1633 4007 1664 4043 a

79 4063 219 4149 multis
261 4070 425 4129 boum
470 4076 719 4145 paribus
762 4078 950 4131 valeat
1004 4079 1254 4149 moveri,
1304 4094 1376 4133 ne
1436 4079 1573 4133 dum
1633 4096 1666 4133 a

80 4147 247 4211 duobus
260 4162 351 4230 qui
379 4165 487 4218 soli
523 4167 858 4236 praesentes
880 4167 1095 4221 adsunt
1116 4147 1327 4221 debeat
1355 4167 1663 4223 monachis

81 4243 275 4300 Molvi?
299 4250 488 4322 Inepta
519 4257 616 4308 est
643 4254 757 4308 ista
780 4255 1196 4323 consideratio,
1223 4256 1378 4309 aliud
1406 4259 1661 4327 tempus,

80 4330 233 4387 elidis:
255 4338 402 4394 vires
443 4342 876 4397 consideranda
927 4348 1083 4397 sunt.
1128 4342 1233 4398 Cui
1281 4360 1386 4399 rex
1425 4345 1485 4399 in
1526 4346 1662 4401 Do-

83 4416 190 4472 mino
214 4424 499 4491 plurimum
541 4431 930 4502 confortatus,
964 4433 1042 4486 ait
1080 4449 1091 4487 :
1142 4454 1162 4483 κ
1212 4432 1274 4486 In
1306 4433 1446 4503 hoc,
1495 4433 1663 4489 Pater

81 4514 242 4594 ξλεμηριθ,
281 4518 519 4573 maxime
569 4521 872 4589 apparebit
918 4521 1055 4592 quia
1096 4522 1407 4576 nobiscum
1452 4523 1662 4577 beatus

84 4590 149 4645 ille
169 4599 293 4655 volet
318 4607 596 4675 transire,
637 4608 691 4661 si
733 4609 889 4679 quod
923 4590 1291 4679 impossibile
1323 4610 1662 4667 hominibus

83 4685 284 4756 eShipse
318 4709 420 4748 sua
448 4698 666 4751 virtute
711 4696 917 4752 fecerit
961 4714 1098 4753 esse
1145 4700 1455 4769 possibile.
1490 4700 1660 4755 Sem-

86 4780 156 4859 lter
175 4778 299 4832 enim
326 4782 637 4839 difficultas
668 4786 1015 4842 miraculum
1048 4788 1296 4859 gignere
1329 4789 1658 4845 consuevit.

90 4852 235 4917 Vestra
272 4868 437 4940 igitur
476 4874 763 4929 sanctitas
811 4876 932 4931 Deo
982 4892 1047 4932 se
1097 4876 1157 4930 iu
1206 4878 1467 4932 oratione
1511 4894 1660 4948 pro-

88 4950 261 5036 gtcrnat,
291 4963 546 5017 monachi
595 4963 666 5018 ad
710 4966 1090 5035 aperiendum
1137 4966 1396 5036 sepulcri
1446 4968 1661 5021 ostium

88 5028 268 5123 tidenter
290 5051 589 5122 accedant;
631 5068 743 5124 ego
782 5055 1087 5109 valvarum
1130 5053 1334 5125 januis
1378 5055 1661 5110 ostiarius

89 5130 355 5190 1“cumbam.
397 5160 415 5187 υ

135 5254 173 5311 θα
193 5263 508 5358 _Sepulcrum
540 5291 573 5331 θ
603 5275 831 5333 duobus
854 5278 1158 5334 monachis
1185 5279 1473 5350 aperitur.
1513 5279 1656 5335 Cor-

95 5354 165 5406 Pns
184 5354 537 5432 incon-aptum
567 5366 898 5422 invenitur.
939 5397 1008 5407 —
1052 5367 1250 5439 Itaque
1280 5370 1457 5439 petita
1485 5375 1658 5440 atque

96 5440 265 5508 ίθθθρια
288 5446 677 5510 benedictione
715 5456 1042 5526 pontiﬁcis,
1074 5456 1377 5527 monachi,
1410 5474 1659 5529 quorum

144 5573 635 5671 iicrseverabat
662 5597 1016 5671 adhaesine
1044 5600 1421 5671 corruptione
1444 5614 1662 5671 corpus

102 5652 474 5747 gggtiitlphegi
500 5652 1657 5747 amonguitiarant;attulisses;

103 5716 255 5813 33311:}:
268 5716 474 5813 aiatait
498 5716 724 5813 1113';
741 5716 1657 5813 'na'jszamsa‘tz'n'gsas;

105 5779 166 5842 his
184 5798 349 5860 verbis
366 5822 379 5863 ;
405 5779 1656 5888 QaHBJ'EE‘L'iiiﬁizcﬁﬁiﬂi-FJQ

1783 374 1847 438 S.
1885 372 2253 437 ELPHEGI
3324 378 3444 442 390

1782 576 1947 629 alteri
1980 575 2271 631 Godricus
2302 575 2573 647 ejusdem
2613 578 2891 647 martyris
2931 580 3225 648 quondam
3254 579 3440 633 disci-

1779 664 1955 733 pulus
1977 680 2045 718 ac
2065 668 2201 734 post
2231 665 2449 735 aliquot
2479 682 2667 720 annos
2686 664 3131 722 Cantuariensis
3155 668 3439 723 Ecclesiae

1780 751 2060 820 decanus,
2085 766 2117 804 a
2141 767 2257 822 quo
2280 753 2452 806 etiam
2488 753 2615 807 haec
2647 754 2839 807 omnia
2870 769 3002 825 quae
3024 771 3331 811 narramus
3349 756 3439 811 di-

1784 838 2039 911 ligenter
2069 840 2393 910 perquisita
2421 842 2781 912 accepimus,
2806 842 2953 897 alter
2976 858 3117 897 vero
3150 843 3441 900 Elvardus

1789 927 1884 999 [al,
1908 927 2266 1001 Alfwardus]
2288 933 2676 1002 cognomento
2699 930 2966 1002 Longus,
2989 932 3326 1003 vocabatur,
3349 935 3444 989 cui

1780 1019 1978 1072 datum
2028 1022 2118 1073 est
2159 1034 2375 1090 magno
2407 1019 2703 1091 quondam
2731 1020 3066 1075 adhaesisse
3114 1022 3438 1078 Dunstano.

1783 1106 1856 1159 Hi
1874 1122 2017 1177 ergo
2037 1109 2273 1176 accepta
2288 1106 2697 1162 benedictione
2715 1108 3003 1178 arripiunt
3018 1108 3275 1164 ferreum
3291 1112 3446 1181 quod

1780 1211 1811 1250 e
1843 1196 2086 1266 regione
2118 1195 2309 1249 stabat
2340 1195 2784 1263 candelabrum,
2813 1196 3123 1253 molientes
3155 1197 3443 1255 effractio-

1779 1300 1910 1338 nem
1943 1284 2270 1353 superioris
2304 1287 2621 1339 structura:
2653 1285 2865 1339 murali
2893 1301 3069 1355 opere
3101 1287 3444 1344 ﬁrmissime

1785 1373 2194 1443 agglutinatae;
2225 1376 2419 1444 atque,
2455 1376 2517 1428 ut
2559 1373 2640 1426 illi
2682 1378 3072 1429 asseruerunt
3098 1375 3200 1446 qui
3230 1377 3442 1431 testem

1780 1462 2130 1515 assertionis
2177 1478 2304 1516 sua:
2353 1462 2536 1516 Deum
2586 1462 3042 1530 invocaverunt,
3087 1464 3186 1517 vix
3236 1465 3444 1519 leviter

1778 1565 1988 1603 manus
2023 1549 2289 1604 monachi
2324 1550 2722 1620 admoverant,
2745 1551 2883 1604 dum
2905 1551 3168 1606 minores
3189 1552 3438 1624 lapides,

1778 1641 2127 1692 caementum
2159 1642 2215 1692 et
2245 1638 2530 1709 quidquid
2568 1640 2766 1711 operis
2809 1640 3067 1710 desuper
3115 1642 3438 1712 eminebat,

1778 1728 1950 1797 quasi
1998 1727 2276 1781 arborum
2329 1727 2465 1781 folia
2513 1728 2626 1781 sub
2678 1729 2867 1798 prima
2926 1729 3134 1799 hyeme
3192 1730 3437 1801 agitata,

1777 1815 2085 1869 cadebant.
2153 1814 2417 1887 Cumque
2474 1819 2710 1870 ventum
2770 1816 2986 1871 fuisset
3050 1818 3121 1871 ad
3190 1818 3442 1887 lapidem

1776 1904 2028 1973 patentis
2089 1905 2445 1958 monumenti
2506 1905 2905 1974 opertorium,
2959 1905 3129 1959 flexis
3187 1908 3442 1978 genibus

1778 1992 1906 2046 solo
1965 1993 2394 2061 procumbunt,
2456 1994 2785 2063 suppositis
2845 1994 3108 2049 humeris
3173 1995 3443 2050 eumdem

1777 2081 2103 2150 impellunt,
2139 2097 2393 2152 moxque
2440 2083 2499 2135 in
2542 2083 2785 2136 alteram
2830 2084 2988 2137 facili
3030 2086 3190 2137 motu
3219 2087 3444 2154 partem
3492 2074 3498 2080 ’

1775 2170 2053 2223 avellunt.
2104 2170 2270 2234 Quod
2315 2186 2521 2224 revera
2570 2187 2750 2241 supra
2795 2187 2969 2241 quam
3015 2172 3299 2227 credibile
3351 2176 3445 2227 est

1774 2257 2118 2311 admirabile
2177 2257 2313 2327 fuit,
2365 2274 2529 2326 cum,
2593 2259 2747 2312 sicut
2796 2259 3211 2329 praediximus,
3267 2275 3442 2330 quem

1776 2346 1952 2399 multa
1994 2348 2170 2400 boum
2217 2346 2377 2415 paria
2427 2362 2547 2400 non
2594 2347 2922 2414 traherent,
2974 2363 3109 2401 eum
3148 2348 3272 2401 bini
3310 2351 3440 2402 tan-

1778 2435 2076 2490 tummodo
2108 2434 2379 2488 monachi
2428 2434 2542 2487 levi
2590 2434 2850 2504 impulsu
2879 2434 3133 2504 lapidem
3164 2436 3443 2491 revolve-

1776 2525 1927 2578 rent.
1979 2524 2318 2578 Accurrunt
2358 2522 2434 2577 ita
2463 2523 2845 2577 admiratione
2895 2524 3192 2594 perterriti
3233 2540 3339 2579 rex
3387 2529 3443 2579 et

1775 2612 2294 2682 archiepiscopus,
2352 2610 2815 2682 lacrymantibus
2866 2612 3056 2667 oculis
3116 2613 3442 2668 introrsum

1775 2701 2097 2771 aspiciunt,
2132 2700 2332 2754 vident
2361 2716 2650 2772 organum
2682 2700 2977 2772 quondam
3009 2701 3265 2772 Spiritus
3299 2717 3441 2756 san-

1777 2790 1850 2844 cti
1883 2789 1995 2859 (13)
2027 2788 2432 2858 incorruptum
2472 2787 2708 2859 jacere,
2756 2804 2866 2844 nec
2916 2790 3213 2860 quippiam
3252 2791 3442 2860 putris

1773 2878 1834 2930 in
1883 2880 2002 2931 toto
2052 2892 2303 2947 corpore
2346 2876 2614 2931 laesionis
2646 2878 2877 2947 inesse;
2928 2880 2985 2931 et
3033 2882 3441 2947 computantes

1776 2966 1993 3020 seriem
2042 2982 2355 3034 annorum,
2410 2966 2780 3035 comperiunt
2827 2966 2991 3020 illum
3037 2982 3254 3021 annum
3301 2983 3439 3022 esse

1775 3054 2066 3109 decimum
2100 3069 2172 3107 ex
2200 3069 2315 3123 quo
2334 3054 2488 3108 idem
2512 3056 2757 3108 sanctus
2779 3053 2897 3108 illic
2922 3054 3195 3109 conditus
3226 3054 3435 3110 fuerat.

1775 3142 2074 3196 Exclamat
2106 3141 2301 3212 itaque
2340 3157 2448 3196 rex
2490 3141 2720 3195 fortiter
2746 3157 2869 3209 prae
2903 3142 3138 3213 gaudio,
3171 3143 3438 3214 talesque

1773 3233 2094 3302 permixtas
2124 3230 2403 3301 lacrymis
2436 3244 2647 3300 preces
2678 3229 2942 3285 offundit.
2973 3250 2995 3280 α
3020 3231 3195 3285 Pater
3226 3230 3433 3302 inquit,

1774 3319 2175 3388 sanctissime,
2226 3331 2410 3388 super
2449 3332 2621 3372 omne
2661 3318 3149 3373 delectamentum
3199 3320 3437 3375 suavis-

1774 3409 1945 3477 sime,
1978 3408 2156 3463 Pater
2185 3407 2551 3477 beatissime,
2596 3423 2780 3478 super
2825 3422 3032 3463 omnes
3069 3408 3272 3463 mundi
3306 3408 3436 3464 the-

1775 3498 1975 3552 sauris
2005 3498 2460 3569 pretiosissime,
2486 3496 2669 3567 huius
2700 3496 3033 3567 peccatoris
3064 3497 3228 3569 regis
3259 3498 3435 3552 mise-

1774 3603 1925 3656 rere,
1961 3602 2069 3641 nec
2110 3586 2250 3640 mihi
2290 3587 2543 3641 obsistat
2570 3585 2663 3639 vel
2695 3585 2932 3656 pr0pria
2962 3585 3305 3658 indignitas,
3340 3586 3435 3642 vel

1772 3680 2079 3746 parentum
2111 3690 2373 3730 meorum
2422 3675 2480 3728 in
2528 3678 2582 3729 te
2625 3678 2827 3729 contra
2869 3674 3102 3745 justum
3133 3679 3189 3730 et
3216 3677 3436 3731 bonum

1773 3766 2004 3835 expleta
2057 3764 2397 3819 crudelitas.
2430 3763 2557 3835 Ego
2606 3766 2661 3818 te
2705 3764 3183 3833 potentissimum
3230 3763 3437 3820 aeterni

1776 3854 1963 3926 Regis
2018 3852 2208 3907 fateor
2254 3853 2542 3921 amicum,
2576 3867 2644 3906 ac
2684 3852 2965 3921 deinceps
3014 3853 3206 3924 quoad
3241 3853 3436 3908 vivam

1772 3957 1965 3997 meum
1985 3941 2278 3995 constituo
2302 3940 2668 3994 advocatum.
2685 3939 2861 3995 Salva
2880 3956 2994 4011 me,
3015 3942 3181 3995 salva
3204 3957 3431 4013 omnes,

1771 4034 1832 4085 tu
1865 4035 2083 4085 aeterna
2115 4030 2440 4084 salvatione
2470 4030 2722 4098 salvere,
2744 4032 2799 4082 et
2820 4029 3133 4083 nobiscum
3162 4046 3434 4103 magnam

1775 4120 1912 4173 filiis
1943 4120 2061 4172 tuis
2092 4118 2358 4172 facturus
2388 4116 2647 4172 laetitiam
2677 4116 2979 4187 proﬁcisci
3008 4118 3275 4189 dignare.
3312 4142 3334 4169 ι

1844 4207 1896 4262 7.
1948 4205 2358 4261 Transfertur.
2391 4205 2579 4277 Regis
2623 4220 2765 4276 erga
2812 4210 3142 4276 martyrem
3174 4207 3430 4264 devotio.

1773 4327 1842 4337 —
1879 4296 2189 4350 Accedens
2227 4298 2420 4349 autem
2484 4293 2729 4363 propius
2770 4308 3040 4347 summus
3089 4293 3193 4348 Dei
3228 4309 3433 4350 sacer-

1773 4387 1903 4456 dos,
1937 4389 1999 4440 ut
2047 4384 2175 4439 suis
2213 4383 2488 4437 manibus
2519 4382 2918 4436 venerandum
2951 4397 3169 4452 corpus
3216 4386 3432 4439 tracta-

1772 4479 1860 4529 ret
1892 4478 2063 4545 atque
2098 4474 2337 4540 levaret,
2371 4470 2659 4527 aestuabat
2688 4470 2902 4540 animo,
2938 4486 3229 4542 nusquam
3258 4472 3431 4527 tabu-

1772 4565 1886 4620 lam
1920 4563 2223 4634 reperiens
2250 4604 2263 4631 ,
2316 4562 2410 4616 cui
2461 4560 2832 4631 suppositum
2876 4561 2947 4613 ad
2988 4561 3182 4615 navim
3214 4561 3431 4616 deferri

1772 4654 2013 4709 valeret.
2059 4651 2321 4722 Cumque
2379 4651 2438 4704 in
2494 4665 2706 4721 magna
2753 4649 3165 4720 desperatione
3214 4649 3430 4705 dubius

1770 4746 1984 4807 staret,
2055 4740 2463 4794 animadvertit
2546 4740 2802 4811 ligneam
2877 4739 3110 4808 corpori
3175 4739 3432 4793 tabulam

1770 4833 2163 4898 substratam,
2205 4830 2281 4883 ita
2327 4828 2397 4882 ad
2449 4843 2785 4882 mensuram
2826 4828 3099 4897 corporis
3147 4842 3253 4897 per
3297 4826 3429 4881 lon-

1770 4937 1910 4993 gum
1968 4924 2023 4973 et
2080 4918 2258 4971 latum
2315 4921 2657 4986 extensum,
2710 4916 2883 4985 quasi
2938 4915 3009 4969 ad
3066 4914 3179 4968 hoc
3238 4915 3431 4970 solum

1772 5008 1945 5081 primi
1977 5023 2104 5061 eam
2137 5006 2474 5062 conditores
2503 5004 3027 5076 suppossuissent,
3061 5008 3123 5056 ut
3152 5003 3287 5058 inde
3319 5005 3443 5061 alia

1772 5097 2004 5170 quando
2027 5097 2156 5152 sine
2177 5096 2368 5166 aliqua
2401 5094 2744 5149 difﬁcultate
2765 5093 2918 5146 idem
2942 5094 3182 5147 sanctus
3213 5093 3429 5150 intacto

1777 5202 2025 5255 corpore
2057 5185 2239 5239 levari
2265 5184 2590 5239 debuisset.
2612 5182 2758 5236 Laeti
2780 5196 2925 5252 ergo
2943 5196 3010 5235 ac
3026 5183 3243 5250 praeter
3263 5198 3431 5253 spem

1773 5277 1993 5332 hilares
2032 5273 2253 5343 effecti,
2299 5272 2596 5343 accipiunt
2634 5270 2907 5341 linteum,
2939 5269 3097 5340 quod
3135 5270 3209 5325 ad
3248 5272 3431 5327 obse-

1770 5368 1969 5438 quium
1992 5363 2290 5434 pontificis
2309 5359 2880 5415 ministerGodrieus
2900 5374 3104 5414 secum
3121 5359 3426 5431 detulerat,

1768 5461 1824 5511 et
1854 5456 1913 5509 in
1943 5454 2044 5508 illo
2076 5453 2496 5508 sacrosanctos
2527 5452 2691 5503 artus
2722 5463 2856 5502 cum
2886 5448 3234 5519 subjacente
3263 5448 3429 5521 ligno

1765 5598 1859 5651 ris
1880 5596 2229 5669 praeferens
2262 5592 2551 5669 vestigia,
2570 5590 3131 5669 Iabemputredinis
3161 5591 3236 5669 ad
3273 5591 3428 5669 hunc

1767 5631 1940 5724 Edidi
1955 5631 2351 5741 igbodrzyerit,
2378 5631 2450 5741 ei!
2470 5631 2621 5741 aiias
2651 5631 2895 5735 dixifet
2916 5662 3289 5738 populariter
3320 5664 3429 5721 tri-

1768 5745 1886 5795 tum
1917 5734 2030 5798 no'n
2060 5743 2199 5812 eget
2227 5734 2540 5792 inculcari.
