4008 6172
449 314 562 379 391

1394 307 1760 371 OSBERNI
1813 304 2211 368 MONACHI
2261 303 2948 384 CANTUARIENSIS

3744 307 3845 390 392.

451 513 672 583 pariter
709 510 1035 565 involvunt.
1089 509 1201 564 Sed
1253 525 1385 563 cum
1429 507 1622 578 aliqua
1671 521 1809 576 pars
1852 505 2117 574 corporis
2164 485 2202 539 Α
2236 502 2418 557 clesia
2450 502 2513 556 S.
2540 501 2899 556 Salvatoris.
2922 530 2988 539 —
3013 501 3109 555 Sic
3132 517 3274 572 ergo
3307 500 3695 572 gradientibus
3723 508 3843 578 illis,

452 601 644 654 adhuc
693 600 1070 668 discooperta
1113 599 1470 665 remaneret,
1521 596 1786 649 cucurrit
1833 593 2120 662 praefatus

451 689 780 744 monachus
812 688 883 740 ad
913 687 1092 740 altare
1125 687 1322 740 Sancti
1354 684 1524 738 Pauli
1553 683 1826 753 apostoli,
1851 682 2118 751 rapiens-

451 793 566 849 que
619 777 929 830 sindonem
976 776 1234 845 desuper
1281 774 1613 844 jacentem,
1665 771 1962 826 dimidiam
2010 785 2116 840 pro

452 866 702 919 sindone
739 865 862 918 auri
906 865 1114 918 libram
1143 862 1439 933 reposuit,
1472 861 1790 930 rapidoque
1823 875 2005 913 cursu
2045 858 2116 912 ad

454 953 886 1008 obvolvendum
907 953 1059 1023 quod
1089 953 1391 1007 residuum
1405 953 1528 1004 erat
1551 949 1744 1004 rediit.
1762 948 1908 1001 Tum
1927 947 2116 1002 levato

454 1043 512 1095 in
546 1041 810 1096 humeris
841 1040 1262 1096 monachorum
1283 1039 1544 1109 pretioso
1568 1037 1818 1108 pretiosi
1849 1037 2117 1106 corporis

459 1131 776 1198 thesauro,
830 1129 1199 1184 descendunt
1253 1129 1509 1198 angusto
1558 1126 1768 1180 itinere
1816 1140 1921 1195 per
1965 1123 2120 1177 viam

456 1235 588 1289 quae
636 1219 797 1272 ducit.
845 1218 916 1271 ad
961 1218 1176 1271 ﬂumen
1209 1215 1562 1277 Tamisium.
1615 1213 2119 1285 prosequentibus

455 1307 590 1362 illos
621 1321 764 1378 rege
810 1309 867 1360 et
915 1305 1397 1375 archiepiscOpo,
1448 1308 1695 1373 utroque
1745 1303 1973 1357 illorum
2004 1305 2119 1356 tota

455 1394 630 1448 animi
665 1394 967 1464 viligantia
1013 1393 1083 1447 ad
1134 1394 1319 1447 Deum
1350 1393 1592 1446 intento.
1626 1392 1873 1462 Jamque
1907 1391 1977 1444 ad
2009 1391 2120 1443 ﬂu-

454 1497 590 1537 men
620 1483 1090 1553 apprOpinquare
1123 1484 1453 1550 caeperunt,
1489 1496 1622 1535 cum
1656 1496 1795 1534 ecce
1825 1480 1988 1551 regia
2022 1495 2122 1533 na-

457 1572 580 1638 vis,
613 1571 812 1625 aureis
845 1573 1098 1625 rostrata
1137 1570 1516 1636 diaconibus,
1550 1569 1866 1639 armigeris
1899 1568 2119 1637 repleta

456 1660 772 1729 militibus,
816 1659 1073 1713 venienti
1121 1659 1366 1728 martyri
1409 1659 1582 1712 obvia
1633 1655 1890 1711 offertur.
1936 1656 2122 1720 Quam

460 1748 636 1802 citius
687 1749 844 1802 dictu
876 1763 980 1801 rex
1011 1746 1304 1815 insiliens,
1337 1745 1615 1816 expansis
1660 1745 1922 1799 brachiis
1961 1760 2122 1797 mar-

2232 595 2287 645 et
2319 592 2522 644 eadem
2554 594 2724 644 nocte
2757 591 2814 644 in
2846 590 2983 644 villa
3015 607 3146 661 quae
3177 590 3388 643 dicitur
3426 589 3712 647 Earlietlia
3738 611 3845 649 ma-

2231 680 2529 749 nentibus,
2551 679 2809 733 occurrit
2831 678 3053 733 inﬁnita
3083 678 3300 732 Cantiae
3324 678 3638 748 multitudo,
3669 686 3846 753 equiti-

2231 769 2345 822 bus
2376 769 2646 836 permixti
2679 768 2926 837 pedites,
2955 768 3236 820 mulieres
3269 765 3436 833 viris,
3471 768 3700 822 senibus
3727 773 3847 826 ado-

2233 856 2548 926 lescentes,
2565 857 2786 928 singuli
2811 872 2915 926 per
2931 859 3155 909 turmas
3179 871 3322 909 suas
3346 855 3558 909 choros
3580 857 3844 923 ducentes,

2236 945 2494 998 citharas
2549 944 2988 1014 percutientes,
3055 947 3111 998 et
3167 943 3337 1014 quasi
3398 959 3589 997 arcam
3640 945 3848 1001 foederis

2237 1033 2466 1086 Domini
2512 1034 2569 1086 in
2607 1033 2799 1104 jubilo
2845 1034 3223 1088 deducentes.
3296 1030 3519 1086 Credas
3562 1049 3669 1087 non
3711 1035 3852 1089 aliter

2237 1122 2391 1177 ﬁlios
2424 1122 2604 1176 Israel
2645 1123 2979 1191 concinere,
3015 1123 3106 1175 vel
3155 1137 3286 1176 cum
3327 1137 3433 1176 eos
3476 1121 3741 1192 propheta
3768 1125 3855 1178 Dei

2238 1211 2478 1280 Moyses
2510 1211 2580 1265 de
2613 1211 2806 1265 medio
2833 1211 3018 1265 Rubri
3040 1210 3221 1264 maris
3252 1211 3434 1264 siccis
3465 1211 3702 1280 pedibus
3731 1212 3854 1266 edu-

2238 1300 2447 1368 xisset,
2480 1300 2573 1354 vel
2603 1315 2736 1353 cum
2765 1315 2962 1354 arcam
2993 1299 3222 1353 Domini
3254 1300 3323 1351 «‘e
3355 1299 3538 1352 Domo
3571 1300 3855 1354 Aminadab

2237 1389 2296 1441 in
2328 1388 2621 1441 civitatem
2654 1404 2821 1442 suam
2862 1405 2966 1442 rex
3008 1389 3191 1441 David
3223 1387 3591 1441 transferret.
3624 1389 3693 1441 At
3720 1389 3856 1446 cives

2236 1476 2597 1545 Cantuarini,
2615 1492 2746 1531 cum
2767 1477 3072 1531 audissent
3096 1477 3251 1546 quod
3277 1479 3441 1545 pater
3460 1478 3594 1531 vitae
3615 1481 3668 1530 et
3683 1477 3856 1531 socius

2237 1566 2444 1619 mortis
2477 1581 2681 1619 eorum
2715 1565 3076 1634 advenisset,
3111 1566 3266 1619 sicut
3304 1565 3489 1618 Jacob
3524 1568 3748 1634 propter
3772 1565 3856 1618 Jo-

2240 1654 2388 1724 seph
2420 1655 2490 1708 de
2522 1655 2691 1725 gravi
2723 1669 2929 1708 somno
2962 1654 3134 1724 quasi
3163 1654 3415 1722 excitati,
3443 1657 3500 1706 et
3529 1669 3646 1722 prae
3675 1653 3857 1722 gaudio

2240 1745 2530 1813 lscrymas
2549 1743 2815 1808 resoluti,
2837 1743 3068 1796 obviam
3100 1742 3412 1812 prosiliunt
3433 1741 3711 1809 laetantes,
3730 1741 3862 1811 quod

455 1839 646 1906 tyrem
668 1837 954 1906 suscepit,
980 1835 1191 1889 deinde
1221 1839 1501 1904 protensa
1524 1835 1764 1888 dextera
1787 1833 2123 1903 pontiﬁcem
2169 1849 2217 1912 Β
2240 1831 2402 1885 illum
2426 1835 2674 1901 possent
2719 1831 2928 1884 iterum
2948 1831 3169 1897 videre,
3192 1830 3366 1900 cujus
3388 1830 3671 1884 beneﬁcia
3699 1833 3798 1882 tam
3818 1829 3864 1881 in

458 1924 710 1978 induxit.
763 1924 900 1977 Mox
953 1925 1175 1976 remota
1232 1923 1441 1977 altiore
1497 1922 1666 1992 navi,
1721 1922 1967 1976 sedebat
2019 1937 2126 1974 rex

460 2012 928 2083 gubernaculum
974 2015 1215 2080 tenens,
1269 2012 1464 2065 navim
1513 2012 1586 2064 ad
1631 2012 1816 2080 ripam
1865 2009 2124 2064 fluminis

459 2101 813 2155 contrariam
863 2100 1150 2171 dirigens.
1206 2100 1456 2154 Videres
1503 2116 1649 2170 ergo
1697 2115 1970 2171 magnam
2019 2099 2122 2152 Dei

457 2190 777 2260 potentiam
831 2189 1120 2260 obsequio
1178 2189 1458 2259 martyris
1509 2189 1740 2257 favere,
1795 2189 1930 2241 dum
1990 2187 2125 2240 hinc

458 2281 696 2348 pontem
753 2281 809 2332 et
863 2281 1016 2332 totas
1067 2277 1324 2331 ﬂuminis
1384 2278 1544 2346 ripas
1589 2277 1851 2331 loricatis
1910 2279 2126 2330 stratas

460 2367 745 2421 militibus
793 2366 1216 2436 conspiceres;
1261 2365 1421 2419 illinc
1470 2381 1576 2436 per
1623 2369 1920 2420 extremas
1959 2364 2127 2418 urbis

459 2459 661 2525 portas
712 2454 1113 2509 simulatorias
1159 2454 1484 2508 seditiones
1525 2455 1810 2508 excitatas
1849 2454 2124 2518 audires;

460 2542 798 2596 attenderes
822 2558 1025 2614 regem
1055 2557 1264 2596 navem
1296 2547 1622 2614 regentem,
1643 2543 1930 2613 remigem
1962 2541 2127 2595 nobi-

461 2631 577 2685 lem
607 2646 804 2684 remos
835 2632 1186 2698 trahentem,
1216 2634 1481 2684 orantem
1513 2631 2048 2700 archiepiscopum,
2075 2633 2131 2684 et

465 2721 704 2773 sanctos
736 2719 1057 2773 monachos
1081 2719 1435 2788 obsequium
1466 2722 1841 2790 praestantes.

534 2848 586 2902 8.
629 2847 768 2902 Inde
798 2848 1109 2904 confestim
1139 2851 1510 2921 apprehensa
1549 2851 1757 2906 tellure
1797 2851 2024 2922 primus
2057 2851 2128 2906 de

465 2937 598 2990 navi
630 2953 735 2990 rex
764 2937 1088 3008 egreditur,
1124 2943 1428 3009 acceptum
1461 2956 1678 3010 corpus
1710 2940 1984 2994 vehiculo
2016 2941 2129 2994 im-

467 3026 650 3095 ponit,
684 3029 819 3095 post
850 3025 978 3080 haec
1010 3027 1197 3081 valida
1230 3043 1361 3082 cum
1393 3044 1566 3082 manu
1596 3028 1843 3082 militum
1873 3028 2128 3098 praemit-

466 3114 550 3167 tit.
588 3114 722 3184 Ipse
755 3129 896 3168 vero
943 3131 1076 3168 cum
1115 3117 1567 3188 archiepisc'Opo
1607 3117 1664 3170 in
1707 3118 1906 3174 ultimo
1936 3117 2131 3187 pontis

468 3203 733 3274 margine
769 3203 1042 3274 sedebat,
1072 3221 1186 3276 quo
1221 3221 1411 3276 usque
1443 3205 1505 3259 hi
1535 3206 1635 3276 qui
1665 3208 2130 3276 praecesserant,
2174 3201 2224 3264 C

467 3291 538 3344 ab
573 3292 718 3345 urbe
751 3292 990 3364 longius
1036 3294 1244 3348 remoti
1294 3296 1654 3363 existerent;
1698 3296 1936 3348 timebat
1967 3311 2132 3349 nam-

468 3395 581 3449 que
613 3380 828 3434 civium
859 3382 1237 3452 irruptiones.
1277 3383 1495 3438 Deinde
1529 3398 1807 3454 surgens,
1835 3387 1890 3437 et
1922 3383 2134 3436 libera-

468 3467 624 3522 libus
649 3467 810 3538 jocis
842 3471 1292 3539 archiepiscopo
1311 3471 1614 3525 alludens:
1646 3495 1665 3517 υ
1695 3472 2010 3525 Liberatus
2042 3486 2131 3539 es,

468 3555 687 3626 inquit:
722 3559 778 3610 et
820 3573 949 3612 meo
983 3573 1224 3612 munere
1256 3559 1326 3612 de
1355 3559 1617 3628 periculo
1659 3560 1885 3628 mortis,
1919 3559 1990 3613 de
2021 3575 2136 3630 qua

467 3646 524 3696 te
553 3643 794 3697 liberari
825 3660 941 3698 non
971 3661 1152 3714 posse
1190 3647 1598 3716 arbitrabaris,
1624 3646 1747 3716 jam
1778 3663 2030 3702 securus
2063 3648 2137 3701 ad

470 3735 737 3786 sanetum
771 3733 1174 3802 proﬁciscere,
1211 3738 1382 3804 atque
1415 3737 1475 3788 ut
1505 3737 1731 3790 nostris
1763 3736 1957 3789 faveat
1988 3740 2138 3789 tem-

470 3820 716 3890 poribus
748 3820 1049 3874 humiliter
1079 3822 1417 3893 deprecare.
1467 3823 1593 3894 Ego
1636 3825 1947 3878 vobiscum
1976 3825 2137 3894 pari-

469 3910 559 3962 ter
587 3909 754 3979 irem,
793 3910 845 3962 si
875 3910 1128 3980 magnis,
1156 3914 1216 3964 ut
1246 3912 1423 3980 nosti,
1460 3912 1628 3982 regni
1670 3914 1926 3983 negotiis
1957 3929 2137 3966 occu-

470 4001 641 4065 patus
675 4013 790 4051 non
823 4013 1043 4052 essem.
1075 4000 1300 4070 Regina
1324 4016 1456 4053 cum
1488 4001 1606 4054 ﬁlio
1638 4016 1767 4054 meo
1801 4001 2140 4056 Hardacnut

470 4084 732 4140 Cantiam
776 4087 1022 4141 incolit:
1075 4087 1157 4141 illi
1207 4091 1269 4142 ut
1313 4088 1486 4143 vobis
1529 4105 1661 4144 cum
1694 4093 1809 4143 tota
1839 4089 2138 4144 nobilitate

473 4179 743 4229 occurrat
784 4176 1093 4230 mandabo.
1133 4197 1154 4226 ι
1191 4177 1438 4232 Divinus
1479 4193 1626 4248 ergo
1674 4194 1706 4231 a
1753 4194 1893 4250 rege
1940 4179 2137 4233 archi-

471 4263 811 4334 episcopus,
848 4280 982 4319 cum
1030 4267 1254 4337 ingenti
1296 4266 1662 4323 huscarlium
1707 4268 1879 4320 turba
1909 4284 2138 4336 praece-

472 4353 679 4408 dentes
711 4353 1117 4424 subsequitur.
1153 4353 1415 4425 Cumque
1441 4355 1565 4426 jam
1596 4357 1671 4409 ita
1702 4373 1886 4426 prope
1925 4356 2138 4410 fuisset

472 4446 534 4494 ut
564 4457 596 4494 a
623 4442 1122 4511 praecedentibus,
1145 4443 1471 4513 oculosque
1495 4460 1734 4513 sempor
1754 4449 1886 4514 post
1909 4448 2141 4515 tergum

2237 1921 2390 1989 vita,
2431 1936 2602 1990 quam
2633 1920 2693 1973 in
2724 1924 2907 1973 morte
2938 1924 3214 1989 parentes
3250 1919 3344 1972 sui
3375 1919 3708 1988 multiplicia
3749 1933 3866 1971 sen-

2240 2025 2394 2063 sere.
2462 2009 2652 2078 Super
2701 2022 2906 2062 omnes
2965 2008 3233 2061 homines
3286 2007 3571 2078 majorem
3631 2004 3866 2060 monachi

2241 2097 2461 2151 Christi
2497 2097 2782 2150 Ecclesiae
2822 2095 3082 2150 laetitiam
3130 2096 3432 2167 gerebant,
3480 2097 3616 2150 dum
3650 2093 3869 2150 solemni

2241 2187 2355 2240 ritu
2387 2187 2666 2255 templum
2697 2189 2996 2254 ornarent,
3021 2185 3249 2239 levitica
3275 2200 3343 2238 ac
3375 2184 3753 2239 sacerdotalia
3781 2197 3868 2234 ve-

2241 2275 2513 2329 stimenta
2547 2274 2886 2328 induerent:
2914 2273 2973 2327 hi
3005 2274 3238 2328 crebris
3268 2275 3532 2328 motibus
3563 2270 3871 2342 crepitantia

2241 2363 2626 2417 tintinnabula
2668 2363 3056 2432 deducerent,
3099 2363 3182 2416 illi
3220 2362 3521 2432 lucernas,
3561 2359 3869 2431 Evangelia,

2241 2456 2568 2523 gemmatas
2595 2452 2655 2504 in
2677 2452 2951 2505 manibus
2983 2465 3196 2504 cruces
3229 2453 3559 2522 gestarent,
3583 2455 3636 2506 et
3664 2447 3872 2504 canoris

2241 2542 2495 2595 vocibus
2525 2541 2673 2594 ultra
2703 2540 2881 2610 longa
2915 2539 3169 2594 civitatis
3196 2540 3481 2608 pomoeria
3514 2539 3670 2593 obvii
3698 2549 3877 2607 proce-

2244 2629 2466 2684 derent.
2488 2629 2628 2684 Inde
2660 2645 2793 2682 cum
2823 2626 3106 2682 ineffabili
3136 2629 3314 2682 totius
3335 2627 3704 2684 Cantuarinaa
3729 2623 3875 2680 urbis

2244 2717 2500 2787 tripudio
2523 2721 2860 2787 susceptus,
2877 2717 2948 2771 ad
2974 2717 3286 2771 ecclesiam
3315 2732 3431 2771 non
3467 2716 3740 2774 Doctoris
3755 2726 3876 2784 gen-

2241 2806 2386 2861 tium
2418 2807 2571 2860 sicut
2603 2806 2760 2874 olim,
2795 2806 2902 2860 sed
2932 2805 3257 2860 Salvatoris
3288 2807 3554 2865 omnium
3573 2805 3705 2874 (14),
3727 2813 3877 2872 quam

2243 2895 2452 2949 vivens
2485 2909 2722 2962 semper
2751 2909 2949 2948 amore
2985 2894 3269 2964 coluerat,
3303 2895 3523 2950 virtute
3555 2893 3881 2949 corrobora-

2213 2987 2428 3052 ,verat,
2460 2999 2570 3052 pro
2601 2999 2715 3052 qua
2743 2984 2938 3051 etiam,
2962 2985 3020 3036 et
3046 2999 3297 3053 quacum
3330 2987 3582 3040 mortem
3610 2982 3882 3036 sustinue-

2243 3075 2351 3141 rat,
2386 3071 2731 3138 translatus,
2756 3071 2816 3124 in
2839 3071 3044 3124 eadem
3072 3086 3188 3124 non
3209 3073 3382 3141 quasi
3414 3074 3650 3128 noviter
3679 3069 3886 3124 concla-

2244 3164 2457 3227 matus,
2497 3161 2607 3215 sed
2643 3160 2815 3229 quasi
2856 3176 2990 3214 cum
3034 3161 3152 3215 Ileo
3200 3161 3259 3214 in
3311 3165 3663 3230 perpetuum
3701 3159 3885 3211 vivens

2248 3250 2593 3318 honoratus,
2624 3249 2946 3303 collocatus
2978 3251 3088 3303 est.

2317 3391 2403 3444 10.
2461 3389 2664 3444 Claret
2706 3389 3032 3446 miraculis.
3086 3389 3522 3446 Translationis
3566 3391 3793 3445 festum.
3832 3414 3889 3424 -

2243 3479 2506 3549 Cumque
2531 3479 2738 3533 tertius
2758 3479 3130 3534 illucesceret
3153 3480 3302 3548 dies,
3324 3481 3534 3552 regina
3560 3490 3757 3533 rimma
3777 3491 3891 3532 cum

2246 3569 2401 3622 omni
2424 3583 2556 3637 quae
2579 3582 2781 3620 secum
2815 3572 2939 3622 erat
2970 3569 3269 3623 nobilitate
3299 3569 3561 3640 advenit,
3583 3567 3890 3636 oblatisque

2245 3656 2591 3710 muneribus
2623 3656 2681 3709 in
2714 3656 2972 3710 diversis
3014 3672 3280 3710 cararum
3323 3673 3528 3711 rerum
3575 3655 3891 3730 speciebus,

2244 3744 2544 3799 benedixit
2575 3745 2694 3798 Deo
2728 3745 2965 3813 viventi,
3003 3746 3100 3815 qui
3143 3745 3214 3797 ad
3249 3745 3544 3799 honorem
3579 3751 3635 3799 et
3668 3743 3889 3816 gloriam

2246 3834 2500 3886 nominis
2544 3834 2635 3886 sui
2680 3834 2738 3886 in
2784 3835 2940 3885 tanta
2979 3831 3415 3903 magniﬁcentia
3448 3835 3616 3888 illum
3651 3829 3892 3895 reduxit,

2247 3937 2421 3992 quem
2441 3921 2510 3974 ad
2532 3920 2664 3991 ejus
2685 3921 3115 3990 blasphemiam
3135 3937 3268 3974 cum
3293 3925 3451 3976 tanto
3467 3920 3790 3992 opprobrio
3810 3917 3896 3969 ini-

2248 4011 2438 4064 micus
2460 4009 2718 4063 abduxit.
2737 4011 2928 4078 Atque
2960 4013 3018 4062 ut
3049 4009 3301 4080 aliquam
3328 4009 3466 4063 ﬁliis
3489 4011 3652 4064 idem
3674 4005 3898 4062 sanctis-

2248 4100 2435 4153 simus
2485 4104 2648 4169 pater
2690 4100 2895 4170 gratiae
2948 4115 3074 4152 suae
3121 4098 3331 4152 micam
3382 4099 3748 4164 ostenderet,
3785 4096 3900 4166 post

2247 4194 2474 4258 septem
2492 4188 2620 4241 dies
2645 4192 2802 4240 muto
2825 4187 3054 4240 cuidam
3074 4188 3326 4241 reddidit
3352 4187 3678 4258 loquelam,
3712 4185 3902 4240 alium-

2245 4293 2357 4348 que
2408 4279 2544 4347 post
2596 4276 2846 4329 Paulum
2883 4274 3040 4329 ferro
3070 4275 3354 4345 vinctum,
3399 4277 3710 4329 confracta
3762 4273 3902 4325 ferro

2247 4367 2435 4420 reddit
2467 4366 2741 4419 solutum.
2797 4365 2939 4418 Haec
2992 4368 3130 4418 sunt
3169 4365 3383 4436 gaudia
3428 4363 3779 4419 festivitatis
3808 4361 3902 4412 ho—

2246 4456 2486 4523 diernw,
2506 4455 2615 4508 ista
2647 4454 2988 4508 solemnitas
3021 4453 3154 4521 diei,
3181 4470 3313 4523 qua}
3337 4454 3566 4507 idcirco
3593 4454 3803 4506 statuta
3827 4450 3905 4500 est

473 4531 921 4584 deﬁectentihus
950 4531 1146 4599 pulvis
1170 4533 1225 4583 in
1250 4531 1463 4584 ccclum
1488 4533 1675 4586 elatus
1701 4533 1887 4586 videri
1918 4533 2142 4601 potuis-
2169 4550 2228 4613 ι)
2249 4545 2504 4615 singulis
2528 4543 2697 4596 annis
2731 4544 2785 4594 in
2815 4541 3084 4595 Ecclesia
3105 4542 3344 4610 Cantiae,
3381 4546 3554 4596 sexto
3592 4541 3731 4594 Idus
3763 4534 3904 4592 Junii

474 4622 584 4685 set,
624 4619 909 4688 suspicati
947 4619 1100 4672 idem
1143 4619 1256 4688 ipsi
1290 4621 1389 4689 qui
1420 4621 1833 4688 praecedebant
1874 4621 2038 4674 cives
2070 4621 2141 4674 de

475 4709 708 4762 civitate
750 4722 1060 4777 egressos,
1112 4713 1340 4761 mature
1387 4724 1518 4761 cum
1566 4709 1770 4778 paucis
1817 4709 2143 4762 monachos

475 4797 804 4865 ministros,
845 4798 900 4849 et
930 4800 1247 4865 martyrem
1277 4797 1654 4866 praemittunt.
1698 4797 1814 4867 Ipsi
1846 4801 2040 4851 autem
2070 4797 2143 4850 ad

477 4886 671 4939 vicum
697 4885 1024 4939 Plunstede
1049 4884 1376 4954 venientes,
1405 4886 1679 4939 obsident
1708 4891 1958 4957 angusta
1992 4887 2142 4955 loca,

476 4974 668 5028 tribus
726 4974 935 5027 turmis
991 4974 1100 5026 tria
1157 4973 1358 5042 praelia
1418 4974 1824 5043 instituentes,
1883 4975 2142 5028 animum

477 5076 584 5129 pro
615 5077 815 5116 amore
845 5062 1001 5116 beati
1033 5063 1310 5132 martyris
1349 5063 1495 5116 mori
1535 5067 1799 5131 paratum
1832 5063 2139 5117 habentes.

481 5148 618 5217 Sed,
645 5151 774 5204 viso
799 5151 1067 5204 cominus
1100 5152 1297 5204 crucis
1321 5151 1556 5222 vexillo,
1578 5156 1912 5224 agnoscunt
1944 5152 2144 5206 socios

481 5252 634 5306 quos
665 5237 944 5292 timebant
973 5239 1374 5308 adversarios,
1400 5243 1453 5293 et
1478 5239 1672 5310 majus
1703 5256 1874 5312 quam
1907 5243 2143 5310 putave-

484 5329 622 5380 runt
653 5327 933 5398 gaudium
963 5328 1334 5383 invenerunt.

554 5440 607 5495 9.
633 5439 940 5512 Elpbegus
963 5440 1301 5498 Cantuariaa
1321 5445 1667 5516 suscipitur.
1695 5443 2024 5499 Locaturin
2054 5458 2145 5497 ec-

557 5644 670 5718 (14)
701 5643 1069 5702 Cathedralis
1103 5644 1360 5718 ecclesia
1387 5644 1716 5718 Gantuariae
1757 5641 1991 5718 Christo
2023 5647 2147 5700 erat

485 5714 705 5792 dicata,
747 5718 1029 5792 inquam
1076 5731 1109 5772 a
1157 5715 1478 5772 cathedrali
1535 5715 1968 5790 Londoniensi,
2012 5733 2144 5792 quae

2247 4634 2623 4699 cclebrari,ut
2638 4631 2796 4683 nulla
2810 4630 2998 4683 valeat
3014 4631 3308 4683 oblivione
3325 4627 3908 4701 deleri,quemadmo-

2249 4723 2385 4775 dum
2404 4723 2612 4774 beatus
2635 4718 3174 4790 martyrElphegus
3195 4719 3265 4774 de
3288 4719 3477 4772 alieno
3494 4721 3571 4772 ad
3593 4734 3702 4771 sua
3728 4717 3909 4785 digna-

2249 4814 2343 4865 tus
2359 4809 2536 4863 fuerit
2551 4806 2956 4861 transferri.Et
2971 4808 3242 4875 quamvis
3258 4807 3410 4860 diem
3432 4807 3750 4876 passionis
3769 4803 3910 4856 illius

2251 4915 2381 4952 cum
2405 4898 2678 4951 omnibus
2710 4896 2768 4950 in
2801 4911 3108 4950 commune
3133 4895 3532 4963 celebramus,
3552 4896 3712 4949 diem
3736 4899 3911 4946 tamen

2250 4987 2652 5042 translationis
2675 4985 2865 5055 ipsius
2901 4984 3011 5037 soli
3042 5000 3164 5054 prae
3188 4984 3463 5038 omnibus
3488 4984 3803 5038 celebrare
3826 4979 3912 5033 de-

2252 5079 2479 5131 bemus.
2507 5075 2570 5126 In
2599 5075 2698 5127 illo
2730 5087 2981 5142 namque
3013 5089 3188 5126 unam
3218 5088 3285 5126 ac
3318 5073 3662 5142 simplicem
3693 5065 3912 5126 laetandi

2254 5181 2493 5220 causam
2526 5162 2878 5226 habuimus;
2931 5163 2988 5214 in
3028 5162 3141 5215 isto
3187 5164 3377 5215 autem
3409 5161 3678 5230 duplicis
3711 5157 3914 5214 laetitia:

2252 5255 2404 5309 dona
2427 5253 2824 5321 suscepimus.
2841 5251 2923 5304 lbi
2948 5249 3110 5304 illum
3130 5251 3192 5303 iu
3213 5250 3426 5306 coelum
3445 5250 3760 5304 sublatum
3779 5261 3917 5316 prae—

2253 5343 2555 5410 dicamus;
2589 5341 2684 5394 hic
2714 5339 2877 5392 illum
2907 5340 2966 5392 in
3000 5339 3151 5393 coelo
3182 5343 3550 5404 coronatum,
3593 5342 3655 5394 et
3682 5339 3744 5392 in
3773 5341 3918 5391 terra

2251 5433 2424 5488 nobis
2451 5448 2483 5486 a
2514 5431 2637 5484 Deo
2669 5429 2963 5483 donatum.
3009 5428 3366 5484 Benedictus
3411 5428 3524 5482 Dei
3571 5429 3795 5496 Filius,
3827 5422 3917 5495 qui

2252 5641 2435 5769 ἕὶωὲο
2478 5639 2774 5712 gaudebat
2821 5642 3098 5713 patrono,
3150 5638 3470 5698 translatus
3521 5636 3642 5694 fuit
3687 5632 3919 5692 sanctus

2327 5729 2360 5769 ο
2407 5727 2577 5769 esus.

2323 5727 2577 5788 pnegus.
