3978 6178
181 340 283 403 393
331 337 400 401 Β.
434 340 1159 408 BAR'I‘HOLOMASUS
1188 306 1466 408 Aeeas
1490 346 1752 410 MAJOF

2000 351 2508 416 NASTERIL—
2543 356 2889 421 Non-ru
2919 343 3378 430 HisTORICA
3454 367 3571 431 394

175 540 315 594 illum
343 543 395 594 et
423 541 476 594 in
516 541 669 597 ccelo
698 543 1017 613 coronavit,
1074 548 1130 599 et
1160 544 1332 599 nobis
1364 545 1423 600 in
1480 549 1633 601 terra
1663 561 1795 617 pro-
1906 549 2017 603 -vit
2048 551 2105 604 et
2152 554 2358 622 regnat
2392 552 2548 608 Deus
2579 568 2685 625 per
2714 557 2906 611 omnia
2938 562 3158 616 saecula
3208 560 3566 621 saeculorum

166 628 323 699 pitius
352 628 599 684 donavit.
634 632 732 701 qui
763 646 896 686 cum
934 633 1107 688 Patre
1138 636 1195 688 et
1224 633 1444 705 Spiritu
1466 638 1669 690 sancto
1701 637 1791 690 vi-
1906 636 2113 695 Amen.

1384 903 1852 961 EPITAPHIUM
1876 906 1934 962 S.
1961 906 2307 963 ELPIIEGI.

1020 1010 1253 1065 Morum
1285 1011 1561 1066 nobilitas
1594 1011 1755 1066 claro
1785 1013 1992 1084 generi
2022 1016 2291 1084 copulata

1321 1098 1543 1154 Nititur
1572 1098 1729 1153 hunc
1762 1103 2031 1155 sanctum
2052 1101 2362 1158 nobilitare
2395 1104 2605 1163 virum.

1012 1187 1245 1242 Praesul
1274 1186 1371 1242 hic
1392 1204 1425 1241 a
1456 1203 1640 1258 puero
1664 1189 1881 1243 divinis
1904 1189 2136 1243 actibus
2159 1190 2418 1260 haerens,

1321 1275 1696 1331 Commutare
1721 1292 1866 1331 sene
1889 1277 1997 1347 jus
2028 1279 2253 1348 puerile
2279 1281 2493 1335 studet.

1010 1365 1194 1419 Ictum
1222 1364 1460 1419 securis
1486 1369 1795 1435 expertus,
1822 1366 2037 1436 gaudia
2067 1367 2198 1421 οωιί

1318 1453 1519 1522 Intrat,
1559 1469 1692 1508 cum
1719 1451 1906 1523 justis
1937 1455 2155 1526 gaudet
2204 1455 2422 1511 habere
2456 1458 2669 1528 polum.

1007 1542 1167 1597 Laus
1190 1542 1633 1612 immensaDeo,
1668 1542 1766 1613 qui
1798 1544 1881 1596 tot
1911 1542 2205 1613 tantisque
2237 1546 2547 1617 triumphis

1316 1632 1808 1702 (ionregnaturos
1840 1630 2000 1685 ducit
2031 1631 2102 1685 ad
2134 1636 2292 1687 astra
2324 1649 2491 1689 suos.

144 1818 2064 1871 Ε

2067 1821 3139 1864 Ἦ

1434 1960 1609 2003 ANNO
1652 1962 1879 2004 DOMINI
1914 1963 2227 2007 MLXXXIV.

623 2100 1329 2256 BEATUS
1476 2063 3063 2271 BAa'i‘HoLOMmUS

1188 2327 1474 2392 ABBAS
1501 2328 1868 2391 MAJORIS
1902 2330 2459 2397 MONASTERII.

1694 2470 2083 2481 ———.——.——_

833 2541 1236 2622 NOTITIA
1297 2541 1775 2623 HI'I‘OBICA
1834 2542 1934 2624 IN
1980 2544 2847 2629 BARTHOLOMJEUM.

622 2734 896 2803 (Manum.
955 2735 1107 2789 Acta
1174 2734 1289 2790 SS.
1352 2734 1480 2790 0rd.
1547 2734 1614 2790 S.
1673 2734 1923 2806 Bened.,
1993 2735 2143 2813 Saec.
2203 2736 2300 2808 VI,
2356 2741 2522 2807 parte
2586 2756 2647 2811 ιι,
2714 2757 2850 2816 pag.
2922 2739 3045 2803 384.

188 3048 231 3103 ί.
288 3050 643 3105 Restaurata
694 3064 801 3119 per
856 3051 1126 3103 sanctum
1182 3046 1459 3102 Maiolum
1498 3048 1771 3101 abbatem
1796 3026 1856 3087 Α
1888 3050 2489 3118 sc0pusPictavensis
2510 3050 2566 3107 in
2597 3051 2796 3109 charta
2828 3070 2931 3124 pro
2954 3055 3159 3111 eodem
3181 3060 3542 3117 monasterio

134 3134 557 3193 Cluniacensem
589 3137 848 3209 regulari
878 3135 1268 3206 disciplinain
1290 3136 1615 3205 percelebri
1646 3136 1771 3189 Ma-
1885 3137 2015 3191 data
2047 3138 2158 3191 sub
2192 3139 2434 3192 Alberto
2456 3141 2685 3195 abbate.
2718 3141 2833 3196 Sed
2859 3144 3273 3201 observatione
3292 3148 3537 3219 dignum

129 3224 224 3293 jori
250 3226 609 3281 Monasterio
629 3226 1172 3293 Turonensi,locus
1191 3224 1287 3278 illc
1306 3224 1443 3278 olim
1461 3224 1606 3278 adeo
1621 3225 1770 3277 celc-
1883 3231 1974 3279 est
2007 3226 2162 3294 quod
2193 3227 2511 3280 Ordericus
2570 3229 2776 3282 \‘italis
2813 3231 2965 3284 libro
2998 3234 3171 3286 tertio
3204 3240 3401 3288 narrat
3467 3238 3542 3291 de

132 3312 251 3379 bris,
272 3316 365 3385 qui
398 3332 511 3385 per
546 3316 764 3369 multos
796 3330 987 3367 annos
1012 3312 1268 3367 incultus
1290 3314 1460 3381 plane
1480 3312 1769 3381 jacuerat,
1886 3313 2135 3367 Iladull‘o
2171 3315 2421 3384 quodam
2447 3318 2569 3367 viro
2604 3317 2785 3370 nobili
2807 3317 3021 3387 Geroii,
3044 3321 3541 3395 obegregiafacta

133 3400 271 3456 brevi
297 3404 371 3457 ita
397 3403 743 3475 ,pristinum
784 3402 1160 3471 splendorem
1206 3402 1448 3469 recepit,
1500 3404 1561 3454 ut
1610 3400 1770 3455 nullo
1880 3406 2270 3472 cognomento
2294 3403 2528 3469 Ilcrois,
2558 3404 2695 3472 ﬁlio,
2722 3406 2823 3474 qui
2844 3407 2981 3460 tunc
3013 3409 3294 3478 temporis
3313 3410 3374 3464 in
3413 3411 3541 3466 Ma-

128 3488 372 3562 deinceps
401 3493 524 3546 alio
549 3492 908 3544 monasterio
939 3494 996 3545 et
1017 3490 1349 3544 sanctitatis
1382 3490 1534 3543 fama
1569 3492 1625 3543 et
1656 3504 1771 3542 mo-
1872 3489 1993 3559 jori
2012 3490 2369 3543 Monasterio
2386 3492 2708 3546 monachus
2743 3493 2935 3548 factus
2964 3495 3316 3564 praeclarum
3343 3499 3538 3567 paeni-

129 3578 415 3634 nachorum
446 3595 703 3635 numero
726 3579 976 3633 inferius
999 3576 1612 3641 censeretur.Quantae
1628 3592 1767 3630 vero
1876 3578 2072 3631 tentias
2090 3580 2391 3646 specimen
2409 3579 2691 3633 exhibuit.
2718 3603 2740 3626 α
2764 3581 3072 3650 Radulfus,
3089 3583 3296 3654 inquit,
3310 3584 3537 3642 relictis

130 3668 453 3724 celebritatis
488 3668 671 3723 fuerit
700 3667 1232 3737 subbujussaaculi
1265 3666 1553 3720 undecimi
1572 3665 1765 3733 finem,
1876 3666 2079 3719 mundi
2106 3667 2417 3720 lenociniis
2440 3666 2510 3719 ad
2551 3667 2744 3737 Majus
2776 3667 3199 3724 Monasterium
3245 3672 3536 3746 confugit,

127 3753 322 3811 discere
350 3773 687 3827 possumus
718 3772 792 3811 ex
849 3756 1116 3810 Orderici
1175 3755 1383 3808 Vitalis
1432 3754 1595 3807 initio
1627 3755 1760 3808 libri
1877 3754 2076 3824 ibique
2118 3756 2229 3807 sub
2256 3755 2493 3809 Alberto
2525 3756 2733 3810 abbate
2764 3758 3089 3812 monachus
3122 3758 3314 3815 factus
3345 3759 3534 3816 Deum

126 3846 283 3910 quarti
302 3845 589 3901 Historia
610 3837 1057 3913 ecclesiasticae,
1091 3844 1189 3897 ubi
1203 3842 1410 3913 paucis
1434 3841 1529 3895 his
1556 3843 1759 3896 verbis
1876 3841 2221 3911 suppliciter
2253 3843 2483 3913 rogavit
2512 3847 2571 3895 ut
2627 3844 2975 3899 insanabilis
3023 3846 3203 3915 leprae
3234 3848 3444 3902 morbo
3474 3850 3535 3904 in

128 3934 400 4005 egregium
417 3933 674 4004 Majoris
691 3932 1032 3986 Monasterii
1046 3932 1303 4002 elogium
1319 3931 1591 3985 absolvit.
1617 3955 1635 3977 α
1656 3931 1769 3984 Ma-
1876 3945 2125 3999 corpore
2141 3929 2479 3994 foedaretur,
2499 3935 2789 4000 quatenus
2811 3948 2841 3985 a
2866 3937 3239 4001 peccatorum
3254 3936 3532 3992 sordibus

123 4016 206 4086 jus
224 4023 388 4091 enim,
420 4022 637 4093 inquit,
658 4020 1079 4076 Monasterium
1103 4036 1136 4073 a
1166 4019 1547 4074 sanctissimo
1570 4020 1762 4072 Marti-
1872 4018 1931 4070 in
1963 4018 2152 4071 anima
2186 4019 2619 4073 emundaretur.
2646 4019 2811 4084 Quod
2844 4021 2934 4088 pie
2958 4020 3307 4090 deprecatus
3324 4028 3416 4079 est
3436 4026 3533 4081 ob-

124 4121 182 4160 no
206 4109 571 4167 Turonorum
632 4109 1083 4179 archiepiscopo
1115 4114 1371 4177 emptum
1404 4111 1513 4175 est,
1550 4107 1749 4176 ibique
1871 4106 2064 4175 tinuit,
2097 4110 2153 4160 et
2181 4111 2315 4174 post
2347 4108 2758 4161 conversionis
2782 4123 2969 4162 annos
2996 4109 3116 4164 fere
3150 4125 3260 4164 sex
3278 4111 3533 4169 feliciter

128 4193 700 4254 bonorumhominum
732 4197 945 4268 religio
979 4197 1164 4251 crevit
1187 4196 1511 4265 inspirante
1528 4196 1670 4262 Deo,
1705 4198 1760 4248 et
1791 4218 1840 4279 Β
1872 4193 2153 4248 decessit.
2184 4218 2205 4240 n
2242 4195 2524 4247 Albcrtus
2558 4211 2698 4247 vero
2730 4195 3044 4249 defunctus
3074 4201 3165 4250 est
3196 4212 3346 4252 anno
3376 4197 3530 4271 1063,

128 4286 475 4357 multiplicata
529 4292 639 4342 est.
675 4287 912 4341 Nostris
945 4285 1329 4355 temporibus,
1364 4283 1647 4338 Albertus
1705 4286 1761 4336 et
1873 4281 2047 4352 cujus
2079 4283 2357 4335 memoria
2396 4282 2454 4333 in
2483 4282 2858 4353 Nerrologiis
2890 4283 3086 4337 Sancti
3117 4282 3377 4355 Benigni
3432 4287 3530 4341 Di-

130 4370 943 4443 Bartholommus,Bernardus
959 4374 1304 4441 etHilgotus
1324 4388 1391 4426 ac
1412 4372 1759 4426 Guillelmus
1871 4371 2256 4438 visionensis,
2289 4375 2344 4423 et
2368 4370 2561 4423 Sancti
2596 4370 2866 4423 Germani
2898 4387 2929 4424 a
2962 4371 3152 4449 Pratis
3175 4377 3533 4430 memoratur

132 4458 478 4520 Nanticensis
534 4464 779 4517 abbates
810 4463 947 4515 huic
980 4462 1346 4516 monasterio
1376 4461 1759 4529 praefuerunt,
1870 4458 2097 4513 decimo
2121 4459 2290 4512 tertio
2311 4458 2603 4512 Kalendas
2624 4459 2796 4511 Janii.
2820 4458 3371 4516 EtBartholomwus
3389 4462 3530 4517 sub-

133 4551 211 4618 qui
238 4555 538 4608 sanctitate
583 4555 639 4606 et
693 4551 982 4620 probitate
1036 4548 1237 4604 multis
1291 4548 1656 4618 profuerunt,
1710 4551 1766 4600 et
1871 4548 2109 4602 stitutus
2144 4550 2254 4615 est,
2298 4547 2397 4617 qui
2420 4562 2542 4616 prae
2575 4548 2808 4600 caeteris
2842 4546 3025 4618 hujus
3052 4547 3167 4602 loci
3217 4548 3530 4604 abbatibus

134 4636 276 4710 longe
304 4643 538 4713 lateque
562 4638 1016 4708 famosi,vicinis
1035 4640 1092 4692 et
1112 4638 1373 4692 externis
1394 4636 1643 4689 viriliter
1659 4637 1765 4689 mi-
1872 4637 2128 4691 celebris
2162 4636 2407 4691 exstitit.
2454 4706 2463 4715 .

137 4734 365 4784 euerunt.
403 4754 428 4778 ιο
1940 4726 1992 4778 8.
2030 4725 2442 4778 Bartholomtei
2502 4724 2629 4779 Vita
2661 4724 2719 4778 in
2747 4726 3148 4794 manuscripto
3179 4724 3385 4779 codice
3403 4724 3530 4779 Ma-

183 4815 227 4869 2.
257 4817 377 4874 Non
408 4820 584 4872 vacat
611 4816 707 4870 hic
736 4816 809 4871 de
829 4815 1157 4869 innumeris
1176 4812 1760 4884 propemodumlocis
1860 4814 2016 4882 joris
2046 4813 2365 4866 Monasteri
2399 4813 2745 4881 habebatur,
2783 4816 2844 4868 ut
2864 4813 3177 4867 didicimus
3207 4828 3281 4867 ex
3310 4814 3534 4884 aliquot

132 4906 289 4959 sacris
316 4906 663 4979 singillatim
702 4920 903 4976 agere,
948 4919 1080 4973 quae
1112 4903 1185 4957 iis
1216 4902 1583 4971 temporibus
1642 4901 1755 4955 sub
1866 4906 2207 4953 nostrorum
2239 4900 2480 4954 schedis
2518 4903 2608 4953 :et
2637 4900 2871 4970 quidem
2926 4915 3255 4969 anonymus
3301 4905 3528 4973 auctor,

132 4991 453 5058 prioratuum
472 4995 708 5048 nomine
741 4992 951 5062 Majori
969 4991 1324 5045 Monasterio
1340 4988 1613 5059 subjecta
1634 4989 1758 5042 fue-
1866 4988 2113 5059 Majoris
2136 4988 2480 5043 Monasterii
2496 4988 2789 5057 alumnus,
2814 4987 2915 5057 qui
2932 4986 3191 5040 libellum
3204 4986 3276 5041 de
3298 4988 3529 5044 actibus

132 5086 256 5147 runt,
287 5084 574 5155 inquibus
598 5079 1184 5136 monachiconstituti
1217 5078 1331 5132 sub
1355 5077 1625 5147 ejusdem
1645 5092 1759 5130 mo-
1863 5077 2275 5146 episcoporum
2296 5076 2727 5129 Turonensium
2743 5079 2795 5127 et
2811 5074 3091 5143 operibus
3103 5072 3380 5131 abbatum
3401 5076 3528 5131 Ma-

132 5172 620 5226 nasteriiabbatum
637 5168 926 5240 regimine
943 5166 1424 5237 etjurisdictione
1440 5165 1759 5218 vorsaban-
1855 5164 2009 5233 joris
2035 5165 2375 5218 Monasterii
2396 5165 2655 5230 scripsit,
2679 5162 2929 5214 afﬁrmat
2947 5160 3363 5218 Bartholommi
3382 5187 3403 5211 ιι
3430 5164 3530 5218 Vi-

131 5255 386 5314 tur.Ccrte
419 5258 580 5313 nulla
612 5257 736 5311 fere
770 5256 876 5310 fuit
915 5271 1032 5309 non
1073 5254 1247 5309 modo
1280 5253 1607 5322 provincia,
1648 5254 1755 5308 sed
1863 5259 1975 5306 tam
2004 5252 2306 5306 miraculis
2326 5254 2382 5305 et
2412 5252 2727 5307 virtutilims
2752 5250 2983 5318 plenam
3006 5248 3059 5301 in
3079 5250 3335 5306 armario
3366 5266 3532 5321 repe-

135 5341 304 5402 civitas
329 5351 430 5401 aut
458 5345 741 5401 dimcesis
772 5344 835 5397 in
864 5347 982 5397 tota
1013 5342 1217 5411 Gallia,
1253 5357 1385 5412 quae
1418 5356 1486 5394 ea
1528 5345 1753 5411 tempe-
1861 5340 1984 5394 riri.
2023 5363 2045 5386 υ
2080 5340 2317 5407 Verum,
2340 5340 2641 5393 nescimus
2674 5353 2787 5406 quo
2810 5353 2953 5391 casu
2973 5336 3161 5392 codex
3190 5338 3288 5392 ille
3319 5339 3531 5409 paucis

132 5434 248 5488 state
274 5435 514 5508 Majoris
548 5432 889 5488 Monasterii
911 5432 1235 5486 monachos
1269 5429 1421 5500 apud
1449 5445 1514 5483 se
1533 5429 1751 5484 habere
1859 5428 2072 5482 abhinc
2102 5427 2274 5481 annis
2298 5426 2554 5480 evanuit.
2580 5426 2764 5489 Quam
2798 5424 3096 5495 jacturam
3128 5426 3301 5496 gravi
3332 5426 3528 5481 animo

134 5532 225 5575 non
259 5525 537 5580 ambierit.
564 5520 888 5576 Monaehos
946 5519 1191 5592 Majoris
1223 5516 1561 5574 Monasterii
1621 5539 1642 5567 α
1692 5518 1751 5573 in
1856 5516 2124 5586 ferimus,
2159 5514 2316 5587 quod
2362 5529 2435 5568 ex
2456 5513 2566 5567 hac
2596 5513 2727 5567 V'ita
2770 5513 2979 5569 saeculi
3012 5512 3195 5585 hujus
3236 5512 3532 5587 Bedictini

135 5615 300 5669 sancto
325 5612 628 5685 proposito
663 5634 685 5659 η
720 5609 992 5665 viventes
1014 5608 1213 5665 laudat
1240 5607 1603 5664 Isembertus
1630 5606 1751 5680 epi-
1855 5605 2105 5662 historia
2131 5603 2447 5676 plurimum
2477 5602 2763 5658 illustrari
2793 5602 3117 5675 potuisset;
3165 5616 3275 5658 nec
3293 5601 3529 5660 aliunde

332 5702 591 5761 ΡΑτκοι..
642 5698 877 5756 CXLIX

3215 5690 3283 5748 13
