3978 6178
401 301 528 364 ⁵395
1049 301 1123 361 Β.
1160 295 1897 361 BARTHOLOMZEUS
1926 291 2205 355 ABBAS
2243 292 2608 354 MAJORIS
2637 292 3189 354 MONA'STERII.
3723 292 3848 354 396

404 509 709 577 supersint
739 508 1108 561 monumenta
1140 504 1347 558 idonea
1366 501 1436 555 ad
1467 516 1565 554 res
1584 500 1738 553 beati
1762 496 1942 568 hujus
1966 497 2064 550 ab-
2089 482 2135 543 Α
2174 495 2418 567 Majoris
2431 496 2957 567 Monasteriiatque
2970 496 3440 552 benedictionem
3457 496 3848 550 sanctissime

402 596 558 650 batis
592 597 879 665 pragclare
913 598 1138 664 gestas,
1160 595 1436 661 quantum
1469 605 1566 642 res
1601 590 1869 656 poscunt,
1896 600 2066 653 expo—
2173 583 2383 638 factam
2415 584 2654 638 molitus
2688 588 2780 638 est
2828 584 3019 638 modis
3051 585 3269 656 quibus
3299 586 3483 654 potuit
3526 585 3842 637 infestare.

402 685 648 738 nendas.
680 685 870 747 Quare
903 697 975 735 ne
1006 682 1145 733 tanti
1180 680 1286 731 viri
1322 677 1601 732 memoria
1624 678 1681 729 in
1714 676 1806 728 his
1829 677 2059 727 sancto-
2173 670 3852 744 InstigavitigiturcomitemTuronensium,nomineGof-

398 794 530 831 rum
563 778 726 830 Actis
761 777 1151 839 desideretur,
1207 775 1399 826 visum
1451 775 1543 825 est
1571 786 1637 823 ea
1666 770 1757 822 hic.
1792 770 1846 822 in
1878 784 2059 822 unum
2175 761 2410 829 fl'idum,
2443 765 2836 832 cognomento
2888 762 3226 829 Barbatum,
3260 767 3321 815 ut
3364 762 3555 815 locum
3588 760 3849 829 Majoris

402 864 681 934 colligere
711 878 843 931 quae
878 863 948 915 de
971 877 1039 914 eo
1073 862 1129 913 in
1162 860 1343 912 variis
1376 858 1715 911 auctoribus
1739 860 1794 910 et
1816 857 1871 908 in
1905 859 2064 910 vetu-
2172 848 2514 903 Monastel‘ii
2538 865 2648 903 suo
2678 849 2997 904 dominatui
3048 849 3420 921 subjugaret,
3453 853 3511 903 et
3565 848 3848 902 abbatem

398 952 512 1004 stis
543 951 764 1019 aliquot
795 949 1019 1002 chartis
1054 948 1313 1016 reperire
1345 947 1536 1012 licuit;
1582 945 1799 1014 quibus
1830 944 2063 996 tandem
2170 934 2285 989 loci
2317 940 2558 1007 cogeret
2591 940 2654 990 ut
2680 938 2751 990 de
2783 954 2957 990 manu
2990 937 3149 990 illius
3178 938 3452 990 baculum
3481 935 3849 1005 pastoralem

397 1038 787 1108 subjiciemus
838 1037 1098 1090 historiae
1150 1035 1393 1105 Majoris
1440 1032 1782 1087 Monasterii
1824 1032 2058 1101 insigne
2170 1025 2481 1093 reciperet.
2506 1024 2667 1078 Grex
2697 1024 2879 1095 igitur
2907 1024 3063 1078 beati
3096 1024 3328 1077 Martini
3353 1024 3597 1095 Majoris
3632 1024 3851 1076 Mona-

392 1126 785 1198 fragmentum
803 1142 872 1178 ex
894 1124 1293 1193 U‘tanuscripto
1309 1120 1509 1176 codice
1526 1120 1862 1175 monasterii
1897 1119 2065 1174 Villa-
2172 1112 2333 1165 Sterii
2355 1112 2722 1180 stupefactus
2743 1129 2810 1166 ac
2834 1117 3025 1166 mente
3043 1112 3331 1167 confusus
3345 1129 3417 1166 ex
3440 1116 3555 1165 tam
3577 1111 3853 1165 inaudita

398 1215 619 1268 riensis
655 1214 881 1267 ordinis
930 1210 1350 1266 (listerciensis
1382 1210 1440 1263 in
1470 1208 1803 1276 Brabantia,
1840 1208 1897 1261 in
1944 1225 2059 1278 quo
2171 1200 2456 1254 hactenus
2481 1201 2724 1268 ratione,
2743 1202 3005 1272 cogitare
3037 1203 3213 1271 coepit
3242 1217 3311 1255 ac
3342 1201 3537 1255 dicere
3560 1216 3679 1270 quo
3714 1200 3847 1252 ﬁeri

397 1303 598 1369 multa,
635 1302 939 1371 etquidem
964 1300 1378 1353 observatione
1408 1298 1928 1367 dignissima,quae
1946 1297 2057 1350 sub
2166 1295 2374 1358 posset
2403 1294 2463 1343 ut
2489 1293 2641 1343 tanta
2687 1294 2743 1343 et
2784 1294 2898 1343 tam
2947 1290 3121 1360 longa
3154 1289 3380 1360 regalis
3434 1292 3727 1357 potestas,
3791 1293 3849 1341 et

390 1388 823 1441 Bartholomaco
842 1386 1048 1439 abbate
1065 1385 1315 1455 ejusque
1331 1382 1858 1450 successoribusin
1876 1381 2057 1452 Majo-
2167 1377 2447 1446 specialis
2477 1378 2945 1447 semperdomini
2963 1378 3195 1430 Martini
3226 1377 3414 1448 gloria
3434 1392 3507 1430 ex
3536 1378 3769 1445 priscis
3790 1381 3848 1428 et

390 1476 813 1529 riMonasterio
835 1474 1158 1543 contigere,
1178 1472 1370 1524 fusius
1393 1474 1723 1523 narrantur.
1760 1469 1885 1522 Hoc
1907 1485 2054 1538 opu-
2163 1481 2235 1519 ex
2259 1467 2387 1518 suis
2411 1467 2583 1518 etiam
2614 1465 2765 1535 ipsis
2796 1466 3181 1535 temporibus,
3227 1467 3329 1534 qui
3360 1466 3499 1519 dum
3528 1464 3847 1518 adviveret

384 1565 617 1617 sculum
650 1563 911 1616 describi
943 1564 1151 1632 rogatu
1183 1564 1387 1613 nostro
1404 1559 1628 1612 curavit
1662 1559 1731 1612 Ii.
1769 1557 1829 1612 ι).
1855 1560 2056 1613 Alber-
2161 1554 2464 1622 proprium
2494 1553 2574 1606 ibi
2596 1553 2866 1607 abbatem
2899 1569 3036 1607 esse
3070 1554 3390 1621 constituit,
3433 1554 3672 1606 nomine
3704 1552 3847 1605 Gal-

383 1655 481 1705 tus
502 1653 572 1723 de
597 1650 937 1720 Chambley,
958 1650 1120 1719 prior
1146 1646 1536 1713 Villariensis,
1557 1646 1655 1718 qui
1673 1646 1814 1699 illud
1846 1647 1915 1699 ad
1941 1663 2051 1702 nos
2157 1640 2409 1709 bel‘tum,
2443 1640 2543 1711 qui
2574 1657 2728 1695 nunc
2757 1641 2976 1694 ibidem
3008 1641 3284 1694 humatus
3317 1642 3589 1711 quiescit,
3628 1641 3706 1694 ab
3734 1642 3846 1694 im-

381 1754 532 1794 anno
558 1737 694 1792 1672
724 1738 1072 1792 transmisit.
2154 1729 2533 1797 peratoribus
2564 1733 2619 1783 et
2644 1729 2890 1800 regibus
2905 1729 3020 1782 huc
3053 1728 3845 1800 usqueinviolabilitercon-

452 1827 506 1880 4.
539 1826 784 1880 Fallitur
819 1828 982 1879 actor
1038 1839 1366 1893 anonymus
1399 1821 1647 1892 Majoris
1708 1822 2049 1877 Monasterii
2081 1846 2132 1907 Β
2157 1820 2411 1885 servata,
2438 1817 3388 1887 modernistemporibusalicujus
3405 1818 3692 1885 dominio,
3716 1818 3845 1872 nisi

378 1914 707 1968 monachus
729 1929 906 1981 supra
941 1909 1855 1980 laudatus,quiBartholommum
1871 1912 2046 1965 abba-
2083 1905 2118 1907 —
2157 1905 2344 1975 regio,
2370 1906 2524 1958 sicut
2550 1921 2805 1975 semper,
2830 1908 2929 1959 aut
2955 1905 3149 1959 abbati
3174 1906 3413 1976 proprio
3447 1906 3841 1960 subderetur.

381 2004 498 2055 tem
512 2001 581 2053 ad
598 2001 690 2053 sui
708 2000 1048 2054 monasterii
1072 1999 1501 2069 regimenanno
1528 1996 1661 2052 1004
1676 2004 2045 2068 assumptum
2157 1992 2405 2046 Aiebant
2435 1992 2622 2046 enim:
2653 2015 2675 2040 α
2712 1993 3016 2047 Habemus
3047 2009 3299 2064 namque
3318 2010 3434 2047 non
3453 1995 3697 2047 minima
3722 1993 3843 2046 im-

379 2088 599 2155 fuisse,
626 2086 796 2157 eique
824 2102 1011 2139 annos
1038 2077 1267 2156 viginti,
1285 2084 1355 2138 ad
1377 2100 1593 2138 annum
1615 2085 1842 2138 scilicet
1869 2085 2043 2139 Chri-
2150 2084 2487 2150 peratorum
2516 2097 2841 2151 regumque
2871 2084 3311 2150 praeeepta,nec
3342 2098 3456 2136 non
3475 2082 3847 2152 etapostoli~

382 2177 458 2231 sti
504 2175 663 2243 1024,
697 2174 1015 2243 praefuisse
1048 2172 1505 2241 scripsit.Qucm
1529 2173 1763 2242 quidem
1783 2188 2043 2229 errorem
2155 2168 3400 2240 corumperplurimaprivilegia,quibushic
3415 2170 3839 2238 nosterlocus,

376 2280 451 2319 ex
500 2263 853 2332 scriptorum
889 2262 1045 2329 vitio,
1081 2260 1323 2315 omissis
1355 2261 1631 2314 litterulis
1680 2261 1909 2316 duabus
1940 2280 2036 2334 1.x,
2151 2271 2260 2324 pro
2309 2256 2683 2310 veneratione
2722 2257 2802 2326 pii
2838 2256 3026 2310 Putris
3073 2258 3262 2311 nostri
3312 2258 3530 2312 domini
3584 2259 3836 2311 Martini

375 2353 703 2421 irrepsisse
736 2351 908 2403 facile
940 2348 1082 2403 mihi
1108 2348 1166 2402 in
1198 2348 1453 2402 animum
1501 2349 1891 2419 induxissem,
1924 2351 2041 2405 nisi
2154 2359 2253 2413 qm
2298 2359 2432 2397 eum
2488 2344 2771 2412 fundavit,
2837 2344 3154 2413 specialem
3210 2345 3431 2400 obtinet
3481 2345 3843 2418 dignitatem

376 2439 476 2494 ille
508 2441 637 2508 ipse
669 2444 874 2492 auctor
898 2453 1073 2491 suum
1101 2453 1364 2491 errorem
1392 2438 1507 2491 alio
1537 2438 1713 2491 simili
1744 2440 2039 2509 prodidis-
2152 2435 2209 2486 et
2233 2432 2502 2503 gloriam,
2561 2436 2619 2486 et
2670 2447 2969 2502 nunquam
2998 2432 3192 2501 alicui,
3255 2434 3372 2487 nisi
3402 2438 3499 2487 aut
3529 2436 3685 2505 regi,
3720 2440 3832 2489 aut

381 2531 493 2597 set,
527 2543 812 2581 asserens
870 2525 1384 2592 Bartholommum,
1419 2530 1551 2594 post
1580 2530 1966 2582 restauratum
2006 2547 2040 2583 ει
2151 2520 2346 2573 abbati
2378 2521 2616 2589 prOprio
2647 2520 2835 2575 sancti
2868 2520 3100 2574 Martini
3133 2521 3242 2574 fuit
3271 2521 3603 2591 subjectus,
3629 2524 3835 2593 quali-

381 2617 586 2668 saneto
602 2614 812 2667 Maiolo
832 2615 888 2665 in
904 2612 1110 2682 Majori
1134 2612 1490 2667 Monasterio
1513 2615 1845 2685 regularem
1861 2618 2039 2670 disci-
2149 2609 2422 2661 teretiam
2442 2611 2534 2661 est
2549 2609 2621 2662 ab
2644 2608 2800 2662 omni
2818 2608 3138 2678 pl'msulum
3157 2609 3502 2679 dominio,in
3520 2616 3827 2681 quantum

374 2702 615 2771 plinam,
652 2702 919 2770 quintum
947 2700 1215 2753 abbatem
1248 2699 1458 2754 fuisse.
1484 2702 1719 2755 Certum
1742 2708 2036 2760 cstautem
2150 2694 2209 2748 in
2241 2695 2585 2749 ordinandis
2610 2697 2913 2749 monachis
2937 2697 3268 2750 necessitas
3311 2698 3469 2769 cogit
3499 2698 3830 2768 Ecclesiae,

376 2803 449 2843 ex
479 2787 661 2841 variis
682 2786 1073 2840 monumentis
1096 2801 1303 2839 novem
1324 2786 1569 2841 abbatcs
1599 2789 2037 2848 interMaiolum
2151 2787 2584 2853 sequestratus;
2642 2800 2776 2836 cum
2827 2784 3045 2854 quibus
3103 2799 3176 2838 ne
3208 2784 3265 2837 id
3297 2785 3395 2838 iiut
3424 2787 3569 2839 satis
3605 2786 3832 2840 defen-

374 2880 431 2931 et
449 2873 1395 2939 Bartholomaaumintercessisse;
1419 2875 1721 2944 etquidem
1742 2878 2037 2935 Bartholo-
2149 2871 2289 2925 (ἷθνθ
2305 2872 2789 2941 Possumus-Una
2818 2872 3001 2943 igitur
3030 2875 3220 2926 mente
3252 2876 3425 2943 atque
3456 2872 3700 2928 decreto
3729 2892 3836 2929 ve-

372 2979 585 3018 maeum
605 2960 1176 3017 ann01064abbatim
1199 2962 1463 3032 regimen
1494 2968 1843 3035 suscepisse
1863 2970 2033 3023 colli-
2151 2960 2236 3013 nit
2268 2960 2421 3014 idem
2453 2975 2602 3031 grex
2651 2959 2721 3013 ad
2752 2959 3102 3029 praedictum
3136 2960 3427 3031 comitem,
3463 2962 3669 3032 illique
3692 2963 3836 3019 haec

372 3054 534 3124 gitur
564 3068 637 3105 ex
659 3051 858 3105 multis
887 3050 1262 3105 donationum
1282 3050 1502 3105 chartis
1534 3070 1666 3122 quae
1698 3056 1756 3108 in
1787 3056 1875 3110 Ma
1878 3057 2033 3128 ἀοι-ῖς
2150 3049 2345 3102 omnia
2372 3048 2715 3113 retulerunt,
2738 3052 2801 3102 ut
2830 3047 3057 3102 scilicet
3077 3047 3230 3103 hanc
3250 3049 3541 3103 abbatiam
3563 3050 3833 3122 Majoris

372 3139 988 3195 Monasteriiarchivis
1021 3142 1355 3207 servantur,
1372 3142 1642 3209 quamvis
1666 3142 1829 3197 fateri
1855 3161 2032 3214 opor-
2069 3190 2118 3214 η
2149 3136 2513 3205 Μοηθεῑθνίί,
2538 3151 2645 3190 nec
2666 3136 2864 3206 ipsum
2896 3137 3317 3191 monasterium
3347 3139 3406 3191 in
3424 3137 3684 3208 alicuius
3709 3141 3831 3195 do-

373 3190 779 3195 ητ-ν-ν--ν---ρ
972 3190 981 3193 τ
1142 3190 1179 3191 ρ
1857 3190 1885 3199 ν
1936 3190 1989 3200 ν-
2499 3190 2512 3205 .
2690 3190 2710 3206 .
3234 3190 3256 3191 η
3464 3190 3677 3208 min
3719 3190 3787 3195 η

369 3231 487 3285 teat
517 3227 738 3297 aliquot
792 3226 944 3280 inter
974 3241 1076 3280 eas
1107 3225 1312 3279 haberi
1343 3242 1475 3297 qum
1523 3227 1655 3298 ejus
1686 3190 2030 3291 electioinem
2068 3190 2118 3252 Ο
2150 3225 2412 3294 minium:
2442 3223 2558 3277 niSi
2578 3225 2634 3276 in
2656 3239 2832 3277 suum
2879 3225 3185 3294 Proprium
3214 3226 3486 3280 abbatem
3517 3226 3828 3283 ιιηθῑθιιυδ

371 3332 525 3373 anno
556 3314 1244 3385 praecedentivideantur
1265 3317 1823 3389 consignarezquod
1848 3325 2028 3377 conti-
2147 3314 2428 3367 devenire
2459 3312 2753 3381 permittat
2785 3328 2798 3367 :
2825 3328 2895 3366 ne
2927 3312 3121 3367 honor
3135 3316 3193 3367 et
3208 3314 3395 3384 gloria
3425 3316 3565 3368 tanti
3590 3316 3825 3388 Patris,

369 3406 541 3478 gisse
558 3403 910 3457 crediderim
925 3403 1239 3456 occasione
1261 3403 1562 3457 turbarum
1577 3409 2029 3475 quusadversus
2146 3417 2279 3472 quae
2310 3416 2548 3469 semper
2577 3400 2794 3455 Cl‘eSCit
2824 3402 2884 3454 in
2914 3401 3103 3470 οωῙίε,
3137 3402 3505 3474 aliquatenus
3537 3404 3829 3459 Videatur

366 3492 867 3545 Bartholomaeum
887 3490 1066 3543 movit
1085 3488 1379 3544 Goﬁ‘ridus
1400 3498 1788 3563 cognomento
1819 3498 2029 3553 Barba.
2144 3490 2421 3545 minorari
2456 3490 2513 3542 in
2543 3489 2743 3559 terris,
2793 3505 2826 3542 a
2854 3488 3032 3542 tantis
3064 3489 3352 3545 hactenus
3392 3491 3827 3549 inviolabiliter

367 3584 485 3649 tus,
520 3577 725 3631 consul
758 3575 1231 3646 Andcgavensis,
1257 3576 1349 3628 cui
1374 3581 1509 3631 tunc
1529 3581 1811 3648 temporis
1836 3584 2028 3642 Turo-
2145 3577 2788 3648 eonservata_regibus,
2807 3577 3083 3632 Patribus
3104 3581 3278 3649 atque
3300 3580 3825 3648 principibus.Co—

367 3682 509 3725 num
541 3666 749 3719 civitas
772 3664 1029 3732 parebat.
1065 3662 1290 3716 Etenim
1324 3664 1418 3718 hic
1458 3682 1573 3719 non
1603 3669 1795 3723 solum
1828 3673 2027 3729 Mona-
2144 3683 2272 3722 mes
2291 3670 2484 3721 autem
2524 3665 2838 3733 obstinate,
2870 3666 2987 3719 imo
3030 3665 3260 3720 fortiter
3288 3667 3345 3720 in
3374 3683 3485 3722 sua
3515 3672 3822 3726 sententia

368 3754 538 3811 stsrii
559 3752 806 3822 Majoris
825 3755 1013 3803 terras
1047 3766 1155 3804 suo
1174 3752 1429 3806 dominio
1444 3754 1742 3824 subjicere
1775 3762 2024 3817 conaba-
2142 3755 2541 3827 permanebat,
2558 3759 2633 3824 et,
2661 3754 2712 3807 si
2736 3754 2848 3808 hoc
2870 3754 3055 3821 ﬁeret,
3079 3754 3273 3808 locum
3290 3756 3599 3810 destruere
3622 3758 3821 3813 mina-

368 3847 484 3912 tur,
518 3856 726 3896 verum
757 3840 931 3894 etiam
973 3839 1249 3908 exigebat
1280 3844 1341 3893 ut
1396 3840 1862 3902 Bartholomceus
1894 3866 1925 3903 a
1957 3868 2022 3906 se
2142 3847 2332 3900 batur.
2362 3842 2630 3898 Monachi
2663 3859 2804 3897 vero
2835 3843 3105 3897 comitem
3127 3859 3290 3914 saepe
3305 3848 3362 3898 et
3377 3845 3823 3902 rationabiliter

363 3931 597 4003 virgam
638 3927 990 3998 pastoralem
1039 3926 1346 3996 reciperet.
1378 3929 1544 3993 Quod
1583 3949 1716 3988 cum
1751 3936 1847 3992 ille
1877 3954 2022 3995 con-
2141 3934 2562 4000 convenerunt,
2601 3934 2656 3985 et
2684 3945 2792 4000 per
2826 3945 3116 3999 personas
3156 3931 3599 3987 ecclesiasticas
3630 3939 3818 4006 atque

365 4018 544 4076 stanti
564 4016 756 4071 animo
788 4013 983 4068 facere
1018 4016 1336 4086 renuisset,
1370 4019 1547 4073 multa
1576 4022 1647 4075 ab
1681 4039 1749 4077 eo
1778 4041 2017 4099 passus,
2141 4021 2466 4076 saeculares
2481 4019 2719 4073 discreti
2751 4020 2999 4090 sanique
3025 4020 3259 4073 consilii
3286 4021 3627 4076 nitebantur
3645 4040 3814 4078 eom-

361 4108 581 4163 diutius
596 4108 757 4159 extra
771 4103 1032 4174 regionis
1049 4103 1198 4156 fines
1216 4107 1444 4159 versari
1459 4112 1697 4163 coactus
1718 4111 2018 4171 fuit.Unde
2138 4109 2452 4163 motionem
2477 4107 2708 4161 comitis
2721 4106 3341 4177 tranquillareﬂomes
3371 4114 3562 4163 autem
3581 4117 3813 4182 quanto

361 4193 715 4265 conﬁcimus
744 4191 873 4243 fieri
903 4190 1165 4259 potuisse
1200 4192 1433 4259 ut,licet
1465 4193 1675 4264 jamab
1698 4214 1849 4254 anno
1883 4202 2019 4258 1063
2136 4198 2330 4270 magis
2379 4197 2614 4249 videbat
2646 4195 2969 4250 monachos
3000 4197 3284 4251 resistere
3316 4213 3443 4251 sum
3489 4200 3810 4271 voluntati,

357 4280 829 4337 Bartholomaeus
863 4279 920 4331 in
948 4277 1216 4333 abbatem
1248 4279 1463 4336 fuisset
1503 4283 1748 4357 electus,
1781 4293 2018 4347 nonnisi
2134 4289 2293 4340 tanto
2308 4285 2718 4339 vehementius
2732 4283 3100 4353 turbabatur,
3124 4287 3811 4356 tantoqueindiseretius

357 4375 553 4426 tamen
585 4384 735 4422 anno
768 4368 1060 4437 sequenti,
1096 4367 1323 4421 scilicet
1353 4369 1509 4439 lOGt,
1548 4378 1888 4430 monasterii
1922 4382 2016 4433 sui
2131 4390 2251 4429 non
2273 4373 2400 4444 jam
2431 4372 2562 4427 loco
2611 4372 3005 4441 solummodo,
3041 4374 3147 4426 sed
3179 4379 3235 4427 et
3290 4374 3439 4443 ipsis
3488 4379 3809 4433 monachis

354 4460 623 4530 regimen
647 4455 859 4508 inierit.
881 4455 993 4508 Sed
1027 4454 1121 4507 hic
1149 4456 1455 4510 referenda
1486 4464 1769 4530 suntquae
1800 4464 1872 4519 de
1903 4466 2015 4521 hac
2055 4532 2089 4535 _
2132 4461 2484 4529 minabatur,
2502 4463 2554 4514 et
2574 4460 2765 4513 minas
2788 4459 3060 4514 crudeles
3080 4462 3303 4516 crudeli
3325 4479 3501 4532 opere
3523 4464 3808 4535 adimple-

354 4563 419 4601 re
446 4547 734 4599 habentur
763 4543 819 4595 in
850 4542 1046 4596 Gcstis
1069 4544 1376 4596 consulum
1412 4546 1950 4621 Andegavensium,
1980 4571 2013 4609 a
2052 4532 2104 4593 Ῑ)
2129 4550 2248 4605 bat.
2284 4550 2506 4603 Locum
2537 4563 2790 4617 namque
2830 4547 3074 4617 Majoris
3098 4549 3435 4604 Monasterii
3462 4551 3665 4606 etloea
3684 4532 3804 4624 ap-

350 4634 638 4689 monacho
670 4631 922 4702 quodam
954 4646 1241 4699 anonymo
1272 4631 1516 4702 Majoris
1539 4634 1876 4693 Monasterii
1900 4658 2012 4698 sm-
2124 4638 2461 4707 pendentia,
2494 4636 2832 4705 ubicunque
2853 4638 3119 4706 potestas
3141 4636 3273 4706 ejus
3305 4639 3513 4710 attigit,
3534 4655 3803 4711 aggres-

350 4723 484 4777 culo
517 4721 787 4791 sequenti
821 4718 1327 4788 conscriptis,_qui
1367 4736 1516 4790 opus
1548 4738 1718 4778 suum
1750 4726 2009 4786 Henrico
2127 4725 2511 4781 susfunditus
2525 4723 3286 4794 adnullare,possessiones
3303 4728 3726 4783 monachorum
3745 4736 3805 4785 et

348 4810 675 4880 Anglorum
699 4808 828 4879 regi
850 4806 1228 4876 nuncupavit.
1251 4807 1348 4860 Sic
1363 4824 1506 4863 vero
1528 4811 1697 4867 habet
1715 4817 1902 4885 capite
1919 4818 2006 4889 10,
2124 4814 2491 4869 substantias
2525 4813 2826 4866 hominum
2842 4814 3183 4868 monasterii
3200 4830 3405 4884 rapere
3425 4815 3724 4872 violenter
3742 4822 3804 4873 et

346 4903 504 4952 tonio
538 4898 590 4951 Χ
622 4895 924 4967 Spicilegii
956 4895 1291 4964 Acheriani,
1324 4912 1458 4967 pag.
1492 4898 1614 4952 484.
2121 4905 2379 4970 vastare,
2405 4905 2461 4955 et
2491 4900 2786 4971 quomodo
2820 4902 3109 4954 saevitiam
3132 4918 3299 4956 suam
3332 4904 3595 4972 expleret
3617 4906 3799 4961 etiam

414 4988 468 5039 5.
505 5006 527 5033 «
560 4988 801 5049 Quantae
835 4984 1166 5052 cupiditatis
1203 4986 1551 5055 ctavaritiae,
1577 4992 1809 5057 quantae
1833 4992 2006 5047 etiam
2120 4991 2183 5045 in
2215 5005 2464 5058 corpora
2495 4988 2918 5042 monachorum
2939 4979 3401 5058 coepitattentius
3435 4991 3795 5063 observare,

344 5071 709 5126 crudelitatis
735 5072 1102 5140 etsuperbieo
1120 5069 1417 5125 Goffridus
1433 5073 1721 5131 Barbatus
1739 5077 1932 5149 fuerit,
1949 5083 2006 5134 et
2121 5082 2184 5133 ut
2220 5077 2614 5147 complereiur
2659 5076 2816 5147 quod
2863 5078 3149 5147 scriptum
3198 5083 3289 5132 est
3322 5094 3335 5133 :
3373 5100 3395 5128 ε
3430 5079 3797 5136 Observabit

344 5159 638 5229 quomodo
670 5161 721 5211 ei
757 5159 912 5212 Deus
947 5160 1223 5213 restiterit
1245 5164 1297 5212 et
1331 5160 1742 5233 humiliaverit,
1777 5170 1839 5219 ut
1866 5166 2005 5238 legi-
2120 5165 2667 5236 peccatorjustum,
2702 5167 2759 5217 et
2814 5165 3091 5219 stridebit
3132 5181 3314 5235 super
3343 5183 3474 5220 eum
3506 5168 3793 5225 dentibus

339 5250 438 5300 tur
472 5260 483 5299 :
525 5267 545 5291 «
574 5246 733 5298 Deus
773 5246 1053 5314 superbis
1098 5249 1344 5316 resistit;
1370 5269 1389 5297 ν
1425 5253 1506 5304 et:
1532 5274 1554 5295 u
1582 5251 1823 5325 Frangit
1841 5255 2001 5310 Deus
2117 5254 2248 5309 suis
2301 5253 2489 5323 (Psal.
2543 5269 2747 5320 xxxvi,
2800 5250 2921 5323 1'2);
2963 5273 2983 5301 ι
3020 5254 3078 5305 in
3110 5257 3455 5324 tantumque
3518 5257 3798 5313 desmviit

340 5347 571 5386 omnem
614 5333 1020 5402 superbiam,»
1073 5336 1238 5388 locus
1288 5337 1345 5388 in
1393 5340 1669 5405 praesenti
1729 5340 1996 5396 habetur.
2114 5341 2451 5412 persecutio
2484 5346 2539 5396 et
2561 5342 2849 5410 excrevit,
2886 5343 3134 5395 utetiam
3167 5344 3490 5397 saeculares
3514 5344 3792 5401 homines

340 5420 646 5487 Diabolus,
666 5420 838 5488 cujus
856 5421 1023 5479 cibus
1042 5425 1096 5475 et
1128 5423 1433 5478 delectatio
1450 5431 1537 5478 est
1562 5442 1590 5478 a
1616 5429 1991 5498 mundiprin-
2114 5429 2345 5484 comitis
2367 5430 2869 5500 intemperantiam
2899 5430 3787 5501 mirarentur,et,imprecantos

337 5507 488 5575 eipio
520 5512 720 5561 sancta
752 5506 1092 5579 depravare,
1155 5511 1363 5580 pacifia
1421 5514 1786 5584 perturbare,
1819 5516 1996 5571 bonis
2108 5519 2331 5589 comiti,
2365 5519 2551 5573 Deum
2578 5535 2684 5590 pro
2717 5518 3022 5573 monachis
3052 5524 3459 5588 precarentur.
3505 5520 3789 5577 Monachi

333 5597 615 5673 operibus
629 5595 888 5671 obviare,
906 5600 961 5653 et
977 5598 1321 5656 electionem
1335 5599 1747 5658 Bartholomaei
1763 5603 1994 5660 abbatis
2106 5609 2301 5663 autem
2342 5623 2474 5662 cum
2506 5607 2635 5662 haec
2657 5607 2756 5662 diu
2784 5622 2918 5663 eum
2945 5606 3220 5679 patientia
3250 5608 3633 5687 tolerassent,
3670 5626 3785 5671 nec
