3978 6178
209 355 315 426 397
1501 374 1850 440 NOTITIA
1888 377 2140 443 HISTO
2151 383 2347 445 RICA

3500 412 3617 477 398

205 554 397 621 quibus
427 556 644 627 aliquot
676 576 749 614 ex
778 561 887 615 ista
920 567 1381 637 congregatione
1398 572 1669 626 monachi
1702 591 1839 629 cou-
1879 564 1917 622 Α
1961 579 2220 655 saeviens
2242 582 2535 639 nitebatur
2556 590 2769 644 multos
2802 608 3013 651 servos
3043 599 3144 655 Dei
3170 604 3387 674 injusta
3420 613 3612 666 servi-

205 639 298 674 iam
328 651 559 674 nnnnnn‘
595 651 851 674 .M...:-._1..
878 652 1229 674 :_.._.:---‘19_
1269 672 1280 674 μ
1346 659 1408 674 ,.-
1734 664 1768 674 ..
1963 669 1972 674 .
2029 671 2036 674 .
2118 669 2132 674 _
2254 670 2263 674 -

191 639 298 710 jam
326 651 559 712 possent
593 651 855 715 pericula
878 652 1236 707 imminentia
1260 659 1581 725 sustinere,
1623 664 1837 717 oratio-

197 746 290 783 nes
316 748 457 801 quas
487 751 594 803 pro
629 738 759 790 suis
803 742 1288 808 persecutoribus
1319 744 1489 814 juxta
1531 748 1837 820 Evangelii

193 817 533 875 effundebant
589 832 983 895 praeceptum,
1018 832 1345 887 statuerunt
1387 833 1658 891 devotius
1703 817 1835 892 am-

193 907 385 977 pliare;
415 910 772 983 nudatisque
802 916 1053 984 pedibus
1085 919 1154 971 ad
1180 924 1565 990 corpusbeati
1600 925 1833 980 Martini

196 1003 618 1069 processerunt,
641 1005 967 1073 assumptis
981 1020 1181 1059 secum
1201 1008 1495 1065 debilibus
1510 1014 1563 1065 et
1576 1013 1832 1083 leprosis

190 1097 322 1151 quos
344 1084 410 1139 de
434 1086 595 1141 victu
620 1090 716 1143 vel
746 1092 963 1145 vestitu
981 1097 1323 1149 monasterii
1356 1100 1744 1171 sustinebant,
1777 1105 1835 1157 et

191 1187 414 1239 quorum
448 1190 671 1244 preces
704 1180 855 1248 apud
898 1180 1205 1236 Dominum
1236 1185 1434 1240 valere
1464 1190 1833 1245 conﬁdebant:

184 1261 707 1330 quamplurimum:
763 1267 883 1335 ubi,
941 1272 1298 1326 unanimiter
1355 1275 1413 1327 in
1463 1278 1829 1333 orationibus

183 1349 578 1419 persistentes,
602 1353 1191 1422 implorabantDcum
1223 1364 1277 1413 et
1299 1365 1485 1416 sancti
1511 1366 1734 1432 merita,
1767 1370 1827 1420 ut

181 1440 381 1504 pestem
440 1439 608 1493 illam
672 1447 787 1496 tam
834 1446 1228 1501 saevissimam
1287 1465 1394 1503 sua
1422 1452 1826 1507 misericordia

182 1526 537 1596 temperaret,
595 1544 675 1582 ne
733 1531 923 1584 locum
956 1532 1183 1588 illorum
1216 1542 1567 1605 persecutor
1596 1541 1691 1594 illa
1719 1540 1825 1595 de?-

174 1617 425 1682 strueret,
459 1617 625 1671 unde
647 1618 778 1687 ipse
800 1622 1173 1689 postmodum
1205 1624 1262 1677 in
1294 1625 1586 1681 infernum
1616 1645 1823 1699 poenas

172 1699 402 1755 luiturus
418 1703 844 1760 descenderet.
868 1708 974 1761 His
997 1726 1068 1779 pa
1078 1712 1256 1766 ractis
1270 1715 1442 1768 etiam
1469 1716 1540 1768 ad
1559 1718 1826 1772 abbatem

168 1786 600 1846 Cluniacensem
620 1796 952 1851 recolendas
966 1800 1268 1875 memoriae
1282 1802 1493 1872 virum,
1512 1804 1824 1876 Hugonem

163 1877 388 1947 nomine,
453 1895 637 1935 suam
697 1883 1034 1951 petitionem
1092 1887 1435 1944 direxerunt
1485 1894 1831 1963 suppliciter
1862 1929 1872 1985 Ι

170 1969 468 2021 exet-antes
501 1972 569 2023 ut
601 1970 736 2040 ipse
760 1976 815 2025 et
844 1978 1045 2028 sancta
1076 1974 1843 2052 Cluniacensiscongrcga»

168 2050 233 2105 tio
249 2068 346 2120 pro
368 2057 534 2109 tanta
552 2061 979 2128 persecutione
998 2063 1118 2116 miti
1127 2064 1317 2135 ganda
1336 2065 1441 2120 Dei
1460 2050 1827 2122 clementiam

162 2147 563 2214 precarentur;
598 2145 851 2216 insuper
877 2153 939 2202 ut
970 2149 1098 2218 ipse
1128 2153 1315 2206 abbas
1354 2154 1545 2208 locum
1579 2156 1823 2227 Majoris

167 2223 486 2284 Monasterii
521 2233 832 2287 consolari
860 2251 968 2289 sua
979 2240 1297 2306 praesentia
1329 2242 1700 2314 dignaretur;
1723 2246 1824 2316 qui

162 2313 435 2387 benignus
495 2323 562 2372 ut
629 2326 772 2391 erat,
806 2324 1068 2392 petitioni
1100 2343 1304 2381 eorum
1336 2329 1598 2402 benigno
1627 2333 1819 2388 animo

158 2401 450 2473 adquievit.
498 2407 775 2479 Cumque
794 2411 989 2482 Majus
1008 2414 1427 2471 Monasterium
1447 2401 1821 2487 pervenisset

162 2492 482 2549 consolatus
513 2500 617 2550 est
638 2496 875 2565 fratres,
903 2503 959 2553 et
989 2501 1242 2557 Turonis
1277 2505 1346 2558 ad
1378 2507 1647 2560 comitem
1682 2512 1819 2562 sunt

154 2578 381 2646 profecti
416 2599 430 2637 :
466 2586 658 2655 cujus
689 2587 941 2655 pedibus
972 2594 1346 2660 prosternati,
1382 2610 1514 2648 eum
1538 2596 1688 2649 utab
1720 2596 1816 2650 illa

155 2672 553 2733 persecutione
601 2673 725 2742 jam
767 2682 1035 2732 cessaret
1066 2682 1461 2747 precabantur
1492 2684 1809 2753 humiliter,

154 2754 243 2807 sed
263 2757 597 2814 incassum.
621 2762 770 2816 Nam
793 2779 1013 2835 comes,
1036 2768 1094 2820 in
1115 2784 1281 2822 suam
1306 2772 1596 2825 saevitiam
1623 2773 1805 2826 obsti-

155 2847 326 2915 natus,
387 2864 501 2903 nec
563 2851 843 2921 lacrymis
876 2852 1067 2908 flexus
1114 2860 1204 2909 est
1234 2859 1676 2928 monachorum,
1702 2877 1810 2915 nec

150 2929 353 2988 abbatis
400 2938 695 3005 precibus
752 2941 1065 3011 acquievit,
1128 2960 1238 2999 nec
1272 2962 1337 3000 se
1385 2948 1478 3000 vel
1508 2949 1737 3002 modico
1777 2965 1806 3002 a

153 3025 590 3092 persequendi?
603 3028 910 3082 monachis
944 3033 1313 3100 temperavit.
1340 3033 1568 3098 Quibus
1586 3038 1658 3089 ad
1680 3053 1807 3090 mo—

151 3111 448 3165 nasterium
484 3113 901 3185 redeuntibus,
937 3118 1122 3173 abbas
1146 3136 1381 3192 quoque
1403 3139 1692 3178 reversus
1716 3128 1809 3178 est

154 3192 492 3270 Cluniacum,
554 3201 769 3256 abbate
818 3203 1062 3274 Maioris
1098 3207 1440 3264 Monasterii
1470 3212 1802 3283 comitante,

1958 669 2078 721 tute
2102 669 2463 738 deprimere;
2494 674 2660 744 justo
2685 679 2911 749 judicio
2944 689 3138 743 amisit
3174 669 3246 744 in‘
3265 704 3613 765 perpetuum

1954 752 2409 813 dominationem
2445 779 2618 831 quam
2656 769 2917 840 tenebat,
2958 776 3056 843 qui
3106 779 3159 829 in
3192 752 3613 849 possessiones

1954 840 2293 899 Dominicas
2325 848 2543 919 injuste
2568 856 2871 923 tyrannide
2905 840 3207 920 saeviebat:

2024 948 2075 1002 6.
2111 950 2320 1007 Scdata
2345 954 2453 1010 hac
2485 962 2827 1029 tempestate
2852 966 3318 1030 Bartholomaeus
3342 978 3613 1037 Turonos

1955 1052 2261 1108 reversus,
2281 1046 2459 1096 totum
2480 1062 2617 1101 sese
2642 1050 2798 1104 dedit
2822 1053 2877 1107 in
2899 1064 3319 1127 componendis
3342 1066 3613 1125 dissidiis

1953 1139 2084 1193 quae
2117 1127 2270 1181 inter
2292 1130 2484 1199 ipsum
2519 1142 2940 1196 monasterium
2973 1149 3026 1199 et
3048 1148 3365 1223 plerosque
3383 1156 3614 1213 vicinos

1949 1218 2102 1265 mota
2138 1221 2320 1270 erant.
2356 1217 2704 1290 Complures
2745 1228 2816 1280 de
2858 1230 2931 1283 iis
2976 1234 3155 1289 rebus
3187 1217 3611 1300 conventiones

1947 1298 2117 1353 factae
2151 1308 2305 1372 sunt,
2342 1306 2559 1375 quibus
2604 1310 3070 1373 Bartholomaeus
3121 1324 3266 1379 alios
3304 1298 3604 1401 precibus,

1946 1387 2093 1440 alios
2126 1391 2383 1459 monitis,
2426 1399 2743 1453 nonnullos
2774 1404 2944 1457 etiam
2982 1414 3221 1480 erogata
3260 1419 3507 1482 pecunia
3538 1387 3613 1475 ad

1946 1490 2149 1544 pacem
2180 1478 2479 1536 invitabat.
2505 1483 2736 1542 Illustre
2754 1506 2877 1558 prae
2908 1478 3143 1550 caeteris
3164 1478 3344 1571 hujus
3366 1506 3452 1558 rei
3474 1522 3603 1562 mo-

1946 1568 2285 1619 numentum
2352 1568 2668 1643 habemus,
2720 1578 3026 1647 epistolam
3084 1568 3311 1642 scilicet
3362 1591 3496 1662 ejus
3536 1596 3609 1648 ad

1945 1650 2284 1723 Ernaldum,
2303 1672 2474 1727 quem
2493 1661 2587 1713 alii
2604 1663 2921 1721 Arnaldum
2937 1673 3248 1745 appellant,
3264 1650 3606 1749 episcopum

1940 1738 2465 1814 Cenomanensem,
2500 1751 2799 1821 scriptam,
2854 1757 2953 1824 qui
2987 1759 3607 1823 donationemVivonii

1941 1826 2300 1885 Monasterio
2320 1832 2883 1910 MajoriaVVilgrino
2906 1845 3223 1904 decessore
3242 1868 3350 1907 suo
3369 1855 3602 1923 factam,

1939 1919 1995 1968 et
2037 1931 2069 1968 a
2121 1919 2373 1988 capitulo
2422 1922 2852 1983 Cenomanensi
2903 1932 3212 2007 ﬁrmatam,
3262 1943 3603 2002 rescindere

1939 2004 2281 2061 conabatur.
2300 2006 2439 2062 Eam
2468 2011 2755 2084 integram
2783 2032 2856 2071 ex
2879 2004 3211 2080 authentico
3231 2028 3382 2083 infra
3400 2033 3601 2100 profe-

1934 2105 2155 2147 remus.

2006 2197 2116 2250 His
2148 2199 2363 2255 litteris
2394 2219 2636 2261 munera
2666 2209 2883 2280 adjecit
2914 2214 3401 2293 Bartholomzeus,
3427 2228 3597 2295 queis

1933 2285 2194 2356 episcOpi
2230 2289 2487 2345 animum
2518 2295 2810 2351 adversus
2843 2301 3086 2371 Majoris
3120 2306 3598 2368 Monasteriimo-

1932 2373 2155 2427 nachos
2189 2382 2542 2433 commotum
2565 2383 2876 2454 mitigaret.
2902 2390 3130 2452 Quibus
3154 2396 3384 2450 tandem
3403 2399 3595 2455 devic-

1929 2461 2025 2513 tus
2049 2461 2340 2518 Ernaldus
2369 2467 2442 2520 ab
2473 2471 2630 2524 omni
2660 2477 3066 2532 controversia
3097 2485 3375 2538 cessavit.

1997 2567 2048 2620 7.
2085 2568 2402 2625 Crescente
2441 2574 2872 2648 Bartholomaei,
2908 2587 3446 2661 monachorumque
3477 2595 3591 2649 sub

1925 2653 2058 2724 ejus
2079 2658 2364 2726 regimine
2381 2662 2719 2733 viventium,
2738 2672 3065 2726 sanctitatis
3088 2674 3257 2744 fama,
3275 2694 3380 2747 per
3391 2682 3591 2736 varias

1924 2741 2241 2799 Galliarum
2268 2750 2605 2816 provincias
2632 2754 2875 2826 Majoris
2905 2759 3590 2823 Monasteriiinstitutum

1923 2825 2307 2904 propagatum
2327 2843 2436 2905 est,
2460 2841 2756 2909 episcopis
2771 2846 3032 2917 virisque
3045 2850 3177 2905 aliis
3200 2852 3498 2910 nobilibus
3512 2872 3588 2911 ex

1922 2935 1990 2974 eo
2012 2920 2140 2975 loco
2170 2926 2491 2981 monachos
2512 2928 2990 3003 eftlagitantibus,
3015 2938 3115 3006 qui
3148 2944 3245 2993 aut
3269 2958 3420 2995 nova
3454 2959 3585 2998 mo-

1919 3011 2176 3062 nasteria
2194 3011 2535 3083 incolerent,
2561 3021 2659 3070 aut
2692 3021 2909 3089 vetera,
2948 3024 3006 3074 in
3029 3026 3245 3093 quibus
3267 3028 3581 3097 disciplina

1921 3097 2219 3167 regularis
2233 3100 2575 3171 intepuerat,
2592 3106 2663 3157 ad
2683 3107 2980 3162 meliorem
3008 3116 3219 3167 statum
3235 3122 3584 3173 revocarent

1917 3182 2067 3246 Quin
2110 3188 2165 3237 et
2193 3185 2269 3238 ‘in
2315 3191 2549 3242 exteras
2592 3193 2763 3246 etiam
2809 3199 3077 3252 nationes
3122 3215 3336 3256 nomen
3374 3218 3579 3260 eorum

151 3285 235 3352 qui
261 3287 544 3343 videlicet
580 3289 767 3344 abbas
807 3271 1054 3362 Majoris
1096 3295 1457 3367 Monasterii,
1493 3271 1805 3370 antequam
1836 3271 1883 3331 C
1915 3272 2202 3370 Eerve‘fi"
2226 3273 2391 3370 9‘1""
2422 3276 2768 3370 Guiilejmus
2786 3281 3195 3356 conquwsmr’
3217 3292 3353 3358 pOSt
3370 3290 3577 3347 Hera!-

151 3369 264 3426 inde
310 3376 558 3446 rediret,
619 3380 885 3448 suscepit
914 3397 1123 3437 sacros
1163 3385 1403 3440 ordines
1435 3389 1801 3459 sacerdotis;

153 3462 361 3528 quando
393 3466 561 3519 enim
610 3466 837 3521 electus
894 3473 984 3523 est
1016 3471 1074 3524 in
1123 3472 1413 3544 abbatem,
1447 3476 1638 3530 adhuc
1673 3477 1799 3530 dia-

158 3549 270 3602 coni
315 3554 653 3608 ministerio
682 3556 1058 3628 fungebatur.
1094 3559 1280 3616 Porro
1314 3563 1472 3617 Deus
1495 3565 1595 3634 qui
1624 3566 1800 3636 erigit

150 3635 331 3709 elisos,
390 3646 449 3697 et
510 3647 826 3712 sperantes
882 3647 940 3699 in
990 3662 1057 3701 se
1087 3665 1204 3702 non
1237 3649 1477 3721 deserit,
1512 3667 1627 3706 non
1658 3653 1798 3708 dor-

150 3725 360 3783 mitabat
439 3732 793 3797 custodiens
867 3733 1051 3790 Israel
1117 3738 1503 3809 spiritualem,
1561 3744 1619 3795 et
1674 3741 1798 3794 affl-

152 3813 302 3869 ctioni
356 3835 677 3874 servorum
738 3837 1003 3891 suorum,
1070 3826 1190 3896 qui,
1246 3831 1305 3881 ut
1361 3829 1647 3898 scriptum
1706 3836 1797 3886 est

151 3899 258 3969 jam
286 3905 546 3976 duplicia
568 3925 673 3978 pro
698 3911 955 3979 peccatis
986 3913 1114 3967 suis
1133 3921 1498 3985 receperant,
1524 3920 1795 3974 misereri

150 3989 277 4045 ultra
304 4010 417 4049 non
447 3996 716 4051 distulit:
750 3999 869 4068 qui,
903 4016 1037 4053 cum
1085 4001 1162 4054 sit
1204 4004 1576 4073 omnipotens
1621 4011 1795 4078 atque

144 4075 345 4150 justus,
379 4085 435 4138 in
472 4089 652 4154 caput
680 4087 909 4141 comitis
935 4088 1101 4158 juste
1133 4089 1271 4144 fecit
1292 4090 1426 4161 ejus
1446 4075 1794 4163 injustitiam

154 4166 485 4227 redundare.
514 4172 663 4227 Nam
688 4178 748 4228 ut
769 4176 1144 4231 manifestum
1163 4178 1510 4249 ﬁeretquam
1533 4182 1792 4253 injustus

161 4268 336 4313 comes
383 4262 482 4315 ille
542 4262 834 4317 adversus
885 4264 1153 4319 abbatem
1211 4270 1267 4321 et
1296 4268 1431 4321 illos
1463 4273 1789 4327 monachos

154 4346 483 4418 exstitisset,
520 4354 577 4403 et
607 4355 665 4404 ut
695 4356 1003 4421 appareret
1031 4370 1206 4424 quam
1225 4355 1390 4425 justa
1431 4358 1652 4413 ultione
1686 4377 1791 4429 pu-

153 4431 375 4491 niendus
407 4442 554 4505 erat,
589 4440 687 4509 qui
723 4444 983 4494 sanctam
1013 4441 1497 4499 illamccclcsium
1522 4450 1632 4501 tam
1654 4449 1797 4502 irra-

152 4520 487 4582 tionabiliter
518 4527 851 4595 infestabat,
878 4530 1058 4598 Deus,
1092 4532 1191 4601 qui
1213 4548 1450 4602 semper
1479 4535 1536 4588 in
1565 4538 1789 4591 sanctis

1915 3358 2052 3413 dum
2099 3360 2329 3432 Anglia:
2380 3365 2550 3434 regni
2596 3366 2934 3424 invasorem
2975 3372 3289 3445 devictum,
3341 3378 3403 3432 in
3440 3380 3573 3450 ipso

1913 3463 2130 3519 pugnae
2161 3449 2290 3506 loco
2320 3451 2560 3523 insigne
2600 3457 2931 3512 cmnobium
2963 3461 3021 3513 in
3067 3462 3350 3519 honorem
3382 3449 3573 3523 sancti

1916 3536 2150 3591 Martini
2172 3539 2449 3608 condidit,
2466 3542 2624 3611 quod
2645 3544 2720 3597 ob
2745 3561 2873 3600 eam
2892 3563 3131 3610 causam
3150 3552 3376 3607 Belium
3388 3556 3575 3612 voluit

1912 3625 2223 3696 appellari;
2256 3632 2313 3681 et
2333 3644 2364 3682 e
2397 3629 2605 3699 Majori
2628 3631 2986 3690 Monasterio
3008 3637 3340 3696 Turonensi
3358 3645 3573 3700 accivit

1913 3715 2258 3784 monachos,
2297 3732 2448 3787 quos
2478 3718 2559 3772 ibi
2582 3720 2814 3789 locavit,
2848 3740 2964 3779 uno
2995 3740 3068 3779 ex
3088 3743 3294 3783 eorum
3322 3746 3569 3788 numero

1911 3802 1972 3855 in
2001 3803 2270 3857 abbatem
2299 3804 2506 3874 electo,
2548 3811 2610 3860 ut
2646 3814 2887 3864 narrant
2926 3812 3190 3869 historiae
3223 3817 3568 3890 Anglicanm

1913 3892 2257 3960 scriptores.
2310 3892 2391 3945 De
2449 3893 2628 3965 hujus
2683 3901 3043 3967 monasterii,
3104 3905 3258 3973 quod
3314 3906 3374 3960 in
3420 3924 3571 3979 agro

1910 3977 2293 4032 Susscxiensi
2323 3980 2498 4033 situm
2529 3987 2684 4049 erat,
2717 3984 2930 4054 initiis,
2962 3992 3455 4056 possessionibus
3497 4012 3567 4050 ac

1907 4066 2090 4120 variis
2108 4067 2436 4138 privilegiis
2452 4069 2582 4123 fuse
2597 4072 2858 4140 agiturin
2872 4074 3196 4132 Monastico
3214 4081 3561 4155 Anglicano,

1907 4155 2120 4224 tomol,
2145 4171 2279 4226 pag.
2303 4157 2426 4225 310,
2463 4158 2562 4210 ubi
2584 4160 2753 4212 etiam
2772 4162 3344 4235 referuntur-aliquot
3372 4170 3566 4240 diplo-

1908 4246 2058 4296 mata
2099 4248 2220 4296 tum
2260 4243 2543 4298 Willelmi
2585 4248 2747 4315 regis
2792 4248 2980 4316 ipsius
3031 4252 3374 4324 conditoris,
3437 4261 3561 4312 tum

1903 4331 2150 4384 aliorum
2170 4331 2399 4402 Angliae
2423 4348 2649 4404 regum,
2670 4350 2802 4404 quae
2820 4335 2934 4388 huc
2957 4338 3183 4392 referre
3211 4341 3556 4412 nihiljuvat.

1903 4419 2070 4472 Circa
2116 4419 2269 4473 idem
2313 4426 2576 4490 tempus,
2626 4423 2681 4475 id
2731 4426 2823 4476 est
2865 4440 3016 4478 anno
3060 4426 3214 4498 1067,
3269 4430 3559 4487 Radult‘us

1903 4507 2279 4578 Paganellus,
2313 4509 2530 4563 nobilis
2560 4511 2812 4581 Anglus,
2849 4514 3163 4568 ecclesiam
3184 4518 3414 4573 Sanctae
3433 4520 3557 4573 Tri-

158 4610 703 4684 suismiiabilis,pro
719 4617 848 4670 suis
862 4595 1424 4690 ﬁdelibusdignatus
1445 4627 1533 4676 cst
1551 4624 1787 4695 insigne
1813 4611 1865 4669 θ
1901 4595 2119 4695 uitiati?
2147 4612 2324 4695 ,quam
2358 4596 2605 4695 ERN“?
2632 4598 2903 4695 h2§gbah
2936 4601 3179 4695 Maioris
3215 4605 3557 4695 muas?“

153 4696 472 4756 miraculum
494 4706 747 4773 operari.
770 4706 1092 4776 Postquam
1115 4708 1269 4761 enim
1292 4725 1491 4763 comes
1524 4717 1785 4766 contem-

154 4787 250 4851 psit
274 4789 541 4846 abbatem
600 4792 1115 4865 Bartholomaeum,
1159 4798 1215 4849 et
1242 4797 1512 4851 abbatem
1546 4798 1785 4854 Clunia-

154 4885 380 4944 censem,
444 4883 503 4933 et
562 4881 885 4936 monachos
929 4883 1228 4950 exaudire,
1264 4902 1444 4953 pravo
1475 4887 1784 4943 intervallo

154 4958 492 5038 interposito,
544 4967 725 5022 frater
761 4969 927 5039 ejus,
974 4970 1155 5025 Fulco
1199 4975 1454 5043 nomine,
1489 4976 1780 5031 adversus

157 5060 266 5105 cum
288 5070 414 5110 cum
439 5071 614 5110 manu
640 5057 831 5111 valida
846 5059 1185 5125 insurrexit,
1204 5076 1311 5115 nec
1331 5063 1404 5116 ab
1425 5062 1558 5133 ejus
1580 5080 1781 5133 perse-

155 5140 353 5197 cutione
384 5146 665 5211 cessavit,
700 5146 887 5200 donec
918 5162 1051 5201 eum
1083 5153 1317 5219 captum
1346 5154 1402 5204 et
1451 5152 1523 5204 ab
1556 5152 1780 5208 honore

156 5227 411 5293 privatum
442 5249 551 5303 per
579 5233 795 5288 multos
844 5251 1034 5291 annos
1066 5237 1123 5290 in
1153 5238 1480 5307 captionem
1514 5240 1776 5296 detinuit.

156 5311 324 5387 Ibique
378 5322 638 5390 efﬁctus,
695 5327 750 5377 et
788 5323 984 5377 divina
1030 5326 1246 5379 ultione
1291 5326 1463 5380 datus
1505 5329 1675 5381 etiam
1721 5329 1779 5383 in

157 5395 438 5472 reprobum
472 5426 740 5480 sensum,
764 5413 909 5466 vixit
938 5416 1144 5483 postea
1173 5415 1307 5482 plus
1338 5431 1511 5485 quam
1540 5417 1779 5487 triginta

155 5503 310 5551 annos
339 5498 395 5552 in
428 5500 539 5554 hac
567 5499 820 5567 miseria,
864 5502 1036 5555 etiam
1066 5503 1341 5556 hostibus
1375 5504 1773 5562 miserandus.

156 5575 696 5659 Certejustojudicio
717 5590 982 5660 privatus
1005 5595 1096 5645 est
1116 5594 1173 5646 et
1204 5593 1472 5661 corporis
1513 5596 1569 5647 et
1598 5595 1774 5649 animi

158 5665 413 5746 libertate;
467 5676 633 5749 juste
688 5680 806 5733 tota
860 5693 969 5734 sua
999 5678 1417 5737 miserabiliter
1445 5697 1774 5753 oppressus

158 5760 229 5817 est
246 5764 407 5822 unius
436 5764 694 5825 hominis
723 5768 1030 5843 potestate,
1089 5770 1192 5844 qui
1220 5772 1424 5828 contra
1463 5771 1775 5829 Dominum

1901 4684 2482 4738 abhatictmonachis
2511 4705 2533 4735 oi
2559 4687 2813 4755 tradidit,
2834 4690 3078 4757 cupiens
3098 4693 3405 4747 servitium
3428 4694 3554 4765 Dei,

1901 4774 2053 4843 quod
2074 4774 2131 4826 in
2154 4787 2220 4826 ea
2244 4772 2595 4843 deperierat,
2615 4776 3004 4831 reformare...
3026 4784 3338 4850 quatenus,
3368 4782 3559 4852 inquit

1902 4861 2164 4915 assiduis
2195 4862 2460 4930 ipsorum
2492 4863 2857 4917 orationibus
2888 4870 3110 4932 partem
3141 4867 3327 4921 beatae
3356 4884 3556 4923 resur-

1898 4951 2178 5003 rectionis
2210 4953 2267 5004 in
2304 4951 2498 5004 futuro
2530 4951 2746 5005 habere
2775 4968 3024 5006 merear.
3047 4975 3067 5001 υ
3107 4955 3313 5009 Varias
3344 4957 3556 5013 deinde

1898 5040 2321 5107 possessiones
2355 5038 2571 5110 adjecit
2605 5039 2675 5092 ad
2711 5041 3130 5093 monachorum
3168 5046 3551 5100 sustentatio-

1897 5142 2063 5189 nem,
2109 5142 2242 5196 quae
2283 5143 2473 5181 omnia
2516 5126 2847 5180 Alexander
2877 5128 2924 5179 ll
2973 5144 3241 5183 summus
3290 5132 3555 5199 pontifex

1897 5216 2282 5269 confirmavit.
2318 5214 2465 5285 Ejus
2505 5215 2759 5282 diploma
2790 5216 2847 5267 in
2886 5219 3039 5268 tomo
3073 5217 3302 5272 laudato
3320 5219 3553 5275 Monas-

1894 5304 1991 5356 tici
2013 5303 2317 5374 Anglicani
2346 5303 2618 5371 refertur,
2644 5303 2857 5373 pagina
2886 5302 3008 5370 564,
3030 5306 3127 5360 ubi
3160 5306 3555 5374 plurahaben—

1893 5420 1986 5471 tur
2014 5418 2085 5472 de
2117 5418 2320 5471 eodem
2353 5421 2573 5470 sanctae
2604 5416 2902 5470 Trinitatis
2934 5419 3191 5488 prioratu

1961 5504 2012 5559 8.
2049 5505 2171 5558 Nec
2203 5505 2518 5573 putandum
2549 5508 2630 5557 tot
2660 5504 2859 5574 cellas,
2893 5521 3025 5576 quae
3072 5510 3209 5562 tunc
3264 5511 3549 5581 temporis

1889 5592 2099 5663 Majori
2125 5592 2480 5647 Monasterio
2511 5591 2799 5663 subjectae
2830 5594 3084 5665 fuerunt,
3119 5596 3191 5649 ab
3224 5597 3432 5652 abbate
3452 5597 3552 5652 aut

1888 5683 2197 5737 monachis
2233 5680 2505 5753 ejusdem
2535 5680 2649 5735 loci
2681 5682 3078 5738 emendicatas
3109 5683 3321 5754 fuisse,
3354 5701 3486 5740 cum
3515 5697 3551 5737 ο

1887 5771 2180 5830 contrario
2236 5770 2484 5846 gratiam
2527 5769 2645 5827 sibi
2701 5772 2979 5845 praestari
3014 5771 3420 5830 existimarent
3463 5766 3546 5829 illi
