3978 6178
375 362 494 431 399

1014 357 1089 418 B.
1123 350 1859 429 BARTHOLOM/EUS
1919 345 2203 410 ABBAS
2240 343 2607 407 MAJORIS
2647 339 3169 404 MONASTERII

3710 336 3836 400 400

379 545 748 601 eederentur.
766 543 829 597 1d
850 508 1066 613 quippe
1097 552 1304 594 eorum
1333 531 2042 600 sanctitatideferebatur,
2092 540 2114 585 ’ς
2136 599 2139 602 ν
2164 528 2359 581 divine
2377 525 2895 596 cultuidiligenter
2921 521 3312 613 deservirent.
3335 520 3499 585 Quod
3518 536 3674 613 cum,
3702 520 3831 613 Deo

375 638 439 688 ut
471 650 545 688 ex
590 632 792 686 multis
831 628 1209 683 donationum
1250 625 1491 691 chartis,
1526 638 1659 693 quae
1694 622 2040 689 supersunt,

378 721 619 795 probari
651 721 874 789 posset.
914 717 1100 770 Unam
1139 730 1211 767 ex
1241 713 1337 766 his
1386 712 1675 782 integram
1712 708 1939 763 referre
1983 707 2043 759 in

380 811 683 880 specimen
727 808 922 859 visum
964 809 1073 871 est,
1115 818 1247 872 quae
1285 803 1377 855 est
1405 799 1675 854 Gervasii
1706 796 2038 866 cujusdam,

384 899 490 952 viri
556 895 772 949 nobilis
841 890 1325 959 Cenomanensis,
1385 890 1455 942 de
1522 887 1774 940 ecclesia
1844 883 2039 938 Sancti

380 983 727 1054 Guingaloei
758 981 910 1050 apud
939 976 1412 1044 Castrum-Ledi,
1448 991 1620 1045 quam
1654 972 1895 1044 Majoris
1928 972 2042 1024 Mo-

381 1071 621 1126 nasterii
648 1069 954 1124 monachis
986 1065 1408 1137 possidendam
1426 1063 1687 1117 contulit.
1722 1061 1817 1115 Sic
1848 1064 2038 1114 autem

373 1160 570 1214 habet.

448 1286 470 1316 «
510 1265 637 1337 Ego
669 1262 1015 1330 Gervasius,
1040 1261 1216 1315 homo
1245 1259 1466 1313 militiae
1488 1256 1761 1311 saeculari
1783 1254 2036 1322 deditus,

367 1370 570 1409 curam
592 1367 811 1423 gerens
850 1350 921 1404 de
943 1350 1131 1403 salute
1154 1350 1363 1402 animie
1402 1362 1565 1414 meae,
1591 1348 1647 1398 et
1664 1343 2037 1415 perpendens

370 1441 729 1512 mejejuniis
749 1443 806 1493 et
835 1438 1204 1492 orationibus
1238 1437 1386 1490 meis
1418 1436 1485 1487 ad
1512 1435 1698 1487 Deum
1730 1431 2038 1501 pervenire

370 1546 487 1585 non
537 1544 740 1599 posse,
794 1527 1051 1598 cogitavi
1095 1525 1291 1595 aliquo
1337 1523 1509 1577 modo
1559 1537 1650 1575 me
1699 1521 1817 1574 illis
1875 1535 2039 1573 com-

372 1617 651 1673 mendare
709 1617 809 1686 qui
851 1616 970 1668 Deo
1018 1615 1075 1667 in
1107 1613 1323 1667 talibus
1372 1606 1471 1665 die
1512 1626 1579 1663 ac
1622 1611 1792 1662 nocte
1831 1607 2041 1661 deser-

382 1706 579 1773 viunt,
624 1706 687 1758 ut
735 1719 938 1757 eorum
985 1699 1560 1768 intercessionibus,
1609 1713 1742 1767 quae
1798 1710 1904 1765 per
1953 1711 2044 1749 me

375 1810 492 1848 non
510 1795 793 1862 poteram,
830 1791 1080 1843 salutem
1112 1789 1268 1841 illam
1301 1802 1559 1841 mererer
1590 1784 1872 1838 invenire.
1899 1782 2046 1837 Cum

376 1882 560 1952 igitur
588 1878 809 1948 aliquid
841 1875 1185 1947 hujusmodi
1220 1874 1561 1927 hominibus
1592 1873 1662 1925 ad
1688 1872 2044 1962 subsidium
2085 1901 2129 1962 Β

377 1969 516 2022 vitae
548 1966 863 2036 praesentis
896 1964 1070 2017 istius
1103 1965 1190 2018 rei
1219 1962 1408 2033 gratia
1440 1962 1652 2016 vellem
1683 1960 2045 2029 impendere,

376 2070 485 2109 nec
514 2055 660 2107 mihi
682 2054 753 2107 de
785 2053 966 2107 rebus
998 2053 1149 2106 meis
1191 2053 1526 2120 suppeteret
1561 2049 1720 2118 quod
1750 2048 1837 2101 eis
1873 2048 2050 2117 digne

373 2158 615 2212 possem
647 2140 878 2208 offerre,
930 2141 1111 2193 subiit
1162 2155 1303 2209 spes
1339 2139 1408 2190 de
1456 2136 1870 2191 misericordia
1922 2136 2047 2195 Dei,

375 2231 529 2302 quod
564 2231 613 2283 si
644 2247 709 2283 ea
741 2245 875 2299 quae
897 2245 929 2280 ει
954 2228 1284 2298 majoribus
1314 2226 1464 2279 meis
1490 2226 1609 2279 Deo
1632 2225 1702 2277 ad
1727 2240 1899 2278 usum
1932 2239 2052 2278 ser-
2113 2272 2119 2278 .

372 2336 583 2375 verum
614 2319 746 2390 ejus
779 2317 988 2372 collata
1022 2317 1277 2382 fuerant,
1310 2314 1416 2368 sed
1461 2314 1632 2367 modo
1662 2313 1892 2367 deserta
1910 2320 2045 2370 sunt

373 2426 442 2464 ac
471 2412 717 2476 vastata,
762 2409 822 2460 in
863 2405 1175 2475 pristinum
1209 2406 1422 2456 statum
1466 2416 1749 2455 revocare
1780 2417 2045 2471 possem,

384 2501 441 2551 et
472 2500 847 2567 peccatorum
902 2509 1165 2546 meorum
1222 2505 1623 2561 consequerer
1677 2490 1925 2554 veniam,
1987 2492 2047 2545 et

378 2586 590 2638 anima)
623 2598 767 2636 meae
797 2582 1047 2635 salutem
1079 2584 1440 2649 perpetuam.
1477 2579 1582 2631 Est
1616 2593 1762 2648 ergo
1809 2579 1865 2631 in
1899 2594 2048 2648 pago

382 2669 816 2725 Cenomanensi
852 2668 908 2721 in
943 2667 1372 2721 Castello-Ledi
1431 2666 1720 2735 (Cluiteau
1778 2666 2049 2733 du-Loir)

385 2759 643 2812 ecclesia
675 2758 730 2808 in
763 2756 1050 2809 honorem
1082 2748 1275 2807 sancti
1307 2753 1654 2823 Guingaloei
1687 2757 2043 2824 constructa,

381 2847 477 2900 cui
529 2844 707 2897 multa
738 2842 997 2913 majores
1019 2843 1131 2894 mei
1174 2841 1543 2895 contulerunt
1572 2841 1643 2893 ad
1698 2857 1869 2895 usum
1925 2842 2046 2896 Deo

380 2933 525 2988 inibi
560 2931 970 2997 servientium,
1003 2930 1075 2984 ad
1105 2929 1259 2999 quod
1278 2928 1382 2982 Dei
1405 2928 1709 2983 servitium
1726 2931 2045 2984 canonicos

393 3017 998 3076 constituerunt.0rto
1031 3022 1222 3071 autem
1240 3016 1565 3070 bellointer
1591 3017 1859 3070 comitem
1894 3019 2045 3072 Gau-

388 3109 617 3163 fredum
639 3111 695 3161 et
725 3107 1026 3159 dominum
1051 3105 1209 3158 illius
1230 3104 1476 3171 castelli,
1502 3105 1810 3158 cumidem
1844 3121 2043 3161 comes

390 3202 599 3251 cuncta
619 3209 725 3265 per
742 3193 1049 3247 circuitum
1070 3192 1293 3246 castelli
1313 3192 1471 3245 ferro
1496 3196 1551 3245 et
1568 3192 1796 3246 flamma
1815 3195 2041 3263 diSper-

378 3285 676 3350 deret,res
697 3296 933 3359 quoque
973 3279 1176 3351 hujus,
1221 3295 1394 3350 quam
1440 3281 1711 3350 dicimus,
1769 3283 2042 3337 ecclesize

387 3372 555 3441 ipsas
584 3386 788 3438 repere
802 3385 868 3421 ac
884 3373 1117 3421 vastare
1132 3369 1284 3421 sicut
1308 3371 1362 3420 et
1377 3372 1586 3421 caetera
1599 3370 1716 3422 min
1728 3371 1838 3423 imc
1854 3371 2044 3424 formi-

380 3458 557 3526 davit,
618 3459 696 3510 ita
740 3460 801 3510 ut
857 3457 1123 3525 plerique
1183 3457 1254 3509 de
1301 3458 1602 3510 canonicis
1631 3458 1821 3526 inopia
1853 3459 2039 3513 coacti

378 3545 753 3616 diffugerant,
783 3547 839 3597 et
868 3544 1183 3597 ecclesiam
1224 3545 1315 3597 cui
1346 3544 1762 3598 deserviebant
1792 3546 2037 3602 desere-

377 3638 526 3689 rent.
564 3633 647 3685 Ex
680 3649 747 3686 eo
775 3632 896 3702 jam
929 3635 1190 3700 tempore
1222 3634 1276 3684 et
1307 3632 1567 3685 divinum
1592 3634 1849 3686 officium
1864 3637 2038 3705 coepit

376 3721 778 3793 negligentius
808 3721 865 3773 in
892 3720 1020 3788 ipsa
1042 3720 1296 3774 ecclesia
1352 3719 1656 3788 celebrari,
1691 3724 1747 3775 et
1775 3737 1872 3776 res
1903 3723 2038 3795 ejus

377 3810 635 3883 quotidie
695 3808 969 3862 decidere
1021 3810 1161 3861 etin
1222 3808 1481 3861 deterius
1514 3809 1813 3864 devenire.
1872 3810 2036 3875 Quod

378 3913 489 3969 ego
523 3895 930 3963 considerans,
994 3899 1050 3948 et
1104 3894 1355 3948 maxime
1414 3896 1622 3950 dolens
1677 3913 1793 3950 non
1824 3915 1892 3952 ea
1922 3915 2036 3969 qua

377 3985 619 4056 dignum
642 3986 768 4037 erat
796 3983 1098 4036 honestate
1121 3998 1188 4036 ac
1203 3983 1528 4037 reverentia
1551 3983 1891 4040 famulatum
1914 3987 2034 4043 Deo

375 4072 437 4127 in
468 4086 630 4141 saepe
644 4070 1060 4124 dictaecclesia
1075 4070 1361 4139 exhiberi,
1386 4072 1536 4142 ccepi
1560 4088 1789 4127 mecum
1820 4076 2033 4131 anxius

379 4162 742 4232 pertractare
775 4146 842 4212 si'
862 4157 1009 4212 forte
1039 4173 1278 4227 possem
1303 4159 1565 4215 invenire
1591 4162 1740 4215 tales
1764 4163 2031 4218 homines

377 4248 478 4319 qui
510 4250 565 4301 et
596 4246 845 4300 honeste
876 4246 1138 4299 divinum
1160 4245 1450 4300 cultumin
1481 4248 1610 4317 ipsa
1641 4252 1894 4305 ecclesia
1913 4252 2032 4306 fre-

377 4338 747 4407 quentarent,
781 4337 837 4388 et
866 4350 964 4387 res
1010 4334 1076 4386 ad
1136 4349 1261 4387 eam
1314 4336 1695 4405 pertinentes,
1721 4338 1848 4408 jam
1885 4355 2032 4408 pene

372 4422 795 4491 annullatas,in
822 4421 1134 4490 pristinum
1181 4422 1448 4492 vigorem
1479 4430 1848 4493 repararent;
1882 4442 2030 4498 quo-

373 4527 502 4565 rum
531 4511 705 4565 etiam
732 4507 954 4562 sutfulti
985 4510 1371 4578 orationibus,
1405 4527 1518 4581 ego
1550 4513 1775 4566 scilicet
1801 4514 2025 4569 Gerva-

2159 616 2433 683 donante,
2467 615 2619 684 apud
2641 614 2804 666 illum
2826 612 3092 666 obtinere
3126 609 3499 675 meruissem,
3534 608 3747 661 tradidi
3774 609 3833 661 ei

2160 718 2323 771 saepe
2355 702 2568 755 dictam
2599 700 2914 754 ecclesiam
2948 714 3078 752 cum
3101 698 3377 752 omnibus
3396 695 3831 765 sibisubjcetis

2156 792 2358 860 rebus,
2393 791 2462 843 de
2481 789 2719 859 quibus,
2748 789 2959 842 donata
2976 802 3166 856 usque
3189 790 3327 839 tunc
3356 786 3639 854 temporis
3674 788 3825 849 erat,

2155 880 2332 933 sicuti
2362 879 2520 931 illius
2550 878 2663 931 loci
2695 875 2960 930 canonici
3002 875 3059 927 in
3108 874 3202 927 die
3260 873 3357 926 illa
3416 872 3714 939 tenebant,
3774 876 3833 924 et

2155 971 2369 1022 caetera
2398 969 2607 1020 cuncta
2628 982 2760 1035 quae
2788 964 2954 1032 prius
2977 963 3034 1016 in
3053 978 3161 1016 sua
3180 963 3471 1032 potestate
3502 959 3735 1027 habuit,
3774 963 3833 1012 et

2153 1056 2371 1126 quibus
2430 1070 2533 1123 per
2592 1053 2879 1105 malorum
2911 1050 3275 1121 tyrannidem
3318 1049 3641 1117 despoliata
3678 1051 3833 1115 erat,

2152 1143 2503 1214 promittens
2554 1156 2790 1211 quoque
2850 1154 2942 1193 me
2973 1140 3027 1193 ei
3085 1138 3506 1205 vindicturum,
3567 1140 3625 1189 et
3672 1137 3836 1188 sicut

2152 1234 2321 1285 antea
2352 1230 2573 1299 habuit,
2610 1230 2664 1281 in
2693 1228 2796 1298 jus
2831 1243 3003 1281 suum
3038 1227 3407 1281 traditurum.
3440 1224 3649 1278 Omnia
3698 1223 3833 1276 haec

2153 1319 2429 1373 concessi
2477 1316 2663 1372 libera
2696 1320 2752 1370 et
2796 1316 2990 1384 quieta
3049 1315 3121 1367 ab
3179 1313 3336 1368 omni
3395 1312 3833 1367 consuetudine

2152 1407 2481 1462 exactionis
2512 1405 2603 1459 vel
2634 1404 2894 1472 vicariae,
2931 1419 3039 1457 seu
3068 1405 3415 1456 ceterorum
3447 1399 3834 1472 vectigalium

2152 1495 2647 1565 quemadmodum
2665 1492 2925 1563 majores
2940 1492 3051 1545 mei
3067 1491 3256 1545 cidem
3269 1489 3542 1544 ecclesias
3560 1489 3833 1559 legitime

2156 1583 2546 1650 contulerunt,
2580 1582 2657 1635 ita
2676 1584 2738 1635 ut
2755 1597 2903 1648 eam,
2929 1580 3058 1633 sine
3080 1580 3194 1633 ulla
3209 1594 3336 1632 mea
3355 1578 3447 1631 vel
3466 1576 3832 1647 cujusquam

2156 1686 2578 1725 successorum
2597 1685 2860 1723 meorum
2875 1667 3354 1734 contradictione,
3371 1667 3832 1736 congregationi

2157 1758 2402 1830 Majoris
2415 1757 2755 1812 monasterii
2773 1758 3020 1827 suisque
3034 1755 3658 1822 successoribus,cum
3675 1754 3835 1807 abba

2156 1847 2315 1900 tibus
2347 1848 2444 1917 qui
2469 1847 2556 1901 eis
2575 1862 2680 1915 pro
2710 1849 2974 1915 tempore
3004 1846 3303 1913 praeerunt
3332 1841 3661 1911 liceatjure
3685 1858 3831 1912 per-

2158 1937 2332 2005 petuo
2352 1935 2683 2005 possidere;
2717 1938 2772 1988 et
2802 1932 3087 2004 quidquid
3118 1932 3252 1986 inde
3282 1931 3578 2002 agendum
3600 1931 3826 1985 decre-

2159 2024 2371 2086 verint,
2405 2023 2650 2077 liberam
2682 2024 3030 2091 potestatem
3064 2020 3317 2074 habeant
3348 2019 3622 2088 faciendi,
3659 2020 3833 2073 ordi-

2160 2111 2339 2165 nandi
2384 2114 2459 2180 et,
2510 2111 2995 2181 qualitercunque
3037 2109 3124 2162 eis
3174 2108 3458 2178 placuerit
3494 2108 3835 2178 meliusque

2163 2200 2357 2252 visum
2412 2199 2610 2268 fuerit,
2644 2198 3018 2268 disponendi,
3069 2201 3184 2250 tam
3217 2197 3617 2267 praesentibus
3650 2212 3832 2266 quam

2162 2286 2376 2341 futuris
2400 2287 2798 2355 temporibus:
2824 2291 2881 2339 et
2896 2286 2953 2337 in
2972 2285 3216 2339 arbitrio
3233 2284 3555 2354 supradicti
3569 2285 3832 2350 abbatis,

2162 2378 2217 2429 et
2248 2391 2451 2428 eorum
2465 2375 2564 2445 qui
2579 2374 2630 2428 ei
2648 2374 2991 2428 successuri
3009 2375 3164 2441 sunt,
3190 2374 3289 2443 qui
3312 2373 3557 2426 abbates
3572 2372 3830 2441 Majoris

2164 2463 2503 2516 Monasterii
2535 2463 2769 2530 fuerint,
2804 2463 3052 2530 pendeat
3082 2462 3153 2514 de
3185 2476 3429 2515 numero
3460 2464 3517 2514 et
3544 2461 3833 2531 qualitate

2163 2551 2394 2605 illorum
2418 2550 2666 2604 fratrum
2683 2551 2783 2621 qui
2804 2551 2873 2603 ad
2890 2550 3235 2621 praedictum
3257 2549 3449 2602 locum
3472 2554 3611 2602 sunt
3632 2553 3833 2602 trans-

2163 2639 2444 2692 mittendi.
2473 2639 2638 2692 IIanc
2669 2642 2860 2692 autem
2892 2639 3263 2691 donationem
3288 2635 3402 2691 feci
3440 2652 3751 2691 consensu
3775 2642 3836 2691 et

2164 2727 2505 2781 auctoritate
2536 2729 2739 2780 matris
2772 2740 2939 2794 mete,
2968 2728 3347 2797 omniumque
3380 2724 3624 2779 fratrum
3659 2742 3830 2779 meo-

2163 2831 2311 2883 rum,
2344 2822 2399 2869 et
2430 2815 2848 2868 canonicorum
2880 2815 3070 2883 ipsius
3101 2814 3216 2867 loci
3263 2814 3542 2868 omnium.
3575 2812 3723 2877 Quae
3766 2818 3832 2869 ut

2160 2903 2391 2958 stabilis
2422 2906 2479 2957 et
2508 2903 2859 2967 inconvulsa
2887 2904 2945 2956 in
2977 2905 3323 2972 perpetuum
3357 2902 3640 2956 existeret
3667 2945 3680 2972 ,
3715 2918 3830 2957 nec

2159 2990 2437 3060 deinceps
2457 2992 2571 3045 sibi
2602 2992 2674 3045 ab
2706 2992 2900 3062 aliquo
2934 2990 3284 3044 calumniam
3309 2988 3515 3057 inferri
3546 2992 3831 3059 pertime-

2158 3083 2370 3150 sceret,
2394 3095 2506 3149 ego
2537 3079 2861 3133 Gervasius
2918 3081 3171 3149 quatuor
3226 3079 3410 3132 millia
3465 3078 3825 3149 solidorum,

2156 3169 2341 3221 mater
2361 3183 2488 3221 mea
2519 3167 2817 3220 Elizabeth
2848 3171 3081 3220 centum
3113 3167 3360 3235 solidos,
3398 3166 3582 3220 Adam
3614 3168 3823 3221 decem

2074 3241 2126 3307 Ο
2152 3255 2360 3324 libras,
2396 3256 2715 3309 Rotbertus
2738 3257 2940 3308 decem
2962 3255 3166 3323 libras,
3200 3255 3526 3310 Gervasius
3560 3256 3827 3310 clericus

2154 3346 2211 3398 et
2240 3347 2470 3397 centum
2493 3344 2738 3411 solidos,
2759 3343 2951 3396 Ursus
2966 3344 3287 3397 canonicus
3307 3343 3701 3415 quadraginta
3723 3361 3819 3398 so-

2153 3432 2327 3499 lidos,
2357 3424 2560 3485 Haimo
2594 3431 2915 3484 canonicus
2947 3431 3183 3501 triginta
3212 3431 3456 3496 solidos,
3486 3431 3827 3486 Rannulfus

2155 3521 2476 3574 canonicus
2507 3520 2896 3590 quadraginta
2921 3519 3168 3587 solidos,
3199 3518 3453 3572 Odricus
3493 3522 3824 3575 canonicus

2156 3611 2411 3678 traginta
2438 3607 2889 3676 solidos,Guido
2915 3606 3238 3677 canonicus
3269 3606 3658 3677 quadraginta
3683 3608 3826 3662 soli-

2150 3696 2608 3763 dos,Fulcodius
2624 3695 2947 3749 canonicus
2961 3695 3272 3765 sexaginta
3287 3694 3536 3764 solidos,
3552 3696 3823 3750 Gualteri

2152 3785 2471 3839 canonicus
2484 3783 2698 3855 viginti
2710 3783 2960 3853 solidos,
2984 3782 3313 3837 Herbertus
3330 3783 3656 3838 canonicus
3681 3801 3824 3856 qua-

2150 3871 2418 3943 draginta
2473 3871 3040 3941 solidos,Teduinus
3073 3871 3394 3926 canonicus
3428 3872 3825 3944 quadraginta

2150 3960 2397 4030 solidos,
2460 3960 2769 4013 Witernus
2826 3959 3150 4014 canonicus
3201 3960 3539 4031 quindecim
3561 3961 3827 4028 s'olidos,

2146 4048 2510 4104 Guarnerius
2524 4048 2845 4103 canonicus
2859 4047 3071 4118 viginti
3083 4047 3331 4102 solidos.
3358 4047 3484 4102 Hoc
3499 4052 3633 4102 ante
3644 4065 3697 4102 m
3719 4066 3822 4104 no-

2145 4140 2267 4191 tum
2290 4139 2367 4191 sit
2397 4136 2691 4206 omnibus,
2724 4135 2881 4207 quod
2911 4136 2982 4190 de
3006 4135 3267 4189 denariis
3290 4135 3487 4190 domni
3508 4135 3810 4207 Gervasii,

2145 4241 2297 4296 quos
2320 4225 2675 4292 eidedimus,
2699 4239 2843 4278 suos
2857 4223 3413 4278 canonicidenarios
3426 4231 3809 4294 acceperunt.

2224 4336 2243 4359 α
2281 4314 2529 4368 Nomina
2560 4312 2981 4366 monachorum
3030 4312 3129 4383 qui
3178 4312 3372 4365 locum
3415 4319 3818 4382 receperunt:

2142 4402 2613 4477 Qartholomaeus
2645 4401 2850 4469 abbas,
2873 4398 3239 4453 Fulchardus
3254 4400 3605 4468 monachus,
3631 4399 3819 4455 Gual-

2141 4489 2325 4543 terius
2374 4489 2721 4555 monachus,
2775 4487 3069 4542 Ernaldus
3117 4488 3463 4548 monachus,
3500 4488 3815 4542 Adraldus

372 4599 520 4665 sius,
556 4602 612 4651 et
640 4600 804 4665 pater
830 4612 998 4649 meus
1034 4575 1372 4664 Rotbertus,
1408 4575 1472 4651 et
1497 4604 1679 4653 mater
1747 4618 1869 4656 mea
1904 4602 2025 4656 Eli-
2065 4587 2117 4646 Ῐ)
2141 4577 2485 4645 monaChusv
2518 4575 3591 4665 Αηεεείευξίιηοηειοέιυειθυίιιίθιηιςιε
3615 4592 3825 4630 mona’

370 4686 595 4750 zabeth,
632 4689 688 4738 et
710 4699 856 4737 uxor
884 4698 1011 4736 mea
1036 4685 1448 4756 Aremburgis,
1496 4703 1723 4741 necnon
1774 4693 1830 4743 et
1877 4707 2025 4747 avus

368 4789 538 4827 meus
564 4771 961 4839 Amelinus,et
983 4774 1112 4825 avia
1130 4788 1257 4825 mea
1292 4774 1700 4846 Hildeburgis,
1733 4780 1788 4831 et
1816 4777 2029 4833 Gerva-

369 4861 500 4914 sius
520 4861 838 4914 Remorum
852 4859 1359 4930 archiepiscopus,
1378 4863 1475 4931 qui
1496 4863 1689 4916 locum
1704 4865 1887 4920 illlum
1904 4868 2026 4922 fun-

367 4948 673 5017 daverunt,
705 4951 1079 5017 peccatorum
1106 4949 1335 5002 veniam
1374 4966 1404 5003 a
1428 4951 1675 5006 Domino
1699 4968 2024 5025 consequa-

364 5050 498 5090 mur
518 5039 574 5088 et
596 5037 867 5090 salutem.
901 5036 1100 5106 Itaque
1127 5037 1389 5091 adhibito
1418 5055 1726 5107 proceium
1758 5058 2024 5096 meorum

365 5125 423 5178 et
451 5124 792 5189 amicorum,
826 5140 935 5177 nec
964 5140 1083 5179 non
1128 5128 1183 5179 et
1240 5127 1502 5195 episcopi
1555 5127 2023 5185 Cenomanensis

363 5212 562 5267 domui
583 5210 821 5265 Ernaldi
852 5213 1123 5281 consilio,
1159 5214 1362 5282 rogavi
1398 5215 1598 5267 venire
1629 5217 1699 5269 ad
1731 5233 1822 5271 me
1860 5218 2023 5272 dom-

362 5299 1012 5355 numBartholommum
1060 5299 1303 5367 Majoris
1345 5300 1688 5357 Monasterii
1728 5306 2018 5374 abbatem,

362 5403 614 5456 eamque
628 5386 1117 5454 multisprecibus
1148 5387 1310 5439 oravi
1333 5390 1394 5440 ut
1414 5390 1747 5461 susciperet
1780 5409 1812 5445 a
1835 5409 1926 5448 me
1962 5396 2025 5449 in

361 5475 686 5529 dominium
723 5473 921 5525 Sancti
964 5472 1194 5525 Martini
1224 5473 1394 5544 hanc,
1429 5476 1500 5530 de
1539 5494 1653 5548 qua
1699 5481 2017 5554 loquimur,

361 5560 681 5615 ecclesiam
703 5575 837 5613 cum
851 5559 1125 5614 omnibus
1142 5561 1215 5615 ad
1233 5576 1360 5616 eam
1387 5566 1820 5633 pertinentibus
1846 5584 1860 5638 ;
1884 5585 2021 5624 con-

358 5646 745 5722 stitueretque
787 5648 847 5705 in
880 5663 950 5705 ea
990 5649 1335 5723 monachos,
1384 5654 1485 5724 qui
1504 5653 1586 5709 ibi
1618 5655 1712 5710 die
1743 5671 1811 5712 ac
1842 5661 2017 5717 nocte

2127 4665 2311 4734 .chus,
2346 4665 2608 4718 Girulfus
2645 4665 2715 4718 de
2750 4663 3012 4717 Relliaco
3046 4664 3322 4734 clericus,
3365 4663 3662 4718 Guarinus
3709 4664 3821 4718 cle-

2137 4754 2321 4823 ricus,
2355 4754 2680 4807 Dosolinus
2719 4753 3001 4806 clericus.
3025 4776 3045 4799 ››

2213 4860 2265 4912 9.
2288 4859 2590 4912 Habemus
2605 4858 2917 4928 epistolam
2941 4858 3009 4912 G.
3035 4858 3457 4929 Lugdunensis
3482 4857 3816 4929 presbyteri

2134 4948 2209 5003 ad
2243 4945 2559 5001 Rodulfum
2606 4946 3013 4999 Turonensem
3045 4946 3419 5015 episcopum,
3462 4962 3496 4999 a
3527 4944 3815 5000 Cordesio

2135 5040 2272 5106 post
2294 5034 2590 5088 Hincmari
2623 5034 2907 5102 epistolas
2941 5033 3175 5101 editam,
3209 5050 3326 5103 qua
3358 5033 3629 5087 eumdem
3659 5034 3807 5087 anti-

2136 5127 2331 5181 stitem
2361 5123 2686 5176 obtestatur
2714 5120 3292 5189 utaBartholomaeo,
3321 5119 3571 5192 Majoris
3596 5121 3803 5176 Mona-

2138 5212 2305 5267 sterii
2335 5211 2570 5274 abbate,
2598 5209 2865 5262 obtineat
2896 5225 2926 5262 e
2951 5209 3079 5263 suis
3103 5209 3356 5278 aliquem
3374 5210 3472 5278 qui
3513 5208 3811 5263 Sabiniaci

2135 5299 2385 5355 abbatiae
2418 5298 2645 5367 praesit.
2677 5319 2699 5343 «
2736 5297 3035 5366 Deprecor
3057 5300 3117 5349 ut
3148 5296 3431 5350 domnum
3456 5296 3522 5349 Β.
3555 5295 3807 5366 Majoris

2135 5386 2475 5442 Monasterii
2508 5386 2780 5439 abbatem
2802 5401 2934 5438 eum
2967 5385 3144 5438 multa
3168 5385 3479 5438 dulcedine
3514 5401 3588 5439 ex
3607 5387 3810 5438 nostra

2132 5479 2294 5547 parte
2353 5477 2409 5528 et
2476 5475 2674 5527 vestra
2725 5473 3037 5542 monendo,
3115 5473 3489 5542 deprecando
3547 5472 3810 5526 exoretis

2133 5567 2425 5636 quatenus
2457 5562 2602 5615 mihi
2631 5576 2743 5615 suo
2777 5562 2987 5616 dilecto
3011 5564 3069 5615 et
3088 5560 3374 5616 desolatis
3397 5561 3688 5633 fratribus
3703 5562 3809 5615 mi-

2092 5700 2100 5709 .
2133 5651 2520 5721 sericordiam
2530 5665 2700 5706 suam
2712 5650 3100 5721 poscentibus
3116 5650 3433 5708 consulere
3444 5664 3563 5706 non
3575 5648 3818 5722 differat
