3978 6178
215 342 309 403 401

1432 344 1486 407 Ν
1492 343 1782 407 ΟΤῙΤῙΑ
1819 344 2302 410 HISTORICA.

3470 359 3592 423 402

212 543 365 597 Mittat
382 544 616 615 Patrem,
653 543 832 598 mittat
854 547 1171 614 pastorem,
1204 545 1303 614 qui
1336 559 1469 598 cum
1490 545 1647 597 tanta
1679 558 1815 597 cau-
1844 524 1903 587 Α
1933 544 2153 600 notitia
2189 547 2489 603 declarare
2524 546 2759 605 decrevi
2808 556 2963 623 quod
3006 557 3260 626 plurium
3302 560 3603 616 relatione

208 632 301 685 tela
329 646 555 702 gregem
585 648 758 688 suum
787 634 1107 701 custodiat,
1159 648 1232 687 ne
1274 633 1512 703 antiquo
1552 632 1712 687 hosti
1741 648 1833 719 ex\

201 720 365 790 aliqua
386 725 536 789 parte
567 721 757 776 aditus
794 726 1000 792 pateat,
1020 737 1129 792 per
1157 737 1330 792 quem
1363 721 1434 774 ad
1468 722 1664 792 ipsum
1683 736 1815 792 gre-

204 824 314 878 gem
357 824 597 877 unquam
644 810 973 879 irrumpere
1018 812 1226 865 valeat.
1283 834 1304 856 η
1349 811 1533 864 Porro
1578 826 1644 863 ea
1685 811 1817 879 ipso

202 897 485 952 sanctitatis
518 898 669 953 fama
698 916 831 969 quae
862 900 1077 954 multos
1109 900 1438 954 adducebat
1467 903 1529 954 ut
1559 916 1815 975 posses-

200 985 369 1037 siones
398 1001 535 1040 suas
586 987 797 1057 Majori
846 989 1203 1043 Monasterio
1253 989 1612 1059 conferrent,
1664 1004 1816 1043 non-

197 1072 355 1126 nullos
385 1074 569 1142 etiam,
605 1080 664 1130 et
700 1077 937 1147 quidem
968 1094 1041 1131 ex
1091 1078 1236 1132 viris
1266 1077 1589 1147 nobilibus,
1633 1078 1817 1132 movit

194 1164 239 1213 ut
264 1176 364 1214 non
389 1178 492 1215 sua
521 1164 739 1232 solum,
774 1166 880 1219 sed
922 1170 977 1219 et
1008 1181 1075 1220 se
1105 1167 1272 1237 ipsos
1302 1167 1661 1221 monasterio
1690 1170 1815 1222 tra-

187 1250 368 1306 derent.
402 1250 483 1303 Ex
514 1252 614 1306 his
660 1252 823 1307 fuere
859 1254 1040 1309 Fulco
1087 1255 1158 1309 de
1204 1255 1434 1325 Boeria,
1477 1257 1579 1326 qui
1624 1257 1813 1311 eccle-

185 1338 303 1392 siam
330 1337 673 1394 Sanctorum
700 1340 890 1412 Cyrici
921 1348 977 1397 et
1005 1344 1227 1398 Julittaa
1267 1344 1380 1398 sub
1411 1344 1653 1398 Albcrto
1695 1344 1806 1398 ab-

188 1427 294 1479 bate
320 1428 539 1498 aliaque
560 1429 716 1484 bene
748 1431 923 1485 multa
955 1434 1314 1486 monasterio
1347 1433 1682 1501 tradiderat,
1708 1432 1812 1486 Sa-

192 1516 354 1570 lomon
372 1517 441 1571 de
462 1516 751 1588 Sablolio,
778 1520 1163 1591 Beringerius
1183 1521 1254 1575 de
1272 1525 1478 1575 sancto
1503 1521 1817 1591 Lupo,alii-

189 1618 279 1673 que
306 1620 410 1657 non
441 1605 639 1675 pauci,
676 1608 772 1677 qui
810 1609 990 1662 variis
1013 1609 1073 1663 in
1104 1609 1325 1663 chartis
1357 1616 1772 1663 memorantur.

241 1692 311 1745 10.
337 1693 472 1746 llaec
504 1709 581 1747 ex
613 1696 887 1765 pluribus
917 1697 1185 1766 proferre
1216 1698 1409 1751 visum
1442 1701 1533 1751 est
1563 1698 1634 1751 de
1663 1699 1808 1751 Bar-

1927 634 2121 688 audivi
2145 638 2202 689 et
2221 635 2416 703 didici,
2444 638 2672 693 scilicet
2701 642 2854 710 quod
2897 643 3109 713 Maino,
3144 646 3301 701 filius
3325 648 3585 704 Theoni—

1924 726 2077 793 gete,
2098 722 2254 777 dedit
2278 724 2398 779 Deo
2420 726 2659 782 etbeato
2678 727 2925 784 Martino
2948 732 3194 803 Majoris
3219 736 3579 807 Monasterii,

1921 813 1978 864 et
2007 810 2203 865 abbati
2246 813 2697 881 Bartholommo,
2731 822 2787 871 et
2818 821 3125 874 monachis
3157 822 3427 891 ejusdem
3459 842 3585 880 cm-

1920 898 2082 953 nobii
2113 900 2265 969 apud
2296 900 2717 958 Comburnium
2732 910 3235 963 commorantibus
3267 912 3583 968 ecclesiam

1919 985 2116 1040 Sancti
2136 986 2365 1042 Martini
2390 990 2461 1043 de
2478 989 2841 1064 Gugnen[a1.
2867 994 3157 1068 ngnen],
3179 1000 3236 1051 et
3265 1000 3581 1055 ecclesiam

1918 1074 2116 1128 Sancti
2133 1075 2365 1130 Martini
2379 1077 2760 1146 deVoel,cum
2774 1084 3050 1138 omnibus
3063 1086 3431 1156 appendiciis
3445 1090 3576 1145 suis

1917 1168 2199 1233 perpetuo
2228 1164 2368 1234 jure
2400 1168 2814 1235 possidendas.
2851 1171 3253 1228 Descenderat
3284 1177 3440 1231 enim
3478 1178 3579 1232 ali-

1917 1251 2149 1323 quando
2164 1253 2352 1307 isdem
2372 1256 2708 1310 venerablis
2726 1259 2911 1313 abbas
2925 1260 2984 1312 in
3008 1261 3579 1334 Britanniam,causa

1916 1339 2193 1394 visitandi
2212 1341 2422 1396 domos
2445 1360 2592 1413 quas
2609 1345 2859 1401 habebat
2874 1349 2930 1401 in
2951 1349 3266 1406 Britanniae
3285 1355 3575 1426 partibus,

1918 1431 1974 1481 et
1996 1428 2537 1501 hospitandigratia
2576 1434 2733 1487 venit
2756 1433 3196 1492 Comburnium.
3219 1439 3381 1494 Tunc
3420 1445 3581 1499 venit

1920 1516 1988 1568 ad
2009 1531 2142 1570 eum
2174 1519 2549 1587 supradictus
2582 1521 2794 1589 Maino,
2829 1539 3050 1595 rogans
3075 1541 3207 1579 eum
3241 1532 3301 1581 ut
3332 1530 3578 1586 descen-

1920 1604 2085 1658 deret
2102 1606 2253 1673 apud
2276 1605 2526 1678 Gugnen
2550 1610 2791 1665 visitare
2818 1611 2971 1666 filios
2996 1629 3142 1668 suos
3164 1615 3509 1672 Haimonem
3523 1622 3580 1674 et

1921 1690 2281 1763 Gauterium,
2316 1696 2418 1765 qui
2458 1699 2625 1767 gravi
2668 1700 3017 1755 tenebantur
3046 1702 3397 1758 infirmitate.
3426 1707 3577 1761 Des-

182 1779 455 1835 tholomaao
483 1757 722 1851 abbate,
757 1757 935 1854 cujus
956 1801 1056 1838 res
1078 1791 1278 1856 gestas
1312 1786 1507 1840 fusius
1526 1788 1810 1857 prosequi
1838 1757 1893 1821 Β
1923 1782 2134 1850 condit,
2157 1787 2211 1837 et
2234 1757 2689 1855 signumvcrucis
2732 1788 3023 1844 frontibus
3047 1806 3250 1845 eorum
3278 1794 3576 1865 imposuit,

182 1867 457 1941 aliquando
488 1871 751 1926 fortasse
799 1872 1026 1941 licebit,
1064 1875 1115 1928 si
1148 1890 1405 1944 unquam
1452 1874 1586 1946 ejus
1618 1875 1810 1930 Vitam

182 1956 458 2013 virtutibus
490 1966 547 2014 et
579 1961 884 2015 miraculis
916 1963 1154 2030 claram,
1187 1979 1320 2034 qua}
1357 1964 1415 2016 in
1447 1963 1651 2017 codice
1683 1980 1809 2017 ma-

182 2047 467 2115 nuscripto,
504 2051 569 2102 ut
594 2048 722 2120 jam
751 2050 1040 2120 diximus,
1075 2051 1421 2115 habebatur,
1458 2067 1810 2120 recuperare

177 2132 335 2187 liceat.
361 2136 588 2190 Nomen
616 2136 753 2208 ejus
781 2138 838 2191 in
860 2138 1345 2210 Martyrologium
1369 2140 1813 2195 Benedictinum

180 2220 327 2275 diei?
350 2222 663 2278 Februarii
690 2225 987 2280 invectum
1015 2230 1104 2281 est
1128 2228 1200 2281 ab
1228 2228 1479 2299 Hugone
1503 2228 1804 2299 Menardo,

177 2324 319 2378 quem
365 2317 574 2380 postea
627 2318 765 2367 sunt
795 2315 986 2370 secuti
1031 2316 1130 2386 qui
1160 2315 1350 2371 fastos
1391 2317 1807 2371 Benedictinos

174 2397 513 2455 adornarunt.
561 2402 671 2455 Die
705 2404 977 2472 sequenti
1022 2403 1291 2459 laudatur
1336 2421 1367 2457 a
1408 2405 1808 2459 Bollandianis

175 2485 297 2540 inter
327 2490 805 2558 praetermissos,
839 2494 896 2545 et
944 2492 1180 2562 quidem
1222 2497 1420 2562 recte;
1472 2510 1605 2547 nam
1639 2498 1809 2549 sexto

176 2573 433 2631 Kalendas
465 2578 666 2632 Martii
698 2580 923 2634 obiisse
956 2581 1171 2635 dicitur
1198 2582 1256 2635 in
1281 2583 1478 2636 libello
1500 2582 1623 2651 jam
1642 2600 1673 2635 a
1698 2599 1806 2636 no-

172 2661 248 2717 bis
263 2664 481 2721 laudato
503 2669 788 2738 anonymi
810 2670 892 2723 De
923 2669 1154 2724 actibus
1185 2672 1602 2741 episcoporum
1624 2671 1809 2725 Turo-

171 2753 411 2807 nensium
440 2760 497 2809 et
529 2756 819 2826 operibus
848 2758 1123 2812 abbatum
1160 2757 1404 2829 Majoris
1440 2757 1802 2829 Monasterii,

172 2840 249 2892 ubi
277 2840 478 2897 dicitur
528 2867 553 2890 α
609 2844 884 2899 humatus
924 2846 981 2898 in
1013 2846 1257 2899 sinistra
1306 2849 1468 2914 parte
1510 2846 1583 2899 ad
1623 2845 1804 2901 altare

172 2930 560 2998 Apostolorum
596 2956 617 2983 ι
643 2975 657 3001 ,

174 3021 376 3074 multis»
412 3022 994 3092 ampliasse.Mutato
1019 3023 1220 3077 altaris
1252 3022 1435 3092 titulo,
1464 3024 1804 3093 sepulcrum

170 3106 280 3175 ejus
307 3110 475 3163 etiam
510 3126 674 3164 nunc
714 3112 929 3165 visitur
969 3111 1028 3164 in
1061 3111 1281 3165 sacello
1329 3112 1805 3167 Annuntiationis

169 3194 329 3251 beatae
375 3199 583 3254 Mariae
637 3199 749 3252 sub
783 3200 998 3271 exiguo
1050 3200 1241 3268 lapide
1292 3201 1364 3254 ad
1412 3201 1806 3269 pavimentum

171 3289 345 3356 suate,
378 3288 634 3343 ubi.th
658 3287 861 3342 brevis
893 3288 1197 3359 inscriptio
1221 3288 1470 3342 habetur
1490 3289 1807 3360 :Hicjacet

170 3372 612 3431 Barlholoméeus
632 3376 915 3448 quondam
929 3376 1115 3430 abbas
1127 3376 1247 3430 loci
1265 3378 1459 3431 ist-ius.
1485 3377 1805 3433 Obiitanno

171 3462 301 3518 1084.
343 3465 519 3521 Nullo
562 3465 722 3518 cultu
763 3465 997 3535 publico
1039 3465 1413 3534 celebratur;
1444 3482 1625 3536 quare
1660 3469 1806 3521 satis

170 3548 256 3603 fuit
272 3568 394 3606 eum
431 3554 603 3607 beati
622 3554 858 3606 nomine
882 3553 1219 3625 designare.
1254 3554 1599 3607 Miraculum
1631 3554 1702 3608 ab
1736 3571 1805 3609 eo

168 3638 374 3709 editum,
395 3642 557 3713 quod
580 3641 842 3695 Joannes
871 3641 1171 3712 Dolensis,
1208 3642 1549 3697 Comburnii
1581 3642 1637 3696 in
1674 3641 1806 3697 Bri-

165 3730 332 3782 tannia
352 3731 562 3784 Minori
587 3730 883 3798 dominus,
910 3730 1150 3799 scriptis
1184 3731 1498 3801 mandavit,
1524 3730 1622 3785 hic
1657 3733 1805 3786 sub—

165 3812 462 3888 jungimus,
484 3819 659 3889 quale
678 3833 752 3872 ex
767 3818 1013 3888 Majoris
1039 3818 1380 3873 Monasterii
1399 3820 1585 3873 veteri
1607 3835 1805 3874 exem-

167 3903 290 3970 plari
316 3911 549 3961 erutum
580 3909 692 3960 est.
718 3906 1079 3960 Brandricus
1110 3922 1251 3960 vero
1293 3911 1350 3960 et
1380 3906 1576 3979 Hugo,
1611 3910 1711 3978 qui
1742 3909 1802 3963 in

166 4006 222 4046 eo
240 3996 662 4067 archiepiscOpi
682 3995 1260 4063 dicuntur,Dolensis
1281 3996 1554 4050 ecclesiae
1574 4012 1799 4066 praesu-

167 4078 240 4133 les
256 4082 429 4139 fuere.
466 4084 655 4139 Nemo
681 4084 896 4155 quippe
932 4084 1123 4137 nescit
1151 4084 1440 4138 Dolenses
1476 4085 1797 4154 episcopos

1914 1874 1969 1924 et
1983 1871 2176 1924 statim
2190 1872 2654 1944 obdormierunt,
2680 1879 2885 1945 etpost
2903 1894 3174 1933 somnum
3199 1882 3449 1954 integrae
3480 1899 3574 1938 sa-

1913 1958 2075 2012 nitati
2100 1962 2351 2015 restituti
2371 1966 2527 2017 sunt.
2560 1962 2686 2028 Quo
2719 1966 2870 2035 viso,
2894 1971 2950 2020 et
2981 1968 3177 2022 audito
3197 1969 3355 2039 quod
3386 1970 3578 2040 lepro-

1914 2061 2047 2100 sum
2078 2049 2285 2103 osculo
2316 2056 2627 2106 sanaverat
2645 2054 3021 2123 supradictus
3053 2057 3261 2126 abbas,
3283 2062 3339 2112 et
3361 2074 3574 2129 aquam

1916 2135 1975 2188 in
2003 2136 2205 2190 vinum
2236 2143 2625 2209 converterat,
2660 2143 3037 2212 supradictus
3067 2143 3260 2200 Maino
3293 2149 3348 2200 et
3376 2147 3575 2202 Theo-

1916 2239 2029 2277 nus
2052 2229 2217 2293 pater
2248 2226 2381 2297 ejus
2423 2229 2625 2283 senior
2654 2227 3029 2301 supradictas
3060 2234 3350 2288 ecclesias
3381 2236 3438 2289 ei
3467 2236 3577 2289 de-

1917 2312 2146 2381 derunt,
2168 2317 2627 2372 concedentibus
2657 2319 2795 2372 filiis
2828 2320 2957 2374 suis
2982 2321 3265 2375 Haimone
3289 2326 3344 2375 et
3374 2323 3580 2377 Gaute-

1915 2403 2004 2452 rio
2031 2418 2042 2464 ;
2079 2404 2133 2454 et
2165 2402 2386 2456 Alanus
2418 2403 2577 2457 filius
2610 2404 2855 2459 Floandi
2894 2407 3352 2479 quidquidjuris
3382 2410 3441 2464 in
3474 2427 3575 2465 ec-

1914 2487 2096 2542 clesia
2126 2491 2197 2543 de
2229 2490 2477 2561 Gugnen
2509 2492 2781 2559 habebat,
2816 2495 3005 2548 eidem
3042 2496 3236 2550 abbati
3271 2498 3574 2552 concessit

1914 2581 1970 2629 et
2001 2578 2307 2631 monachis
2342 2579 2702 2635 Comburnii.
2741 2582 3013 2636 Monachi
3050 2599 3192 2638 vero
3237 2584 3577 2640 Gauterium

1912 2666 2325 2737 presbyterum
2349 2668 2425 2721 ibi
2450 2670 2900 2740 constituerunt,
2926 2674 2982 2726 et
3005 2673 3323 2727 Brandrico
3345 2673 3570 2728 archie-

1910 2754 2157 2824 piscopo
2189 2760 2719 2826 praesentaverunt,
2744 2762 2801 2813 et
2830 2760 2890 2813 in
2920 2763 3181 2830 tempore
3214 2762 3403 2830 ipsius
3425 2761 3572 2819 Gau-

1912 2842 2041 2896 terii
2070 2844 2297 2898 tertiam
2329 2850 2550 2916 partem
2581 2846 2825 2903 decimas
2848 2849 2919 2903 de
2941 2848 3192 2921 Gugnen
3210 2849 3564 2903 habuerunt.

708 2937 765 2987 et
792 2934 1105 2988 ecclesiam
1139 2950 1342 3002 suam,
1390 2955 1412 2983 ι
1449 2934 1803 2990 obedientiis
1833 2942 1884 3002 ο
1912 2930 2053 2985 Haec
2084 2947 2197 3004 ego
2229 2933 2489 2989 Joannes
2536 2951 2569 2988 a
2600 2937 2871 3005 pluribus
2920 2938 3148 3007 audivi,
3199 2941 3255 2992 et
3301 2954 3435 3008 quas
3467 2955 3571 2992 se-

1909 3023 2169 3089 quuntur
2198 3021 2338 3090 vidi,
2374 3023 2774 3094 scilicetquod
2798 3024 3005 3079 Haimo
3020 3026 3332 3095 presbyter
3363 3026 3434 3079 de
3452 3026 3572 3080 Gu-

1912 3123 2066 3179 gnen
2097 3109 2156 3163 in
2185 3111 2503 3178 praesentia
2536 3112 2808 3183 Hugonis
2828 3113 3259 3183 archiepiscopi
3293 3128 3359 3167 se
3392 3114 3574 3182 depo-

1910 3197 2047 3264 suit,
2070 3200 2125 3251 et
2140 3196 2701 3270 adjurisdictionem
2724 3202 3148 3255 monachorum
3172 3202 3572 3269 supradictam

1910 3285 2225 3339 ecclesiam
2263 3288 2559 3355 pertinere
2590 3288 2956 3360 recognovit,
2993 3292 3050 3341 et
3096 3289 3167 3342 de
3200 3305 3376 3343 manu
3404 3287 3572 3343 Guil-

1908 3373 2065 3427 lelmi
2086 3374 2303 3443 prioris
2328 3376 2455 3443 ipse
2489 3375 2696 3430 Haimo
2729 3377 3044 3430 ecclesiam
3083 3377 3325 3448 recepit,
3360 3381 3417 3431 et
3450 3377 3574 3433 Hu-

1907 3463 2047 3532 goni
2067 3462 2511 3533 archiepiscopo
2534 3480 2667 3518 eum
2689 3466 2848 3534 prior
2865 3464 3213 3520 Guillelmus
3234 3468 3570 3535 praesenta-

1906 3552 2008 3619 vit,
2030 3554 2086 3605 et
2109 3551 2281 3623 Hugo
2317 3551 2428 3606 hoc
2460 3553 2779 3622 concessit,
2804 3556 2861 3607 et
2890 3554 3343 3608 concessionem
3367 3550 3567 3627 sigillo

1908 3654 2018 3693 suo
2049 3639 2439 3695 confirmavit.
2477 3641 2601 3695 Nec
2632 3658 2747 3696 non
2782 3641 2970 3696 sciant
3001 3656 3207 3697 omnes
3239 3642 3397 3712 quod
3428 3644 3570 3696 Ala-

1907 3743 2042 3796 nus,
2077 3728 2231 3783 filius
2261 3730 2525 3797 Jordani,
2551 3733 2607 3784 et
2630 3730 2997 3800 Eudo-spina
3021 3730 3379 3785 donationes
3403 3733 3571 3785 ante-

1909 3833 2218 3873 cessorum
2252 3833 2496 3873 suorum
2528 3819 3048 3873 concesseruntde
3070 3818 3327 3873 ecclesia
3359 3818 3429 3873 de
3459 3818 3571 3901 Gu-

1909 3922 2086 3977 gnen,
2111 3910 2167 3960 et
2194 3906 2623 3960 innovaverunt
2652 3906 2709 3960 in
2741 3907 3059 3976 praesentia
3084 3905 3355 3978 Hugonis
3376 3905 3568 3962 archi-

1907 3994 2191 4063 episcopi,
2208 3994 2545 4047 videntibus
2566 3994 2730 4058 istis;
2752 3993 3061 4049 Guillelmo
3075 3994 3291 4064 priore,
3308 3993 3567 4065 Turpino

1907 4086 1962 4135 et
1994 4081 2269 4135 Durando
2301 4081 2626 4149 monachis,
2648 4082 2936 4153 magistro
2959 4081 3269 4136 Guillelmo
3288 4082 3568 4136 Suessio-

166 4168 226 4222 ad
242 4170 642 4227 lnnocentiiIlI
661 4176 923 4241 tempora
941 4172 1050 4226 hec
1072 4187 1280 4225 nomen
1296 4172 1793 4244 sibiattribuisse,
1822 4182 1877 4244 ι)
1907 4170 2097 4233 nensi,
2136 4167 2516 4223 Evano-Cato
2536 4210 2550 4236 ,
2590 4168 2928 4223 Normanno
2957 4169 3028 4222 de
3058 4169 3310 4237 Litreio,
3361 4172 3417 4222 et
3447 4168 3566 4224 ﬁlio

169 4258 599 4315 reclamantibus
637 4260 773 4314 licet
802 4260 1254 4314 Turonensibus
1287 4261 1795 4331 metropolitanis;

166 4347 212 4396 at
229 4348 443 4403 tandem
479 4348 593 4402 sub
623 4348 961 4404 Innocentio
994 4348 1070 4401 Ill
1106 4347 1394 4403 Dolenses
1426 4364 1608 4403 causa
1638 4350 1798 4403 ceci-

169 4431 366 4504 derant,
416 4436 642 4490 relictis
683 4435 1051 4490 solummodo
1095 4436 1453 4489 Dolensibus
1495 4436 1799 4506 episcopis

168 4534 317 4578 cruce
346 4530 399 4580 ct
431 4525 567 4579 aliis
599 4525 1188 4594 archiepiscoporum
1220 4524 1582 4594 insignibus.

222 4611 294 4665 11.
317 4636 336 4661 ι
354 4615 616 4668 Joannes
632 4613 825 4666 dictus
843 4610 1488 4678 Dolensis,Cemburnii
1502 4611 1797 4680 dominus,

170 4701 410 4757 omnibus
431 4701 706 4757 fidelibus
717 4701 1040 4756 salutemin
1053 4698 1457 4772 Domino.Ego
1472 4698 1799 4755 futurorum

1908 4256 2041 4325 ejus
2074 4255 2389 4327 Gaut‘redo,
2422 4256 2692 4325 Philippo
2715 4257 2786 4309 de
2822 4256 3169 4326 Boteniguel
3198 4258 3254 4309 et
3278 4258 3566 4328 magistro

1910 4345 2166 4413 Herveo,
2191 4344 2443 4400 Gautero
2463 4344 2705 4398 Brasart
2725 4347 2781 4398 et
2802 4343 3001 4397 multis
3031 4341 3185 4397 aliis.
3204 4343 3372 4397 Dedit
3394 4343 3565 4397 insu-

1907 4448 2012 4502 per
2041 4449 2237 4489 coram
2267 4433 2400 4488 istis
2417 4434 2737 4503 prmdictus
2770 4432 2992 4490 Alanus
3014 4452 3120 4507 per
3132 4449 3341 4492 manus
3362 4431 3562 4503 Hugo-

1906 4524 2000 4577 nis
2032 4523 2466 4593 archiepiscopi
2486 4523 2802 4578 ecclesiam
2819 4525 2890 4580 de
2913 4525 3212 4583 Trunchet
3231 4542 3361 4580 cum
3378 4526 3564 4581 omni-

1906 4613 2019 4666 bus
2041 4611 2404 4682 appendiciis
2436 4611 2587 4679 suis,
2613 4613 2970 4670 concedente
2989 4616 3263 4671 Gauterio
3294 4614 3563 4686 ejusdem

1908 4700 2025 4755 loci
2054 4701 2340 4773 magistro
2372 4701 2429 4754 et
2458 4699 2733 4755 omnibus
2764 4700 3046 4759 fratribus
3077 4705 3230 4776 ejus.
3251 4726 3272 4750 ι
