3978 6178
373 316 492 380 403

1324 316 1763 378 APPENDIX
1806 317 1920 378 AD
1954 317 2028 379 Β.
2075 318 2862 388 BARTHOLOMEUM.

705 589 707 591 ’
821 667 1506 803 BEATI
1594 667 3346 814 BABTHOLOMEI

1424 909 1795 972 ABBATIS
1836 910 2194 975 MAJORIS
2237 913 2766 980 MONASTERII

633 1083 1103 1193 EPISTOLA
1189 1085 1309 1192 AD
1397 1082 1930 1192 EBNALDUII
2018 1085 2578 1197 EPISCOPUM
2664 1092 3558 1207 CENOIANNENSEI

1529 1262 1801 1333 (MARILL.
1831 1262 1968 1317 Act.
2003 1266 2142 1317 tom.
2178 1262 2279 1332 IX,
2313 1281 2449 1337 pag.
2483 1265 2635 1339 387.)
2986 1294 2990 1299 ο

447 1554 693 1609 Domino
724 1570 792 1609 ac
813 1556 1137 1609 venerabili
1159 1556 1736 1611 Cenomannensium
1767 1556 1873 1609 Dei
1904 1571 2033 1626 gra-
2061 1557 2120 1618 Α
2150 1555 2479 1611 evidentem
2494 1557 2768 1629 injuriam
2782 1561 3064 1619 fratribus
3081 1567 3301 1621 vestris
3317 1570 3671 1627 excellentia
3686 1589 3805 1629 ves.

373 1642 451 1699 tia
464 1643 746 1713 episcopo
770 1643 835 1697 E.
861 1646 915 1697 et
939 1648 1147 1698 cuncto
1180 1646 1509 1698 beatissimi
1537 1645 1908 1699 confessoris
1925 1645 2031 1699 Ju—

372 1730 511 1784 liani
542 1730 760 1801 inclyto
790 1732 1253 1802 gregi,.Majoris
1289 1733 1632 1788 Monasterii
1662 1734 1901 1788 humilis
1934 1734 2034 1787 ab-

370 1818 482 1872 bas
515 1818 699 1872 frater
730 1819 795 1872 B.
841 1836 972 1872 cum
1006 1821 1288 1874 fratribus
1318 1822 1447 1874 suis
1480 1822 1684 1876 ﬁdeles
1716 1823 2030 1877 orationes.

444 1905 726 1961 Miramur
756 1907 947 1976 valde,
981 1908 1213 1962 domine
1246 1910 1579 1964 venerande
1616 1911 1870 1979 Prsesul,
1892 1927 2034 1980 pru-

375 1992 630 2046 dentiam
645 1998 903 2047 vestram
926 1996 1065 2065 quid
1081 1997 1194 2049 sibi
1220 1997 1377 2064 velit,
1403 2001 1465 2050 ut
1487 1999 1660 2051 nobis
1686 1999 2035 2051 calumniam

371 2081 443 2133 de
476 2081 641 2134 altari
673 2082 743 2136 de
772 2083 1020 2137 Vivonio
1045 2085 1275 2153 inferat,
1293 2086 1391 2155 qui
1415 2086 1525 2140 hoc
1550 2087 1619 2141 de
1641 2090 1837 2140 vestra
1862 2088 2034 2140 boni-

370 2171 486 2223 tate
518 2170 933 2239 sperabamus,
968 2174 1144 2243 quod,
1180 2174 1231 2226 si
1264 2174 1499 2227 aliunde
1536 2175 1710 2228 nobis
1743 2175 2032 2229 calumnia

368 2255 710 2328 insurgeret
731 2259 802 2311 de
831 2258 927 2310 illo
958 2260 1144 2328 altari,
1180 2276 1287 2313 vos
1319 2264 1521 2314 contra
1552 2278 1758 2315 omnes
1805 2263 2031 2316 calum—

368 2344 633 2399 uiatores
671 2343 954 2400 invictum
1003 2348 1377 2403 defensorem
1428 2348 1805 2404 haberemus.
1854 2350 2032 2404 Scitis

367 2431 524 2486 enim
544 2433 699 2502 quod
717 2437 1064 2489 antecessor
1084 2441 1303 2506 vester,
1329 2439 1421 2506 pie
1447 2454 1685 2507 semper
1703 2454 2030 2492 memoran-

368 2520 482 2573 dus
515 2519 830 2592 ngrinus
846 2524 1187 2593 episc0pus,
1221 2524 1363 2578 illud
1388 2526 1567 2580 altare
1600 2527 1775 2581 nobis
1814 2527 1871 2580 in
1892 2543 2029 2597 per-

368 2609 610 2676 petuum
638 2608 864 2679 absque
883 2612 1279 2667 relevamento
1300 2614 1614 2668 tenendum
1646 2616 2030 2668 donavitcum

2150 1645 2236 1696 tra
2256 1644 2448 1699 facere
2472 1663 2589 1702 non
2605 1651 2859 1705 metuat?
2886 1651 3117 1716 Quodsi
3133 1670 3242 1709 vos
3261 1655 3545 1714 fraterna:
3576 1661 3801 1733 injuriae

2148 1738 2457 1802 respectus
2488 1751 2605 1790 non
2635 1741 2850 1806 movet,
2883 1742 3146 1811 nunquid
3194 1760 3299 1813 pro
3332 1747 3521 1803 nihilo
3555 1753 3655 1804 aut
3682 1750 3805 1805 leve

2146 1820 2381 1889 ducitis,
2408 1824 2563 1894 quod
2586 1823 3094 1884 Cenomannensis
3117 1830 3403 1889 Ecclesiae
3425 1839 3485 1890 et
3503 1838 3803 1910 episcopa-

2144 1909 2221 1962 lis
2244 1910 2503 1981 dignitas
2527 1916 2954 1971 ctcanonicalis
2968 1921 3287 1975 auctoritas
3307 1925 3431 1991 pari
3451 1927 3705 1982 consilio
3724 1928 3809 1981 ﬁr-

2144 1999 2343 2066 mavit,
2371 2000 2481 2053 hoc
2507 2001 2727 2056 violare
2758 2003 2874 2057 ullo
2908 2006 3079 2061 modo
3116 2024 3184 2061 ac
3221 2011 3537 2067 destruere
3556 2016 3585 2068 ξ)
3604 2015 3667 2068 In
3696 2031 3804 2086 quo

2146 2089 2262 2138 tam
2288 2087 2437 2141 male
2459 2089 2530 2141 de
2552 2090 2725 2144 vobis
2752 2094 2962 2147 meruit
2974 2099 3178 2150 sancta
3200 2100 3457 2154 ecclesia
3478 2102 3801 2157 beatissimi

2143 2174 2380 2241 Juliani,
2397 2192 2529 2245 quae
2546 2193 2655 2231 vos
2681 2180 2793 2232 sibi
2820 2184 3113 2236 rectorem
3132 2188 3304 2256 atque
3335 2194 3644 2257 pastorem
3668 2207 3807 2260 prae-

2144 2261 2303 2331 fecit,
2339 2280 2513 2333 quam
2557 2282 2665 2319 vos
2698 2269 2836 2321 totis
2887 2270 3116 2325 viribus
3147 2276 3368 2329 vestris
3413 2277 3711 2334 honorare
3757 2282 3808 2334 et

2144 2351 2404 2404 exaltare
2453 2352 2812 2424 debueratis,
2857 2359 2993 2427 quia
3035 2362 3091 2413 et
3123 2361 3253 2429 ipsa
3283 2365 3447 2432 prior
3477 2382 3592 2421 vos
3630 2367 3810 2422 hono-

2143 2440 2293 2491 ravit
2308 2440 2496 2510 gratis
2519 2442 2576 2495 et
2601 2442 2914 2499 exaltavit?
2929 2443 3079 2510 Quid
3103 2451 3335 2519 meruit,
3357 2454 3585 2521 ut,cum
3607 2470 3803 2511 omnes

2145 2524 2433 2581 Ecclesiae
2458 2529 2636 2583 totius
2669 2530 2934 2587 Franciae
2969 2538 3024 2589 et
3042 2536 3371 2607 Aquitaniae
3411 2540 3531 2596 imo
3555 2546 3613 2597 et
3638 2545 3806 2599 totius

2146 2612 2349 2669 Galliae
2380 2615 2533 2669 hanc
2552 2618 2854 2673 obtineant
2875 2622 3239 2696 dignitatem,
3261 2628 3322 2681 ut
3353 2630 3515 2700 quod
3546 2632 3729 2687 semel
3750 2632 3803 2687 in

369 2708 630 2748 assensu
660 2696 917 2750 omnium
941 2700 1253 2767 primatum
1272 2699 1561 2756 Ecclesiae
1579 2706 1819 2771 vestrae,
1846 2703 1960 2757 imo
1976 2706 2031 2757 et
2063 2726 2114 2786 Β
2147 2703 2401 2771 capitulo
2431 2720 2633 2758 earum
2676 2708 2972 2764 ﬁrmatum
3016 2716 3137 2781 est,
3190 2715 3389 2770 nullus
3432 2723 3805 2788 posterorum

367 2783 548 2840 totius
580 2784 817 2853 capituli
834 2785 1165 2840 beatissimi
1189 2788 1424 2842 Juliani.
1451 2789 1644 2860 Cujus
1665 2790 1837 2843 etiam
1860 2791 2033 2843 dona-

369 2867 547 2923 tionis
571 2885 750 2924 causa
769 2873 845 2925 ita
877 2874 935 2927 in
967 2874 1203 2928 Christo
1228 2876 1509 2931 charitate
1532 2877 1797 2931 foederati
1822 2894 2030 2932 sumus

369 2958 427 3011 et
447 2958 614 3029 uniti,
648 2974 759 3013 nos
792 2961 1017 3015 scilicet
1040 2964 1310 3017 monachi
1333 2964 1529 3019 Sancti
1560 2966 1813 3034 Martini,
1836 2970 1890 3019 et
1923 2982 2031 3020 vos

370 3047 640 3100 canonici
667 3048 828 3103 Beati
861 3050 1100 3121 Juliani,
1144 3057 1206 3106 ut
1248 3069 1356 3108 vos
1387 3055 1447 3107 in
1477 3055 1820 3109 societatem
1851 3056 2032 3110 totius

366 3133 656 3189 benefacti
680 3137 863 3190 nostri
898 3144 1192 3209 receptos,
1214 3143 1497 3212 quidquid
1515 3143 1797 3212 deinceps
1816 3144 1875 3197 in
1894 3159 2024 3198 ora-

369 3222 631 3277 tionibus
661 3225 755 3279 vel
787 3225 1181 3299 eleemosynis
1213 3231 1366 3299 apud
1396 3232 1582 3285 Deum
1620 3234 1761 3288 boni
1792 3248 2033 3302 prome-

382 3332 666 3387 reremur,
702 3321 880 3374 totius
903 3324 1196 3378 mercedis
1210 3328 1429 3379 nostra}
1450 3341 1517 3379 ac
1548 3328 1957 3381 retributionis
1977 3327 2035 3382 in

372 3409 656 3458 aeternum
687 3412 1000 3464 consortes
1025 3410 1402 3477 haberemus,
1435 3413 1663 3469 ﬁrmato
1686 3417 1959 3470 internos
1979 3421 2034 3473 et

372 3486 482 3545 vos
514 3497 705 3565 pacto,
740 3497 898 3567 quod
919 3513 1030 3551 nos
1059 3514 1165 3567 pro
1196 3500 1415 3554 vestris
1447 3503 1749 3557 canonicis
1782 3504 1841 3558 in
1872 3504 2034 3560 obitu

373 3579 747 3649 singulorum
781 3584 976 3638 facere
1021 3586 1364 3656 debeamus,
1401 3591 1455 3643 et
1500 3605 1610 3644 vos
1651 3607 1758 3660 pro
1807 3594 2032 3648 nostris

370 3668 703 3722 monachis.
735 3668 919 3733 Quam
966 3671 1245 3726 unitatem
1284 3680 1551 3731 nostram
1591 3679 1651 3733 in
1683 3679 1931 3735 Domino
1963 3697 2034 3736 ne

372 3754 512 3824 quis
539 3758 916 3824 posterorum
947 3775 1053 3828 per
1084 3761 1479 3831 ignorantiam
1508 3766 1780 3822 scindere
1812 3768 1929 3822 ulla
1950 3785 2041 3824 oc~

2146 2790 2369 2844 violare
2400 2799 2742 2865 praesumat,
2767 2812 2877 2852 vos
2899 2797 3448 2859 Cenomannensem
3480 2806 3804 2863 Ecclesium

2147 2878 2257 2932 hac
2287 2879 2587 2949 dignitate,
2610 2900 2783 2953 quam
2802 2902 2908 2955 per
2935 2890 3018 2942 tot
3034 2892 3256 2945 saecula
3288 2909 3480 2965 usque
3505 2896 3583 2950 ad
3616 2901 3804 2951 vestra

2145 2970 2409 3036 tempora
2442 2970 2709 3041 obtinuit,
2738 2974 2995 3042 spoliare
3026 2992 3145 3031 non
3177 2982 3544 3038 vereamini?
3583 2983 3701 3039 Cur
3726 2986 3804 3038 in-

2144 3057 2234 3108 ter
2248 3070 2454 3110 omnes
2475 3059 2655 3113 totius
2672 3059 2875 3116 Galliae
2894 3063 3199 3120 Ecclesias
3214 3067 3463 3124 inferior
3484 3072 3804 3126 eritsancta

2143 3148 2329 3198 mater
2366 3143 2631 3201 Ecclesia
2654 3147 3184 3222 Cenomannensis,
3210 3159 3272 3209 ut
3288 3172 3422 3211 cum
3446 3158 3568 3214 illm
3583 3175 3800 3230 omnes,

2144 3234 2201 3286 et
2230 3232 2493 3303 majores
2517 3239 2571 3288 et
2586 3236 2864 3303 minores,
2886 3240 3114 3294 firmam
3136 3245 3374 3313 capituli
3396 3250 3799 3304 auctoritatem

2144 3319 2414 3389 habeant,
2448 3327 2633 3377 mater
2652 3323 2924 3381 Ecclesia
2943 3328 3451 3389 Cenomannensis
3474 3330 3697 3391 nullam
3713 3337 3806 3390 ha-

2142 3407 2276 3461 beat
2323 3411 2772 3466 auctoritatem?
2808 3413 2871 3469 Si
2925 3415 3122 3487 aliqua
3180 3422 3491 3476 saecularis
3551 3440 3800 3495 persona

2144 3496 2465 3565 quamlibet
2494 3503 2704 3567 potens
2734 3501 2848 3557 hoc
2880 3502 3077 3560 facere
3126 3515 3536 3580 praesumeret,
3573 3513 3805 3584 dignum

2147 3584 2383 3652 quidem
2417 3585 2609 3640 fuerat
2636 3589 2985 3660 episcopum
2999 3610 3133 3648 cum
3164 3598 3283 3651 toto
3302 3597 3461 3653 clero
3486 3616 3623 3671 suo,
3648 3617 3808 3671 prop-

2147 3675 2237 3724 ter
2262 3688 2523 3727 amorem
2559 3674 2664 3729 Dei
2712 3681 2769 3731 et
2799 3677 3089 3736 Ecclesia;
3139 3698 3288 3755 suae,
3336 3691 3589 3742 mortem
3618 3689 3802 3759 potius

2148 3758 2402 3814 libenter
2434 3768 2729 3833 appetere,
2766 3782 2940 3836 quam
2972 3768 3303 3827 Ecclesiam
3333 3790 3499 3829 suam
3520 3758 3808 3832 dehones-

380 3842 622 3897 casione
656 3847 931 3911 tentaret,
979 3853 1267 3919 scriptum
1299 3852 1369 3906 de
1400 3853 1510 3907 hac
1560 3870 1623 3909 re
1671 3857 1983 3928 diligenter
2009 3876 2042 3911 θ
2149 3848 2259 3900 tari
2291 3848 2586 3905 ullatenus
2620 3855 2981 3911 consentire.
3006 3857 3222 3914 Verum
3252 3860 3382 3916 haec
3414 3880 3529 3934 quo
3549 3865 3723 3920 modo
3745 3880 3804 3919 se

376 3930 552 3984 vobis
584 3936 978 4003 compositum
1000 3942 1120 4002 est;
1147 3940 1303 4009 quod
1324 3944 1384 3994 ut
1403 3941 1798 3999 inviolabilem
1817 3948 2043 4001 obtine-

2153 3935 2425 4005 habcant,
2459 3953 2589 4008 vos,
2623 3940 2958 3997 beatissimi
2978 3945 3356 4019 Julianigrex
3376 3950 3617 4024 inclyte,
3648 3968 3805 4008 sum-

380 4021 475 4073 ret
494 4020 844 4092 firmitatem,
872 4024 1060 4092 ipsius
1083 4026 1282 4081 damni
1312 4029 1574 4101 ngrini
1605 4033 1889 4105 episcOpi,
1917 4051 2044 4089 om-
2076 4035 2129 4098 C
2155 4040 2168 4077 1

2156 4039 2394 4093 mOpere
2426 4026 2809 4084 admonemus
2858 4048 2930 4086 ne
2976 4049 3090 4093 ,vos
3121 4037 3356 4107 antiqua
3387 4044 3587 4095 vestra
3619 4041 3805 4113 digni-

378 4107 664 4180 niumque
712 4112 934 4166 νθειιιω
992 4113 1280 4173 Εοσιθείω
1325 4120 1647 4187 primorum
1698 4125 2043 4180 auctoritate
2154 4116 2270 4166 tate
2312 4114 2428 4167 ulla
2463 4117 2687 4170 ratione
2729 4117 3015 4175 denudari
3052 4122 3370 4193 patiamini.
3411 4107 3723 4185 Postremo
3750 4130 3807 4183 ut

390 4196 678 4251 munitum
705 4202 760 4253 et
791 4202 1230 4259 corroboratum
1264 4210 1373 4261 est.
1406 4206 1550 4262 Cum
1584 4209 1711 4265 haec
1728 4212 1911 4284 igitur
1933 4230 2049 4268 om-

390 4284 489 4338 nia
520 4285 669 4340 bene
712 4289 941 4343 noverit
987 4292 1297 4359 prudentia
1334 4299 1553 4366 vestra,
1608 4299 1839 4355 domine
1870 4318 2046 4357 vene-

2158 4205 2420 4255 nostram
2451 4202 2522 4256 de
2563 4203 2672 4258 hac
2714 4222 2778 4260 re
2818 4210 3167 4264 sententiam
3208 4213 3443 4283 sciatis,
3487 4215 3559 4271 de
3604 4233 3667 4272 re
3698 4220 3802 4270 tam

2156 4289 2415 4361 legitime
2444 4306 2513 4345 ac
2559 4295 2714 4347 tanta
2746 4298 3088 4354 auctoritate
3136 4299 3363 4356 ﬁrmata
3403 4319 3722 4377 numquam
3750 4305 3804 4357 in

382 4373 567 4427 rande
601 4374 803 4445 Pater,
851 4380 1145 4448 quomodo
1194 4384 1310 4436 tam
1359 4385 1646 4453 profunde
1692 4387 2045 4445 obdormivit
2146 4375 2436 4446 Ᾰυάίθίυῐη
2464 4380 2668 4435 venire
2698 4381 3097 4441 άθθτθνίωιιε·
3125 4387 3285 4444 Bene
3314 4390 3525 4446 νθιθῑθ·

398 4460 513 4515 atio
552 4462 733 4517 animi
777 4468 959 4519 vestri
1002 4471 1057 4521 et
1109 4471 1347 4541 antiqua
1387 4472 1751 4546 benignitas,
1810 4479 1873 4530 ut
1921 4480 2038 4532 tam

567 4654 3768 4704 —————————_________.______________

1693 4855 2485 5001 APPENDIX

875 5062 984 5123 DE
1022 5062 1301 5126 REBUS
1347 5062 1638 5126 GESTIS
1677 5067 1764 5129 IN
1807 5069 2122 5134 MAJORI
2173 5075 2726 5143 MONASTERIO
2776 5083 3137 5148 SIECULO
3192 5086 3306 5147 ΧῙ.

447 5263 498 5318 1.
517 5262 807 5320 Ceterum
825 5267 906 5336 ut,
931 5268 1003 5321 ad
1027 5272 1227 5324 nostra
1258 5275 1644 5343 revertentes,
1660 5275 1788 5345 jam
1805 5292 1873 5330 ea
1894 5293 2027 5348 quae

376 5352 772 5407 muniﬁcentia
795 5353 990 5409 divina
1010 5356 1161 5411 inter
1190 5374 1301 5414 nos
1330 5363 1386 5415 et
1407 5377 1549 5433 erga
1572 5379 1681 5418 nos
1712 5364 1848 5419 licet
1878 5365 2027 5420 indi-

376 5456 559 5513 gnos,
607 5441 837 5510 operari
885 5442 1119 5513 dignata
1152 5450 1272 5515 est,
1307 5453 1363 5502 et
1393 5449 1463 5511 ad
1512 5452 1741 5506 laudem
1772 5455 2025 5509 nominis

376 5528 532 5600 ejus,
557 5529 695 5585 etad
710 5530 1153 5586 aediﬁcationem
1169 5539 1561 5609 posterorum,
1579 5556 1694 5611 quo
1708 5557 2029 5609 possumus

378 5619 560 5687 style,
608 5618 979 5689 proferamus
1014 5636 1026 5673 ε
1062 5636 1176 5675 non
1217 5623 1539 5691 immerito,
1593 5635 1653 5683 ut
1698 5630 2026 5699 opinamur,

377 5708 588 5764 animae
618 5706 878 5763 ﬁdelium
918 5707 1162 5779 Majoris
1186 5711 1528 5769 Monasterii
1558 5717 1840 5789 suffragia
1872 5720 2029 5774 refe-

2157 5282 2367 5336 runtur
2381 5286 2675 5355 expetere,
2695 5286 2755 5339 in
2771 5301 2888 5357 quo
2908 5289 3066 5342 tanta
3096 5289 3214 5343 tam
3238 5304 3344 5358 pro
3366 5289 3522 5345 vivis
3553 5307 3723 5363 quam
3749 5290 3802 5343 et

2154 5384 2259 5438 pro
2291 5369 2585 5426 defunctis
2619 5374 2679 5426 in
2722 5374 3088 5430 orationibus
3130 5378 3188 5431 et
3232 5378 3632 5449 eleemosynis
3666 5377 3800 5432 ﬁunt

2152 5455 2458 5512 beneficia.
2479 5458 2692 5523 Quidni
2714 5464 2869 5516 enim
2893 5463 3011 5517 illic
3034 5466 3310 5519 votorum
3332 5465 3800 5521 obtineaturefle-

2161 5548 2311 5614 ctus,
2345 5547 2445 5599 ubi
2479 5551 2881 5616 patrocinatur
2907 5556 3246 5621 praepotens
3286 5556 3343 5608 et
3390 5554 3664 5609 sublimis
3711 5553 3798 5606 ille

2160 5635 2445 5688 sacerdos
2485 5637 2804 5707 Martinus,
2841 5642 2941 5710 qui
2966 5682 2980 5710 ,
3021 5640 3341 5715 humillimi
3368 5643 3638 5715 magistri
3665 5642 3801 5697 Jesu

2157 5720 2375 5776 Christi
2392 5722 2631 5780 humilis
2651 5731 2706 5781 et
2734 5732 3017 5787 constans
3044 5729 3319 5804 imitator,
3342 5732 3594 5789 maxime
3625 5728 3797 5787 humi-
