3978 6178
172 340 273 402 405

771 339 883 400 DE
926 338 1205 401 REBUS
1252 338 1551 401 GESTIS
1596 338 1683 400 IN
1728 337 2046 400 MAJORI
2094 339 2459 401 MONAST.
2534 340 2740 403 S/EC.
2790 342 2905 403 XI.

3454 344 3581 409 406'

168 538 323 591 litatis
350 536 595 603 meritis,
622 539 677 591 et
704 553 1021 606 perennem
1053 536 1320 607 ejusdem
1343 535 1460 590 loci
1491 536 1584 590 sui
1615 552 1792 589 sanc-
1819 517 1882 580 Α
1907 537 2140 605 plenum
2175 537 2285 590 fide
2317 538 2592 607 quiddam
2624 540 3051 608 comperimus;
3104 546 3260 614 quod
3312 548 3560 619 scilicet,

163 624 509 679 tificationem
538 629 597 677 et
627 626 822 693 verbi,
859 625 1111 679 ﬁdeliter
1147 627 1372 678 oratum
1423 625 1794 678 venientibus

162 713 397 767 obtinere
428 718 621 781 potest
654 730 684 766 a
717 714 977 782 peccatis
1028 714 1461 767 absolutionem
1482 715 1511 766 ‘?
1541 713 1662 766 Nec
1701 713 1794 765 in-

161 816 395 872 congrue
416 802 590 854 etiam
614 801 910 854 revelante
932 801 1051 854 Deo
1066 802 1385 870 praedictus
1401 800 1705 855 solitarius
1724 801 1795 855 de

159 890 325 942 studio
343 893 394 942 et
413 888 681 942 efﬁcacia
701 889 947 942 fratrum
967 888 1238 960 ejusdem
1263 888 1608 942 monasterii
1638 888 1795 942 circa

158 978 350 1030 cultum
395 981 449 1029 et
486 977 1022 1048 frequentationem
1075 980 1577 1029 sacramentorum
1605 1018 1618 1044 ,
1661 992 1793 1046 quae

160 1081 312 1133 supra
341 1065 675 1132 retulimus,
711 1066 804 1119 vel
838 1065 999 1132 vidit,
1027 1065 1117 1118 vel
1142 1064 1378 1129 effudit;
1412 1065 1705 1135 quoniam,
1734 1068 1793 1118 ut

154 1153 244 1222 ipsi
288 1153 739 1223 perspeximus,
799 1169 928 1206 mos
973 1158 1097 1207 erat
1144 1153 1335 1223 ipsius
1380 1153 1631 1206 ctenobii
1668 1157 1791 1206 uta

153 1240 306 1310 prima
319 1256 536 1294 aurora
560 1257 755 1311 usque
780 1242 836 1294 in
864 1242 1066 1295 horam
1086 1229 1811 1311 prandii,proptersacer-'

149 1329 318 1381 dotum
349 1330 607 1398 copiam,
642 1331 917 1383 continua
949 1330 1267 1383 missarum
1300 1330 1616 1382 celebratio
1648 1345 1788 1398 pro-

149 1415 465 1470 traheretur.
493 1415 645 1482 Quae
674 1421 790 1471 tam
821 1417 998 1489 digne
1038 1434 1105 1471 ac
1137 1423 1477 1471 reverenter
1500 1417 1693 1485 fiebat,
1730 1420 1792 1470 ut

147 1506 307 1574 magis
335 1507 615 1575 angelica
650 1522 823 1577 quam
855 1506 1108 1559 humana
1148 1506 1431 1559 exhibitio
1464 1509 1785 1576 putaretur.

148 1591 288 1646 Unde
321 1608 429 1646 nec
475 1594 841 1647 laudabilem
890 1599 946 1648 et
1003 1594 1339 1647 imitandam
1382 1610 1587 1647 eorum
1630 1593 1789 1646 circa

1902 627 2039 679 dum
2072 625 2205 695 quis
2237 639 2442 679 eorum
2473 626 2531 679 in
2564 628 2843 681 extremis
2872 630 3011 699 agit,
3038 647 3070 683 ο
3094 649 3245 686 mes
3281 638 3556 691 omnibus

1900 714 2159 783 negotiis
2217 714 2575 767 intermissis
2625 722 2943 769 accurrunt
2995 733 3157 773 :non
3218 724 3560 778 comedendi

1899 801 2171 869 aviditas,
2198 818 2311 855 non
2334 803 2659 855 dormiendi
2681 806 3029 864 necessitas.
3057 824 3174 860 non
3202 809 3303 862 Dei
3326 810 3564 865 familia-

1901 890 1985 943 ris
2044 891 2378 958 occupatio,
2433 907 2549 944 non
2597 892 2849 959 publicae
2891 895 3152 949 utilitatis
3194 897 3243 949 d'
3294 901 3561 967 pensatio

1901 982 2115 1047 quanta
2138 984 2372 1048 quanta,
2395 979 2629 1032 omnino
2652 982 2744 1033 vel
2770 987 3005 1035 revocat
3029 985 3117 1037 vel
3144 986 3398 1040 retardat
3418 1004 3560 1057 quo-

1902 1067 2094 1118 minus
2115 1067 2466 1119 conveniant
2490 1068 2752 1121 universi
2776 1073 2830 1121 et
2852 1072 3072 1140 singuli
3095 1073 3164 1125 ad
3187 1072 3424 1127 ferenda
3444 1076 3563 1129 suf-

1900 1152 2105 1224 fragia.
2146 1154 2329 1207 Porro
2365 1170 2531 1207 nemo
2567 1171 2790 1208 vacuus
2822 1158 2913 1209 vel
2949 1160 3217 1213 manibus
3253 1162 3428 1216 nudis
3452 1163 3559 1216 sed

1899 1243 2102 1295 armati
2123 1258 2327 1295 omnes
2344 1243 2675 1295 accelerant
2691 1244 2761 1295 ad
2780 1246 3084 1299 morientis
3101 1248 3358 1317 tutelam,
3380 1252 3559 1305 armis

1898 1329 2133 1399 quidem
2165 1331 2317 1397 fidei,
2353 1334 2408 1383 et
2456 1330 2649 1401 gladio
2680 1333 2946 1401 spiritus,
2982 1336 3137 1402 quod
3190 1341 3280 1389 est
3309 1339 3559 1393 verbum

1899 1417 2022 1470 Dei.
2061 1418 2168 1471 Ubi
2206 1419 2360 1471 enim
2407 1419 2642 1489 signum
2675 1424 2951 1475 extrema)
2992 1422 3151 1475 illius
3183 1425 3557 1480 necessitatis

1897 1506 2156 1559 auditum
2208 1507 2403 1571 fuerit,
2461 1508 2656 1559 statim
2707 1508 3038 1577 symbolum
3090 1511 3392 1566 catholicae
3422 1514 3558 1568 fidei

1899 1594 1953 1646 in
1989 1610 2243 1663 persona
2276 1596 2581 1648 morientis
2632 1612 2837 1648 omnes
2888 1597 3191 1667 incipiunt,
3229 1600 3280 1651 ei
3330 1601 3557 1656 scilicet

146 1680 326 1733 fratres
357 1681 682 1735 defunctos
714 1682 1036 1753 antiquitus
1064 1682 1439 1736 observatam
1472 1684 1787 1735 cunsuetu-
1820 1681 1869 1741 Β
1897 1682 2281 1752 perbibentes
2315 1684 2711 1736 testimonium
2752 1685 2907 1754 quod
2953 1686 3009 1738 in
3039 1686 3148 1739 hac
3180 1687 3292 1741 fide
3321 1688 3554 1759 vixerit,

146 1768 312 1821 dinem
339 1770 825 1838 praetereundam
855 1786 1189 1824 censemus.
1224 1770 1367 1824 Cum
1390 1770 1544 1823 enim
1575 1769 1787 1839 aliquis

143 1856 358 1909 fratrum
386 1873 587 1927 nuper
617 1859 887 1926 obiisset,
911 1858 1224 1912 confessor
1244 1857 1379 1928 ejus
1398 1859 1457 1911 in
1491 1859 1788 1912 communi

140 1958 294 2011 super
320 1945 543 1998 indicta
578 1946 917 2014 poenitentia
953 1946 1383 2016 inquirebatur,
1419 1962 1534 2017 qua
1566 1946 1786 2014 audita,

145 2033 265 2084 mira
312 2036 739 2104 compassione
791 2034 1025 2088 videres
1072 2035 1385 2088 cunctatim
1428 2050 1459 2087 a
1499 2034 1786 2088 fratribus

141 2120 313 2173 fratris
343 2138 497 2176 onus
530 2124 765 2192 suscipi
796 2138 807 2176 :
844 2122 939 2176 hic
970 2123 1236 2192 psalmos
1259 2122 1355 2176 ille
1379 2123 1600 2176 missas
1631 2122 1784 2175 alius

135 2206 361 2276 jejunis,
389 2210 675 2281 aliusque
708 2211 1055 2280 disciplinas
1086 2212 1400 2265 verberum
1444 2211 1557 2264 sibi
1593 2210 1786 2280 rapie-

138 2294 234 2348 bat.
266 2296 630 2366 Implebatur
669 2298 936 2367 profecto
977 2299 1121 2352 miro
1163 2299 1367 2352 ordine
1397 2299 1787 2368 apostolicum

141 2382 301 2438 illud:
340 2407 360 2431 ι
393 2385 569 2440 Alter
599 2387 844 2440 alterius
886 2401 1061 2441 onera
1093 2388 1316 2456 portate
1347 2386 1499 2455 (Gal.
1537 2404 1612 2454 γι,
1646 2387 1721 2456 ‘2).
1760 2407 1782 2434 ι)

141 2471 278 2525 Tunc
323 2474 585 2545 denique
637 2478 993 2529 exoneratus
1041 2475 1355 2528 defunctus
1402 2475 1474 2528 ab
1511 2474 1784 2543 imposita

128 2551 516 2616 satisfactione
548 2562 936 2632 poenitentiae,
972 2563 1141 2629 liber,
1179 2567 1236 2616 ut
1268 2563 1587 2630 credimus,
1618 2566 1781 2616 tran-

140 2647 268 2700 sibat
294 2649 362 2702 ad
390 2651 690 2721 requiem,
725 2654 779 2704 et
810 2655 1138 2705 conventus
1178 2651 1611 2721 assequebatur
1642 2667 1782 2722 gra-

137 2734 271 2788 tiam.
305 2737 515 2793 Amen.

196 2821 240 2876 Ξ.
272 2825 462 2897 Hujus
486 2829 667 2883 etiam
701 2828 954 2882 ccenobii
985 2827 1191 2895 abbas,
1213 2827 1446 2880 nomine
1479 2827 1782 2882 Bartbolo-

140 2926 315 2981 11133118,
347 2916 602 2983 privatis
636 2916 1002 2969 orationibus
1040 2916 1407 2985 frequentius
1442 2916 1774 2969 insistebat.

1896 1774 1953 1825 et
1983 1771 2040 1824 in
2075 1771 2182 1824 hac
2217 1770 2328 1825 fide
2349 1786 2376 1822 a
2399 1786 2644 1840 corpore
2671 1772 2952 1827 discedit:
2980 1790 3051 1827 ne
3072 1774 3343 1829 videlicet
3364 1777 3555 1832 hostis

1895 1860 2172 1929 antiquus
2204 1860 2272 1912 ad
2307 1859 2644 1913 Creatorem
2677 1876 2847 1913 suum
2884 1863 3199 1915 revertenti
3234 1864 3442 1918 audeat
3459 1881 3555 1919 oc-

1897 1963 2161 2015 cursare,
2197 1949 2287 2002 cui
2319 1949 2477 2001 audit
2510 1948 2641 2001 fidei
2667 1949 3067 2003 testimonium
3101 1952 3357 2021 undique
3387 1968 3553 2007 reso-

1899 2052 2061 2090 nare.
2095 2035 2259 2101 Quod
2283 2052 2454 2106 quam
2480 2037 2799 2090 salubriter
2820 2038 2896 2090 sit
2926 2038 3251 2091 institutum
3274 2039 3331 2091 in
3355 2055 3557 2094 emno-

1898 2124 1995 2177 bio
2019 2124 2263 2195 Majoris
2284 2125 2911 2192 Monasterii,evidenti
2930 2126 3144 2179 indicio
3167 2128 3443 2197 dignatus
3466 2131 3558 2182 est

1896 2213 2177 2265 Dominus
2209 2213 2542 2265 ostendere.
2595 2211 2878 2275 Quoniam
2929 2214 3063 2267 dum
3110 2215 3345 2282 quidam
3376 2215 3556 2271 frater

1895 2305 2095 2371 ageret
2116 2302 2172 2353 in
2187 2302 2488 2368 extremis,
2505 2315 2612 2368 pro
2636 2301 2885 2353 solemni
2905 2316 3068 2355 more
3083 2301 3240 2354 illius
3256 2303 3549 2372 ecclesia,

1894 2388 2157 2442 nonnulli
2181 2403 2255 2440 ex
2268 2387 2548 2440 fratribus
2573 2387 3035 2441 circumstabant
3055 2389 3268 2451 lectum
3298 2389 3552 2444 morien-

1894 2476 1987 2543 tis,
2010 2475 2289 2543 precibus
2312 2478 2367 2528 et
2389 2466 2755 2528 orationibus
2788 2474 2920 2544 ejus
2951 2475 3167 2529 exitum
3193 2477 3547 2531 munientes.

1892 2564 2081 2619 Unius
2105 2564 2297 2634 itaque
2321 2564 2503 2632 aperti
2528 2566 2662 2615 sunt
2683 2563 2854 2630 oculi,
2874 2567 2927 2617 et
2949 2579 3087 2617 ecce
3110 2563 3251 2617 vidit
3273 2564 3551 2635 angelum

1888 2652 2117 2705 Domini
2150 2652 2504 2705 residentem
2526 2651 2594 2703 ad
2626 2651 2805 2704 altare
2829 2655 2884 2705 et
2906 2652 3109 2705 fratris
3123 2653 3375 2706 animam
3396 2668 3552 2722 praes

1888 2740 2242 2793 stolantem:
2286 2739 2430 2792 vidit
2460 2743 2515 2793 et
2561 2739 2857 2793 diabolum
2906 2755 3086 2809 prope
3135 2742 3454 2810 assistere,
3489 2743 3551 2796 ut

1886 2829 2096 2881 animae
2129 2828 2365 2881 exeunti
2398 2828 2564 2881 fieret
2597 2828 3027 2896 impedimento.
3064 2830 3269 2881 Anima
3312 2846 3548 2899 quoque

1888 2916 2089 2969 fratris
2122 2917 2192 2969 de
2225 2930 2473 2984 corpore
2506 2932 2773 2986 egressa,
2800 2916 2858 2968 in
2891 2917 3089 2985 specie
3120 2917 3386 2970 infantuli
3420 2918 3548 2971 visa

142 2998 225 3052 Cui
241 3001 553 3073 aliquando
578 3006 636 3057 in
652 3004 916 3058 oratione
938 3005 1129 3073 posito
1154 3005 1266 3057 duo
1288 3003 1776 3073 fratres,quiejus
1808 2995 1859 3056 Ο
1887 3006 1978 3058 est
2009 3019 2188 3072 super
2210 3005 2512 3072 proprium
2539 3020 2754 3072 corpus
2787 3005 3108 3071 resedisse,
3142 3009 3197 3058 et
3228 3005 3401 3073 quasi
3434 3007 3550 3057 tre-

148 3090 376 3158 tempore
400 3093 696 3158 obierant,
731 3092 1047 3146 visibiliter
1078 3095 1426 3161 apparentes
1458 3092 1731 3145 dixerunt
1760 3108 1771 3146 :

146 3196 161 3217 π
189 3176 325 3232 Bene
355 3182 618 3250 quidem,
658 3180 844 3248 Pater,
879 3183 996 3233 tam
1027 3197 1130 3249 pro
1165 3184 1215 3233 to
1246 3196 1418 3250 quam
1451 3196 1556 3248 pro
1589 3195 1773 3251 grege

142 3267 427 3322 commisso
458 3271 518 3322 in
560 3268 782 3321 erando
812 3269 1153 3339 pervigilas,
1190 3269 1295 3321 sed
1328 3268 1568 3322 noveris
1603 3268 1774 3320 etiam

146 3357 478 3411 correctione
533 3357 830 3427 agendum
880 3356 1034 3410 circa
1080 3372 1203 3410 eos.
1253 3356 1400 3409 Sunt
1441 3357 1594 3409 enim
1625 3355 1777 3409 inter

144 3439 269 3505 illos,
290 3444 384 3513 qui
414 3461 527 3515 pro
555 3443 841 3498 fratribus
875 3444 1003 3496 suis
1025 3443 1319 3497 defunctis
1343 3459 1460 3497 non
1484 3444 1628 3497 satis
1651 3443 1774 3497 sol-

141 3525 260 3581 liciti
281 3538 432 3599 sunt,
458 3532 562 3585 ille
583 3532 809 3586 scilicet
831 3533 886 3585 et
903 3532 1018 3600 ille,
1050 3536 1106 3585 et
1127 3532 1574 3586 nominaverunt
1591 3548 1776 3602 quos-

148 3614 272 3670 dam.
294 3620 418 3690 Age
449 3636 624 3691 ergo,
659 3623 715 3673 et
745 3620 804 3672 in
828 3619 1123 3673 communi
1151 3623 1438 3673 conventu
1471 3635 1652 3688 super
1680 3620 1778 3673 de-

144 3700 329 3759 functis
361 3708 722 3763 mentioncm
766 3708 1015 3775 faciens,
1051 3708 1367 3760 universos
1419 3711 1475 3760 et
1504 3707 1777 3779 singulos

148 3790 421 3850 exhortare
454 3813 534 3850 ne
582 3796 961 3850 dissimulent
1008 3811 1157 3848 neve
1195 3794 1466 3848 differant
1496 3794 1777 3848 fratribus

146 3880 251 3933 suis
278 3881 572 3938 defunctis
609 3885 927 3937 constituta
957 3899 989 3936 a
1022 3884 1248 3936 sanctis
1284 3884 1562 3936 Patribus
1587 3882 1779 3936 debita

147 3969 475 4033 persolvere.
504 3972 630 4025 Hoc
650 3973 805 4025 enim
828 3971 930 4025 tibi
955 3972 1207 4025 dicimus
1239 3972 1297 4023 in
1322 3971 1501 4025 verbo
1526 3971 1775 4038 Domini,

147 4057 258 4122 quia
285 4061 376 4129 qui
409 4060 698 4115 fratribus
723 4061 851 4113 suis
883 4060 1018 4113 dum
1043 4060 1185 4112 vivit
1208 4074 1323 4112 non
1347 4059 1600 4112 exsolvit
1623 4060 1779 4129 quod

151 4141 311 4215 debet,
335 4150 493 4219 quod
526 4150 578 4203 ei
612 4148 891 4203 defuncto
915 4149 986 4199 ab
1019 4148 1150 4202 aliis
1180 4147 1540 4216 exsolvetur,
1574 4163 1690 4201 non
1718 4148 1778 4201 in

1887 3092 2181 3144 mebunda
2213 3091 2453 3161 maligni
2488 3090 2801 3143 formidare
2831 3092 3228 3160 praesentiam.
3261 3092 3408 3144 Tum
3440 3108 3546 3145 su-

1881 3180 2003 3233 bito
2039 3196 2155 3232 vox
2204 3183 2533 3232 conventus
2582 3178 2949 3231 advenientis
2998 3178 3248 3243 auditur,
3283 3179 3545 3232 claman-

1876 3269 2019 3321 tium
2053 3283 2159 3336 pro
2185 3268 2361 3320 fratre
2385 3270 2440 3320 et
2467 3266 2780 3319 dicentium
2805 3280 2817 3319 :
2843 3265 3036 3318 Credo
3058 3266 3119 3317 in
3144 3282 3313 3319 unum
3336 3265 3555 3321 Deum.

1877 3357 1966 3409 Ad
1997 3371 2252 3425 quorum
2277 3354 2679 3408 testimonium
2703 3352 2991 3406 confusus
3009 3353 3199 3406 hostis
3224 3353 3542 3422 abscessit,

1878 3446 2191 3498 etsanctus
2214 3443 2467 3514 angelus
2489 3442 2560 3494 ad
2584 3456 2787 3494 vocem
2811 3441 3068 3494 cantoris
3092 3441 3543 3509 responsorium

1878 3531 2311 3601 pronuntiantis
2346 3546 2358 3583 :
2395 3529 2748 3595 Subvenite,
2800 3529 2995 3582 sancti
3039 3528 3182 3591 Dei;
3224 3529 3540 3600 occurrite,

1881 3620 2080 3691 angeli
2118 3619 2354 3674 Domini
2376 3637 2392 3678 :
2423 3617 2785 3688 praevidente
2816 3632 2884 3670 eo
2917 3616 3010 3670 cui
3041 3616 3324 3671 divinitus
3356 3615 3545 3671 fuerat

1880 3710 2222 3777 revelatum,
2260 3707 2510 3761 animam
2542 3706 2740 3759 fratris
2765 3705 3103 3774 suscipiens
3123 3704 3183 3759 in
3207 3705 3420 3759 cmlum
3449 3719 3546 3758 us-

1880 3814 1994 3869 que
2028 3797 2287 3851 deduxit.

1951 3887 2003 3939 4.
2038 3885 2177 3939 Erat
2207 3885 2267 3936 in
2297 3884 2503 3937 eodem
2536 3882 2806 3936 coenobio
2839 3882 2930 3935 vir
2958 3882 3298 3953 religiosus,
3335 3881 3542 3935 Hilde-

1881 3974 2144 4027 brandus
2193 3972 2269 4041 (1)
2316 3971 2581 4038 nomine,
2625 3970 2718 4023 cui
2768 3986 2875 4039 pro
2906 3970 3043 4023 vitm
3075 3986 3202 4024 suae
3233 3969 3439 4024 merito
3468 3970 3541 4024 ab

1880 4062 2092 4115 abbate
2123 4062 2552 4114 sacramentum
2577 4057 2975 4111 confessionis
3007 4058 3393 4111 commissum
3416 4058 3539 4112 fue-

1884 4152 1990 4202 rat.
2010 4147 2254 4212 Quidam
2286 4150 2479 4200 autem
2510 4146 2581 4198 de
2614 4144 2893 4198 fratribus
2914 4145 2981 4197 ad
3010 4148 3271 4198 extrema
3291 4145 3541 4199 veniens

150 4244 287 4286 suam
316 4237 526 4306 ipsius,
554 4236 730 4290 sedin
764 4252 964 4290 eorum
994 4236 1263 4306 proficiet
1294 4236 1614 4304 utilitatem,
1650 4237 1777 4305 qui-
1803 4237 1858 4298 D
1887 4235 2224 4305 supradicto
2246 4234 2530 4304 religioso
2555 4232 2933 4286 conscientiae
2955 4230 3542 4300 sumpatefecitarca-

149 4316 241 4374 bus
259 4339 357 4392 per
375 4341 548 4379 suam
582 4324 999 4395 negligentiam
1030 4328 1261 4378 tenetur
1291 4325 1603 4378 obnoxius.
1638 4324 1778 4378 Illos

151 4413 309 4465 autem
338 4429 490 4484 quos
514 4414 850 4466 nominatim
883 4413 1315 4481 expressimus,
1340 4413 1611 4482 privatim
1642 4429 1778 4466 con-

149 4499 341 4567 venies,
373 4501 703 4570 duriusque
734 4500 1072 4568 increpabis
1101 4500 1172 4552 ad
1197 4499 1682 4569 emendationem,
1710 4501 1780 4553 de

153 4590 331 4641 caatero
361 4589 757 4643 admonitione
800 4590 1019 4658 pariter
1049 4590 1104 4640 et
1144 4590 1438 4656 praecepto
1470 4603 1573 4641 eos
1605 4588 1779 4641 insti-

151 4672 323 4743 tuens;
351 4678 509 4749 quod
543 4678 596 4731 si
630 4677 1024 4746 neglexerint,
1053 4675 1410 4729 horrendum
1444 4675 1560 4729 sibi
1592 4691 1778 4729 nove-

156 4760 247 4814 rint
272 4764 898 4835 imminerejudicium.
938 4785 958 4811 η
998 4763 1105 4815 His
1137 4763 1310 4816 dictis
1332 4763 1773 4833 disparuerunt.

157 4847 321 4907 Abbas
348 4858 541 4908 autem
572 4853 863 4906 sollicitus
915 4850 1176 4921 injuncta
1225 4852 1339 4905 sibi
1396 4852 1776 4923 exsequitur;

159 4940 493 5012 negligentes
543 4943 785 4995 eatenus
832 4940 903 4993 ad
949 4940 1236 4993 cautelam
1276 4938 1578 5010 evigilant,
1637 4940 1778 4995 boni

159 5025 393 5086 meliores
424 5029 766 5085 redduntur.

214 5111 259 5168 3.
307 5116 593 5183 Quantum
649 5117 798 5171 fides
856 5116 1095 5186 propria
1149 5116 1376 5186 possit,
1437 5118 1780 5185 comprobat

165 5198 340 5276 aliena,
371 5206 528 5278 quod
577 5209 635 5260 et
664 5206 723 5258 in
752 5205 1045 5275 baptismo
1083 5204 1216 5259 luce
1260 5204 1481 5259 clarius
1514 5208 1687 5274 patet,
1723 5210 1779 5259 et

162 5294 416 5349 nonnullis
447 5297 788 5348 sanctorum
818 5292 1286 5347 institutionibus
1317 5293 1773 5348 demonstratur.

166 5373 285 5433 inter
310 5388 517 5437 caetera
548 5397 690 5436 vero
724 5381 871 5436 facta
892 5381 1335 5448 monachorum,
1357 5382 1707 5450 praeclarum
1722 5386 1777 5437 et

1886 4340 2046 4390 num,
2078 4325 2134 4376 et
2164 4323 2240 4375 ita
2270 4321 2529 4375 decessit
2562 4335 2593 4373 e
2625 4321 2759 4373 vita.
2794 4320 2937 4372 Post
2967 4333 3082 4372 non
3099 4318 3316 4370 multos
3349 4322 3541 4371 autem

1885 4412 2033 4479 dies,
2058 4410 2265 4463 mediae
2289 4409 2478 4462 noctis
2498 4405 3274 4476 libramine,quiescentibus
3293 4405 3364 4459 de
3378 4420 3541 4459 more

1884 4500 2165 4554 fratribus
2188 4500 2247 4551 in
2269 4496 2521 4566 lectulis,
2547 4511 2685 4550 ecce
2705 4496 2886 4549 frater
2912 4494 3010 4547 ille
3034 4494 3134 4565 qui
3152 4509 3342 4563 nuper
3373 4493 3544 4547 obie-

1884 4593 1991 4656 rat,
2028 4603 2208 4656 super
2256 4589 2472 4640 lectum
2513 4584 2838 4639 Hildeberti
2883 4582 3186 4654 vigilantis
3236 4582 3453 4650 astitit,
3486 4583 3544 4635 et

1884 4676 2118 4747 magnis
2149 4691 2281 4729 cum
2311 4673 2561 4727 vocibus
2595 4673 2771 4741 coepit
2800 4672 3140 4738 inclamare,
3174 4669 3412 4723 dicens:
3441 4692 3461 4715 u
3497 4666 3544 4722 Ο

1888 4765 2057 4818 Pater
2078 4762 2436 4829 Hildeberte,
2463 4762 2588 4827 tibi,
2613 4761 2784 4830 quasi
2817 4759 3038 4813 Christi
3060 4757 3283 4812 vicario
3304 4758 3545 4826 peccata

1887 4868 2011 4905 mea
2031 4848 2705 4919 eonfessus,secundum
2720 4848 2893 4901 fidem
2908 4846 3194 4900 Ecclesiae
3209 4859 3299 4899 me
3313 4844 3545 4899 salvum

1884 4941 1956 4994 ab
1982 4941 2069 4993 eis
2101 4939 2413 4993 credebam
2440 4954 2454 5007 ;
2485 4941 2541 4992 et
2572 4952 2709 4991 ecce
2740 4936 3041 4989 daemones
3058 4948 3263 5002 pmnas
3287 4948 3491 4987 eorum
3510 4947 3546 4986 ει

1887 5044 1979 5082 me
2023 5027 2362 5082 terribiliter
2407 5027 2666 5096 exigunt.
2706 5048 2727 5071 ι»
2770 5023 2840 5078 Et
2890 5022 2987 5076 ille
3023 5037 3035 5076 :
3071 5045 3092 5069 α
3132 5020 3201 5075 Et
3247 5020 3409 5090 mihi,
3442 5021 3541 5089 ait,

1888 5116 2059 5185 quasi
2088 5116 2325 5169 Christo
2356 5113 2602 5168 Domino
2635 5112 2952 5166 confessus
2982 5125 3048 5163 es
3072 5150 3086 5177 ,
3122 5112 3178 5164 et
3208 5124 3321 5180 ego
3351 5125 3460 5179 pro
3488 5111 3546 5163 te

1886 5202 2120 5258 Christo
2135 5205 2384 5258 Domino
2398 5202 2457 5255 in
2479 5201 2571 5254 die
2586 5199 2797 5270 judicii
2814 5197 3206 5267 respondebo.
3236 5217 3259 5247 υ
3280 5196 3372 5252 Ad
3392 5197 3547 5252 hanc

1886 5297 2060 5347 tantae
2084 5293 2218 5346 fidei
2254 5290 2689 5360 professionem
2721 5286 2955 5341 confusi
2987 5287 3288 5342 daemones
3309 5286 3549 5340 absces-

1886 5384 2108 5437 serunt.
2133 5379 2456 5434 Defunctus
2477 5380 2667 5431 autem
2692 5375 3024 5430 confessori
3047 5391 3156 5430 suo
3179 5374 3405 5447 gratias
3426 5374 3548 5445 egit

217 5628 278 5702 (1)
303 5631 393 5687 Sic
422 5632 862 5702 apographum;
913 5632 1128 5687 dicitur
1156 5634 1346 5689 tamen
1384 5632 1537 5689 infra
1567 5632 1751 5689 semel
1773 5639 1829 5688 et
1858 5634 2073 5690 iterum
2102 5630 2514 5688 Hildebertus.
2538 5628 2800 5685 Numero
2829 5634 3023 5686 autem
3054 5628 3120 5684 i3
3150 5629 3303 5685 infra
3334 5641 3545 5683 occur-

166 5696 222 5752 rit
245 5698 433 5761 iterum
460 5696 923 5760 Hilide'brandus
954 5703 1172 5760 senior.
