3978 6178
392 301 512 367 407

1352 294 1793 358 APPENDIX
1830 294 1945 356 AD
1978 294 2051 356 Β.
2086 290 2874 355 ΒΑΒΤΗΟΕΟΜΛΕΗΜ.

3707 289 3812 354 408

392 505 449 556 et
474 501 547 555 ab
578 499 838 555 hostium
867 498 1138 553 manibus
1169 496 1322 551 liber
1343 494 1550 549 evasit.
1584 494 1649 546 In
1667 508 1783 563 quo
1818 493 2050 546 scilicet
2073 473 2136 535 Α
2160 490 2417 559 (λειω-15,
2451 492 2700 544 stratum
2730 488 2866 560 ejus
2898 487 3254 556 ascendens,
3308 489 3427 541 toto
3474 501 3542 541 se
3579 501 3810 556 corpore

395 588 548 644 facto
579 588 739 644 Deus
776 586 952 642 nobis
983 588 1038 639 et
1070 583 1287 637 inimici
1336 598 1479 654 erga
1519 597 1629 635 nos
1660 581 1959 649 malitiam,
1995 581 2052 634 et

392 680 615 733 sancta
661 673 1060 731 confessionis
1108 672 1384 726 virtutem
1432 669 1901 740 insuperabilem
1951 668 2053 722 de-

398 765 771 820 monstravit.

465 853 519 908 5.
548 853 875 922 Presbyter
895 848 1128 921 quidam
1163 845 1472 902 saecularis
1502 845 1561 899 in
1585 843 1857 900 ccenobio
1875 843 2056 915 Majo-

396 941 483 995 ris
504 938 847 993 monasterii
868 936 1218 991 monachum
1241 935 1556 1005 professus
1578 933 1862 987 saeculum
1886 933 2053 987 dere-

396 1027 605 1098 liquit;
653 1027 787 1097 qui,
833 1026 1133 1094 susceptis
1165 1022 1613 1078 monachalibus
1643 1020 2052 1088 sacramentis,

396 1117 537 1171 dum
565 1115 817 1184 quadam
848 1114 940 1167 die
972 1112 1031 1166 in
1065 1112 1235 1165 domo
1255 1110 1617 1164 infirmorum
1649 1109 1860 1163 lectulo
1882 1109 2058 1162 decu-

389 1204 575 1270 baret,
602 1201 841 1257 fratrem
862 1202 928 1254 ad
954 1216 1019 1255 se
1042 1202 1212 1255 vocat
1233 1198 1326 1253 cui
1346 1198 1546 1253 talium
1571 1213 1711 1251 cura
1730 1198 2055 1251 commissa

397 1294 542 1360 erat,
574 1294 632 1345 et
674 1290 752 1343 ait
794 1290 867 1344 ad
897 1305 1029 1343 eum
1064 1303 1075 1341 :
1115 1288 1425 1341 Dominum
1466 1286 1740 1340 abbatem
1786 1285 2059 1339 exhibete

394 1379 558 1446 mihi,
592 1379 729 1449 quia
756 1377 1024 1447 pristinae
1059 1375 1532 1430 conversationis
1556 1374 1752 1445 aliqua
1776 1373 1967 1442 ipsam
1989 1372 2061 1425 ad

401 1465 745 1522 memoriam
774 1465 1000 1529 reduxi,
1036 1481 1170 1535 quae
1194 1464 1276 1516 illi
1308 1463 1573 1517 conﬁteri
1596 1462 1862 1514 habeam.
1900 1481 1921 1508 ιο
1957 1459 2064 1514 Cui

398 1554 498 1609 ille
533 1570 545 1609 :
583 1576 603 1601 «
632 1552 961 1620 Meridiani,
987 1552 1195 1621 inquit,
1221 1551 1504 1620 temporis
1529 1565 1738 1603 somno
1762 1564 1867 1619 pro
1900 1564 2065 1602 more

402 1642 654 1698 solemni
709 1641 985 1696 dominus
1030 1640 1215 1693 abbas
1256 1644 1579 1692 nocturnas
1618 1637 1792 1691 modo
1832 1652 2066 1689 recom-

398 1732 612 1799 pensat
657 1727 917 1800 vigilias,
952 1744 1060 1781 nec
1109 1727 1425 1797 quisquam
1470 1742 1604 1779 eum
1631 1725 1726 1779 his
1758 1724 1926 1778 horis
1958 1740 2065 1778 ex-

405 1818 584 1871 citare
616 1815 790 1870 audet
824 1829 835 1869 :
868 1829 1039 1868 nonae
1081 1830 1221 1867 vero
1272 1814 1435 1867 horai
1484 1814 1656 1884 signo
1705 1812 1961 1881 pulsato,
1992 1811 2066 1864 li-

2159 594 2342 649 super
2370 594 2505 633 eum
2534 577 2814 647 extendit,
2857 578 2933 631 ita
2965 580 3027 630 ut
3056 577 3230 631 etiam
3259 591 3328 629 os
3358 591 3539 630 suum
3573 576 3663 628 ori
3688 574 3808 645 ejus

2156 667 2492 737 applicaret.
2528 665 2630 720 Ille
2661 681 2803 721 vero
2836 680 2971 720 cum
2999 680 3123 735 prae
3147 663 3406 734 pondere
3431 663 3808 719 incumbentis

2158 770 2225 809 se
2258 768 2495 808 movere
2525 754 2757 822 penitus
2781 768 2899 808 non
2926 756 3154 822 posset,
3180 752 3338 823 quod
3368 753 3561 822 potuit
3592 751 3811 819 fecit,et

2160 847 2395 913 Sputum
2425 843 2497 895 de
2526 857 2626 895 ore
2641 856 2751 896 suo
2782 842 2843 895 in
2862 840 3076 895 faciem
3098 840 3386 895 damonis
3407 854 3477 894 se
3498 841 3810 910 prementis

2158 931 2379 1001 injecit.
2404 930 2569 995 Quod
2586 929 2857 985 diabolus
2880 944 2998 983 non
3021 928 3241 999 ferens,
3272 932 3435 983 retro
3460 927 3731 996 resilivit,
3762 932 3813 982 et

2159 1021 2331 1091 quasi
2363 1018 2663 1089 propriam
2695 1018 2901 1072 volens
2941 1017 3152 1072 ulcisci
3197 1015 3503 1088 injuriam,
3555 1017 3628 1070 ad
3670 1018 3813 1070 artes

2162 1108 2405 1162 callidas
2436 1122 2502 1161 se
2535 1106 2843 1161 convertit.
2874 1105 3137 1176 Denique
3169 1119 3372 1160 coram
3407 1119 3483 1160 eo
3514 1105 3739 1176 argenti
3766 1107 3816 1159 et

2163 1197 2292 1251 auri
2322 1195 2581 1265 pondera
2610 1195 2916 1264 immensa,
2950 1196 3271 1265 vestesque
3302 1194 3608 1264 pretiosas
3648 1208 3816 1264 expo-

2166 1286 2268 1354 nit,
2304 1285 2527 1338 choros
2556 1282 2917 1353 puellarum,
2953 1282 3336 1354 equitantium
3374 1281 3703 1336 viventium
3731 1299 3818 1336 cu-

2170 1389 2342 1440 neos,
2379 1375 2441 1425 ut
2462 1387 2614 1442 quos
2645 1373 2821 1425 etiam
2869 1370 3236 1443 agnoscebat
3284 1370 3400 1424 sibi
3450 1370 3655 1423 videre
3683 1369 3826 1424 video

2169 1464 2351 1515 retur.
2386 1460 2545 1515 Inter
2575 1475 2708 1530 quae
2750 1459 2923 1530 quasi
2963 1458 3273 1513 exsultans
3323 1458 3624 1525 diabolus,
3657 1458 3826 1513 aiebat

2170 1550 2245 1603 ad
2275 1565 2411 1604 eum
2444 1565 2456 1602 :
2496 1570 2518 1595 α
2553 1547 2731 1616 Ecce,
2763 1548 2966 1615 miser,
2993 1547 3181 1618 gloria
3204 1546 3691 1617 quamrcliquisti
3711 1550 3826 1600 ante

2177 1640 2411 1707 tempus
2429 1635 3179 1706 miscriarum,sponlaneis
3199 1638 3251 1689 te
3268 1636 3543 1690 subdens
3566 1634 3824 1703 miseriis,

2183 1739 2317 1777 cum
2353 1723 2487 1776 istis
2517 1725 2756 1793 poteras
2786 1721 2980 1775 adhuc
3009 1720 3243 1792 ﬂorere,
3280 1722 3334 1775 si
3363 1724 3573 1775 nostra
3603 1719 3828 1775 consilia

2180 1829 2294 1866 non
2327 1810 2688 1880 sprevisses.
2712 1832 2734 1858 υ
2756 1810 2827 1863 At
2850 1810 2945 1863 ille
2965 1812 3308 1864 constanter
3336 1811 3584 1864 econtra
3606 1823 3829 1878 respon-

406 1906 607 1957 center
635 1902 707 1955 ad
727 1916 861 1956 eum
882 1900 1168 1965 introicns
1187 1900 1493 1953 adducam.
1527 1923 1546 1946 ιι
1576 1900 1644 1953 Et
1665 1916 1827 1970 aeger
1851 1916 1862 1953 :
1902 1919 1924 1949 ι
1951 1900 2066 1952 Ne-
2097 1914 2148 1975 Β
2178 1900 2387 1955 debat:
2413 1920 2435 1948 α
2458 1898 2584 1953 Nos
2603 1913 2839 1969 quoque
2855 1898 3303 1965 ﬂoruimus,sed
3333 1897 3448 1952 ﬂos
3498 1897 3608 1950 fuit
3627 1896 3734 1950 iste
3754 1910 3831 1948 ca-

405 1991 682 2058 cessitas,
702 1989 908 2058 inquit,
930 1988 1123 2058 legem
1155 2004 1267 2041 non
1302 1988 1495 2053 habet,
1534 1989 1640 2041 sed
1674 1986 1829 2058 veli.
1856 1985 1950 2058 ne]
1974 1988 2069 2040 cui

406 2076 613 2148 gravis
642 2075 909 2143 existam,
946 2077 1075 2130 loco
1094 2079 1150 2128 et
1183 2077 1314 2128 vice
1342 2075 1497 2145 ejus,
1542 2077 1736 2145 vobis,
1774 2075 1867 2128 cui
1897 2075 1969 2129 ab
2001 2090 2071 2128 eo

410 2179 545 2218 sum
575 2163 961 2229 commissus,
999 2163 1352 2229 confitebor;
1404 2166 1581 2233 urget
1625 2164 1779 2217 enim
1811 2165 2072 2217 extrema

409 2252 763 2307 necessitas.
807 2274 829 2299 η
865 2251 988 2305 Nec
1022 2266 1204 2319 mora,
1240 2265 1405 2321 aeger
1454 2252 1523 2304 dc
1575 2251 1750 2321 culpa
1780 2251 2076 2319 paenitens

409 2338 640 2411 culpam
684 2338 1015 2407 conﬁtetur,
1068 2317 1535 2393 satisfactionem
1588 2317 2077 2409 sibi.injunctam

412 2428 623 2483 devote
646 2428 1043 2497 amplectitur;
1060 2444 1166 2496 pro
1187 2443 1349 2481 more
1373 2427 1723 2481 sacramenti
1746 2427 2077 2481 areatuab-

414 2515 687 2570 solvitur.
723 2515 949 2585 Hisque
986 2515 1197 2585 gestis,
1236 2516 1504 2584 ipsisque
1538 2514 1938 2569 residentibus
1963 2516 2074 2569 ait:

414 2604 546 2658 Jam
576 2617 732 2656 nunc
774 2618 1043 2673 pugnare
1086 2602 1277 2656 habeo
1309 2617 1445 2655 eum
1492 2603 1764 2656 hostibus
1797 2602 1962 2657 feris.
1994 2603 2083 2657 Tu

423 2690 607 2761 igitur
628 2703 919 2759 nusquam
936 2689 1288 2758 abscedens,
1304 2691 1621 2759 praesentia
1636 2692 1852 2759 solare,
1878 2692 2087 2745 oratio-

419 2778 597 2832 nibus
619 2791 784 2829 vaca.
801 2776 1007 2847 Neque
1026 2778 1181 2830 enim
1195 2777 1438 2830 visurus
1461 2791 1527 2831 es
1554 2794 1689 2832 cum
1711 2779 1927 2847 quibus
1942 2794 2087 2848 prae-

415 2865 624 2933 liabor,
642 2863 761 2917 imo
783 2863 1025 2918 horrido
1053 2867 1300 2935 aspectu
1334 2863 1581 2918 formam
1613 2865 1728 2919 sibi
1760 2867 1908 2921 satis
1940 2882 2083 2920 con-

419 2968 648 3026 gruam,
688 2951 990 3006 corvinam
1021 2952 1271 3021 scilicet,
1305 2952 1639 3007 induerunt.
1683 2976 1703 3000 ιι
1739 2954 1995 3022 Dixerat,
2031 2957 2089 3008 et

419 3041 614 3096 subito
644 3040 779 3111 ejus
811 3039 996 3094 facies
1017 3043 1137 3096 tota
1160 3041 1516 3109 immutatur,
1548 3042 1702 3096 oculi
1724 3042 1893 3096 venis
1926 3042 2084 3096 intu-

418 3132 691 3185 mescunt
720 3129 1089 3200 sanguineis,
1123 3132 1179 3183 et
1213 3130 1435 3185 versati
1466 3129 1794 3184 terribilem
1815 3130 2083 3199 praebent

415 3217 689 3274 intuitum
708 3235 722 3284 ;
756 3232 824 3272 os
853 3213 1168 3273 distortum
1189 3217 1249 3271 in
1277 3222 1478 3288 partes
1511 3234 1755 3287 spumas
1787 3218 2081 3289 sanguine

418 3305 673 3361 infectas
703 3305 941 3376 evomit,
976 3321 1111 3361 cum
1142 3305 1402 3361 membra
1421 3306 1694 3377 ejusdem
1714 3308 1872 3360 nulla
1890 3306 2085 3377 quiete

432 3394 724 3450 fruantur.
745 3394 974 3449 Interea
992 3392 1174 3448 frater
1195 3395 1294 3464 qui
1320 3394 1540 3460 aderat,
1562 3394 1736 3462 coepit
1756 3393 2046 3462 trepidare
2069 3410 2083 3459 ;

429 3481 566 3552 quis
597 3482 752 3535 enim
799 3498 917 3536 non
966 3483 1173 3550 paveat
1220 3481 1291 3534 ad
1334 3481 1496 3534 hoc?
1539 3480 1678 3534 Solo
1707 3484 1902 3534 autem
1931 3484 2089 3534 metu

328 3582 341 3597 '
428 3568 678 3623 orationi
693 3569 1037 3637 procubuit;
1067 3571 1303 3637 tamque
1334 3568 1435 3622 diu
1481 3568 1839 3637 protrahitur
1877 3568 2089 3640 agonia

426 3655 770 3727 pugnantis,
797 3657 934 3710 dum
959 3657 1059 3726 qui
1093 3655 1323 3710 astabat
1358 3658 1584 3724 septem
1611 3656 1875 3726 psalmos
1906 3656 2090 3725 poeni-

428 3743 703 3799 tentiales
723 3746 780 3798 et
794 3743 1066 3798 Ietaniam
1094 3743 1664 3813 expleret.Tuncque
1684 3744 1913 3798 tandem
1932 3761 2094 3817 aeger

428 3830 604 3886 rediit
634 3830 695 3885 in
719 3830 1004 3901 seipsum,
1032 3836 1087 3885 et
1114 3831 1230 3885 sibi
1256 3832 1471 3887 astanti
1501 3833 1580 3887 ait
1615 3847 1627 3887 :
1666 3854 1686 3881 α
1723 3831 1831 3901 En,
1867 3833 2051 3903 inquit
2076 3850 2090 3897 ;

427 3918 630 3989 frater,
647 3917 768 3973 Deo
782 3922 1149 3990 protegente,
1171 3919 1378 3974 hostes
1397 3921 1562 3974 evasi
1584 3938 1597 3985 ;
1623 3922 1704 3990 tu,
1721 3921 1822 3991 qui
1840 3921 1981 3974 mihi
2001 3920 2091 3974 la-

428 4005 665 4062 boranti
694 4008 864 4077 quasi
912 4007 1285 4063 collaborans
1335 4008 1594 4077 astitisti,
1620 4007 1745 4079 jam
1777 4006 2094 4080 parumper

428 4091 672 4166 indulge
701 4094 902 4165 quieti.
939 4096 1123 4150 Nocte
1155 4097 1312 4152 enim
1341 4096 1664 4151 imminenti
1686 4113 1915 4153 mecum
1943 4098 2093 4169 vigi-

425 4181 553 4237 lare
584 4182 794 4254 habes,
825 4183 1179 4239 discessuro
1222 4200 1255 4237 a
1302 4184 1498 4239 vobis.
1540 4207 1559 4234 «
1594 4185 1792 4240 Verba
1821 4187 2094 4256 sequitur

427 4266 699 4341 eﬂ‘ectus,
730 4269 979 4344 ipsaque
1011 4274 1204 4343 nocte,
1244 4275 1304 4327 ut
1349 4273 1721 4341 praedixerat,
1747 4274 2095 4329 dissolvitur

426 4374 463 4413 a
491 4372 756 4431 corpore.
789 4359 836 4415 Ο
866 4364 1082 4432 quanta
1112 4360 1217 4415 Dei
1239 4358 1576 4415 clementia!
1604 4377 1719 4431 qua
1749 4362 1809 4416 in
1842 4377 2093 4432 corpore

425 4447 621 4518 posito
652 4450 708 4501 et
736 4462 1005 4519 pugnare
1036 4448 1194 4503 dedit
1225 4452 1427 4504 contra
1451 4449 1751 4504 daemones
1775 4450 2090 4519 hominem,

428 4537 487 4591 et
513 4538 875 4607 pugnantem
902 4535 1141 4590 vincere
1178 4552 1190 4590 ε
1224 4539 1287 4589 ut
1317 4540 1374 4590 et
1400 4536 1603 4609 labore
1626 4553 1844 4608 pugnae
1874 4541 2093 4607 praete-

424 4622 539 4678 rita
567 4624 761 4677 errata
794 4627 1099 4695 purgaret,
1133 4624 1342 4679 animae
1376 4629 1569 4679 autem
1599 4641 1729 4679 suae
1760 4625 2091 4681 absolutio-

423 4708 520 4765 nis
542 4709 748 4766 horam
778 4712 975 4766 notam
1005 4709 1244 4766 faceret.

498 4798 553 4853 6.
576 4799 693 4853 Per
713 4797 869 4852 idem
888 4797 1014 4854 fere
1043 4801 1275 4867 tempus
1311 4799 1549 4871 quidam
1569 4798 1758 4856 laicus
1790 4800 1862 4855 de
1893 4806 2087 4858 castro

2119 3355 2168 3415 C

2177 1986 2526 2040 ducus.Jam
2543 2002 2698 2039 nunc
2720 1985 2875 2039 absit
2896 1984 3037 2038 mihi
3062 1985 3305 2056 gloriari
3325 1985 3441 2038 nisi
3468 1986 3531 2038 in
3552 1998 3723 2038 cruce
3740 1982 3830 2037 Do~

2178 2074 2317 2128 mini
2360 2073 2551 2128 nostri
2593 2074 2741 2128 Jesu
2789 2070 3051 2127 Christi!
3091 2093 3115 2122 ι
3150 2072 3240 2127 Ad
3287 2073 3419 2127 haec
3468 2064 3651 2127 verba
3678 2070 3830 2124 turba

2179 2164 2512 2217 daemonum
2538 2165 2814 2232 tanquam
2842 2160 3043 2215 fumus
3072 2161 3347 2226 evanuit;
3379 2163 3441 2215 et
3471 2175 3613 2215 ecce
3644 2159 3831 2213 beatus

2180 2250 2468 2304 Martinus
2518 2248 2958 2319 pontificalibus
3019 2248 3329 2303 redimitus
3388 2248 3602 2303 infulis
3650 2262 3831 2301 coram

2179 2353 2340 2409 aegre
2369 2338 2710 2392 assistens:
2748 2358 2771 2388 ι
2822 2336 2946 2406 Eia,
2996 2336 3197 2406 frater,
3247 2338 3344 2406 ait,
3392 2336 3728 2392 confortare
3781 2335 3831 2387 in

2182 2426 2449 2490 Domino,
2487 2442 2597 2480 nec
2627 2428 2682 2479 te
2715 2425 3011 2495 decipiant
3040 2425 3273 2479 insidiae
3295 2425 3710 2497 malignorum.
3739 2422 3830 2477 Ce-

2183 2515 2453 2569 ciderunt
2485 2514 2639 2567 enim
2670 2530 2704 2567 a
2753 2513 2936 2567 latere
2968 2517 3087 2582 tuo,
3122 2517 3178 2567 et
3216 2529 3251 2566 a
3289 2514 3522 2569 dextris
3552 2513 3690 2581 tuis,
3720 2526 3830 2564 am-

2183 2603 2340 2673 plius
2393 2603 2466 2656 ad
2510 2604 2567 2656 te
2615 2617 2734 2655 non
2779 2601 3356 2672 appropinquabunt.
3406 2623 3430 2650 ιι
3469 2601 3541 2655 Et
3587 2598 3827 2655 addidit:

2192 2714 2213 2738 ιι
2248 2690 2661 2763 Cognoscisne
2706 2691 2847 2744 me?
2887 2688 3054 2753 Quod
3099 2705 3234 2744 cum
3272 2689 3369 2744 ille
3412 2690 3680 2761 negaret,
3719 2686 3825 2740 ait:

2194 2799 2216 2830 ι
2250 2779 2378 2849 Ego
2410 2795 2561 2848 sum,
2609 2778 2816 2849 inquit,
2864 2776 3174 2848 Martinus,
3221 2777 3402 2848 huius
3446 2778 3562 2832 loci
3612 2779 3759 2830 tutor
3784 2777 3831 2827 et

2189 2867 2483 2938 provisor,
2506 2867 2618 2921 sub
2652 2865 2828 2937 cujus
2846 2865 3127 2921 auxilium
3144 2865 3495 2937 confugisti.
3526 2890 3549 2912 η
3571 2865 3655 2919 Ad
3673 2878 3824 2935 quam

2190 2970 2400 3009 vocem
2429 2956 2659 3009 enitens
2690 2954 2788 3008 ille
2819 2954 3095 3024 prosilire
3138 2954 3210 3008 de
3239 2954 3481 3025 lectulo,
3514 2956 3649 3024 post
3676 2952 3829 3005 tanta;

2191 3043 2444 3098 visionis
2476 3043 2828 3097 abscessum
2848 3058 2882 3096 a
2901 3041 3305 3097 servientibus
3336 3042 3459 3096 sibi
3476 3043 3737 3112 repertus
3753 3040 3831 3092 est

2190 3131 2402 3203 pedem
2432 3130 2719 3199 exterius,
2754 3134 2817 3186 ut
2846 3131 3035 3186 sancti
3065 3131 3247 3202 pedes
3265 3131 3541 3202 amplecti
3571 3128 3827 3183 voluerat.

2194 3219 2334 3273 Inde
2364 3220 2553 3273 accito
2588 3235 2894 3275 meonomo
2934 3218 3348 3274 decubantium
3384 3234 3398 3274 :
3446 3242 3471 3268 ιι
3504 3218 3716 3286 Sacra,
3744 3215 3828 3283 ait,

2194 3307 2489 3362 unctionis
2513 3308 2856 3379 mysterium
2876 3307 3020 3360 mihi
3036 3306 3386 3378 quantocius
3409 3306 3677 3362 exhiberi
3693 3306 3830 3359 sata-

2194 3395 2334 3466 gite,
2370 3396 2506 3467 quia
2537 3395 2811 3450 dominus
2841 3410 3010 3449 meus
3041 3394 3330 3450 Martinus
3361 3396 3435 3449 ita
3468 3394 3613 3450 mihi
3642 3406 3832 3464 prace-

2190 3482 2294 3553 pit.
2328 3482 2492 3548 Quod
2522 3486 2833 3553 postquam
2855 3498 3201 3554 suscepero,
3234 3483 3307 3537 de
3338 3487 3558 3538 caetero
3588 3497 3676 3536 me
3693 3479 3829 3535 scia-

2188 3571 2269 3625 tis
2294 3588 2403 3625 nec
2435 3571 2755 3642 quidquam
2804 3571 3137 3625 locuturum
3169 3586 3278 3625 nec
3319 3572 3620 3642 quidpiam
3650 3570 3830 3641 gusta-

2190 3663 2408 3715 turum.
2442 3658 2598 3714 Satis
2631 3659 2784 3712 enim
2828 3657 3022 3712 fidelis
3053 3661 3145 3713 est
3186 3674 3219 3711 a
3249 3674 3366 3729 quo
3414 3659 3548 3714 haec
3578 3656 3778 3712 audivi.
3808 3677 3825 3700 ι»

2194 3749 2319 3803 Nec
2348 3763 2533 3817 mora,
2568 3763 2672 3817 pro
2706 3762 2865 3801 more
2898 3747 3155 3801 fidelium
3173 3746 3501 3819 inungitur,
3520 3752 3597 3815 et,
3631 3748 3829 3814 utprae-

2194 3835 2441 3906 dixerat,
2479 3835 2735 3906 quandiu
2767 3834 3114 3905 supervixit,
3135 3850 3243 3888 nec
3276 3834 3597 3907 quidquam
3625 3832 3830 3888 locutus

2197 3928 2310 3989 est,
2342 3939 2452 3979 nec
2484 3924 2782 3995 quidpiam
2812 3925 3095 3995 gustavit.

2266 4013 2318 4066 ’7.
2354 4014 2416 4065 In
2450 4013 2654 4066 eodem
2674 4012 2945 4067 coenobio
2966 4028 3117 4084 puer
3132 4013 3369 4083 quidam
3398 4014 3552 4067 intra
3569 4011 3831 4067 decimum

2197 4101 2307 4154 aevi
2338 4117 2575 4169 annum,
2606 4100 2842 4154 nomine
2856 4101 3140 4167 Joannes,
3174 4102 3245 4156 de
3268 4104 3465 4156 castro
3483 4100 3681 4156 Sancti
3695 4097 3832 4151 Mar-

2193 4189 2301 4243 tini
2322 4205 2356 4243 a
2382 4185 2729 4260 parentibus
2762 4188 3038 4261 religioni
3073 4188 3246 4244 datus
3277 4194 3388 4244 est.
3421 4188 3612 4262 Cujus
3640 4188 3695 4241 in
3721 4198 3830 4239 aevo

2192 4277 2406 4349 puerili
2422 4278 2728 4331 maturitas
2746 4278 2990 4332 maturis
3008 4278 3182 4333 etiam
3195 4278 3482 4333 sensibus
3495 4278 3567 4333 ad
3575 4272 3831 4331 mirabilis

2193 4370 2335 4420 erat.
2382 4365 2569 4420 Nemo
2618 4381 2752 4420 eum
2779 4368 3107 4420 resolutum
3148 4367 3294 4437 risu,
3327 4382 3501 4422 nemo
3534 4375 3827 4422 censuram

2197 4454 2414 4509 silentii
2445 4453 2858 4523 excedentem,
2892 4470 3065 4510 nemo
3096 4454 3236 4509 dum
3266 4454 3486 4526 vigiliae
3516 4453 3828 4527 agerentur,

2197 4558 2331 4596 cum
2353 4542 2573 4596 coaavis
2606 4558 2815 4597 somno
2834 4542 2998 4611 vidit,
3013 4546 3075 4597 ut
3094 4542 3280 4597 moris
3299 4545 3411 4613 est,
3435 4540 3826 4614 indulgentem.

2200 4629 2558 4700 Refulgebat
2597 4630 2659 4684 in
2702 4630 2866 4685 vultu
2909 4630 3044 4701 ejus
3079 4631 3350 4702 quaedam
3395 4647 3530 4685 cum
3572 4627 3829 4702 gravitate

2200 4718 2572 4788 simplicitas,
2594 4717 2646 4789 ej
2657 4734 2847 4790 usque
2868 4718 3130 4787 pueriles
3144 4719 3351 4774 oculos
3368 4719 3558 4789 pudor
3573 4720 3830 4771 innocen—

2199 4807 2297 4861 tiae
2311 4805 2682 4877 confovebat,
2700 4808 2760 4861 ut
2781 4806 2840 4859 in
2857 4822 2924 4862 se
2947 4806 3374 4877 aspicientibus
3391 4807 3587 4862 divino
3606 4800 3829 4877 quodam

426 4885 592 4942 Beati
613 4885 848 4942 Martini
877 4886 938 4943 in
959 4886 1168 4943 eodem
1191 4887 1459 4943 coenobio
1482 4892 1837 4959 conversus,
1872 4890 1944 4944 ad
1966 4891 2087 4946 exi-
2115 4886 2171 4949 D
2201 4894 2411 4949 intuitu
2441 4895 2759 4965 castigaret
2801 4895 3128 4964 levitatem,
3174 4910 3242 4948 ac
3286 4895 3549 4951 divinum
3586 4894 3830 4948 timorem

421 4977 548 5029 tum
577 4975 947 5045 properabat.
972 4975 1084 5032 Hic
1127 4975 1184 5030 in
1224 4976 1478 5047 quodam
1514 4977 1844 5035 diversorio
1875 4979 2086 5034 domus

424 5060 811 5133 inﬁmorum,
833 5079 908 5120 ne
927 5065 1019 5120 vel
1044 5064 1140 5119 alii
1158 5065 1485 5119 molestiam
1510 5065 1582 5119 ab
1614 5081 1705 5133 eo,
1739 5066 1830 5119 vel
1863 5068 1992 5137 ipse
2014 5067 2086 5121 ab

425 5147 560 5203 aliis
592 5152 904 5220 pateretur,
927 5153 1197 5207 cubabat.
1221 5153 1410 5208 Media
1441 5157 1632 5208 autem
1664 5154 1779 5224 die,
1814 5170 1954 5210 ecce
1977 5156 2090 5212 dm-

425 5250 633 5291 mones
663 5238 889 5293 visibili
921 5241 1123 5310 specie
1163 5240 1543 5313 {Ethiopibus
1562 5243 1789 5297 similes
1822 5243 2092 5315 ingressi

426 5324 500 5377 ad
543 5339 705 5393 eum,
752 5325 1029 5383 lectulum
1073 5329 1206 5399 ejus
1252 5331 1791 5386 circumsteterunt.
1829 5330 2092 5395 Quorum

427 5425 583 5466 unus
611 5416 668 5467 et
696 5412 826 5482 ipse
852 5415 1193 5487 terribilior,
1238 5421 1297 5472 et
1341 5418 1746 5490 magnitudine
1784 5420 2097 5488 procerior

499 5580 578 5709 ᾖ)
616 5581 833 5639 Nullus
860 5582 972 5641 fuit
995 5584 1178 5658 huius
1209 5588 1463 5645 nominis
1493 5588 1604 5670 M'aj

431 5648 493 5707 11
601 5668 790 5727 usque
821 5654 895 5711 ad
924 5671 1140 5713 annum
1172 5657 1309 5711 1155
1348 5660 1604 5727 ριτωΐιιιι.

2200 4982 2533 5052 inspiraret.
2553 4980 2739 5053 Cujus
2772 4985 3135 5036 senectutem
3146 4982 3562 5051 venerabilem,
3586 4995 3697 5035 non
3716 4976 3829 5031 diu-

2197 5069 2743 5138 turnam,Dominus
2766 5070 3055 5125 festinans
3074 5070 3326 5125 educere
3343 5071 3415 5125 de
3432 5071 3620 5126 medio
3640 5062 3830 5135 iniqui-

2200 5161 2409 5226 tutum,
2443 5158 2593 5212 intra
2613 5173 2803 5212 annos
2836 5158 3188 5214 innocentia
3219 5159 3588 5215 innocentem
3609 5164 3827 5227 puerum

2197 5245 2491 5301 molestiis
2543 5246 2952 5315 corporalibus
2999 5247 3188 5319 afﬂigi
3226 5248 3514 5319 permisit.
3545 5244 3755 5310 Quibus
3780 5238 3829 5290 in

2199 5334 2329 5389 dies
2352 5338 2665 5406 augmenta
2680 5335 3402 5408 capientibus,religiosus
3412 5326 3826 5407 puerpraescius

2198 5426 2623 5493 extremorum,
2659 5423 2931 5479 abbatem
2958 5423 3094 5494 loci,
3126 5423 3459 5479 Garterium
3495 5423 3571 5493 (ἓ)
3599 5416 3825 5479 nomine.

616 5581 833 5639 Nullus
860 5582 972 5667 fuit
995 5584 1192 5667 huius.
1209 5588 1463 5667 n_o_rniais
1485 5588 1739 5667 Majoris
1760 5588 1947 5645 abbas
1967 5558 2328 5648 Monasterii.
2352 5593 2695 5665 chendum
2719 5594 3065 5650 hauddubio
3093 5594 3446 5665 Carnarius,
3477 5592 3576 5667 qui
3601 5590 3669 5646 ab
3696 5596 3824 5642 anno
