3978 6178
132 352 234 419 409

764 345 874 407 DE
912 344 1192 407 REBUS
1237 343 1530 405 GESTIS
1573 342 1660 406 IN
1690 340 2005 405 MAIORI
2050 340 2421 403 MONAST.
2468 342 2671 405 SEC.
2718 343 2827 407 Χῐ.

3394 339 3515 405 410

135 554 191 608 ad
215 567 272 606 se
298 549 487 603 venire
513 550 704 617 rogat,
737 544 1047 599 confitetur
1066 543 1367 597 humiliter
1394 540 1575 596 corde
1593 555 1728 594 con-
1759 520 1817 583 Α
1847 555 1964 593 non
1995 538 2339 593 incredulus
2369 540 2581 617 existo,
2614 541 2822 595 osculo
2853 545 3059 595 sancto
3088 540 3253 611 pacis
3285 542 3341 595 et
3370 539 3508 595 fidei

129 643 240 695 trito
266 639 327 691 de
354 636 646 702 admissis,
682 634 1148 689 benedictionem
1170 630 1443 686 monachi
1474 630 1734 700 postulat

128 729 351 793 ﬁdeliter,
382 725 583 778 devote
613 722 883 791 suscipit.
921 722 1059 776 Inde
1093 720 1422 775 secundum
1460 718 1733 772 traditio-

126 832 234 871 nem
256 813 617 883 apostolicam
650 812 973 882 inungitur.
1006 809 1133 875 Quo
1168 809 1320 863 facto
1353 807 1610 861 viviﬁcis
1630 822 1734 860 sa-

127 902 393 959 cramentis
410 900 697 968 munitur;
718 902 840 953 tum
860 914 1003 953 vero
1022 898 1224 952 crucis
1248 895 1570 951 Dominicaa
1592 910 1738 966 prm-

130 995 314 1046 sentato
326 989 434 1043 sibi
447 989 686 1057 vexillo,
702 969 846 1041 nihil
856 986 977 1058 jam
989 986 1295 1057 pueriliter
1309 987 1529 1055 praeter
1550 998 1737 1038 annos

124 1081 167 1135 in
211 1080 326 1148 ipso
378 1078 665 1147 apparuit.
716 1074 942 1140 Quanta
963 1074 1272 1130 devotione
1293 1075 1483 1142 ipsam
1501 1087 1740 1126 crucem

128 1166 461 1236 amplectitur,
494 1181 675 1236 quam
706 1165 823 1235 piis
853 1180 983 1219 eam
1011 1163 1292 1233 lacrymis
1326 1162 1499 1234 rigat,
1518 1160 1738 1232 quibus

125 1254 437 1327 singultibus
455 1254 669 1308 videns
687 1254 917 1308 Domini
935 1252 1245 1322 pendentis
1258 1247 1658 1321 imaginem,ej
1670 1263 1741 1302 us

125 1344 343 1415 passioni
371 1343 701 1397 conformis
732 1338 1017 1396 efﬁcitur!
1040 1340 1150 1394 His
1167 1339 1239 1394 de
1270 1354 1433 1393 more
1456 1338 1739 1407 peractis,

120 1432 167 1486 in
204 1431 396 1485 lectum
425 1432 687 1501 ponitur,
731 1429 962 1500 positus
994 1428 1053 1482 in
1081 1428 1336 1483 ecclesia
1367 1426 1530 1481 Beati
1559 1425 1747 1479 Bene-

121 1521 244 1587 dicti,
259 1525 312 1572 ut
329 1524 418 1573 est
440 1516 1297 1585 consuetudoilliusecclesim,
1314 1513 1598 1583 defertur,
1619 1511 1741 1571 ubi,

118 1608 393 1679 requisitas
424 1623 458 1660 a
487 1606 896 1661 servientibus
930 1605 982 1658 si
1014 1604 1238 1675 aliquid
1270 1604 1389 1658 sibi
1416 1600 1745 1656 ministrari

118 1713 199 1767 pro
222 1711 494 1766 corporea
524 1694 888 1750 necessitate
911 1694 1287 1763 deposceret,
1320 1691 1465 1746 nihil
1485 1704 1738 1760 prorsus

1845 630 2081 697 peracta
2131 629 2260 683 solo
2306 606 2631 684 firmentur.
2688 650 2711 680 »
2752 629 2917 695 Quod
2961 630 3057 683 ille
3090 606 3356 684 libenter
3385 645 3506 682 am-

1843 716 2057 785 plexus
2081 718 2194 771 sub
2213 717 2348 771 fidei
2363 734 2490 772 sua:
2505 720 2560 772 et
2576 717 2734 772 sacri
2756 718 2984 771 ordinis
3008 719 3181 789 signo
3196 717 3507 787 pollicetur

1844 818 1911 858 se
1944 804 2053 872 eis,
2088 806 2327 875 quibus,
2348 809 2405 859 et
2433 822 2549 876 quo
2581 806 2911 861 decreverit
2938 810 3224 875 tempore,
3245 806 3505 860 debitum

1845 893 2199 947 soluturum.
2246 893 2535 965 Assignat
2583 910 2728 966 ergo
2772 894 3024 949 debitori
3081 894 3393 964 presbyter
3442 896 3505 947 ut

1842 981 1973 1035 vice
2031 983 2126 1035 sui
2170 981 2452 1036 fratribus
2502 982 2748 1053 Majoris
2799 982 3143 1037 Monasterii
3192 982 3334 1036 illud
3386 997 3517 1036 res-

1851 1069 2037 1138 tituat,
2054 1070 2487 1141 terminumque
2507 1071 2791 1125 reddendi
2812 1071 2988 1126 unius
3008 1073 3143 1125 anni
3165 1071 3432 1142 indulget
3452 1070 3508 1124 ei

1848 1158 2119 1227 spatium.
2139 1158 2247 1212 His
2277 1158 2391 1211 ista
2420 1161 2697 1233 peractis.
2732 1160 2991 1214 induitur
3009 1160 3202 1214 sacris
3232 1159 3507 1214 vestibus

1845 1246 2171 1317 religionis,
2208 1249 2263 1301 et
2291 1247 2519 1302 delatus
2551 1249 2624 1302 ad
2659 1249 3103 1317 monasterium,
3136 1247 3505 1303 monachalia
3572 1270 3579 1277 υ

1850 1338 2218 1389 sacramenta
2248 1351 2353 1405 pro
2391 1337 2507 1391 ritu
2555 1338 2864 1408 religionis
2912 1337 3273 1407 suscipiens,
3307 1338 3512 1407 pravis

1850 1426 2165 1478 transacta:
2221 1424 2354 1479 vitae
2404 1425 2559 1480 bono
2608 1425 2722 1479 fine
2781 1426 3185 1480 condemnatis
3241 1425 3510 1493 actibus,

1853 1512 2076 1582 quievit
2106 1512 2163 1565 in
2192 1528 2355 1582 pace.
2388 1513 2518 1568 Jam
2534 1529 2725 1568 annus
2744 1517 2992 1569 exactus
3022 1518 3169 1582 erat,
3191 1530 3325 1568 cum
3355 1513 3515 1568 debi-

1854 1603 1946 1654 tor
1974 1600 2071 1654 ille
2103 1617 2211 1654 nec
2242 1601 2503 1656 debitum
2553 1603 2834 1671 exsolvit,
2869 1618 2978 1657 nec
3007 1603 3343 1673 patientiam
3374 1616 3512 1672 pre—

1855 1692 2039 1742 catur.
2087 1689 2335 1744 Nemine
2381 1690 2610 1745 scilicet
2657 1694 2836 1758 teste,
2882 1694 3018 1760 post
3061 1696 3291 1744 mortuo
3343 1690 3513 1743 lucro

118 1785 317 1839 mortale
346 1785 577 1849 sonuit;
600 1783 709 1837 sed
736 1797 976 1852 pueros,
1002 1782 1100 1851 qui
1134 1780 1320 1836 stolas
1345 1794 1488 1834 suas
1510 1779 1572 1834 in
1601 1793 1736 1832 san-
1770 1787 1821 1848 Β
1854 1777 1969 1831 sibi
1995 1780 2176 1832 totum
2210 1781 2371 1848 putat
2400 1779 2783 1835 remansisse.
2819 1781 2893 1833 At
2924 1779 3514 1847 defunctus,cuimo-

112 1875 255 1945 guine
270 1872 734 1945 Agnilaverunt,
752 1871 1030 1925 Davidica
1048 1886 1193 1924 voce
1215 1870 1287 1923 ad
1310 1869 1545 1923 laudem
1567 1868 1739 1923 Crea-

108 1962 222 2015 toris
247 1962 518 2015 invitabat
548 1960 795 2015 dicens:
825 1980 848 2010 ι
886 1959 1167 2026 Laudato,
1186 1958 1377 2028 pueri,
1398 1957 1734 2026 Dominum,

109 2050 298 2104 laudate
316 2065 531 2106 nomen
565 2049 819 2103 Domini.
861 2047 947 2103 Sit
978 2063 1193 2101 nomen
1225 2046 1460 2100 Domini
1487 2045 1735 2099 benedi-

113 2142 251 2207 ctum,
283 2155 347 2192 ex
376 2138 491 2192 hoc
523 2153 689 2192 nunc
717 2141 774 2192 et
804 2152 993 2206 usque
1044 2135 1104 2189 in
1135 2135 1443 2190 saeculum.
1482 2156 1504 2183 »
1548 2132 1736 2204 Cujus

112 2226 282 2296 psalmi
319 2227 468 2281 duos
520 2241 749 2281 versus
801 2225 1001 2280 itidem
1055 2224 1372 2294 itidemque
1420 2226 1732 2293 repetens,

113 2319 392 2370 extremum
420 2316 706 2385 spiritum
736 2313 1064 2383 exspiravit
1095 2330 1111 2379 ;
1158 2312 1416 2382 illorum,
1448 2315 1511 2365 ut
1541 2311 1735 2365 credi-

110 2418 234 2469 mus,
260 2407 625 2475 aggregatus
658 2402 961 2457 consortio
992 2417 1145 2472 quos
1178 2400 1250 2455 ad
1301 2400 1404 2455 Dei
1438 2398 1644 2453 laudes
1678 2400 1739 2452 in

113 2492 351 2545 extremis
378 2491 694 2545 invitabat.

163 2575 208 2634 8.
233 2579 550 2651 Presbyter
584 2577 822 2650 quidam
852 2578 925 2632 de
955 2577 1166 2632 Sancto
1199 2578 1425 2647 Spano,
1464 2576 1739 2632 Herveus

113 2668 322 2735 nomine,
350 2668 691 2737 postposita
721 2667 817 2721 sui
848 2666 1131 2737 dignitate
1149 2666 1396 2734 ordinis,
1415 2668 1532 2718 tam
1550 2680 1740 2718 saecu-

114 2754 297 2809 laribus
323 2756 593 2828 negotiis
634 2771 809 2825 quam
862 2754 1259 2823 voluptatibus
1310 2753 1543 2808 deditus
1592 2754 1738 2806 erat.

114 2840 388 2899 Crescebat
417 2845 476 2898 in
509 2845 873 2898 immensum
914 2844 1164 2912 pecunia
1214 2841 1372 2912 ejus,
1421 2840 1633 2910 positis
1683 2841 1743 2894 in

114 2929 278 2985 fenore
304 2933 590 2999 nummis,
626 2948 759 3002 quae
791 2930 1022 2985 scilicet
1050 2946 1166 3001 quo
1216 2930 1350 2999 plus
1397 2928 1741 2995 crescebat,

116 3019 241 3073 tanto
268 3022 456 3092 magis
486 3021 653 3074 hunc
703 3019 989 3089 capiebat,
1025 3018 1152 3072 Hoc
1202 3018 1395 3071 solum
1439 3019 1639 3071 tamen
1688 3016 1746 3069 in

1851 1865 2024 1920 nachi
2052 1866 2312 1920 debitum
2344 1868 2730 1923 fraternitatis
2760 1885 2876 1923 non
2903 1868 3287 1923 exsolverunt
3315 1866 3514 1937 negli-

1848 1958 2077 2026 genter,
2094 1955 2386 2010 sollicitus
2420 1955 2526 2009 fuit
2552 1972 2623 2011 ne
2650 1957 2853 2011 fraude
2872 1956 3159 2011 debitoris
3181 1956 3515 2010 amitterent

1847 2043 2003 2113 quod
2019 2042 2108 2097 eis
2132 2044 2499 2099 reddendum
2518 2046 2915 2100 mandaverat.
2934 2044 3194 2110 Quadam
3220 2044 3403 2115 igitur
3423 2042 3516 2097 die

1846 2131 2148 2200 capellano
2180 2132 2450 2187 ecclesiae
2482 2134 2576 2188 cui
2608 2134 2735 2203 ipse
2778 2133 3300 2203 praefuerat,eunti
3332 2132 3517 2186 Turo-

1844 2233 2003 2288 nem,
2036 2220 2368 2274 monachali
2398 2221 2599 2277 habitu
2630 2221 2896 2275 efﬁcitur
2935 2222 3170 2276 obvius.
3203 2219 3389 2285 Quem
3418 2218 3543 2273 ille‘

1845 2307 2002 2363 clara
2018 2308 2148 2362 luce
2169 2308 2283 2363 diei
2304 2309 3180 2382 agnoscens,remiuiscensque
3196 2310 3510 2375 mortuum,

1847 2398 2036 2466 primo
2068 2396 2201 2467 ejus
2236 2403 2479 2467 aspectu
2512 2399 2737 2470 ingenti
2769 2402 2993 2452 terrore
3025 2396 3375 2450 concutitur.
3407 2394 3515 2449 Cui

1849 2484 2197 2541 defunctus:
2235 2510 2257 2535 ιι
2294 2487 2474 2551 Nihil,
2511 2487 2718 2558 inquit,
2760 2488 2994 2555 timeas,
3026 2485 3132 2539 sed
3165 2483 3362 2538 crucis
3394 2484 3515 2538 Do-

1849 2573 2082 2629 minicae
2108 2574 2285 2647 s’igno
2308 2576 2558 2632 frontem
2582 2580 2866 2644 armatus,
2890 2590 3144 2629 securus
3166 2573 3362 2627 audito
3385 2587 3517 2643 quae

1850 2662 2060 2717 dicam.
2096 2664 2228 2718 Non
2259 2665 2415 2718 enim
2447 2665 2777 2732 nociturus,
2804 2663 2911 2718 sed
2941 2662 3288 2733 profuturus
3325 2660 3431 2714 tibi
3461 2662 3518 2714 et

1850 2751 1984 2805 allis
2014 2753 2355 2822 permissus
2387 2769 2519 2807 sum
2552 2768 2859 2823 apparere.
2899 2774 2920 2800 ι
2958 2751 3028 2805 Et
3055 2750 3312 2806 addidit:
3360 2771 3381 2799 ι
3428 2748 3516 2802 Tu

1852 2841 2030 2908 nosti,
2057 2841 2352 2912 inquiens,
2387 2858 2561 2913 quam
2594 2843 2818 2911 perdite
2853 2842 3032 2896 multo
3071 2842 3337 2909 tempore
3379 2838 3502 2891 vixi

1854 2933 1912 2983 et
1942 2944 2080 2983 vere
2111 2933 2167 2983 et
2197 2931 2423 3000 absque
2456 2930 2716 2984 remedio
2749 2930 3013 3000 perditus
3047 2944 3267 2996 essem,
3298 2928 3352 2980 si
3398 2940 3515 2980 non

1855 3018 2271 3089 perorationes
2289 3021 2628 3073 sanctorum
2648 3018 2891 3071 fratrum
2910 3016 3020 3086 Maj
3031 3017 3153 3070 oris
3172 3012 3514 3069 Monasterii

116 3119 170 3158 eo
194 3122 343 3176 spem
373 3108 597 3163 futuras
644 3107 874 3175 salutis,
922 3107 1036 3161 etsi
1085 3107 1384 3177 segniter,
1430 3106 1744 3174 nutriebat,
1780 3111 1830 3172 ο
1855 3105 2085 3159 Domini
2116 3105 2403 3159 immensa
2435 3106 2843 3160 misericordia
2867 3105 3008 3159 mihi
3033 3102 3515 3158 subvenisset.ln

114 3195 532 3263 quoniamviros
548 3196 890 3267 religiosos,
912 3198 969 3250 et
998 3196 1298 3265 praecipue
1344 3193 1589 3264 Majoris
1621 3193 1750 3248 Mo-

117 3286 323 3338 nastcrii
373 3285 709 3340 monachos
755 3283 1009 3338 maximo
1059 3284 1454 3338 venerabatur
1505 3282 1748 3336 honore.

114 3367 338 3444 Denique
352 3389 547 3428 sanus
561 3378 617 3427 et
630 3373 823 3426 adhuc
854 3372 1074 3426 ﬂorens
1103 3373 1162 3423 in
1194 3371 1416 3424 sacculo
1446 3386 1585 3424 sese
1616 3386 1751 3423 sua-

117 3473 204 3528 que
214 3461 293 3515 eis
306 3461 703 3517 donavit.Nec
718 3464 908 3515 tamen
923 3463 1058 3514 tunc
1074 3459 1374 3527 mundum,
1394 3459 1569 3530 cujus
1592 3462 1751 3513 cate-

114 3545 187 3603 nis
198 3548 441 3605 irretitus
456 3548 1171 3617 erat,deseruit.Tandem
1198 3550 1402 3601 mortis
1417 3563 1593 3601 avara
1627 3562 1750 3600 ma-

115 3650 349 3707 nus,qum
362 3653 544 3710 aequo
558 3637 757 3707 pulsat
782 3637 929 3707 pede
956 3652 1285 3706 pauperum
1317 3636 1750 3707 tabcrnasreg-

116 3736 294 3796 umque
309 3730 512 3783 turres
527 3725 912 3795 (Hon.Carm.
933 3743 969 3791 ι,
988 3725 1167 3794 4,13),
1189 3724 1514 3794 corporalis
1530 3725 1749 3779 moles-

117 3811 339 3869 tiaztactu
351 3831 487 3872 eum
503 3814 773 3887 graviter
789 3811 1122 3885 adegit.Qui
1147 3814 1357 3867 mortis
1385 3813 1588 3867 horam
1603 3813 1749 3866 vici-

116 3907 495 3959 namsentiens
511 3904 801 3973 pariteret
813 3903 1190 3972 tremiscens,
1217 3901 1595 3970 supradictos
1623 3902 1749 3955 Ma-

113 3985 238 4056 joris
253 3991 593 4047 Monasterii
614 3992 832 4045 fratres
847 3990 919 4044 ad
948 4006 1016 4045 se
1048 3990 1326 4045 festinato
1353 3990 1559 4045 venire
1582 4005 1749 4043 man-

1859 3194 1996 3265 igne
2027 3198 2219 3248 tamen
2267 3197 2610 3265 purgatorio
2657 3194 2889 3248 debitos
2933 3194 3170 3248 dolores
3217 3192 3512 3259 sustinui,

1858 3283 2075 3353 quibus
2114 3284 2167 3336 si
2215 3283 2497 3354 quidquid
2550 3286 2970 3338 tormentorum
3012 3284 3073 3336 in
3118 3282 3235 3336 vita
3282 3279 3515 3336 mortali

1857 3372 2094 3425 tolerari
2143 3375 2337 3441 potest
2385 3374 2766 3441 comparetur,
2818 3371 3212 3436 levissimum,
3246 3370 3361 3423 imo
3404 3385 3517 3424 nec

1855 3463 2141 3515 tormenta
2173 3460 2619 3529 reputabuntur.
2655 3460 2824 3513 Nunc
2856 3463 3069 3527 autem,
3104 3459 3163 3511 in
3204 3458 3516 3529 refrigerio

1855 3548 2107 3619 positus,
2142 3548 2429 3619 majorem
2476 3548 2667 3602 adhuc
2707 3547 3126 3602 beatitudinem
3172 3546 3346 3601 etiam
3385 3549 3517 3601 ante

1858 3638 2194 3691 universale
2218 3637 2509 3708 judicium
2523 3637 2855 3708 prmstolor,
2877 3636 2983 3690 sed
3016 3636 3269 3690 retardat
3302 3650 3391 3688 me
3413 3635 3518 3688 fal-

1856 3726 2001 3780 lacis
2016 3726 2175 3780 illius
2192 3727 2660 3795 compresbyteri
2677 3726 2867 3780 nostri
2882 3724 3524 3779 dissimulatio.'l‘rans-

1856 3831 2111 3886 gressus
2145 3818 2237 3870 est
2253 3817 2408 3869 enim
2426 3816 2739 3870 terminum
2769 3830 2943 3884 quem
2965 3814 3050 3867 illi
3076 3813 3515 3882 constitueram,

1854 3906 1916 3956 ut
1948 3904 2203 3958 dominis
2235 3905 2383 3959 meis
2417 3903 2667 3975 Majoris
2700 3903 3046 3958 Monasterii
3078 3902 3360 3955 fratribus
3413 3902 3519 3956 de-

1852 3992 2041 4048 bitum
2073 4008 2271 4047 meum
2299 3993 2658 4046 exsolveret.
2693 3992 2780 4046 Tu
2812 3991 3050 4061 quidem
3080 4006 3155 4045 ex
3199 3994 3361 4060 parte
3392 4004 3520 4045 mea

116 4074 216 4143 dat;
244 4078 513 4153 factaque
553 4080 807 4151 primum
852 4079 924 4133 de
964 4079 1225 4149 peccatis
1257 4079 1500 4148 humili,
1533 4078 1747 4147 vivaci,
1855 4097 2012 4135 nunc
2034 4081 2148 4135 ibis
2179 4082 2249 4135 ad
2283 4097 2438 4149 eum,
2468 4085 2524 4135 et
2550 4096 2623 4135 ne
2656 4080 2910 4149 amplius
2941 4079 3278 4134 dissimulet
3300 4079 3516 4148 facere,

119 4167 475 4238 gemebunda,
491 4169 665 4238 plena
678 4167 901 4222 amaris
924 4168 1227 4239 lacrymis,
1251 4170 1313 4221 ut
1340 4167 1582 4239 dignum
1605 4170 1746 4237 erat,
1855 4169 2013 4240 quod
2046 4170 2158 4223 sub
2191 4169 2328 4222 ﬁdei
2360 4173 2416 4223 et
2446 4169 2611 4238 pacis
2631 4169 2840 4222 osculo
2872 4168 3015 4221 mihi
3035 4166 3352 4236 spopondit
3380 4167 3521 4220 red-

119 4255 1752 4325 confessione,confratribuspriusetpauperibuspartem
1857 4258 2018 4325 dere,
2053 4257 2452 4311 annuntiabis.
2484 4256 2651 4320 Quod
2685 4257 2738 4309 si
2768 4256 2923 4309 diem
2967 4271 3143 4325 quem
3197 4254 3281 4307 illi
3330 4270 3438 4322 per
3466 4257 3519 4308 to

121 4345 578 4400 sumsubstantiae
596 4344 832 4413 divisit;
872 4344 1097 4414 reliqua
1113 4359 1256 4398 vero
1288 4344 1480 4398 omnia
1512 4344 1750 4398 mobilia
1857 4347 2123 4417 assigno,
2160 4346 2539 4417 negligenter
2556 4344 2927 4414 praeterierit,
2945 4343 3094 4397 sciat
3111 4342 3318 4411 procul
3342 4341 3521 4396 dubio

120 4428 526 4506 immobiliaque
561 4433 901 4503 saepedictis
937 4432 1223 4486 fratribus
1256 4447 1513 4503 seseque
1552 4433 1749 4503 ipsum
1778 4431 1830 4491 D
1860 4435 1994 4505 ejus
2015 4435 2267 4489 animam
2291 4434 2505 4489 summi
2531 4433 2762 4488 Judicis
2787 4432 3117 4487 subituram
3136 4430 3473 4485 vindictam.
3494 4453 3515 4477 »

119 4518 336 4575 tradidit.
354 4522 610 4592 Insuper
622 4525 677 4575 et
699 4520 999 4576 debitores
1026 4536 1172 4574 suos
1188 4521 1575 4591 undequaque
1590 4522 1751 4577 veni-

123 4605 324 4678 refecit,
342 4625 599 4682 qumque
613 4610 731 4664 sibi
743 4608 1407 4677 debebantur,debenda
1420 4608 1547 4663 fore
1561 4624 1755 4664 mona-

123 4692 261 4761 chis,
302 4703 357 4753 et
395 4699 717 4755 nominatis
758 4697 1125 4768 temporibus
1167 4697 1463 4752 reddenda
1503 4698 1755 4752 sancivit

128 4778 521 4860 lnterreliquos
536 4792 727 4842 autem
748 4787 1474 4857 venitquidamcompater
1493 4790 1549 4841 et
1581 4787 1754 4840 fami-

125 4866 259 4927 liaris
270 4875 527 4947 ejus,cui
540 4875 772 4929 nomine
786 4875 1315 4945 conscio,exceptis
1331 4874 1481 4944 ipsis
1496 4875 1752 4944 duobus,

127 4972 186 5012 ιι
221 4961 391 5020 libras
441 4965 939 5019 eommodaverat.
990 4961 1098 5027 Qui
1141 4962 1369 5033 jacenti
1416 4964 1651 5018 locutus
1697 4963 1757 5018 in

128 5045 268 5105 dolo:
303 5076 324 5098 ε
360 5054 629 5123 Domine,
645 5053 853 5123 inquit,
872 5052 1045 5106 timeo
1077 5051 1220 5106 mihi
1246 5052 1319 5107 ab
1352 5050 1556 5107 auditu
1584 5055 1757 5107 tanta:

129 5142 378 5210 pecuniae,
393 5146 453 5198 et
473 5141 747 5214 quamvis
772 5156 882 5210 per
893 5138 1444 5212 vestramjgratiam,
1465 5141 1759 5195 neminem

130 5225 289 5282 tamen
327 5233 539 5286 vellem
590 5230 900 5286 conscium
950 5229 1141 5285 nostri
1188 5229 1429 5299 secreti,
1463 5230 1618 5284 sicut
1648 5244 1760 5284 nec

131 5317 266 5368 antea
296 5318 415 5374 fuit.
451 5319 580 5391 Ego
623 5323 819 5374 autem
862 5319 977 5374 sub
1024 5318 1161 5373 fidei
1211 5334 1360 5373 mea:
1408 5321 1466 5373 et
1499 5317 1758 5389 jurisju-

134 5403 269 5456 randi
292 5412 655 5462 sacramento
682 5408 969 5479 polliceor
984 5408 1160 5462 vobis
1193 5411 1251 5462 et
1280 5423 1409 5461 eam
1440 5423 1531 5462 me
1564 5408 1757 5463 reddi-

134 5490 312 5563 turum,
345 5501 398 5551 et
428 5512 498 5551 eo
546 5513 724 5568 quem
772 5498 916 5551 mihi
962 5497 1376 5568 assignaveris
1426 5497 1539 5551 die.
1592 5518 1614 5544 υ
1669 5496 1759 5551 Ad

138 5573 239 5633 hac
265 5600 447 5657 aeger:
485 5608 509 5633 α
545 5586 680 5642 Non
707 5588 821 5656 est,
843 5586 1051 5656 inquit,
1076 5602 1227 5656 opus
1260 5589 1325 5640 ut
1351 5585 1494 5640 mihi
1516 5585 1754 5656 juretis.

137 5660 394 5737 Expertus
422 5675 578 5732 enim
610 5675 785 5730 ﬁdem
810 5678 1089 5743 vestram,
1113 5690 1246 5746 quae
1275 5674 1421 5730 mihi
1450 5673 1755 5744 spondetis

1864 4525 1971 4578 His
2001 4524 2174 4577 dictis
2205 4522 2520 4578 defunctus
2569 4522 2881 4592 disparuit.
2929 4521 3281 4591 Capellanus
3328 4522 3521 4574 autem

1859 4615 2165 4684 promptus
2196 4628 2265 4667 ac
2296 4611 2590 4666 sollicitus
2609 4610 3521 4682 exsequiturjussionem,pres-

1858 4701 2131 4772 byterum
2168 4700 2462 4768 convenit,
2498 4716 2680 4771 super
2708 4700 2978 4769 deposito
3008 4698 3297 4753 visionem
3346 4712 3521 4750 enar-

1859 4793 1968 4857 rat,
2004 4793 2066 4843 ut
2095 4789 2300 4843 reddat
2324 4788 2586 4844 debitum
2617 4789 2979 4844 adhortatur.
3014 4788 3089 4841 At
3117 4788 3215 4840 ille
3258 4801 3393 4840 eum
3438 4785 3521 4839 in-

1860 4878 2046 4932 sania)
2102 4877 2411 4947 phantasia
2461 4877 2794 4948 deceptum,
2848 4891 2916 4930 se
2962 4876 3020 4929 in
3063 4875 3220 4929 nullo
3267 4888 3525 4944 unquam

1859 4964 2138 5021 defuncto
2172 4966 2361 5021 fuisse
2404 4965 2727 5021 obnoxium
2769 4966 3147 5035 protestetur.
3182 4961 3306 5017 Nec
3336 4977 3520 5029 mora,

1858 5054 2157 5109 transacto
2207 5054 2302 5109 die
2343 5069 2521 5125 quem
2582 5053 2900 5109 defunctus
2946 5067 3051 5123 per
3098 5051 3523 5105 internuntium

1861 5144 2173 5209 statuerat,
2221 5141 2451 5196 debitor
2496 5141 2807 5195 immensis
2860 5139 3166 5194 doloribus
3216 5140 3520 5209 arreptus,

1850 5229 2221 5302 jamjamque
2252 5245 2391 5285 sese
2421 5230 2729 5300 exspirare
2754 5227 3046 5283 formidat.
3078 5226 3524 5299 Fateturitaque

1860 5319 1975 5374 etsi
2021 5334 2180 5389 sero,
2234 5323 2445 5374 cuncta
2492 5319 2599 5372 Dei
2647 5318 2949 5373 cernentis
3005 5317 3295 5373 neminem
3344 5332 3525 5387 posse

1859 5406 2595 5479 eﬂ‘ugerejudiciquuid
2612 5406 2810 5476 plura?
2823 5405 3149 5461 Monachos
3163 5406 3359 5475 saeped
3371 5406 3518 5460 ictos

1858 5512 1967 5567 per
2012 5498 2434 5552 internuntium
2478 5498 2714 5564 evocat,
2763 5495 3023 5550 debitum
3069 5495 3259 5565 primo
3307 5494 3517 5561 reddit,

1861 5586 1993 5640 inde
2029 5586 2296 5656 seipsum
2325 5589 2383 5639 et
2414 5585 2609 5639 omnia
2645 5601 2754 5639 sua
2803 5585 2862 5637 in
2912 5600 3122 5639 manus
3168 5598 3375 5639 eorum
3404 5587 3525 5636 tra-

1859 5675 2029 5741 dens,
2042 5675 2356 5729 creditoris
2374 5674 2467 5729 sui
2493 5674 2589 5745 pia
2609 5675 2665 5728 in
2700 5675 2815 5728 fine
2844 5675 3217 5730 subsecutus
3249 5670 3521 5740 vestigia.
