4008 6172
384 314 501 382 411

1332 312 1768 377 APPENDIX
1813 315 1926 376 AD
1972 313 2049 377 Β.
2100 313 2855 379 BARTHOLOM/EUM

3701 318 3818 381 412

389 519 449 572 In
482 534 596 588 quo
627 534 804 587 opere
837 534 973 572 vere
1023 518 1307 571 Dominus
1351 520 1407 573 et
1451 517 1770 570 clementer
1815 514 2055 568 miseri-
2083 499 2140 565 Α
2168 515 2384 570 invitus
2417 517 2663 571 reddere
2694 518 2849 587 quod
2883 520 3221 572 suumerat.
3255 518 3301 571 A
3334 533 3474 572 vero
3521 517 3815 571 defunctis

394 608 616 661 cordia:
648 610 704 661 et
736 608 1000 661 districto
1024 607 1173 661 bene
1205 605 1667 676 intelligentilius
1691 605 2055 657 demonstrat

378 694 666 766 judicem.
1940 678 1943 691 ’

462 784 515 838 9.
554 785 676 838 Duo
712 783 975 855 germani
1007 786 1170 837 erant
1200 785 1259 837 in
1289 782 1494 836 eodem
1535 781 1891 835 monasterio
1941 780 2052 834 ho-

391 877 578 927 nestae
594 873 726 925 vitae
744 878 798 926 et
813 872 1124 925 laudabilis
1141 871 1891 940 conversationis,quorum
1907 869 2054 922 alter

391 961 462 1016 ad
496 961 727 1014 abbatis
761 964 962 1013 nutum
996 960 1051 1011 in
1085 959 1357 1030 Angliam
1382 960 1661 1027 directus,
1686 959 2051 1025 coelum,non

390 1051 647 1104 animum
680 1052 910 1101 mutans
942 1048 1116 1115 (Hea.
1156 1048 1350 1117 Epist.
1385 1064 1424 1115 1,
1457 1045 1509 1111 ‘2,
1545 1047 1654 1116 ΕΠ),
1693 1046 1772 1099 ibi
1815 1061 2051 1116 quoque

390 1135 673 1206 religiose
696 1137 1081 1187 conversatus
1100 1137 1209 1187 est.
1226 1132 1482 1204 Contigit
1503 1137 1696 1187 autem
1718 1136 1774 1186 ut
1794 1131 2047 1201 expletis

393 1223 603 1277 diebus
635 1223 770 1276 vita)
802 1239 928 1275 suae
953 1221 1309 1276 obdormirct
1331 1222 1388 1275 in
1442 1222 1708 1276 Domino.
1756 1222 1816 1274 ln
1848 1222 2052 1275 eadem

393 1311 574 1382 igitur
601 1315 770 1364 nocte
798 1327 911 1380 qua
945 1311 1016 1365 de
1058 1311 1172 1363 vita
1219 1315 1582 1379 excesserat,
1620 1310 1784 1364 fratri
1838 1326 1947 1363 suo
1996 1311 2053 1363 in

399 1403 690 1453 conventu
714 1399 957 1453 fratrum
976 1399 1303 1470 quiescenti
1327 1400 1592 1468 apparuit
1613 1400 1844 1454 dicens:
1876 1420 1897 1448 α
1927 1398 2049 1465 Eia,

395 1487 598 1554 frater,
633 1503 772 1541 ecce
803 1487 976 1543 hodie
1009 1504 1080 1541 ex
1114 1489 1223 1541 hac
1244 1487 1355 1541 vita
1378 1504 1468 1541 me
1493 1488 1722 1541 vocavit
1748 1488 2051 1552 Dominus;

393 1582 450 1632 et
481 1592 593 1649 ego
627 1578 696 1630 ad
728 1582 1066 1631 sanctorum
1098 1576 1359 1646 requiem
1402 1580 1793 1646 perventurus
1841 1577 2053 1629 viatico

396 1665 655 1737 indigeo,
704 1666 993 1740 beneficio
1044 1665 1272 1719 scilicet
1320 1666 1560 1718 fratrum
1610 1670 1949 1718 nostrorum
1982 1680 2057 1718 ex

394 1770 560 1808 more
592 1754 734 1807 mihi
781 1754 996 1808 debito.
1036 1777 1056 1801 η
1109 1755 1294 1809 Porro
1346 1754 1440 1807 ille
1487 1770 1519 1806 a
1571 1769 1778 1807 somno
1825 1753 2055 1807 excitus

2168 608 2323 658 tanto
2357 606 2627 659 licentius
2678 606 2983 659 benefacta
3034 610 3243 660 statuta
3296 606 3385 659 vel
3437 605 3819 659 subtrahebat

2163 693 2257 746 vel
2289 694 2347 746 in
2377 694 2635 748 deterius
2671 696 3315 765 commutabat,quanto
3341 694 3534 747 rarius
3565 694 3821 747 invenie-

2166 782 2340 835 batur
2369 783 2467 853 qui
2491 782 2596 852 jus
2628 799 2830 837 eorum
2865 784 3229 838 defenderet.
3265 783 3520 854 Contigit
3550 782 3731 852 igitur
3759 785 3820 834 ut

2167 870 2476 924 dormienti
2507 871 2559 924 ei
2593 872 2707 925 duo
2742 872 2955 926 fratres
2986 873 3083 942 qui
3118 888 3191 927 ex
3223 872 3332 925 hoc
3362 870 3577 925 mundo
3609 871 3822 940 migra-

2168 964 2373 1012 verant
2403 963 2770 1029 apparerent,
2806 964 2862 1015 et
2892 977 3024 1015 eum
3054 961 3220 1014 duris
3258 960 3459 1014 verbis
3507 974 3612 1027 pro
3662 956 3822 1010 illata

2170 1047 2464 1101 defunctis
2500 1048 2716 1119 injuria
2757 1050 3149 1118 increparent.
3182 1049 3282 1102 Ille
3316 1048 3619 1101 induratus
3649 1046 3823 1116 quasi

2170 1137 2461 1191 somnium
2499 1152 2664 1191 mane
2695 1139 2987 1191 visionem
3019 1154 3122 1207 pro
3145 1138 3324 1191 nihilo
3344 1136 3525 1189 duxit.
3551 1133 3825 1189 Secundo

2171 1225 2363 1295 itaque
2393 1225 2654 1280 defuncti
2684 1228 2755 1280 ad
2778 1242 2911 1280 eum
2934 1227 2992 1280 in
3017 1227 3149 1281 visu
3171 1226 3474 1279 venientes
3506 1222 3829 1278 reclamant

2172 1328 2276 1382 pro
2308 1312 2767 1384 injuria,pcenas
2800 1316 3123 1382 imminere,
3148 1314 3263 1367 nisi
3293 1314 3500 1367 damna
3531 1312 3825 1378 restituat,

2173 1403 2605 1457 comminantur
2635 1419 2649 1471 ;
2682 1407 2739 1457 at
2769 1403 2867 1457 ille
2899 1403 3281 1457 nihilominus
3313 1400 3655 1455 emendatus
3688 1413 3827 1468 per—

2172 1491 2403 1544 mansit.
2439 1490 2634 1545 Tertio
2665 1491 2845 1562 igitur
2876 1494 3179 1546 venientes
3211 1490 3386 1545 tantis
3411 1505 3541 1543 eum
3564 1485 3829 1541 verberi-

2171 1579 2284 1632 bus
2299 1577 2644 1645 affecerunt,
2662 1584 2716 1633 ut
2743 1596 2849 1649 per
2870 1596 3083 1634 annum
3103 1579 3403 1633 dimidium
3420 1577 3634 1631 lectulo
3653 1575 3830 1646 quasi

2168 1668 2489 1721 moriturus
2522 1669 2856 1722 dccubaret.
2918 1668 3025 1721 Vix
3075 1668 3308 1721 tandem
3353 1665 3666 1728 convaluit,
3718 1662 3827 1716 sed

2171 1758 2479 1827 pristinam
2528 1758 2796 1827 corporis
2847 1757 3206 1810 alacritatem
3265 1770 3561 1825 nunquam
3619 1754 3832 1821 postea

401 1858 725 1913 secumque
740 1843 1028 1896 visionem
1052 1846 1350 1912 reputans,
1371 1843 1563 1925 minus
1579 1842 1750 1895 fidem
1770 1842 2052 1909 adhibuit,
2094 1868 2139 1925 Β
2172 1861 2524 1914 recuperare
2557 1846 2756 1900 valuit.
2792 1847 2939 1900 Hinc
2974 1845 3224 1915 conjice,
3257 1841 3615 1912 lector,quid
3642 1841 3700 1894 in
3732 1838 3833 1893 fu-

399 1931 568 2002 quasi
602 1930 896 1984 somnium
928 1931 1381 2001 parvipendcns.
1418 1917 1692 2001 Surgitur
1723 1930 1949 1982 interim
1985 1931 2055 1983 ad

397 2018 736 2072 Matutinos.
771 2018 916 2072 Tum
967 2019 1116 2072 inter
1163 2018 1552 2087 psallendum,
1606 2024 1665 2072 ut
1714 2019 1839 2073 ﬁeri
1884 2018 2053 2088 solet,

399 2122 720 2176 parumper
767 2107 1184 2175 obdormiens,
1241 2108 1503 2160 eamdem
1551 2107 1842 2161 visionem
1891 2109 2055 2162 vidit.

397 2194 586 2263 ϐωρῆ
619 2194 799 2264 igitur
842 2195 1154 2263 aliquando
1202 2195 1513 2249 sollicitius
1563 2198 1811 2248 tractare
1856 2212 2057 2249 secum

398 2297 531 2353 quas
564 2282 805 2352 repetita
839 2282 1066 2336 visione
1098 2284 1355 2337 monitus
1388 2286 1529 2337 erat.
1568 2284 1688 2338 ltur
1714 2288 1848 2354 post
1882 2284 2062 2337 Matu-

399 2371 555 2425 tinos
588 2371 934 2440 dormitum;
969 2375 1024 2425 et
1043 2387 1181 2425 cccc
1205 2371 1519 2425 defunctus
1543 2373 1781 2427 fratrem
1806 2390 1976 2427 suum
2003 2374 2059 2427 in

401 2460 533 2514 visu
565 2461 858 2526 convenit,
896 2460 1164 2514 hortatur
1196 2460 1447 2514 sollicite
1478 2465 1538 2514 ut
1566 2461 1685 2531 jam
1730 2463 1898 2515 tertio
1933 2478 2059 2516 mo-

402 2549 560 2603 nitus
591 2547 869 2601 abbatiet
901 2547 1184 2602 fratribus
1234 2564 1408 2602 suum
1457 2549 1682 2604 nuntiet
1727 2551 1971 2617 obitum,
2008 2554 2064 2604 et

404 2651 703 2707 germana
735 2635 1065 2690 dilectionis
1116 2618 1325 2690 intuitd
1371 2638 1629 2692 debitum
1681 2639 1797 2692 sibi
1847 2640 1920 2691 ab
1972 2641 2061 2693 eis

403 2725 600 2794 exigat
646 2724 1020 2778 beneficium.
1070 2725 1237 2779 Mane
1282 2726 1474 2796 itaque
1520 2726 1671 2780 facto
1699 2769 1712 2791 ,
1766 2727 1948 2781 frater
1991 2729 2062 2782 de

405 2812 601 2877 fratre,
619 2813 948 2881 praesertim
973 2813 1257 2882 triplicata
1282 2815 1511 2868 visione
1526 2815 1878 2884 admonitus,
1903 2817 2063 2870 solli-

405 2901 561 2954 citus
595 2904 741 2968 erat,
778 2904 834 2955 et
882 2902 1192 2971 quemdam
1219 2902 1290 2956 de
1337 2904 1686 2957 custodibus
1734 2905 1958 2958 ordinis
2007 2906 2064 2959 in

404 2992 631 3058 partem
674 3005 951 3055 evocans,
987 3005 1108 3043 rem
1158 3004 1230 3043 ex
1274 2991 1478 3045 ordine
1527 2993 1745 3062 pandit,
1798 2992 2066 3063 deposcit

406 3078 760 3131 consultum.
779 3078 850 3131 At
869 3079 990 3132 ille:
1024 3099 1045 3128 α
1072 3079 1201 3133 Non
1225 3083 1334 3146 est,
1355 3081 1561 3151 inquit,
1579 3083 1864 3136 utmelius
1886 3083 2064 3150 nosti,

407 3167 855 3220 consuetudinis
870 3172 1093 3221 nostra;
1110 3172 1168 3221 ut
1181 3169 1356 3222 alicui
1381 3169 1640 3223 debitum
1659 3171 2040 3224 exsolvamus

406 3255 523 3308 nisi
552 3256 732 3310 breve
761 3257 997 3310 allatum
1030 3256 1204 3310 fuerit
1236 3274 1351 3327 quo
1377 3257 1633 3313 Kalenda
1658 3260 1853 3312 obitus
1877 3275 2064 3330 agno—

408 3348 627 3411 scatur,
660 3345 995 3412 praesertim
1029 3361 1133 3413 pro
1167 3361 1374 3399 somno
1407 3346 1580 3416 cujus
1614 3347 1790 3399 fallax
1833 3352 1888 3400 et
1921 3363 2070 3400 vana

407 3448 677 3501 persaepe
710 3433 906 3487 illusio
928 3437 1037 3487 est.
1061 3457 1081 3479 ι»
1110 3434 1233 3487 Nec
1267 3436 1557 3501 mora,die
1589 3436 1795 3489 eodem
1828 3436 2068 3489 nuntius

409 3520 645 3573 advenit
673 3521 855 3574 breve
890 3536 1061 3573 manu
1098 3526 1357 3589 portans,
1394 3539 1508 3591 quo
1541 3523 1742 3576 fratris
1784 3524 1981 3577 obitus
2015 3526 2072 3577 et

412 3606 670 3661 Kalenda
700 3608 1024 3679 legeietur:
1057 3608 1315 3663 Kalcnda
1347 3625 1522 3679 porro
1555 3611 1746 3680 ipsius
1780 3614 1902 3665 erat
1933 3612 2067 3665 diei.

411 3696 681 3749 Ofﬁcium
715 3712 816 3766 pro
851 3700 1078 3751 mortuo
1111 3697 1180 3751 de
1214 3714 1376 3752 more
1401 3699 1752 3765 celebratur,
1777 3700 2072 3753 aestiman-

411 3785 572 3839 tibus
591 3787 819 3838 cunctis
836 3783 956 3855 jam
974 3786 1192 3839 instare
1206 3802 1465 3840 annuum
1487 3787 1642 3841 diem
1665 3803 1782 3858 quo
1798 3788 2069 3842 obiisset.

413 3874 489 3927 At
519 3888 839 3945 germanus
870 3872 1004 3944 ejus
1037 3874 1273 3928 caeteris
1308 3891 1410 3944 pro
1444 3874 1541 3929 illo
1593 3876 1871 3930 solertior
1911 3876 2071 3930 foras

414 3961 737 4032 egreditur,
773 3963 943 4032 quasi
974 3978 1105 4015 cum
1155 3963 1358 4017 brevis
1407 3963 1607 4034 bajulo
1658 3964 1956 4019 curiosius
2002 3964 2072 4018 de

416 4049 616 4104 fratris
648 4050 741 4103 sui
774 4051 934 4104 obitu
967 4050 1295 4106 locuturus.
1330 4051 1433 4106 Ille
1465 4056 1659 4106 autem
1690 4068 1797 4106 nec
1830 4052 2072 4122 reperiri

414 4138 619 4207 potuit,
652 4154 760 4193 nec
791 4138 1006 4208 aliquis
1040 4143 1131 4193 est
1168 4143 1439 4208 repertus
1465 4141 1654 4209 quise
1686 4157 1817 4194 eum
1849 4141 2075 4195 vidisse

417 4226 659 4280 diceret.
694 4226 1198 4282 Coneurrentibus
1230 4228 1423 4297 itaque
1456 4228 1572 4281 sibi
1602 4233 1657 4281 et
1690 4229 1939 4283 visionis
1968 4230 2075 4282 tri-

415 4314 644 4383 plicataa
676 4315 986 4385 miraculo,
1015 4318 1071 4368 et
1101 4317 1287 4369 nuntii
1320 4317 1516 4370 subito
1568 4317 1926 4385 disparentis
1969 4317 2077 4370 ad-

415 4407 614 4471 ventu,
650 4399 971 4474 germanus
1019 4404 1281 4458 defuncti
1311 4409 1366 4459 et
1410 4406 1644 4478 eodem,
1677 4421 1792 4458 non
1842 4406 2075 4476 quidem

410 4491 869 4557 anniversario,
928 4492 1033 4547 sed
1082 4494 1214 4562 ipso
1264 4494 1585 4547 identitatis
1641 4494 1900 4546 essentia
1960 4509 2076 4562 quo

414 4580 645 4634 viderat
674 4580 966 4633 visionem
995 4581 1271 4651 quodque
1296 4582 1536 4635 nuntius
1554 4580 1893 4649 advenerat,
1925 4581 2081 4635 veri-

418 4668 548 4722 dica
580 4667 863 4723 relatione
896 4668 1140 4722 fratrem
1173 4684 1350 4722 suum
1372 4668 1574 4722 didicit
1599 4670 2078 4739 emigrasse.Sa-

415 4758 612 4828 tisque
644 4760 1006 4827 compertum
1038 4762 1131 4811 est
1160 4772 1334 4827 quam
1363 4757 1531 4827 larga
1580 4757 1809 4810 Domini
1844 4758 2079 4811 miseri-

421 4846 620 4900 cordia
654 4849 764 4917 est,
797 4863 930 4918 quae
962 4850 1019 4900 et
1046 4846 1326 4900 defuncto
1347 4846 1616 4916 permisit
1634 4849 1693 4900 ut
1722 4861 1896 4900 suum
1925 4845 2084 4899 debi-

419 4936 541 4986 tum
564 4935 850 5006 exigeret,
868 4950 1161 5006 quamque
1176 4934 1464 4988 sollicitos
1487 4949 1599 4988 nos
1621 4950 1760 4989 esse
1774 4935 2084 4988 conveniat

423 5035 495 5075 ne
543 5020 839 5078 defunctis
886 5023 1170 5078 fratribus
1228 5022 1487 5077 debitum
1542 5038 1717 5076 suum
1769 5022 2082 5077 exsolvere

419 5108 819 5180 negligemus.

498 5197 585 5250 10.
605 5196 888 5267 Ejusdem
908 5200 1160 5255 coenobii
1185 5199 1368 5254 frater
1388 5203 1530 5265 erat,
1550 5199 1798 5254 Urricus
1825 5198 2083 5269 nomine,

424 5271 755 5357 qui‘rerum
786 5290 1194 5357 temporalium
1233 5288 1483 5342 callebat
1523 5288 1853 5358 prudentia.
1886 5287 1995 5342 Hic
2027 5288 2088 5340 in

425 5374 571 5428 cella
603 5390 735 5444 quae
767 5376 1224 5431 diciturTavent
1267 5376 1675 5447 procuratoris
1733 5375 2092 5448 fungebatur

427 5463 644 5517 ofﬁcio.
679 5462 818 5516 Erat
847 5469 1041 5518 autem
1067 5466 1253 5521 durus
1271 5466 1586 5520 admodum
1609 5469 1664 5517 et
1694 5465 2084 5529 inhumanus;

426 5568 558 5607 cum
592 5551 877 5606 fratribus
909 5555 1285 5608 constitutam
1330 5569 1621 5609 annonam
1670 5568 2086 5623 nonnunquam

426 5642 631 5716 partim
665 5640 1062 5707 subtraheret,
1098 5643 1247 5715 ipsis
1278 5641 1738 5698 reclamantibus
1762 5641 2088 5712 cogebatur

2051 3214 2065 3240 ’
2100 3218 2149 3276 C

2172 1936 2302 1986 ιιιιό
2326 1934 2621 1987 immineat
2649 1934 3059 1988 defunctorum
3092 1933 3285 1987 debita
3318 1928 3832 1995 deft-audentibus,

2174 2022 2308 2091 quia
2341 2022 2510 2075 etiam
2542 2022 2599 2075 in
2622 2025 2899 2091 praesenti
2925 2022 3217 2092 corporali
3241 2020 3493 2074 vindicta
3516 2018 3834 2072 defunctos

2174 2110 2339 2178 ipsos
2375 2110 2565 2163 Judex
2597 2112 2872 2179 permittit
2901 2111 3174 2182 exigere:

2247 2197 2304 2250 ‘ll
2321 2239 2332 2250 .
2352 2197 2557 2251 Frater
2587 2199 2823 2269 quidam
2847 2216 2917 2253 ex
2935 2201 3141 2253 eodem
3162 2195 3520 2253 monasterio
3539 2208 3838 2265 egressus

2176 2286 2461 2340 saeculum
2511 2288 2750 2355 repetit,
2804 2288 3155 2341 monachum
3209 2286 3510 2339 difﬂtetur.
3560 2281 3670 2346 Qui
3718 2278 3841 2333 etsi

2174 2376 2425 2444 turpiter
2443 2391 2638 2429 coram
2661 2376 2798 2441 Deo,
2816 2376 3028 2446 quippe
3049 2380 3270 2429 sanctae
3290 2373 3444 2427 illius
3467 2371 3672 2440 refuga
3691 2383 3838 2437 pro-

2176 2463 2482 2531 fessionis,
2518 2481 2716 2517 coram
2747 2464 3086 2519 hominibus
3114 2468 3304 2517 tamen
3330 2463 3575 2538 honeste
3598 2473 3664 2511 se
3686 2471 3840 2527 age-

2176 2553 2292 2606 bat.
2329 2553 2590 2623 Denique
2609 2553 2665 2605 in
2698 2552 3218 2607 Cameracensium
3242 2549 3486 2604 dioecesi
3515 2545 3839 2617 professus

2177 2641 2630 2712 presbyterium,
2664 2642 2894 2695 cuidam
2924 2641 3196 2695 ecclesiae
3227 2638 3574 2703 attitulatur,
3609 2635 3669 2688 in
3719 2648 3841 2703 qua

2178 2743 2285 2797 per
2299 2729 2537 2783 multum
2559 2733 2788 2798 tempus
2803 2729 3134 2783 sacerdotio
3156 2729 3416 2792 functus,
3433 2739 3606 2795 quem
3625 2722 3840 2775 ordine

2179 2822 2234 2870 et
2248 2818 2527 2888 dignitate
2542 2819 2819 2887 populum
2838 2818 2951 2869 sibi
2976 2816 3359 2871 commissum
3372 2810 3642 2886 [habuit],
3659 2827 3844 2882 quan-

2180 2911 2301 2960 tum
2329 2906 2400 2958 ad
2431 2906 2640 2958 faciem
2673 2909 2918 2974 spectat,
2941 2904 3198 2974 legitime
3218 2901 3587 2973 gubernavit.
3608 2898 3677 2952 Et
3698 2898 3843 2968 quia

2179 2995 2470 3048 mundana
2502 3010 2619 3047 non
2651 2994 3027 3047 mediocriter
3049 2991 3295 3045 callebat
3329 2987 3654 3059 prudentia,
3692 2986 3844 3039 mul-

2178 3086 2295 3138 tam
2328 3083 2442 3136 sibi
2474 3082 2824 3136 coadunavit
2868 3081 3197 3149 pecuniam.
3241 3077 3615 3133 Consortium
3664 3075 3846 3127 etiam

2181 3172 2467 3226 muliebre
2499 3171 2615 3223 sibi
2644 3170 2972 3237 ascisccus,
2994 3168 3063 3221 ad
3086 3167 3483 3221 testimonium
3517 3164 3676 3217 illius
3702 3161 3847 3215 ulti-

2181 3278 2293 3315 mae
2326 3264 2379 3313 et
2412 3258 2807 3313 saecularibus
2839 3257 3014 3311 licitae
3042 3255 3350 3317 castitatis,
3394 3257 3446 3305 et
3480 3269 3550 3306 ex
3582 3267 3649 3305 ea
3685 3249 3848 3304 filios

2182 3349 2406 3421 genuit.
2442 3347 2566 3401 Jam
2601 3350 2803 3416 quarta
2837 3345 3175 3413 praeteribat
3203 3342 3425 3413 vigilia,
3447 3343 3499 3394 et
3523 3339 3718 3392 adhuc
3745 3337 3849 3390 ille

2183 3435 2528 3505 dormiebat,
2554 3451 2686 3488 cum
2707 3450 2844 3488 ecce
2873 3433 3006 3487 fons
3031 3430 3452 3486 misericordite
3480 3429 3635 3481 Deus
3666 3425 3852 3480 mira-

2185 3527 2381 3581 biliter
2409 3540 2540 3578 eum
2575 3524 2941 3589 cxcitavit,et
2970 3521 3158 3590 primo
3178 3519 3415 3590 quidem
3446 3515 3653 3570 uxoris
3686 3514 3849 3568 sola-

2184 3615 2326 3669 tium
2358 3613 2728 3681 ﬁliorumque
2760 3611 3053 3664 carnalem
3085 3607 3482 3666 dulcedinem,
3519 3606 3703 3657 morte
3737 3617 3852 3656 eos

2186 3701 2648 3769 exterminando,
2686 3701 2757 3753 ab
2788 3697 2920 3767 ejus
2944 3699 3135 3751 animo
3157 3695 3440 3757 abscidit;
3469 3692 3600 3746 inde
3633 3707 3850 3759 corpo-

2184 3791 2291 3846 rali
2328 3807 2459 3845 eum
2490 3789 2765 3860 afﬂigens
2799 3787 3065 3841 molestia
3084 3786 3295 3839 lectulo
3318 3781 3853 3853 prostravit.Tunc

2184 3872 3262 3943 tandeminsereversus.secumquid
3296 3869 3653 3938 fuerit,unde
3686 3869 3855 3924 exie-

2185 3967 2441 4037 rit,quod
2461 3966 2883 4035 evenerit,un
2896 3978 2962 4016 se
2977 3962 3332 4016 inevitabilis
3347 3959 3642 4013 maneatin
3656 3961 3858 4011 extre-

2187 4057 2300 4110 mis
2316 4054 2825 4125 sententia,rugitu
2839 4052 3037 4107 cordis
3051 4054 3106 4104 et
3118 4050 3504 4104 medullarum
3518 4045 3857 4100 sudoribus

2187 4146 2503 4199 retractare
2519 4141 2929 4212 cecpit.Aiebat
2941 4155 3114 4212 ergo:
3137 4162 3158 4186 «ι
3178 4137 3264 4192 En
3289 4153 3416 4191 mea
3443 4150 3697 4207 cycneas
3712 4134 3859 4187 imi-

2187 4236 2651 4301 tanturtempora
2667 4231 2896 4300 plumas
2911 4228 3036 4297 (Ov.
3062 4227 3241 4281 Trist.
3260 4226 3478 4293 iv,R,t),
3495 4229 3549 4279 et
3563 4239 3706 4278 ecce
3720 4224 3861 4277 uni-

2185 4337 2385 4390 verso,
2410 4323 2471 4374 ut
2501 4320 2742 4391 dignum
2765 4321 2906 4385 erat,
2931 4317 3246 4371 destitutus
3271 4314 3499 4382 solatio,
3526 4316 3586 4366 ut
3619 4313 3861 4383 lignum

2188 4408 2418 4464 aridum
2449 4410 2505 4461 et
2533 4412 2777 4461 truncus
2809 4405 3033 4458 inutilis
3065 4403 3271 4458 aeterni
3301 4402 3460 4473 ignis
3493 4399 3713 4470 pabulo
3735 4403 3865 4453 tan-

2188 4495 2485 4552 tummodo
2517 4498 2703 4565 aptus‘
2722 4494 3001 4559 remansi,
3039 4495 3095 4546 et
3125 4507 3263 4546 vere
3295 4491 3498 4544 merito
3530 4488 3728 4542 solum
3762 4504 3862 4541 me

2188 4583 2726 4650 relictuminvenio,
2743 4582 2843 4653 qui
2862 4583 3083 4634 sanctae
3101 4577 3584 4650 congregationis
3602 4576 3865 4646 dignum

2190 4675 2312 4728 Deo
2344 4676 2400 4727 et
2425 4671 2760 4742 angelicum
2808 4669 3024 4739 reliqui
3064 4666 3534 4722 contubernium.
3568 4664 3673 4717 Vae
3709 4663 3867 4717 mihi

2191 4760 2412 4813 misero
2439 4757 2450 4812 l
2485 4758 2583 4829 qui
2615 4772 2748 4811 cum
2778 4770 3023 4826 possem
3053 4754 3125 4807 ad
3143 4768 3246 4807 eos
3280 4752 3490 4817 redire,
3512 4765 3626 4803 non
3656 4751 3866 4820 volui;

2191 4863 2348 4902 nunc
2379 4849 2570 4899 autem
2602 4860 2734 4898 cum
2765 4859 2903 4897 sero
2926 4842 3121 4911 velim,
3150 4857 3265 4894 non
3301 4839 3485 4893 valeo.
3512 4861 3531 4885 ι
3562 4837 3726 4891 Talia
3754 4856 3868 4894 se-

2195 4949 2329 4989 cum
2359 4933 2563 4987 diceus
2606 4933 2780 4987 ﬂebat
2809 4930 3125 4986 uberrime.
3159 4928 3416 4982 Tandem
3447 4930 3581 4996 post
3631 4928 3865 4983 multas

2194 5023 2511 5093 lacrymas,
2536 5036 2642 5091 spe
2664 5037 2771 5091 per
2790 5020 2893 5074 Dei
2920 5016 3391 5073 misericordiam
3413 5016 3728 5084 animatus,
3746 5016 3865 5071 ait:

2203 5133 2225 5158 «
2259 5109 2429 5165 Certe
2461 5110 2668 5164 faciam
2702 5108 2858 5179 quod
2888 5108 2981 5162 vel
3014 5122 3169 5160 nunc
3189 5121 3460 5175 possum.
3484 5104 3672 5158 Credo
3698 5104 3872 5158 enim

2192 5202 2252 5254 et
2280 5199 2532 5266 confido,
2566 5197 2664 5269 qui
2696 5201 2753 5252 et
2781 5197 3067 5251 latronem
3098 5195 3157 5248 in
3188 5208 3363 5248 cruce
3396 5207 3533 5247 sese
3564 5192 3873 5247 confiten-

2154 5360 2157 5361 ν
2192 5289 2309 5341 tem
2339 5285 2809 5341 misericorditer
2839 5283 3125 5353 suscepit,
3171 5298 3261 5336 me
3311 5297 3545 5352 quoque
3588 5280 3768 5334 etiam
3802 5282 3873 5334 in

2194 5372 2418 5426 ultimis
2449 5371 2740 5426 veraciter
2770 5371 3145 5440 poenitentem
3176 5383 3291 5421 non
3323 5365 3580 5435 abjiciet.
3618 5385 3641 5414 ι
3678 5365 3873 5433 Dixit,

2194 5463 2253 5515 et
2280 5461 2499 5515 dictum
2528 5459 2861 5514 transduxit
2892 5459 2949 5510 in
2981 5456 3346 5527 opera.Nam
3382 5452 3625 5524 Majoris
3659 5453 3874 5507 Mona-

2196 5550 2363 5606 sterii
2396 5550 2608 5603 fratres
2642 5564 2792 5619 quos
2808 5547 3050 5627 propius
3064 5543 3523 5615 potuitreperire
3537 5556 3645 5611 per
3674 5542 3876 5596 inter-

2198 5639 2434 5694 nuntios
2466 5641 2691 5703 evocat,
2728 5634 2947 5691 revelat
2976 5634 3064 5688 eis
3097 5637 3160 5688 ut
3184 5631 3433 5687 Domino
3465 5631 3621 5683 viam
3654 5646 3871 5695 suam;
