3978 6178
101 346 192 410 413

101 552 143 601 et
174 546 288 616 quia
329 545 725 613 praegravatus
770 539 1100 595 valetudine
1149 552 1216 591 se
1260 553 1330 592 eo
1381 516 1773 590 venturuml

102 633 368 699 difﬁdebat,
398 646 508 701 quo
531 629 786 701 legitime
804 628 1196 695 satisfaceret,
1221 625 1471 694 supplex
1493 627 1696 678 exorat

98 730 142 776 ut
175 737 265 791 pro
307 719 539 773 solemni
582 717 892 787 disciplina
924 718 982 769 in
1015 732 1149 771 eum
1180 714 1361 769 verba
1390 714 1694 783 virgarum

96 811 366 875 exerceant,
389 823 451 860 ac
465 806 678 860 deinde
692 822 879 860 sacra:
893 805 1155 859 habitum
1171 802 1502 874 religionis,
1519 816 1693 871 quem

95 897 351 968 abjecerat,
367 896 682 950 clementer
701 895 1060 965 indulgeant.
1087 894 1210 949 Nec
1230 891 1466 946 differre
1498 888 1691 944 consi-

96 986 202 1038 lium
237 984 346 1050 fuit,
392 984 523 1053 quia
568 988 629 1037 et
667 983 1003 1054 paenitentis
1034 980 1386 1053 supplicatio
1417 984 1475 1033 et
1505 978 1691 1031 immi-

93 1072 237 1128 uentis
260 1072 484 1142 periculi
517 1072 773 1142 urgebat
793 1074 1061 1126 eventus.
1098 1071 1207 1124 His
1226 1070 1411 1140 igitur
1432 1067 1690 1137 peractis

99 1177 192 1215 cum
230 1164 379 1215 nocte
408 1162 678 1215 insecuta
726 1161 1041 1214 matutinos
1086 1159 1230 1213 inibi
1262 1157 1688 1226 celebrassent,

96 1266 215 1322 aeger
235 1264 424 1304 somno
458 1248 740 1317 indulsit;
773 1251 830 1303 et
857 1263 996 1302 ecce
1028 1248 1344 1302 Martinum
1372 1244 1691 1316 pontificali

93 1339 357 1392 redimitum
399 1337 586 1391 infula
635 1353 770 1391 cum
819 1338 1186 1391 multitudine
1228 1334 1689 1403 candidatorum,

94 1430 413 1497 sanctumque
444 1426 835 1480 Benedictum
858 1441 989 1479 cum
1012 1425 1436 1480 monachorum
1459 1425 1694 1477 caterva

95 1516 175 1568 sibi
198 1514 334 1568 videt
359 1515 417 1567 in
447 1513 682 1568 dextris
713 1514 1019 1581 assistere,
1044 1528 1221 1583 porro
1250 1514 1308 1567 in
1331 1516 1493 1582 parte
1516 1510 1696 1567 altera

94 1602 321 1656 diabolum
336 1606 389 1656 et
403 1603 661 1674 angelos
680 1601 837 1673 ejus.
862 1602 1010 1656 Tum
1028 1603 1192 1672 prior
1212 1601 1485 1656 diabolus
1506 1616 1519 1655 :
1550 1621 1571 1649 ι
1598 1601 1694 1654 ln-

87 1690 218 1759 juste,
245 1691 331 1758 ait,
369 1691 548 1763 agitis
600 1691 675 1745 ad
722 1691 877 1745 hunc
908 1690 1259 1745 accedentes
1279 1732 1292 1758 ,
1328 1690 1430 1761 qui
1460 1705 1493 1743 a
1523 1689 1696 1743 vobis

94 1779 244 1849 refuga
266 1794 327 1834 se
352 1781 493 1834 mihi
526 1780 906 1849 mancipavit;
952 1782 1009 1834 et
1050 1779 1221 1834 modo
1254 1780 1545 1850 longmvae
1582 1778 1697 1832 mi-

94 1866 209 1935 litia,
235 1884 335 1938 qua
363 1869 505 1922 mihi
535 1869 857 1936 servierat,
890 1868 1114 1938 pramia
1133 1870 1545 1939 percepturus,
1572 1882 1700 1935 pro-
1729 1886 1782 1951 Β

89 1957 182 2022 pter
200 1957 353 2011 unius
380 1957 547 2012 horae
581 1957 880 2028 lacrymas
910 1961 967 2011 et
1022 1959 1483 2012 momentaneam
1516 1957 1700 2026 pceni-

90 2043 269 2097 tentiam
297 2060 358 2098 ac
387 2045 438 2099 si
451 2045 666 2116 justus
686 2061 720 2099 a
742 2046 913 2099 vobis
934 2046 1228 2099 visitatur.
1259 2067 1282 2092 ιι
1308 2044 1413 2097 Cui
1437 2044 1697 2098 clemens

91 2130 344 2187 Martinus:
372 2157 393 2179 ι
415 2133 694 2205 Ignoras,
720 2134 927 2204 inquit,
960 2134 1161 2201 miser,
1187 2133 1402 2187 divinae
1420 2133 1698 2186 bonitatis

92 2216 409 2275 inexhaustas
439 2220 710 2290 divitias,
743 2222 842 2291 qui
872 2238 979 2291 per
1010 2221 1358 2291 Prophetam
1378 2220 1541 2274 durae
1562 2221 1699 2275 vitae

93 2310 323 2361 contraria
340 2310 563 2364 intonat
577 2311 764 2364 verba
776 2309 982 2364 dicens
1004 2330 1016 2364 ;
1043 2330 1064 2361 ι
1087 2309 1150 2363 In
1167 2324 1537 2380 quacumque
1551 2309 1697 2363 hora

92 2393 382 2465 ingemuerit
412 2401 721 2468 peccator,
764 2414 972 2453 omnes
1002 2398 1136 2469 ejus
1175 2398 1514 2469 iniquitates
1545 2398 1698 2452 obli-

91 2484 206 2537 vioni
231 2487 551 2551 tradentur;
588 2512 612 2536 ιι
639 2491 700 2541 et
714 2502 822 2558 per
841 2489 1249 2557 semetipsum,
1277 2486 1373 2541 ille
1394 2486 1493 2557 qui
1512 2491 1701 2557 tyran-

92 2570 237 2625 nidem
260 2580 510 2629 vestram
540 2591 676 2630 sum
706 2579 928 2645 tropmo
962 2575 1160 2630 crucis
1191 2575 1485 2629 edomuit:
1521 2597 1541 2620 α
1566 2574 1697 2627 Non

95 2661 205 2727 veni,
232 2661 422 2734 inquit,
453 2680 676 2719 vocare
692 2663 913 2736 justos,
938 2665 1044 2719 sed
1067 2668 1411 2734 peccatores
1442 2664 1500 2717 in
1522 2664 1701 2734 poeni-

92 2749 290 2803 tentiam.
316 2776 337 2799 »
373 2752 483 2806 His
515 2752 699 2807 dictis
728 2768 862 2806 cum
882 2755 1086 2807 sancto
1109 2752 1428 2808 Benedicto
1452 2767 1699 2807 conver-

96 2852 173 2890 sus
195 2839 254 2892 ad
276 2838 567 2909 jacentem
591 2858 603 2896 :
639 2864 661 2888 ιι
692 2841 803 2896 Per
822 2841 1170 2909 Salvatoris,
1193 2842 1401 2912 inquit,
1428 2841 1695 2912 gratiam,

94 2927 131 2975 et
150 2926 379 2982 collatam
407 2931 480 2984 ab
532 2931 671 3001 ipso
720 2930 893 2984 nobis
937 2931 1274 3000 potentiam,
1316 2945 1349 2983 a
1380 2930 1613 2984 cunctis
1644 2933 1700 2983 te

95 3016 295 3080 peccatis
320 3018 731 3088 absolvimus;
754 3019 824 3073 de
855 3022 1071 3074 caetero
1103 3023 1161 3073 tu
1192 3020 1520 3074 correctius
1540 3018 1695 3087 vive,

93 3106 132 3153 et
158 3102 259 3172 jam
300 3109 552 3177 amplius
602 3108 723 3162 noli
769 3122 1039 3178 peccare.
1078 3129 1099 3156 ι
1160 3108 1231 3162 Et
1260 3107 1516 3161 addidit:
1556 3128 1577 3157 α
1614 3107 1699 3160 De

93 3188 219 3296 lego,
248 3194 534 3267 inquiens,
586 3197 963 3268 egritudinis
990 3197 1191 3269 lhujus
1221 3197 1593 3266 convalesce,
1627 3196 1696 3249 ad
1738 3233 1789 3296 ο

94 3282 279 3335 matrem
295 3288 445 3339 tuam
467 3285 791 3339 ecclesiam
808 3301 841 3339 a
859 3301 973 3356 qua
1002 3300 1347 3340 recesseras
1372 3285 1695 3355 rediturus,

94 3365 317 3438 ibi,quta
328 3374 483 3443 quod
506 3375 799 3445 magister
818 3378 974 3441 tuus,
997 3390 1170 3443 quem
1191 3375 1541 3443 praesentem
1566 3389 1699 3428 cer-

92 3454 175 3523 nis,
214 3463 482 3531 sanxerit,
538 3461 965 3516 satisfactionis
1002 3463 1157 3514 viam
1190 3463 1527 3517 universam
1559 3477 1698 3531 per-

92 3557 304 3617 currens,
360 3557 569 3605 caveto
633 3566 1006 3619 summopere
1059 3565 1130 3604 ne
1167 3551 1305 3620 quid
1355 3551 1510 3621 quod
1541 3554 1700 3604 tuam

93 3636 363 3692 remordeat
407 3638 838 3693 conscientiam
885 3656 916 3691 a
971 3640 1142 3692 l’alre
1183 3639 1518 3693 abscondas
1579 3654 1700 3692 mo-

92 3727 308 3795 nasterii;
344 3728 469 3797 jam
510 3727 733 3782 etenim
781 3742 897 3781 non
950 3728 1130 3781 multa
1177 3731 1440 3796 tempore
1486 3743 1701 3795 super-

96 3811 239 3867 vives.
269 3839 289 3862 ι
323 3816 427 3871 His
477 3816 658 3871 dictis
694 3831 966 3870 somnum
996 3818 1054 3869 et
1096 3815 1249 3870 visio
1280 3816 1501 3884 pariter
1539 3816 1701 3869 abic-

93 3905 209 3955 runt.
236 3903 349 3959 Nec
375 3922 547 3960 mora
568 3905 850 3959 fratribus
871 3905 942 3958 ad
966 3920 1033 3959 se
1053 3905 1279 3958 vocatis
1300 3920 1433 3975 qum
1455 3903 1698 3973 viderat,

95 4003 192 4056 qua
217 3993 461 4049 audierat
491 4010 605 4064 per
647 3993 914 4049 ordinem
942 3993 1164 4063 pandit,
1189 4008 1256 4047 se
1291 3993 1571 4047 divinitus
1602 4009 1702 4047 sa-

94 4084 245 4133 natum
271 4082 549 4151 insinuat,
580 4082 823 4137 rhedam
854 4081 1108 4150 instruit,
1131 4097 1266 4135 cum
1286 4097 1400 4153 qua
1424 4098 1556 4136 cum
1574 4083 1703 4136 suis

91 4168 231 4236 copiis
240 4172 610 4239 provehatur,
626 4170 699 4224 ad
713 4169 828 4240 Maj
838 4186 907 4224 us
926 4170 1351 4225 Monasterium
1365 4171 1545 4240 venit;
1565 4186 1700 4241 quin

98 4268 252 4309 secum
280 4260 480 4314 detulit
512 4260 746 4313 scilicet
777 4259 983 4330 viginti
1014 4259 1273 4329 quinque
1294 4259 1472 4312 millia
1496 4259 1706 4313 solido-

97 4355 208 4408 rum,
234 4351 284 4401 et
300 4364 439 4405 vasa
466 4352 753 4422 argentea
786 4354 938 4419 octo,
971 4365 1159 4421 equos
1192 4351 1363 4405 etiam
1398 4350 1456 4404 in
1485 4351 1704 4421 quibus

100 4440 304 4504 venerat,
334 4437 491 4492 Patri
528 4438 870 4492 monasterii
898 4438 1189 4509 assignat.
1214 4439 1354 4493 Inde
1370 4439 1709 4494 misericor-

98 4518 214 4575 diam
249 4527 491 4596 supplex
537 4529 761 4595 exorat,
806 4526 1027 4580 aditum
1070 4526 1367 4581 humiliter
1409 4530 1701 4597 precatur,

100 4607 205 4662 nihil
232 4613 334 4667 sibi
356 4614 545 4668 laxari
576 4615 855 4684 permittit
883 4614 1201 4686 quominus
1233 4615 1574 4670 universam
1605 4631 1706 4670 ex-

102 4695 631 4759 pleatsatisfactionis
646 4702 1036 4772 disciplinam.
1047 4704 1187 4758 Dies
1200 4704 1372 4774 pauci
1386 4703 1703 4773 fluxerunt,

103 4787 143 4834 et
164 4799 277 4842 ecce
301 4790 510 4845 iterum
539 4791 692 4845 lecto
722 4792 1148 4861 prosternitur;
1180 4807 1431 4862 cumque
1472 4792 1704 4862 expleto

105 4886 248 4930 Sacrae
271 4880 558 4935 unctionis
588 4879 869 4950 mysterio
904 4895 1140 4935 crucem
1164 4880 1529 4935 Dominicam
1559 4881 1706 4935 ado-

110 4966 394 5021 raret-vidit
439 4969 738 5023 diabolum
786 4984 968 5038 prope
1005 4968 1318 5024 assistere.
1353 4970 1707 5039 Respiciens

108 5053 255 5106 autem
279 5070 345 5109 ex
387 5057 659 5121 adverso,
698 5056 968 5112 sollicitis
999 5057 1381 5129 perquirebat
1408 5058 1620 5123 oculis,
1655 5059 1710 5112 si

111 5132 222 5192 forte
243 5147 595 5211 protectores
636 5160 802 5213 suos,
855 5161 1006 5217 quos
1038 5148 1207 5200 antea
1253 5146 1501 5215 viderat,
1534 5147 1709 5201 etiam

113 5237 228 5280 nunc
241 5230 476 5288 videret:
497 5248 608 5287 nec
629 5233 795 5302 prius
817 5234 1187 5289 salutiferum
1208 5235 1405 5290 crucis
1427 5235 1709 5290 vexillum

115 5308 168 5363 ab
198 5314 310 5386 ejus
346 5321 616 5377 manibus
645 5321 900 5377 avellere
928 5327 1262 5393 potuerunt,
1296 5340 1471 5395 quam
1502 5325 1709 5379 beatos

113 5402 332 5463 Patronos
351 5424 491 5464 suos
512 5410 585 5464 ad
602 5411 695 5464 sui
714 5410 1040 5465 custodiam
1073 5412 1313 5467 venisse
1336 5413 1706 5484 gloriaretur.

114 5486 319 5547 Quorum
354 5498 615 5554 conﬁsus
645 5502 982 5569 praesentia,
1016 5500 1089 5555 ad
1123 5502 1422 5556 diabolum
1455 5517 1709 5557 conver—

120 5588 223 5632 sus:
257 5604 277 5627 ιι
306 5583 403 5650 En,
435 5588 640 5658 inquit,
672 5592 914 5643 cruenta
956 5589 1166 5658 bestia,
1200 5592 1571 5660 protectores
1601 5591 1708 5644 ha-

120 5660 196 5716 beo
213 5676 390 5727 contra
421 5682 493 5730 te.
516 5676 697 5732 Adest
720 5677 1008 5732 Martinus
1042 5679 1436 5750 signipotens,
1469 5680 1635 5734 adest
1656 5684 1707 5735 et

741 338 849 401 DE
881 335 1159 399 REBUS
1193 335 1486 396 GESTIS
1521 335 1605 398 IN
1647 334 1961 399 MAJORI
1998 337 2349 402 MONAST
2379 340 2585 404 S/EC.
2633 346 2747 408 XI.

3349 346 3471 410 414

1808 534 2365 608 PaterBenedictus,
2381 554 2499 594 non
2520 540 2695 595 timeo
2717 542 2858 612 quid
2884 542 3057 597 faciat
3078 544 3216 598 mihi
3238 544 3470 600 homo.»

1808 624 1917 677 His
1966 626 2139 680 dictis
2186 627 2246 680 in
2297 632 2635 684 sanctorum
2677 632 2775 701 qui
2807 631 3165 686 advenerant
3197 633 3473 687 manibus

1806 713 1969 767 vultu
2025 716 2205 769 alacri
2256 717 2507 770 animam
2557 719 2883 789 expiravit,
2937 721 3143 790 sicque
3191 720 3473 775 divinitus

1806 805 2112 858 ostensum
2136 807 2228 858 est
2246 808 2460 875 quanta
2485 807 2563 859 sit
2591 807 2747 876 apud
2766 808 2951 861 Deum
2976 808 3286 862 multorum
3310 810 3475 864 inno-

1805 890 2014 959 centia,
2060 892 2211 961 apud
2259 908 2435 964 quem
2466 896 2621 948 tanta
2655 899 2747 949 est
2777 899 3159 965 peccatorum
3190 898 3477 965 paeniten-

1807 979 1904 1034 tia.

1875 1065 1961 1121 19.
1984 1067 2163 1122 Fulco
2196 1084 2457 1137 comnes,
2493 1072 2683 1126 iturus
2727 1073 3217 1144 Hierosolymam,
3258 1072 3475 1128 infesto

1805 1157 2188 1211 Pentecostes
2236 1160 2393 1213 venit
2436 1160 2727 1228 Turonos,
2778 1164 2839 1214 ut
2890 1162 2942 1214 ei
2983 1162 3475 1231 archiepiscopus

1806 1260 1996 1300 sacrae
2028 1247 2224 1301 crucis
2254 1247 2493 1318 signum
2512 1265 2616 1319 pro
2649 1264 2812 1305 more
2840 1252 3017 1306 tantae
3042 1250 3476 1321 peregrinatio-

1807 1334 1900 1387 nis
1921 1334 2263 1404 imponeret.
2283 1335 2407 1400 Quo
2424 1337 2598 1407 facto,
2620 1353 2751 1393 cum
2766 1342 2902 1408 post
2924 1340 3244 1393 missarum
3264 1338 3476 1393 solem-

1806 1422 1900 1476 nia
1932 1424 2361 1479 commilitones
2391 1429 2448 1479 et
2475 1427 2796 1496 participes
2828 1442 3056 1481 mensae
3078 1443 3205 1482 sum
3227 1429 3475 1497 prmsto-

1804 1511 2041 1579 laretur,
2067 1512 2137 1566 ad
2164 1512 2459 1568 fenestras
2479 1514 2650 1585 aulae,
2672 1530 2804 1585 quae
2826 1515 3024 1586 Majus
3048 1514 3475 1569 Monasterium

1805 1600 2223 1671 respiciebant,
2259 1617 2392 1656 cum
2423 1602 2658 1657 duobus
2688 1603 3055 1675 presbyteris
3074 1619 3214 1658 sese
3236 1602 3470 1657 comita-

1806 1689 1953 1743 turis
1973 1688 2183 1757 stabat,
2209 1691 2412 1745 nescio
2429 1691 2569 1762 quid
2586 1694 2883 1746 secretum
2902 1707 3009 1744 con
3020 1691 3310 1757 fabulans,
3337 1704 3475 1745 cum

1805 1792 1944 1831 ecce
1973 1779 2304 1848 respiciens
2336 1780 2493 1834 videt
2522 1780 2768 1851 primam
2813 1779 2878 1853 [ἦ
2918 1778 3176 1852 pinnam]
3221 1778 3475 1850 Majoris

1806 1865 2147 1922 Monasterii
2205 1868 2455 1922 flammis
2507 1869 2705 1923 nimiis
2763 1870 2839 1925 ita
2886 1883 3240 1923 succensam
3288 1883 3357 1922 ac
3420 1867 3478 1921 si

1808 1954 2071 2009 funditus
2103 1956 2567 2011 combureretur.
2602 1957 2726 2023 Quo
2762 1958 2900 2012 visu
2930 1958 3287 2012 exterritus:
3330 1977 3352 2003 α
3387 1955 3476 2009 En

1808 2042 2012 2113 inquit,
2058 2044 2253 2115 Majus
2305 2045 2726 2100 Monasterium
2760 2047 3035 2101 incendio
3069 2047 3478 2099 concrematur

1806 2130 2054 2199 Videtis,
2089 2133 2185 2200 ait,
2213 2134 2406 2203 qualis
2436 2132 2666 2188 flamma
2690 2134 2816 2204 jam
2837 2136 2898 2189 in
2929 2134 3342 2204 superioribus
3374 2133 3476 2186 do-

1806 2219 2101 2275 minatur?
2136 2244 2157 2268 ιο
2204 2221 2485 2277 νὶάθηῖθε
2536 2223 2869 2293 presbyteri
2912 2222 3227 2278 condolent
3254 2220 3477 2291 pariter

1806 2311 1863 2362 et
1912 2309 2217 2363 mirantur.
2269 2310 2394 2364 Nec
2426 2326 2615 2379 mora,
2646 2313 2888 2364 vocatos
2922 2310 2992 2364 de
3025 2309 3309 2363 militibus
3340 2308 3472 2362 suis

1807 2396 2140 2460 nonnullos,
2163 2398 2392 2452 concito
2411 2414 2591 2453 cursu
2605 2398 2774 2469 jubet
2795 2399 2879 2452 ire
2902 2399 3024 2465 illo,
3044 2401 3099 2451 et
3116 2396 3232 2452 sibi
3253 2411 3440 2450 renun
3456 2425 3471 2438 -

1808 2486 1950 2540 tiare
1980 2486 2119 2557 quid
2151 2486 2232 2541 ibi
2264 2486 2457 2541 fuerit.
2494 2487 2783 2541 Ascensis
2812 2488 2985 2557 equis
3014 2486 3097 2539 illi
3130 2488 3467 2555 properant,

1810 2574 2003 2647 Majus
2035 2575 2457 2631 Monasterium
2489 2576 2750 2643 veniunt,
2774 2573 3163 2646 inquiruntde
3184 2573 3343 2644 igne,
3363 2587 3473 2627 nec

1808 2664 1980 2717 etiam
2010 2664 2365 2719 mentionem
2394 2664 2712 2735 reperiunt.
2744 2662 2958 2719 Comes
2990 2663 3126 2717 illos
3157 2661 3473 2732 praestola-

1808 2755 1923 2807 tur.
1965 2751 2192 2817 Quibus
2225 2754 2549 2825 regressis,
2584 2753 2848 2825 nihilque
2880 2753 2993 2807 tale
3024 2767 3091 2807 se
3122 2753 3215 2806 vel
3246 2751 3475 2806 vidisse

1807 2842 2302 2911 renuntiantibus,
2348 2842 2639 2897 sollicitus
2690 2857 2894 2897 comes
2942 2857 3076 2897 cum
3105 2840 3475 2911 presbyteris

1809 2931 2059 2989 suis.de
2115 2932 2345 2985 visione
2389 2932 2691 2986 tractabat.
2743 2932 2851 2985 t,‘.ui
2901 2946 3056 2985 unus
3103 2944 3307 2984 eorum
3346 2927 3472 2982 ait:

1811 3041 1833 3065 σι
1871 3020 2135 3085 Domine,
2170 3020 2346 3089 digna
2378 3020 2525 3073 satis
2558 3019 2708 3074 visio
2739 3034 2844 3089 pro
2862 3018 3100 3089 negotio
3122 3016 3277 3088 quod
3298 3014 3474 3084 coepi-

1805 3108 1936 3175 stis,
1977 3123 2083 3176 pro
2114 3108 2481 3161 solemnitate
2515 3108 2814 3176 praesenti,
2841 3122 2946 3176 pro
2982 3106 3094 3160 loci
3126 3102 3463 3159 reverentia

1807 3198 1865 3250 in
1897 3212 2012 3265 quo
2043 3196 2310 3265 apparuit
2338 3196 2529 3263 vobis,
2577 3196 2860 3249 divinitus
2891 3196 3133 3248 ostensa
3169 3196 3280 3247 est.
3324 3191 3475 3244 Nam

1808 3290 1864 3339 et
1880 3301 2006 3352 vos,
2023 3284 2242 3354 Spiritu
2258 3289 2466 3338 sancto
2488 3284 2832 3353 inspirante,
2852 3282 3219 3337 Dominicum
3233 3280 3475 3351 signum

1809 3374 1980 3428 vobis
2029 3374 2204 3428 hodie
2249 3374 2640 3442 imposuistis,
2675 3376 2731 3426 et
2775 3373 2903 3441 ipse
2951 3371 3196 3441 spiritus
3228 3371 3475 3423 sanctus

1811 3462 2094 3517 hodierna
2124 3463 2215 3517 die
2249 3478 2432 3532 super
2463 3461 2765 3531 apostolos
2799 3462 2860 3516 in
2889 3461 3026 3532 igne
3057 3457 3386 3524 descendit,
3417 3459 3478 3511 et

1808 3552 1976 3605 locus
2010 3551 2257 3622 Majoris
2288 3551 2629 3605 Monasterii
2660 3550 2880 3622 dignus
2912 3554 3004 3604 est
3033 3548 3091 3601 in
3122 3563 3237 3619 quo
3270 3561 3337 3601 se
3369 3546 3476 3600 de-

1810 3641 2094 3693 monstret
2111 3639 2494 3705 descendere,
2516 3653 2691 3709 quem
2711 3640 2906 3692 lantus
2927 3640 3253 3692 conventus
3267 3633 3475 3689 eodem

1809 3727 2028 3795 Spiritu
2060 3727 2454 3782 inﬂammatus
2485 3726 2799 3781 cohabitat.
2836 3749 2857 3773 »ι
2911 3724 3138 3779 Placuit
3178 3723 3304 3777 viro
3337 3722 3476 3775 illu-

1813 3816 1920 3869 stri
1942 3816 2119 3887 digna
2140 3815 2337 3887 dignae
2360 3816 2611 3870 visionis
2635 3816 3057 3885 interpretatio,
3084 3827 3191 3867 nec
3214 3813 3476 3866 moratus

1814 3903 1871 3955 in
1919 3903 2177 3958 crastino
2221 3918 2288 3957 eo
2336 3903 2511 3970 venit,
2565 3903 2855 3957 visionem
2897 3900 3213 3955 conventui
3268 3897 3470 3968 refert,

1815 3991 2053 4045 fratrem
2085 4006 2152 4045 se
2192 3994 2249 4045 et
2288 3991 2633 4060 participem
2663 3989 2938 4044 beneﬁcii
2983 3992 3153 4059 rogat
3181 3987 3358 4055 effici,
3384 3985 3476 4055 ip-

1816 4095 2066 4149 sumque
2096 4080 2288 4134 locum
2318 4083 2374 4133 et
2403 4078 2538 4149 ejus
2568 4079 2794 4133 incolas
2831 4077 3123 4148 condigna
3146 4074 3475 4130 reverentia

1815 4168 2096 4237 deinceps
2119 4167 2340 4221 habuit.

1893 4256 1979 4310 13.
2040 4256 2214 4310 Aeris
2261 4255 2525 4309 siccitate
2573 4258 2745 4309 terrae
2802 4253 3085 4307 sterilitas
3116 4250 3473 4318 imminebat,

1815 4360 2248 4415 corporumque
2294 4343 2663 4414 inaequalitas
2719 4344 2946 4413 pestem
2990 4339 3173 4394 rebus
3223 4338 3478 4392 minatur

1814 4433 2109 4487 humanis.
2126 4433 2465 4486 Conventus
2480 4431 2660 4503 igitur
2682 4429 2930 4500 majoris
2949 4426 3310 4495 Monasterii,
3335 4425 3475 4479 nudi

1811 4522 1997 4593 pedes
2055 4519 2390 4575 deferentes
2445 4520 2695 4591 pignora
2752 4520 3114 4586 sanctorum,
3175 4515 3246 4570 ad
3285 4519 3476 4569 tumu-

1816 4612 1934 4665 lum
1978 4610 2135 4665 beati
2178 4607 2406 4663 Martini
2447 4609 2893 4678 processionem
2924 4607 3050 4677 ’pro
3082 4604 3248 4660 clade
3279 4603 3473 4657 immi-

1815 4700 1973 4754 nenti
2004 4699 2291 4767 fecerunt,
2349 4697 2549 4769 ibique
2596 4697 2891 4752 celebrata
2938 4697 3144 4764 missa,
3188 4708 3321 4747 cum
3347 4690 3474 4762 jam

1812 4790 2048 4861 regredi
2065 4788 2301 4853 vellent,
2328 4802 2544 4858 corpus
2562 4787 2718 4841 beati
2747 4785 3065 4853 Corentini,
3090 4782 3245 4855 quod
3269 4794 3475 4835 secum

1815 4877 2162 4945 detulerant,
2178 4876 2677 4944 volenteslevare,
2698 4889 2936 4929 movere
2951 4872 3182 4943 penitus
3201 4868 3481 4940 nequive-

1816 4969 1968 5019 runt.
2004 4966 2377 5020 Attentabaut
2405 4963 2663 5033 plurimi,
2699 4963 2805 5017 sed
2836 4962 3004 5016 labor
3025 4974 3240 5014 cassus
3258 4956 3477 5011 nihilo-

1817 5055 2012 5109 minus
2041 5053 2456 5108 frustrabatur.
2489 5052 2637 5107 Tum
2685 5066 2905 5105 maeror
2934 5051 3148 5121 ingens
3180 5049 3238 5102 et
3278 5048 3476 5101 luctus

1817 5143 2097 5212 omnium,
2129 5141 2343 5212 quippe
2373 5141 2470 5212 qui
2503 5139 2790 5195 beneficia
2821 5137 3063 5207 potituri
3093 5136 3473 5202 advenerant,

1816 5231 2028 5286 damno
2075 5229 2443 5301 irreparabili
2482 5228 2893 5283 multabantur.
2926 5225 3072 5281 Cum
3104 5239 3244 5280 ecce
3274 5223 3480 5277 senior

1817 5319 2054 5391 quidam
2087 5318 2550 5374 Hilidebrandus
2580 5316 2836 5384 nomine,
2878 5314 3094 5369 baculo
3124 5327 3299 5385 quem
3328 5302 3476 5366 dex-

1815 5410 1905 5463 tra
1935 5407 2224 5480 gestabat,
2258 5407 2537 5461 feretrum
2571 5404 2931 5474 percutiens,
2967 5403 3047 5457 ait
3077 5403 3146 5456 ad
3174 5404 3474 5455 sanctum:

1822 5525 1843 5546 ιι
1867 5498 1970 5552 Eia
1984 5496 2351 5565 Brito,Brito,
2373 5495 2645 5551 novimus
2659 5497 2818 5548 certe
2832 5492 3244 5547 Britannorum
3259 5504 3476 5559 super-

1816 5588 1993 5655 biam,
2032 5591 2088 5641 et
2135 5602 2207 5641 en
2239 5584 2436 5651 credo,
2472 5583 2698 5638 Martini
2737 5585 2793 5635 et
2824 5580 3001 5636 Bricii
3032 5581 3265 5635 tumbas
3296 5593 3478 5633 mmu-

1819 5677 1961 5731 laris
1992 5690 2226 5745 aureas,
2260 5688 2330 5733 eo
2361 5672 2517 5745 quod
2551 5675 2644 5727 tua
2686 5671 2821 5725 vilis
2852 5673 2910 5725 et
2946 5670 3141 5743 lignea
3173 5668 3269 5721 sit.
3306 5666 3475 5721 Nunc
