3978 6178
460 335 581 400 415

1398 330 1845 394 APPENDIX
1889 329 2003 391 AD
2052 328 2126 389 B.
2180 326 2960 390 BARTHOLOMIEUM.

3779 329 3885 391 416

460 534 641 606 igitur
669 548 924 588 securus
954 531 1264 586 nobiscum
1297 533 1613 597 revertere,
1647 534 1703 584 ct
1731 530 1806 596 te,
1839 528 1992 582 sicut
2023 528 2124 581 isti
2155 507 2214 569 Α
2243 524 2505 580 ferentes
2535 530 2768 581 centum
2811 527 3199 598 quadraginta
3229 527 3486 595 alausas,
3534 545 3689 599 quas
3737 544 3883 583 eme-

466 627 622 689 sunt,
661 638 804 677 auro
836 622 1180 676 vestiemus.
1219 642 1240 667 η
1297 620 1405 673 His
1445 620 1638 687 dictis,
1672 618 1743 671 ad
1774 617 2010 688 bajulos
2044 617 2125 670 fe-

463 711 607 766 retri
661 724 1027 764 conversus:
1095 732 1115 755 ιι
1169 708 1519 778 Supponite,
1572 708 1786 777 inquit,
1846 707 2126 760 humeros

466 800 650 868 oneri,
686 800 745 851 in
775 798 1008 852 nomine
1039 797 1271 850 Domini
1294 796 1437 850 nihil
1463 796 1826 851 haesitantes.
1856 818 1876 842 ιι
1902 794 2128 858 Quibus

455 886 635 958 jussu
664 887 1121 953 facessentibus,
1173 886 1231 938 in
1280 901 1509 939 summa
1558 885 1831 938 facilitate
1863 886 2130 936 sanctum

465 976 828 1042 levaverunt,
862 974 1294 1044 antiphonaque
1327 974 1619 1042 imposita,
1654 975 1787 1042 post
1819 985 2129 1025 mmrorem

468 1064 667 1122 laetitia
697 1064 924 1132 perfusi
954 1063 1025 1115 ad
1054 1062 1293 1131 propria
1329 1061 1648 1117 redierunt.

546 1154 629 1208 l4.
662 1153 876 1206 Laicus
909 1151 968 1205 in
989 1151 1195 1205 eodem
1215 1150 1483 1205 cmnobio
1508 1164 1840 1204 conversus
1867 1149 2130 1217 psalmos

468 1241 763 1309 addidicit,
795 1245 853 1296 et
899 1255 1003 1308 per
1046 1254 1233 1299 annos
1281 1238 1709 1309 quinquaginta
1740 1237 1797 1290 in
1840 1238 1970 1306 ipso
2003 1252 2129 1290 mo-

468 1330 727 1386 nasterio
760 1329 1038 1400 religiose
1071 1331 1461 1381 conversatus
1510 1342 1806 1396 nunquam
1845 1326 1915 1379 ad
1949 1325 2130 1378 cellas

469 1418 797 1474 exteriores
829 1420 995 1471 exire
1024 1417 1095 1470 ad
1129 1416 1480 1469 manendum
1510 1414 1709 1469 voluit.
1752 1414 1994 1469 Jacebat
2024 1430 2129 1466 au-

467 1510 586 1562 tem
617 1508 675 1561 in
711 1506 965 1561 ecclesia
995 1504 1302 1559 luminaria
1345 1504 1728 1568 concinnans,
1765 1516 2131 1570 verrensque

468 1595 820 1666 pavimenta,
881 1594 1136 1663 parietes
1192 1597 1531 1664 extet-gens,
1584 1597 1640 1645 et
1677 1592 2130 1662 quibuscumque

470 1683 695 1738 sanctis
752 1682 1096 1737 ministeriis
1155 1684 1418 1751 poterat,
1479 1680 1725 1734 sedulus
1782 1678 2126 1733 insistebat:

467 1772 812 1842 psalterium
867 1788 942 1825 ex
988 1770 1191 1824 ordine
1248 1769 1506 1840 quotidie
1565 1768 1930 1833 decantabat,
1996 1769 2130 1836 post

2237 618 2369 667 rant
2396 614 2467 667 ad
2499 630 2648 684 opus
2673 614 3012 669 refectionis
3033 612 3297 683 fratrum,
3322 615 3756 685 tendebantque
3772 633 3889 685 per-

2236 704 2437 757 venire
2451 703 2523 756 ad
2551 703 2663 774 Maj
2675 720 2743 757 us
2760 703 3203 758 Monasterium.
3223 703 3487 775 Cumque
3502 705 3806 759 venissent
3822 707 3885 760 ad

2235 792 2544 862 quemdam
2569 794 2760 845 locum
2776 792 2942 846 valde
2958 792 3483 862 periculosum,ubi
3497 793 3738 863 aliquis,
3776 809 3884 863 pro-

2236 884 2364 949 pter
2411 881 2687 935 exclusas
2742 886 2799 935 et
2843 881 3196 951 molendina,
3258 896 3390 951 qua)
3445 882 3591 935 inibi
3648 882 3882 952 amplius

2233 968 2550 1038 abundant,
2600 969 2703 1022 vix
2745 969 2975 1024 illaesus
3013 969 3125 1023 iter
3168 985 3344 1023 suum
3389 970 3580 1024 valeat
3609 985 3880 1040 peragere

2232 1060 2441 1123 tutum;
2483 1058 2752 1111 monachi
2785 1058 3043 1127 solliciti,
3079 1073 3260 1111 causa
3292 1058 3508 1112 vitandi
3547 1058 3883 1127 periculum,

2233 1150 2639 1215 praeceperunt
2656 1147 2893 1201 famulis
2911 1146 3040 1201 suis
3056 1150 3115 1200 ut
3138 1148 3196 1201 in
3214 1146 3485 1201 navicula
3503 1151 3885 1213 remanerent,

2234 1240 2290 1288 et
2345 1235 2660 1306 diligenter
2715 1250 2842 1289 eam
2901 1236 3233 1306 gubernare
3280 1238 3600 1289 certarent.
3638 1235 3723 1288 Illi
3757 1250 3888 1288 vero

2235 1324 2590 1392 accipientes
2623 1324 2955 1395 navigalem
2987 1323 3206 1392 funem,
3232 1323 3677 1378 descenderunt
3707 1324 3761 1375 in
3790 1329 3886 1377 ter-

2235 1427 2378 1478 ram,
2413 1416 2474 1465 ut
2505 1412 2695 1465 valide
2728 1412 3027 1467 trahentes
3057 1412 3233 1466 citius
3266 1412 3640 1466 transvolare
3671 1412 3891 1465 naufra-

2235 1501 2396 1571 gium
2437 1504 2699 1569 possent.
2759 1500 2874 1554 Sed
2927 1500 3176 1554 callidus
3225 1500 3438 1568 hostis,
3478 1501 3584 1570 qui
3611 1516 3891 1570 nunquam

2236 1589 2488 1658 quiescit
2538 1589 2813 1642 omnibus
2872 1588 3178 1641 adversari
3228 1588 3426 1656 bonis,
3480 1588 3891 1658 aliquantulum

2241 1678 2606 1746 propositum
2636 1677 2870 1730 illorum
2902 1678 3281 1744 perturbavit,
3309 1680 3640 1730 nontamen
3656 1676 3728 1729 ad
3743 1676 3892 1729 dam-

2241 1781 2380 1818 num
2429 1767 2485 1819 ct
2534 1764 2941 1819 contumeliam
2992 1765 3275 1834 ipsorum,
3330 1765 3436 1818 sed
3485 1765 3556 1818 ad
3592 1764 3819 1818 laudem
3848 1768 3896 1816 ct

469 1859 786 1913 Matutinos
818 1875 1117 1929 nunquam
1173 1858 1353 1928 quieti
1395 1857 1592 1911 lectuli
1623 1856 1982 1927 indulgebat.
2015 1855 2129 1909 Sed
2160 1853 2216 1927 Β
2247 1855 2494 1925 gloriam
2525 1854 2780 1908 nominis
2814 1855 3043 1908 Domini
3073 1858 3264 1907 nostri
3294 1854 3441 1907 Jesu
3481 1853 3729 1908 Christi.
3763 1852 3894 1905 Nam

472 1964 604 2001 cum
662 1947 837 2000 nimia
885 1962 1019 2000 eum
1076 1946 1365 2000 lassitudo
1398 1946 1802 2014 compulisset,
1838 1944 1907 1997 ad
1937 1944 2129 1998 locum

471 2035 686 2105 refugii
738 2036 967 2105 integer
1012 2034 1215 2088 habitu
1255 2037 1592 2089 sanctorum
1623 2034 1963 2087 necessitati
1995 2048 2132 2087 cor-

472 2123 785 2192 pusculum
815 2123 1170 2177 admittebat.
1204 2123 1537 2177 Advenerat
1568 2123 1750 2194 igitur
1798 2122 1950 2175 beati
1984 2121 2132 2174 Mar-

472 2212 579 2266 tini
626 2227 798 2265 sacra
836 2212 1200 2279 solemnitas,
1253 2227 1386 2281 qua,
1429 2211 1686 2282 peractis
1719 2210 2136 2264 Matutinarum

473 2299 797 2370 solemniis,
833 2301 1034 2354 caeteri
1064 2301 1281 2354 fratres
1313 2300 1751 2371 requiei,gratia
1782 2300 1855 2353 ad
1889 2298 2137 2353 lectulos

474 2388 794 2443 redierunt.
847 2388 946 2442 Ille
979 2393 1172 2442 autem
1212 2405 1342 2443 cum
1386 2389 1630 2457 privatis
1680 2388 2045 2443 orationibus
2083 2391 2139 2441 et

475 2493 734 2549 genuum
767 2477 1121 2533 flexionibus
1144 2493 1283 2533 sese
1308 2478 1637 2548 fatigasset,
1663 2478 1734 2530 ad
1758 2480 2140 2531 memoratum

476 2566 695 2637 refugii
725 2566 918 2621 locum
948 2567 1227 2635 secessit;
1260 2582 1513 2637 cumque
1535 2566 1649 2621 levi
1674 2581 1902 2631 somno,
1938 2569 1998 2618 ut
2030 2581 2142 2617 ma-

479 2654 682 2709 tutinis
714 2654 877 2707 horis
908 2654 1034 2708 fieri
1066 2655 1237 2721 solet,
1264 2670 1468 2723 parum
1495 2658 1819 2723 raperetur,
1846 2669 1987 2707 ecce
2009 2653 2139 2706 dum

390 2760 401 2765 ·
475 2756 752 2812 personae
766 2742 1098 2796 venerando
1113 2743 1332 2810 habitu,
1348 2743 1635 2812 praeclara
1652 2742 1800 2795 facie
1819 2742 2136 2811 fulgentes,

480 2844 679 2883 coram
710 2829 879 2883 altari
917 2830 1254 2898 astiterunt;
1295 2831 1555 2899 dixitque
1585 2830 1732 2883 alter
1759 2830 1831 2882 ad
1860 2830 2135 2882 alterum:

484 2940 506 2965 κ
541 2918 806 2972 Domnus
840 2918 1142 2989 gloriosus
1187 2919 1475 2973 Martinus
1504 2918 1676 2971 beato
1707 2917 1844 2971 huic
1870 2917 2001 2970 loco
2034 2932 2140 2985 pro

472 3007 803 3062 reverentia
826 3007 1216 3062 solemnitatis
1248 3008 1428 3078 hujus
1448 3023 1617 3060 suam
1641 3006 1813 3060 hodie
1837 3004 2140 3059 exhibebit

477 3097 873 3167 praesentiam,
925 3097 1161 3151 fratrem
1222 3098 1393 3151 etiam
1444 3098 1618 3151 istum
1667 3096 1767 3166 qui
1810 3110 1919 3147 nos
1958 3093 2136 3158 audit,

477 3186 614 3256 quia
654 3186 709 3239 ei
755 3201 872 3239 non
912 3185 1287 3240 mediocriter
1317 3187 1564 3243 devotus
1599 3184 1841 3251 exstitit,
1881 3183 1974 3236 die
2014 3197 2140 3235 cra-
2170 3205 2223 3271 ο

478 3276 631 3329 stina
663 3275 1029 3345 educijubet
1059 3292 1090 3329 e
1123 3291 1392 3344 corpore.
1428 3273 1507 3327 Ea
1538 3277 1775 3343 propter
1807 3274 1939 3341 ipso
1968 3271 2141 3325 etiam

479 3364 749 3419 audiente
780 3364 908 3418 hinc
939 3381 1014 3418 ex
1062 3364 1348 3418 industria
1382 3364 1611 3433 loquor,
1647 3365 1938 3430 quatenus
1966 3363 2142 3412 tantae

480 3452 858 3507 necessitatis
917 3453 1061 3507 liora
1128 3455 1242 3505 tam
1304 3452 1629 3521 propinqua
1685 3465 1820 3503 eum
1876 3453 2142 3518 paratum

479 3539 753 3593 inveniat.
793 3563 813 3586 υ
870 3540 979 3592 His
1026 3541 1200 3593 dictis
1247 3540 1398 3592 visio
1432 3538 1740 3607 disparuit,
1776 3552 2143 3606 somnusque

476 3630 749 3682 recessit.
780 3628 969 3691 Quare
1003 3629 1098 3681 ille
1129 3628 1322 3681 exitus
1357 3628 1560 3680 horam
1594 3626 1874 3690 ultimam,
1914 3629 2026 3678 tam
2061 3624 2134 3678 de

480 3718 674 3771 vicino
720 3717 1137 3784 imminentem,
1186 3716 1459 3770 sollicitis
1491 3720 1547 3769 et
1578 3714 1981 3768 formidolosis
2015 3728 2144 3765 ora-

481 3806 742 3860 tionibus
800 3808 1122 3874 exspectat.
1201 3805 1368 3859 Mane
1414 3809 1627 3858 autem
1695 3803 1881 3872 facto,
1960 3800 2145 3855 frater

482 3895 677 3948 abbati
733 3910 865 3965 quae
934 3893 1160 3948 viderat
1216 3908 1467 3963 quisque
1522 3892 1784 3946 audierat
1846 3889 2141 3961 suggerit;

480 3982 576 4036 ille
604 3998 746 4037 vero
796 3987 856 4036 ut
898 3982 1192 4036 somnium
1229 3982 1393 4052 parvi
1418 3981 1701 4051 pendens,
1728 3997 1842 4033 non
1871 3978 2145 4032 adhiben-

483 4071 616 4125 dam
647 4072 896 4126 somniis
929 4071 1121 4125 fidem.
1146 4071 1396 4141 Imperat
1416 4073 1609 4125 tamen
1631 4067 2140 4140 superlicentiam,

482 4165 545 4215 ut
576 4161 914 4231 inungatur.
948 4158 1073 4224 Quo
1109 4160 1282 4227 facto,
1321 4160 1643 4214 Dominicis
1676 4162 1851 4215 etiam
1883 4159 2145 4213 munitus

485 4250 806 4320 mysteriis,
841 4264 1025 4303 sanus
1057 4252 1113 4302 et
1142 4248 1456 4303 incolumis
1489 4264 1620 4302 cum
1652 4248 1886 4303 caeteris
1918 4248 1976 4301 in
2008 4264 2145 4301 con-

480 4343 660 4393 ventu
678 4342 976 4404 versatus,
993 4342 1162 4391 nocte
1178 4339 1465 4404 insecuta,
1487 4337 1643 4391 circa
1664 4337 1898 4391 Laudes
1915 4337 2145 4391 viribus

483 4428 754 4496 corporis
810 4427 985 4495 erepit
1029 4431 1269 4495 repente
1318 4427 1576 4491 destitui;
1624 4442 1732 4480 nec
1777 4425 1899 4495 jam
1939 4426 2142 4479 valens

481 4516 834 4583 subsistere,
869 4514 940 4569 ad
971 4530 1179 4568 manus
1203 4516 1260 4568 in
1284 4516 1491 4568 cellam
1512 4514 1878 4567 infirmorum
1913 4513 2147 4566 deduci-

481 4608 597 4660 tur.
645 4603 814 4658 Mane
843 4604 1212 4669 advenien‘e,
1246 4620 1351 4672 pro
1392 4604 1543 4657 bona
1592 4603 1801 4656 iterum
1833 4601 2146 4655 devotione

485 4693 773 4749 Dominici
794 4692 1062 4760 corporis
1077 4694 1133 4744 et
1151 4692 1465 4762 sanguinis
1480 4694 1849 4745 sacramenta
1862 4690 2143 4758 percepit,

485 4782 607 4851 ubi,
643 4797 777 4835 cum
816 4783 952 4850 post
983 4778 1336 4850 sanguinem
1378 4780 1579 4832 vinum
1636 4777 1945 4845 ebibisset,
1996 4777 2150 4831 inter

485 4885 694 4925 manus
741 4884 880 4925 sese
929 4868 1317 4939 bajulantium
1354 4867 1700 4937 exepiravit.
1736 4867 1820 4920 Ita
1858 4866 2148 4920 Martinus

486 4959 547 5013 in
577 4973 685 5012 sua
714 4958 1033 5013 festivitate
1064 4956 1178 5011 sibi
1208 4956 1483 5010 devotum
1505 4954 1851 5025 assumpsit,
1877 4954 1952 5008 ita
1976 4953 2149 5008 Chri-

487 5044 1029 5116 stusipraecedentis
1059 5045 1265 5117 gratia:
1286 5045 1514 5099 donum
1545 5044 1932 5114 subsequenti
1963 5042 2152 5114 gloria
2180 5112 2190 5122 .

488 5134 903 5188 remuneravit.
939 5134 1146 5189 Amen.

563 5218 649 5275 15.
703 5223 977 5278 Dicamus
1027 5224 1199 5278 etiam
1249 5222 1543 5295 quoddam
1598 5221 1947 5276 miraculum
1997 5221 2153 5292 quod

491 5309 719 5364 nostris
780 5312 1184 5382 temporibus,
1248 5313 1446 5367 divina
1502 5314 1781 5381 operante
1848 5311 2155 5365 clementia

490 5397 766 5453 evenisse
814 5415 932 5453 non
975 5400 1330 5455 dubitamus.
1366 5402 1494 5455 Duo
1544 5415 1619 5454 ex
1648 5399 1954 5454 monachis
1985 5399 2151 5453 Beati

491 5486 722 5540 Martini
755 5486 1002 5558 Majoris
1031 5488 1394 5559 Monasterii,
1418 5490 1711 5544 Junianus
1743 5487 2029 5542 sacerdos
2050 5485 2158 5541 Ca-

492 5574 845 5645 lumnensis,
896 5579 952 5630 et
996 5576 1343 5647 Burgardus
1388 5578 1750 5647 prmpositus
1800 5574 2154 5644 Litinensis,

495 5665 802 5720 venientes
850 5663 921 5718 de
947 5662 1316 5736 {obedientiis
1362 5666 1491 5720 suis
1544 5664 1801 5736 navigio,
1838 5678 2158 5733 secumque

2172 4556 2231 4620 D

2247 1959 2376 1996 cum
2411 1943 2609 1996 famuli
2642 1948 2801 1996 recto
2832 1944 3124 2013 regimine
3157 1943 3459 1996 sulcantes
3486 1943 3679 1995 undas
3711 1942 3895 1995 elabo-

2244 2031 2656 2099 rassentillam
2675 2035 2986 2101 augustam
3012 2032 3265 2085 transire
3291 2035 3537 2101 portam,
3567 2034 3625 2084 et
3644 2028 3896 2083 monachi

2241 2122 2592 2190 peragentes
2614 2120 2783 2190 juxta
2806 2120 2968 2173 littus
3000 2120 3154 2173 viam
3171 2135 3337 2173 suam
3359 2123 3608 2174 extenso
3633 2118 3769 2172 fune
3790 2117 3894 2171 for-

2244 2211 2379 2263 titer
2416 2208 2751 2285 naviculam
2779 2224 2945 2262 suam
2997 2209 3349 2276 traxissent,
3393 2208 3668 2261 mirabile
3714 2204 3893 2260 dictul

2248 2314 2383 2352 mox
2412 2298 2583 2368 quasi
2614 2298 2840 2351 incisus
2863 2297 3151 2366 rumpitur
3172 2295 3532 2361 funis.Quod
3546 2295 3896 2365 persentien-

2247 2390 2337 2441 tes
2381 2386 2603 2455 famuli,
2649 2389 2704 2439 et
2748 2390 2992 2438 mortem
3042 2385 3158 2438 sibi
3190 2385 3435 2438 iminere
3478 2384 3770 2448 videntes,
3812 2382 3897 2433 vix

2250 2476 2548 2529 hierentes
2569 2474 2841 2528 manibus
2856 2473 3071 2528 tabulis
3093 2473 3555 2527 molendinorum
3575 2473 3893 2525 evaserunt.

2252 2564 2436 2617 Navis
2468 2564 2683 2634 quippe
2715 2562 2909 2616 statim
2946 2561 3250 2631 mergitur,
3286 2577 3403 2614 non
3434 2564 3497 2613 ut
3522 2575 3679 2631 aqua
3710 2558 3895 2627 imple-

2252 2657 2435 2720 retur,
2456 2654 2611 2706 sicut
2630 2652 2781 2706 solet
2804 2651 2950 2715 fieri;
2977 2650 3105 2717 sed,
3127 2649 3285 2720 quod
3306 2649 3497 2719 magis
3517 2648 3892 2717 periculOsum

2251 2744 2361 2808 est,
2396 2740 2574 2809 puppi
2626 2742 2681 2792 et
2726 2755 2900 2806 prora
2930 2739 3209 2792 deorsum
3245 2736 3553 2791 conversis
3588 2737 3650 2789 in
3680 2739 3892 2799 terram,

2253 2829 2532 2896 resupina
2563 2827 2735 2896 coepit
2756 2828 3039 2880 fluctuare
3064 2827 3122 2878 in
3142 2827 3339 2880 undis.
3366 2825 3582 2896 Magna
3599 2839 3745 2879 voce
3765 2823 3897 2875 inter

2251 2917 2380 2970 haec
2410 2916 2800 2970 clamantibus
2833 2915 3139 2969 monachis
3168 2930 3179 2969 :
3206 2936 3227 2963 α
3255 2914 3486 2967 Obeate
3520 2915 3695 2968 Pater
3716 2913 3894 2965 sancte

2252 3005 2516 3070 Martiae,
2576 3006 2801 3058 sanctis
2853 3004 3134 3073 precibus
3196 3007 3252 3056 et
3306 3002 3532 3056 meritis
3586 3002 3705 3055 tuis
3752 2999 3895 3052 salva

2248 3093 2449 3163 pisces
2480 3095 2533 3147 in
2585 3094 2680 3146 illa
2724 3109 2857 3147 naVi
2874 3108 3025 3162 quos
3062 3091 3399 3145 ferebamus
3432 3090 3657 3145 nostris
3692 3089 3822 3142 ﬁliis
3846 3090 3893 3138 et

2252 3184 2449 3236 servis
2486 3183 2619 3236 tuis.
2648 3204 2668 3229 υ
2702 3182 3023 3251 Postquam
3044 3195 3187 3250 ergo
3222 3180 3489 3233 navicula
3520 3179 3623 3231 diu
3653 3178 3726 3231 ab
3746 3175 3896 3230 undis

2252 3271 2510 3324 fluminis
2577 3270 2822 3339 depulsa
2896 3269 3199 3336 natitavit,
3263 3267 3536 3321 monachi
3598 3270 3655 3320 et
3720 3262 3897 3319 famuli

2252 3376 2371 3413 non
2402 3360 2717 3413 credentes
2746 3373 2937 3427 neque
2969 3360 3279 3425 sperantes
3302 3356 3625 3425 quidquam
3657 3353 3896 3409 funditus

2252 3448 2616 3506 remansisse
2647 3448 2706 3500 in
2737 3462 2828 3514 ea,
2888 3445 3121 3499 tandem
3156 3460 3369 3515 magno
3399 3460 3528 3497 cum
3562 3443 3761 3497 labore
3789 3456 3898 3510 per-

2250 3539 2557 3590 traxerunt
2610 3536 2683 3588 ad
2742 3538 2979 3587 terram.
3045 3535 3308 3602 (tumque
3369 3535 3804 3586 convertissent
3853 3532 3897 3581 et

2252 3626 2586 3678 erexissent
2616 3623 2854 3692 puppim
2877 3638 3138 3689 sursum,
3164 3637 3296 3690 qua)
3318 3621 3418 3673 diu
3442 3622 3723 3688 resupina
3754 3620 3896 3672 nata-

2252 3717 2435 3779 verat,
2469 3713 2740 3765 viderunt
2770 3712 2969 3780 pisces
3002 3726 3150 3764 suos
3194 3710 3468 3763 immotos
3515 3712 3571 3761 et
3609 3710 3823 3771 salvos,
3853 3708 3897 3756 et

2253 3802 2329 3854 ita
2361 3801 2671 3855 ordinatim
2695 3801 2851 3853 sicut
2873 3799 3309 3853 collocaverant
3328 3797 3579 3866 positos,
3608 3796 3898 3862 nullusque

2253 3890 2485 3944 illorum
2518 3890 2779 3943 omnium
2810 3904 2962 3958 quos
2995 3886 3280 3940 fratribus
3311 3885 3557 3955 Majoris
3582 3880 3897 3937 Monasterii

2254 3978 2710 4039 destinaverant,
2735 3979 2794 4030 in
2817 3993 2967 4046 aqua
2998 3975 3368 4045 periclitavit.
3395 3974 3665 4045 Triginta
3685 3970 3896 4042 quidem

2253 4065 2453 4135 pisces
2484 4080 2635 4135 quos
2677 4065 2990 4134 separatim
3022 4066 3361 4133 posuerant,
3402 4066 3458 4115 ut
3497 4062 3828 4131 captoribus
3854 4060 3899 4109 et

2254 4152 2597 4223 hujusmodi
2626 4153 2966 4207 hominibus
2990 4152 3365 4222 largirentur,
3394 4150 3472 4203 illi
3498 4145 3896 4204 cecideruntin

2254 4258 2465 4313 aquam
2514 4245 2570 4296 et
2601 4243 2935 4311 perierunt;
2970 4240 3159 4310 spolia
3188 4254 3422 4310 quoque
3461 4239 3808 4293 famulorum
3850 4234 3897 4285 in

2257 4331 2494 4386 flumine
2524 4330 2795 4385 demersa
2826 4333 2984 4397 sunt,
3017 4329 3170 4382 liber
3213 4343 3351 4381 vero
3390 4327 3829 4389 monachorum,
3855 4319 3899 4372 id

2258 4424 2350 4473 est
2404 4419 2794 4487 Breviarium,
2859 4419 2938 4472 ita
2993 4417 3222 4471 illaesus
3284 4415 3610 4485 permansit
3658 4414 3808 4467 sicut
3856 4410 3903 4461 et

2260 4508 2458 4578 pisces
2488 4508 2754 4561 fratrum.
2786 4506 2952 4571 Quod
2996 4505 3266 4559 videntes
3310 4504 3584 4558 monachi
3613 4506 3669 4556 et
3704 4496 3897 4560 famuli,

2260 4600 2314 4651 et
2335 4613 2543 4651 omnes
2575 4597 2673 4667 qui
2705 4595 2967 4663 aderant,
3002 4594 3217 4665 gaudio
3232 4607 3448 4664 magno
3470 4590 3673 4660 repleti
3699 4585 3899 4661 gloriﬁ-

2261 4689 2542 4743 caverunt
2582 4686 2788 4754 Deum,
2835 4683 2937 4753 qui
2968 4697 3266 4751 nunquam
3308 4680 3576 4735 deseruit
3611 4680 3902 4747 Sperantes

2260 4775 2319 4827 in
2334 4789 2420 4844 se,
2454 4774 2556 4845 qui
2576 4788 2694 4828 non
2722 4773 2915 4826 solum
2934 4785 3114 4826 voces
3141 4769 3382 4823 exaudit
3401 4768 3662 4822 fidelium
3676 4775 3899 4821 suorum

2261 4864 2639 4919 clamantium
2668 4862 2740 4915 ad
2771 4875 2858 4928 se,
2892 4875 3098 4913 verum
3115 4859 3289 4914 etiam
3319 4856 3679 4911 desiderium
3703 4858 3759 4910 et
3776 4848 3899 4907 etl‘e-

2263 4956 2420 5007 ctum
2458 4951 2657 5006 cordis
2707 4965 2911 5004 eorum
2963 4948 3117 5002 sicut
3173 4947 3234 5000 in
3278 4945 3532 5016 quodam
3587 4943 3721 4998 loco
3778 4942 3901 4995 Pro-

2260 5042 2434 5112 pheta
2465 5041 2743 5094 testatur:
2797 5059 2817 5085 ε
2870 5034 3596 5105 Desiderium'pauperum
3628 5024 3902 5086 exaudivit

2266 5129 2572 5196 Dominus,
2603 5125 3066 5197 praeparationes
3098 5123 3295 5178 cordis
3336 5137 3543 5177 eorum
3570 5119 3792 5175 audivit
3817 5129 3902 5167 au-

2264 5220 2348 5273 ris
2381 5222 2496 5272 tua.
2537 5240 2558 5265 ι»

2334 5306 2422 5361 16.
2454 5305 2598 5370 Quia
2630 5304 2785 5358 sicut
2813 5303 3116 5371 Scriptura
3145 5299 3319 5354 dicit:
3363 5321 3383 5345 ιι
3420 5298 3725 5353 Secretum
3764 5290 3901 5361 regis

2264 5394 2633 5449 abscondere
2678 5393 2896 5446 bonum
2934 5393 3045 5455 est,
3086 5404 3263 5458 opera
3301 5391 3494 5442 autem
3543 5386 3649 5439 Dei
3680 5379 3901 5438 manife-

2268 5487 2426 5539 stare
2465 5486 2642 5553 atque
2672 5479 2938 5536 confiteri
2969 5477 3360 5533 honorificum
3392 5479 3506 5544 est;
3545 5498 3566 5522 υ
3619 5473 3758 5528 utile
3786 5480 3902 5525 esse

2269 5571 2662 5643 cognovimus
2691 5567 3004 5640 quamdam
3023 5566 3317 5620 visionem
3343 5563 3565 5633 scripto
3596 5561 3900 5643 relinquere

2268 5641 2529 5731 posteris
2578 5658 2824 5730 nostris,
2873 5672 3048 5727 quam
3097 5654 3294 5709 divina
3350 5650 3661 5707 clementia
3706 5641 3899 5704 nostris
