4008 6172
158 342 253 405 417

940 335 1049 395 DE
1089 335 1370 398 REBUS
1415 335 1498 394 IN
1548 334 1859 396 MAJORI
1904 332 2275 394 MONAST.
2323 333 2526 394 SEC.
2573 333 2681 394 ΧΙ.

3406 336 3525 399 418

156 535 458 605 temporibus
486 532 633 602 apud
666 531 859 602 Majus
906 532 1329 586 Monasierium
1362 532 1626 586 revelare
1657 531 1747 584 di-
1778 512 1834 572 Α
1863 531 1934 585 de
1959 546 2050 585 mo
2071 530 2301 584 fueritis
2334 530 2713 598 solliciti,sed
2733 537 2931 601 parate
2954 535 3152 589 nobis-
3176 558 3196 582 »
3216 534 3383 589 Mane
3406 535 3521 606 igi-

156 629 295 694 gnata
332 625 429 674 est.
458 620 752 684 Quondam
801 620 956 673 enim
996 620 1230 690 quidam
1266 620 1591 674 monachus
1625 620 1749 673 Ma-

148 711 272 782 joris
298 709 635 769 Monasterii.
658 708 749 761 vir
772 709 906 762 boni
938 698 1460 777 testimonii,0ddo
1492 709 1746 774 nomine,

154 798 456 869 prepositus
492 796 561 850 de
602 796 812 850 Sancta
858 796 1096 850 Gemma
1120 839 1133 863 ,
1178 814 1310 850 cum
1342 797 1751 866 persensisset

155 889 197 939 in
220 886 328 939 loco
354 884 689 938 obedientize
721 901 849 938 suae
882 900 948 938 se
981 885 1209 939 mortali
1237 885 1567 938 infirmitatc
1601 900 1749 937 eor-

152 979 351 1042 reptum,
397 974 739 1042 quantocius
788 974 859 1026 ad
908 972 1103 1042 Majus
1160 973 1584 1028 Monasterium
1630 973 1748 1025 de-

147 1062 256 1115 ferri
272 1061 544 1130 praecepit.
563 1060 827 1131 Cumque
846 1062 902 1114 in
928 1062 1100 1115 domo
1120 1062 1485 1115 infirmorum
1502 1062 1747 1129 fratrum

147 1150 327 1219 positus
353 1153 525 1216 esset,
561 1149 985 1218 aliquantulum
1017 1151 1075 1203 in
1108 1150 1440 1203 infirmitate
1475 1166 1580 1202 sua
1613 1165 1748 1203 exa-

150 1238 376 1301 minatus,
405 1236 473 1289 ad
513 1235 780 1289 ultimum
812 1237 1110 1291 universae
1142 1238 1337 1291 carnis
1376 1238 1528 1290 viam
1575 1239 1751 1307 ccepit

144 1325 343 1395 ingredi.
372 1324 489 1379 Hoc
522 1329 717 1379 autem
749 1326 986 1396 cognito
1018 1342 1050 1378 a
1084 1327 1298 1394 priore,
1332 1326 1453 1395 qui,
1481 1324 1603 1396 jam
1634 1327 1748 1379 ad-

147 1417 505 1483 vesperacente
558 1414 673 1481 die,
718 1414 908 1484 gratia
953 1414 1362 1482 perscrutandi
1412 1415 1747 1483 qualitatem

142 1517 237 1555 suae
268 1501 605 1555 infirmitatis
646 1501 805 1554 illum
837 1502 1208 1568 visitaverat,
1262 1502 1425 1555 finito
1476 1502 1749 1570 Comple-

141 1592 254 1644 torio
276 1589 621 1660 significavit
645 1589 834 1644 tribus
856 1590 1143 1643 fratribus
1176 1594 1236 1643 ut
1262 1590 1334 1643 ad
1366 1590 1527 1643 illum
1552 1593 1746 1644 custo-

141 1677 387 1745 diendum,
418 1678 575 1731 sicut
598 1692 726 1730 mos
749 1680 840 1730 est
862 1677 998 1730 ilius
1022 1678 1313 1746 ecclesiae,
1335 1683 1649 1748 postquam
1672 1680 1747 1732 ita

142 1768 184 1817 fit
204 1766 472 1833 proximus
502 1764 703 1831 morti,
728 1765 1017 1832 venirent,
1039 1770 1095 1819 et
1116 1768 1292 1820 totam
1327 1770 1556 1819 noctem
1590 1767 1743 1820 circa

1864 623 1960 672 tur
1978 619 2151 687 facto,
2170 618 2422 672 induens
2447 635 2512 672 sc
2545 620 2637 673 vir
2666 621 2880 673 nobilis
2908 622 3218 691 cujusdam
3248 623 3406 677 servi
3428 623 3523 677 sui

1862 707 2064 761 habitu
2087 707 2279 760 viliori
2299 708 2367 760 ad
2401 707 2595 777 Majus
2620 708 3037 762 Monasterium
3068 710 3243 777 venit,
3264 698 3521 779 reperto-

1863 811 1975 865 que
2008 795 2219 849 abbate
2242 796 2554 849 Guillelmo
2576 794 2653 865 (3)
2683 797 2932 865 procidit
2962 798 3032 849 ad
3064 799 3248 866 pedes
3279 799 3432 868 ejus,
3467 804 3524 854 et

1864 900 1969 951 pro
1988 899 2186 937 amore
2209 883 2428 937 Christi
2459 888 2516 937 et
2546 885 2700 937 beati
2725 885 2953 939 Martini
2978 887 3386 940 monachatum
3407 888 3523 940 sibi

1863 973 2104 1025 concedi
2139 975 2369 1025 exorat:
2397 972 2572 1043 cujus
2604 972 2882 1026 humilem
2915 974 3522 1049 supplicomquelpeti-

1860 1062 2076 1115 tionem
2110 1061 2204 1128 pio
2237 1061 2424 1113 abbas
2444 1061 2997 1129 attendensintuitu,
3020 1063 3274 1133 benigne
3308 1077 3523 1116 conce-

1858 1150 1939 1202 dit
1963 1148 2116 1218 qnod
2137 1148 2235 1200 ille
2260 1148 2557 1202 humiliter
2578 1152 2867 1218 precatur.
2902 1151 3035 1204 inde
3055 1151 3123 1203 ad
3144 1166 3289 1204 suos
3313 1167 3522 1221 regre-

1860 1236 2035 1301 ditur,
2055 1237 2405 1290 mirantibus
2428 1236 2700 1290 nimirum
2725 1239 2955 1291 cunctis
2971 1240 3265 1307 quomodo
3278 1240 3370 1293 vel
3388 1254 3525 1309 qua-

1859 1325 1994 1378 liter
2011 1324 2067 1377 in
2086 1325 2185 1377 tali
2205 1324 2403 1378 habitu
2428 1326 2854 1393 processisset.
2868 1326 3212 1396 Resumptis
3227 1327 3518 1397 vestibus,

1858 1414 2231 1467 dissimulato
2251 1415 2542 1481 voto,tota
2573 1413 2702 1466 dies
2737 1413 2831 1465 illa
2861 1414 2919 1466 in
2951 1413 3145 1467 [astitie
3171 1416 3385 1485 agitur.
3412 1416 3522 1470 De-

1858 1501 2036 1571 nique
2068 1502 2225 1554 videt
2258 1502 2314 1554 in
2346 1501 2606 1555 crastino
2638 1517 2809 1554 suum
2840 1502 2954 1554 iter
2982 1502 3209 1569 parari,
3246 1504 3419 1573 quasi
3448 1503 3522 1556 ad

1856 1590 2100 1658 patriam
2121 1589 2441 1642 rediturus.
2459 1589 2721 1642 Ducibus
2743 1592 2935 1642 autem
2954 1590 3264 1643 comitatus
3282 1591 3518 1645 mandat

1855 1682 2086 1731 secreto
2112 1683 2190 1743 ut,
2212 1694 2345 1732 cum
2367 1681 2599 1731 ventum
2622 1678 2875 1746 primum
2896 1679 3157 1733 fucritad
3180 1679 3372 1749 Majus
3395 1679 3514 1733 Mo-

1854 1766 2177 1820 nasterium
2208 1767 2507 1819 divertant
2526 1782 2826 1837 gressum.
2844 1766 3042 1837 Itaque
3066 1769 3325 1822 oratione
3347 1768 3513 1838 prius

140 1868 237 1906 eum
262 1854 309 1905 in
335 1853 577 1923 psalmis
596 1854 1037 1907 etorationibus
1056 1854 1473 1923 expenderent.
1510 1854 1745 1907 Fratri-
1777 1866 1828 1927 Β
1856 1855 2174 1922 celebrata,
2209 1870 2274 1909 se
2306 1855 2497 1924 poscit
2529 1854 2597 1907 ad
2632 1855 2900 1908 abbatem
2932 1856 3161 1909 deduci.
3191 1855 3294 1909 Cui
3327 1856 3513 1910 abbas

140 1941 222 1994 bus
248 1942 405 2011 igitur
442 1941 863 1995 obedientibus
909 1942 1039 1995 sine
1082 1958 1241 1995 mora
1292 1943 1466 2012 signo
1505 1943 1742 2011 prioris,

139 2028 423 2083 festinanter
444 2034 736 2084 venerunt
765 2033 823 2082 in
845 2030 1080 2083 domum
1102 2030 1492 2099 infirmorum,
1508 2035 1563 2084 et
1586 2032 1745 2084 circa

136 2116 324 2170 fratrem
345 2117 399 2169 in
426 2119 716 2171 extremis
750 2119 1005 2186 positum
1036 2119 1391 2186 residentes,
1411 2120 1532 2171 fere
1558 2134 1744 2188 usque

136 2205 186 2256 ad
204 2204 417 2258 medium
443 2207 642 2259 noctis
667 2206 721 2258 in
740 2206 985 2276 psalmis
1010 2212 1063 2259 ct
1095 2207 1458 2260 orationibus
1482 2207 1746 2275 perstite-

135 2293 499 2364 runt.Cumque
526 2294 656 2365 jam
688 2294 834 2349 hora
866 2296 1194 2365 propinqua
1218 2299 1383 2348 esset
1406 2296 1461 2347 in
1486 2310 1598 2365 qua
1622 2295 1743 2348 fra-

134 2385 225 2433 tres
241 2380 329 2453 [ut]
346 2383 411 2435 ad
436 2382 758 2436 Matutinos
782 2389 1029 2454 surgant
1049 2383 1350 2437 admoneri
1374 2383 1585 2449 solent,
1604 2399 1743 2437 ecce

138 2483 253 2523 unus
271 2471 541 2524 extribus
568 2471 852 2524 fratribus
885 2486 1036 2540 quos
1061 2487 1236 2539 supra
1263 2471 1739 2536 memoravimus,

136 2556 412 2627 Gergonius
436 2558 934 2627 nomine,apertis
959 2558 1167 2627 oculis,
1186 2576 1297 2611 non
1330 2575 1435 2628 per
1460 2560 1743 2612 visionem

131 2646 372 2714 aspiciens
394 2662 645 2699 sursum
671 2648 728 2699 in
751 2647 1059 2715 directum,
1083 2648 1223 2700 vidit
1244 2647 1552 2716 quamdam
1574 2662 1743 2701 avem

131 2735 407 2801 speciosam
429 2734 610 2787 nimis
635 2735 692 2787 in
724 2735 1013 2788 columbm
1043 2738 1243 2804 specie
1276 2751 1351 2789 ex
1382 2738 1500 2789 toto
1530 2735 1741 2803 albam,

131 2835 209 2887 per
230 2823 432 2876 radium
463 2822 784 2892 cujusdam
817 2823 1156 2892 splendoris
1191 2824 1389 2894 magni
1412 2824 1744 2877 venientem

131 2924 270 2977 super
294 2911 525 2965 fratrem
551 2912 850 2965 infirmum
881 2915 937 2965 et
966 2912 1135 2964 morti
1160 2913 1526 2982 proximum;
1551 2913 1745 2981 cwpit-

134 3010 217 3064 que
235 3014 392 3068 supra
410 3005 624 3069 pectus
647 2999 782 3070 ejus
802 2999 1047 3054 volitare
1069 3001 1433 3054 etvolitando
1456 3000 1614 3053 illum
1636 3001 1745 3053 cir—

128 3085 270 3139 cuirc.
301 3087 406 3142 Sed
443 3092 763 3158 antequam
797 3088 892 3141 illa
923 3089 1050 3141 avis
1083 3088 1404 3157 advolaret,
1439 3088 1619 3142 frater
1648 3089 1739 3141 in-

1853 1958 2185 2012 assurgens
2208 1943 2358 2011 (jam
2387 1944 2562 2006 enim,
2588 1943 2741 1995 fama
2765 1948 3158 2011 praeconante,
3185 1946 3319 2014 quis
3352 1947 3516 1998 esset

1851 2031 2157 2099 audierat),
2181 2031 2239 2083 in
2260 2031 2466 2085 osculo
2490 2033 2656 2101 pacis
2675 2032 2942 2102 gaudens
2961 2034 3175 2101 excipit
3198 2033 3379 2087 illum.
3400 2034 3513 2088 Ro-

1852 2123 1949 2189 gat
1972 2120 2287 2188 ctiam,pro
2313 2120 2739 2173 consuetudine
2774 2122 2830 2172 et
2858 2120 3270 2189 hospitalitatis
3303 2121 3509 2192 gratia,

1848 2212 1909 2260 ut
1943 2208 2199 2261 laborem
2234 2208 2461 2260 itineris
2494 2207 2584 2261 sui
2621 2207 2839 2261 ibidem
2872 2208 3234 2277 quiescendo
3267 2210 3508 2279 rclevet,

1848 2310 1920 2348 ne
1934 2296 2650 2365 dedignetm'bcneticium
2665 2296 2874 2349 domus
2892 2297 3322 2365 suscipcrc,cui
3340 2311 3512 2350 sacer

1848 2382 2136 2436 Martinus
2160 2387 2212 2437 et
2232 2398 2526 2452 expensas
2550 2383 2837 2451 providet,
2856 2388 2909 2435 et
2929 2383 3291 2451 cxpendendi
3312 2385 3511 2439 volun-

1846 2474 2021 2524 tatem
2053 2471 2318 2541 largitur.
2364 2470 2511 2523 Tum
2542 2471 2640 2524 ille
2675 2486 2686 2524 :
2738 2491 2759 2519 ι
2815 2471 3090 2539 Domine,
3134 2471 3356 2541 inquit,
3392 2488 3509 2527 non

1851 2559 2143 2630 dedignor
2180 2562 2279 2612 aut
2328 2574 2541 2627 respuo
2582 2559 2933 2612 beneficium
2983 2559 3132 2612 beati
3183 2559 3413 2613 Martini
3453 2563 3510 2614 et

1849 2652 2143 2712 vestrum;
2176 2662 2268 2701 me
2291 2649 2447 2700 enim
2478 2648 2536 2700 in
2567 2647 2920 2701 monachum
2954 2647 3330 2717 suscepistis,
3352 2652 3407 2701 ct
3435 2649 3511 2702 ad

1851 2736 1960 2789 hoc
1982 2736 2154 2789 hodie
2178 2736 2330 2790 veni.
2354 2759 2374 2781 »ι
2394 2734 2593 2788 Mirari
2623 2736 2809 2789 abbas
2841 2751 2907 2789 se
2936 2735 3096 2789 illum
3127 2739 3370 2791 eatenus
3393 2751 3509 2790 non

1850 2824 2094 2878 vidisse.
2140 2822 2239 2877 Ille
2271 2840 2302 2878 e
2334 2828 2575 2877 contra:
2617 2846 2637 2869 «ι
2675 2824 2806 2878 Non
2828 2864 2841 2889 ,
2875 2825 2980 2888 ait,
3015 2824 3366 2878 meministis
3398 2840 3509 2879 vos

1848 2912 1976 2966 heri
1994 2912 2303 2983 quemdam
2334 2927 2652 2983 pauperem
2683 2913 2962 2966 clericum
2994 2912 3053 2965 in
3084 2913 3181 2965 tali
3201 2916 3258 2966 et
3278 2913 3376 2966 tali
3407 2913 3507 2967 ha-

1849 3001 1973 3055 bitu
2004 3000 2307 3069 recepisse
2338 3001 2398 3054 in
2429 2999 2905 3055 monachum?—
2929 3000 3071 3065 Hoc,
3091 3001 3276 3070 inquit
3297 3000 3503 3072 abbas,

1850 3089 2152 3142 recordor.
2177 3118 2246 3126 —
2276 3088 2423 3159 Ego,
2447 3087 2544 3158 ait,
2565 3084 2663 3142 ille
2688 3104 2841 3141 sum.
2876 3088 3005 3142 Jam
3033 3104 3208 3156 nunc,
3227 3088 3279 3141 si
3295 3090 3506 3159 placet,

129 3171 288 3228 ﬁrmus
314 3177 572 3245 graviter
604 3176 976 3245 anxiabatur,
1018 3181 1073 3230 et
1125 3177 1328 3230 mortis
1360 3177 1615 3230 stimulis
1648 3177 1739 3229 ni-
1774 3165 1823 3227 C
1852 3192 1941 3230 me
1966 3180 2020 3230 et
2044 3191 2169 3229 mea
2193 3176 2507 3244 suscipite;
2532 3177 2603 3230 de
2635 3177 2729 3230 his
2760 3176 2860 3246 qui
2891 3191 3117 3229 mecum
3140 3179 3277 3229 sunt
3299 3177 3352 3230 si
3372 3177 3507 3246 quis

125 3259 263 3315 mium
290 3263 600 3332 urebatur;
626 3264 723 3318 ubi
755 3280 898 3318 vero
930 3265 1184 3335 advenit,
1211 3269 1478 3335 pacatum
1502 3265 1664 3318 illum
1687 3270 1740 3319 et

125 3350 333 3415 quietum
353 3354 465 3407 cito
498 3353 778 3421 reddidit,
804 3368 994 3423 neque
1021 3358 1223 3421 postea
1244 3356 1437 3407 tantos
1469 3353 1741 3423 planctus

125 3438 309 3508 tamque
329 3456 543 3511 graves
566 3441 865 3495 anhelitus
887 3442 1380 3512 emisit.Cumque
1404 3443 1741 3512 aliquandiu

125 3523 249 3579 illum
268 3529 599 3599 circuissct,
616 3535 671 3583 et
693 3546 877 3599 super
907 3532 1115 3599 pectus
1146 3531 1338 3598 ipsius
1358 3531 1626 3584 vicissim
1649 3548 1745 3585 vo-

126 3610 332 3686 litasset,
380 3620 604 3687 pariter
634 3622 690 3672 et
731 3618 913 3672 frater
960 3635 1133 3673 suum
1186 3619 1428 3673 Domino
1471 3620 1740 3689 Spiritum

126 3702 356 3771 reddidit,
399 3713 454 3760 et
503 3708 639 3760 avis
682 3723 795 3777 qua
846 3708 937 3760 via
984 3707 1399 3777 descenderat,
1451 3709 1738 3763 ascendit.

123 3786 243 3843 Nulli
270 3791 369 3847 hoc
389 3795 744 3849 incredibile
782 3797 1067 3864 videatur,
1095 3796 1196 3849 sed
1233 3795 1337 3849 Dei
1364 3796 1644 3865 Operibus
1677 3797 1741 3850 fi-

122 3876 221 3931 dem
245 3886 447 3935 rectam
487 3882 904 3952 adhibeamus,
930 3889 985 3937 et
1014 3884 1094 3937 illi
1127 3883 1371 3937 assidue
1405 3887 1602 3955 grates
1635 3884 1740 3938 de-

122 3962 239 4019 bitas
264 3970 597 4039 reddamus,
633 3972 732 4041 qui
766 3988 1002 4040 semper
1030 3987 1177 4026 suos
1218 3972 1622 4027 consolatione
1646 3973 1737 4043 pia

119 4054 292 4122 visitat,
306 4061 425 4113 etin
444 4076 512 4114 se
531 4075 742 4128 sepera
752 4060 954 4113 ntibus
972 4060 1188 4130 gaudia
1204 4059 1467 4114 caelestia
1490 4061 1742 4132 largitur

122 4144 162 4191 et
184 4153 463 4214 praeparat.

172 4230 241 4283 Π.
272 4234 366 4288 Vir
401 4237 790 4306 venerabilis,
829 4236 1004 4291 simul
1048 4241 1104 4290 et
1146 4237 1508 4306 praepositus
1547 4240 1604 4290 et
1642 4254 1738 4291 ar-

122 4315 450 4377 chidiaconus
499 4326 1011 4379 Claromontensis
1053 4326 1358 4393 ecclesiae,
1401 4326 1472 4379 ad
1521 4325 1737 4380 festum

1848 3265 2054 3318 eodem
2083 3265 2212 3318 vitae
2244 3264 2541 3318 desiderio
2572 3268 2764 3317 tactus
2796 3267 2906 3333 est,
2931 3279 3139 3332 precor
3170 3266 3230 3318 ut
3258 3280 3361 3333 pro
3385 3264 3507 3319 Deo

1846 3368 2077 3407 mecum
2109 3352 2485 3421 suscipiatur.
2535 3373 2555 3398 ιι
2599 3351 2823 3405 Gaudet
2866 3351 3070 3415 abbas,
3107 3352 3307 3405 clerici
3353 3368 3509 3406 con-

1846 3442 2170 3495 tristantur.
2204 3442 2329 3494 Duo
2360 3446 2552 3493 tamen
2600 3454 2675 3493 ex
2723 3439 2842 3507 eis,
2895 3440 3131 3493 caeteris
3169 3456 3303 3493 cum
3347 3440 3510 3495 luctu

1846 3530 2221 3599 abeuntibus,
2248 3532 2679 3583 remanserunt.
2706 3518 2923 3581 Factus
2946 3528 3128 3598 igitur
3158 3529 3505 3599 monachus,

1847 3634 1961 3687 quo
1995 3617 2306 3671 sublimior
2336 3618 2395 3670 in
2426 3616 2649 3671 saeculo
2678 3616 2887 3684 fuerat,
2913 3632 2982 3670 eo
3017 3632 3082 3670 se
3113 3617 3379 3671 exhibuit
3400 3617 3507 3672 hu-

1848 3707 2155 3760 miliorem.
2185 3707 2323 3760 l’ost
2338 3721 2455 3759 non
2475 3706 2719 3759 multum
2740 3706 3024 3774 temporis
3046 3706 3301 3760 sacrista
3322 3706 3508 3761 effici-

1847 3795 2019 3861 citur,
2034 3794 2331 3847 attributis
2350 3794 2403 3847 ei
2425 3793 2609 3847 sociis
2626 3793 2798 3847 bonaa
2820 3794 2956 3847 vitae
2979 3810 3159 3863 super
3171 3810 3241 3849 eo
3254 3796 3317 3848 ut
3336 3794 3509 3850 dece-

1844 3882 1943 3936 bat
1975 3881 2250 3936 sollicitis
2293 3897 2305 3935 :
2357 3886 2416 3935 at
2463 3880 2590 3949 ille,
2632 3882 2825 3953 magis
2868 3882 3178 3953 magisque
3226 3883 3285 3936 in
3322 3882 3509 3938 Deum

1845 3969 2187 4039 proficiens,
2221 3984 2426 4029 secum
2456 3971 2634 4040 coepit
2661 3973 2913 4024 tractare
2944 3971 3195 4040 qualiter
3231 3971 3508 4027 omnibus

1849 4057 2131 4111 fratribus
2163 4058 2240 4111 ita
2270 4058 2603 4111 deserviret
2646 4060 2708 4111 ut
2749 4072 2956 4112 omnes
2988 4057 3210 4112 lateret.
3246 4060 3509 4131 Denique

1845 4147 2150 4201 nocturnis
2175 4146 2343 4199 horis
2364 4162 2496 4199 cum
2519 4147 2719 4200 caeteri
2743 4147 2922 4216 quieti
2947 4147 3357 4217 concederent,
3378 4148 3508 4218 ipse

1848 4236 1994 4289 clam
2026 4235 2258 4289 cunctis
2288 4249 2499 4303 aquam
2526 4234 2836 4288 hauriebat
2857 4238 2913 4288 et
2933 4234 3281 4289 lavatorium
3311 4234 3508 4305 imple-

1846 4324 1963 4377 bat.
1988 4324 2113 4377 Hoc
2136 4338 2267 4377 cum
2292 4321 2472 4375 multo
2502 4323 2765 4391 tempore
2789 4321 2913 4392 jam
2944 4321 3210 4393 fecisset,
3235 4322 3504 4377 Omnium

120 4402 238 4459 beati
265 4410 483 4466 Martini
518 4413 835 4483 quotannis
868 4414 1073 4467 venire
1106 4417 1517 4483 consueverat,
1558 4415 1683 4484 pari
1705 4444 1734 4455 -
1765 4429 1820 4489 Β
1850 4412 2198 4465 Sanctorum
2226 4412 2460 4465 advenit
2490 4410 2863 4466 solemnitas:
2892 4410 3127 4466 caeteris
3159 4411 3353 4483 itaque
3372 4414 3509 4481 post

120 4496 281 4565 terque
309 4500 551 4571 Majoris
587 4502 928 4555 Monasterii
972 4503 1305 4555 coenobium
1336 4503 1595 4557 visitare.
1627 4502 1737 4567 Qui

121 4596 221 4636 cum
248 4586 377 4641 inibi
409 4590 651 4643 multam
692 4589 1039 4659 religionem
1078 4590 1308 4644 fervere
1342 4586 1735 4659 conspiceret,

120 4670 190 4733 pio
203 4678 655 4731 conversationis
670 4678 970 4731 desiderio
985 4681 1075 4731 est
1089 4694 1399 4732 accensus.
1411 4679 1737 4749 Aliquando

120 4755 264 4826 igitur
286 4763 352 4818 de
383 4781 545 4820 more
587 4766 657 4818 ad
704 4768 893 4820 sancti
935 4767 1164 4820 Martini
1206 4767 1422 4820 festum
1453 4772 1738 4821 venturus

121 4843 387 4907 thesauros
404 4870 551 4908 suos
570 4859 625 4907 et
639 4857 839 4908 vestes
864 4854 1211 4924 olosericas,
1230 4854 1585 4925 multamque
1601 4856 1742 4909 divi-

120 4930 288 4991 tiarum
305 4942 730 5009 supellectilem
752 4959 957 4996 secum
979 4943 1173 4996 afl‘erri
1201 4942 1357 4996 fecit.
1384 4944 1528 4996 Cum
1561 4944 1740 5013 igitur

121 5022 209 5073 tota
224 5032 375 5082 nocte
406 5033 463 5081 et
493 5030 587 5083 die
612 5031 1001 5084 solemnitalis
1034 5031 1226 5084 sacris
1251 5031 1463 5085 ofticiis
1488 5030 1738 5084 devotus

122 5104 458 5185 interfuisset,
495 5118 553 5170 in
588 5120 863 5173 comitatu
897 5135 1007 5173 suo
1040 5120 1262 5174 recedit
1291 5120 1361 5172 ad
1396 5119 1736 5188 hospitium,

122 5207 173 5247 ac
198 5198 330 5254 inter
352 5206 847 5261 ccnfabulandum
880 5210 1016 5278 post
1046 5208 1250 5277 epulas
1282 5208 1359 5259 ait
1391 5207 1552 5261 suis:
1585 5230 1605 5253 ιι
1630 5207 1739 5259 Vo-

124 5280 245 5339 bisci
260 5294 340 5344 aet
357 5294 450 5348 ixzo
476 5295 551 5348 de
570 5296 769 5350 labore
797 5297 1261 5366 quiescentibus,
1284 5296 1411 5365 ipse
1427 5295 1593 5348 solus
1608 5312 1742 5365 pau-

123 5368 651 5452 lisl'el'egrediar,ud
666 5385 972 5455 prandium
996 5385 1534 5453 reversurus;nihil
1559 5385 1741 5457 igitur

1852 4500 2165 4555 Matutinos
2190 4500 2261 4553 ad
2285 4501 2469 4553 lectos
2502 4500 3049 4569 redeuntibus,ipse
3073 4501 3238 4570 operi
3267 4503 3507 4556 assueto

1850 4589 2136 4643 succedit.
2160 4588 2286 4653 Quo
2318 4589 2547 4658 expleto
2579 4588 2650 4642 de
2683 4604 2871 4657 more,
2896 4590 3044 4642 redit
3072 4590 3131 4641 in
3163 4588 3503 4657 oratorium,

1848 4677 2128 4731 incumbit
2160 4677 2428 4731 orationi.
2446 4676 2515 4730 Et
2536 4694 2675 4731 ecce
2706 4693 2783 4731 ex
2812 4692 2881 4731 ea
2914 4681 3075 4745 parte
3099 4677 3372 4731 ecclesiae
3392 4693 3508 4747 qua

1847 4767 2001 4819 beati
2034 4766 2264 4819 Martini
2298 4765 2485 4819 lectus
2516 4765 2782 4834 habetur,
2807 4764 2968 4820 audit
2987 4766 3292 4819 immensae
3316 4764 3508 4819 multi-

1848 4854 2068 4907 tudinis
2083 4854 2463 4909 dulcissimas
2478 4869 2680 4908 voces.
2699 4854 2953 4925 Erigens
2966 4857 3157 4908 autem
3172 4859 3344 4924 caput
3364 4854 3509 4908 vidit

1849 4947 1970 4997 tres
1993 4958 2283 5013 personas
2306 4943 2743 5011 pontificalibus
2775 4942 2979 4996 infulis
3005 4943 3332 5011 decoratas,
3357 4958 3506 5013 qua-

1849 5047 1975 5084 rum
1991 5031 2089 5101 qui
2104 5032 2333 5085 medius
2349 5035 2471 5084 erat
2494 5034 2549 5084 et
2571 5031 2793 5084 honore
2816 5033 2872 5083 et
2889 5030 3053 5083 vultu
3067 5031 3375 5084 videbatur
3386 5046 3507 5086 cm-

1847 5119 1993 5172 teris
2024 5120 2442 5186 priceminere;
2472 5118 2681 5171 deinde
2703 5118 2948 5171 abbates
2970 5118 3188 5173 multos
3210 5134 3278 5173 ac
3302 5133 3506 5174 mena-

1850 5208 2095 5261 chorum
2115 5207 2372 5261 infinitas
2387 5205 3073 5274 catervas,omneslaetos
3088 5210 3144 5260 et
3159 5207 3314 5262 dulci
3328 5205 3507 5264 melo-

1848 5294 1971 5365 diaj
1984 5295 2296 5349 ubilantes.
2313 5294 2519 5364 Incipit
2536 5294 2767 5347 interim
2781 5293 2877 5347 ille
2890 5294 3380 5366 archiepiscopus
3393 5290 3505 5368 ﬁt,

1853 5383 2121 5438 Concede
2142 5383 2312 5438 nobis
2324 5402 2344 5449 ;
2368 5384 2639 5452 dictoque
2658 5384 2715 5436 et
2735 5383 2980 5452 repetito
3000 5381 3063 5454 ἢ,
3086 5385 3336 5454 complet
3360 5383 3509 5440 ordi-

287 5616 391 5675 Hic
437 5621 515 5677 ab
563 5636 716 5679 anno
766 5621 902 5680 1104
939 5624 1302 5681 monasterio
1347 5623 1587 5698 praefuit
1634 5639 1825 5698 usque
1873 5624 1945 5680 ad
1996 5640 2216 5682 annum
2245 5623 2402 5681 1124.
2444 5622 2766 5680 Dicebatur
2806 5622 3154 5682 Guillelmus
3198 5621 3270 5680 de
3319 5620 3509 5680 Com-

126 5674 315 5744 bernio.
