  <div class='ocr_page' id='page_1' title='image "/cluster/home/n/w/nwhite01/storage/ocr_20150623/149/hvd.32044054760079/215.png"; bbox 0 0 3978 6178; ppageno 0'>
   <div class='ocr_carea' id='block_1_1' title="bbox 485 339 607 403">
    <p class='ocr_par' dir='ltr' id='par_1_1' title="bbox 485 339 607 403">
     <span class='ocr_line' id='line_1_1' title="bbox 485 339 607 403; baseline 0 -1"><span class='ocrx_word' id='word_1_1' title='bbox 485 339 607 403; x_wconf 84' lang='grc'><em>419</em></span> 
     </span>
    </p>
   </div>
   <div class='ocr_carea' id='block_1_2' title="bbox 1434 338 2985 403">
    <p class='ocr_par' dir='ltr' id='par_1_2' title="bbox 1434 338 2985 403">
     <span class='ocr_line' id='line_1_2' title="bbox 1434 338 2985 403; baseline -0.001 -3"><span class='ocrx_word' id='word_1_2' title='bbox 1434 338 1717 400; x_wconf 86' lang='lat' dir='ltr'><em>BERNA</em></span> <span class='ocrx_word' id='word_1_3' title='bbox 1731 339 1872 401; x_wconf 86' lang='lat' dir='ltr'><em>RDI</em></span> <span class='ocrx_word' id='word_1_4' title='bbox 1921 339 2269 402; x_wconf 86' lang='lat' dir='ltr'><em>COMITIS</em></span> <span class='ocrx_word' id='word_1_5' title='bbox 2313 339 2985 403; x_wconf 87' lang='lat' dir='ltr'><em>BISULDUNENSIS</em></span> 
     </span>
    </p>
   </div>
   <div class='ocr_carea' id='block_1_3' title="bbox 3799 336 3899 399">
    <p class='ocr_par' dir='ltr' id='par_1_3' title="bbox 3799 336 3899 399">
     <span class='ocr_line' id='line_1_3' title="bbox 3799 336 3899 399; baseline 0 -2"><span class='ocrx_word' id='word_1_6' title='bbox 3799 336 3899 399; x_wconf 79' lang='lat'><em>420</em></span> 
     </span>
    </p>
   </div>
   <div class='ocr_carea' id='block_1_4' title="bbox 489 520 3898 609">
    <p class='ocr_par' dir='ltr' id='par_1_4' title="bbox 489 520 3898 609">
     <span class='ocr_line' id='line_1_4' title="bbox 489 520 3898 609; baseline -0.002 -15"><span class='ocrx_word' id='word_1_7' title='bbox 489 539 932 594; x_wconf 89' lang='lat' dir='ltr'><em>nem.Secundo</em></span> <span class='ocrx_word' id='word_1_8' title='bbox 955 539 1151 609; x_wconf 87' lang='lat' dir='ltr'><em>agitur</em></span> <span class='ocrx_word' id='word_1_9' title='bbox 1177 554 1282 607; x_wconf 88' lang='lat' dir='ltr'><em>pro</em></span> <span class='ocrx_word' id='word_1_10' title='bbox 1314 537 1843 592; x_wconf 83' lang='lat' dir='ltr'><em>defunctis.Tertio</em></span> <span class='ocrx_word' id='word_1_11' title='bbox 1865 553 1971 608; x_wconf 90' lang='lat' dir='ltr'><em>pro</em></span> <span class='ocrx_word' id='word_1_12' title='bbox 1994 538 2151 593; x_wconf 89' lang='lat' dir='ltr'><em>illius</em></span> <span class='ocrx_word' id='word_1_13' title='bbox 2178 520 2237 581; x_wconf 87' lang='grc' dir='ltr'><strong>Α</strong></span> <span class='ocrx_word' id='word_1_14' title='bbox 2266 537 2574 607; x_wconf 88' lang='lat' dir='ltr'><em>bulabant;</em></span> <span class='ocrx_word' id='word_1_15' title='bbox 2607 538 2850 593; x_wconf 87' lang='lat' dir='ltr'><em>abbates</em></span> <span class='ocrx_word' id='word_1_16' title='bbox 2883 538 3073 608; x_wconf 87' lang='lat' dir='ltr'><em>ipsius</em></span> <span class='ocrx_word' id='word_1_17' title='bbox 3096 537 3229 605; x_wconf 85' lang='lat' dir='ltr'><em>loci,</em></span> <span class='ocrx_word' id='word_1_18' title='bbox 3252 539 3308 590; x_wconf 90' lang='lat' dir='ltr'><em>et</em></span> <span class='ocrx_word' id='word_1_19' title='bbox 3338 535 3546 589; x_wconf 86' lang='lat' dir='ltr'><em>deinde</em></span> <span class='ocrx_word' id='word_1_20' title='bbox 3579 534 3898 601; x_wconf 80' lang='lat' dir='ltr'><em>monachos,</em></span> 
     </span>
    </p>
   </div>
   <div class='ocr_carea' id='block_1_5' title="bbox 488 626 2153 699">
    <p class='ocr_par' dir='ltr' id='par_1_5' title="bbox 488 626 2153 699">
     <span class='ocr_line' id='line_1_5' title="bbox 488 626 2153 699; baseline -0.002 -17"><span class='ocrx_word' id='word_1_21' title='bbox 488 627 602 683; x_wconf 78' lang='lat' dir='ltr'><em>loci</em></span> <span class='ocrx_word' id='word_1_22' title='bbox 632 628 1113 699; x_wconf 82' lang='lat' dir='ltr'><em>congregatione.</em></span> <span class='ocrx_word' id='word_1_23' title='bbox 1135 627 1342 696; x_wconf 82' lang='lat' dir='ltr'><em>Incipit</em></span> <span class='ocrx_word' id='word_1_24' title='bbox 1362 627 1458 679; x_wconf 91' lang='lat' dir='ltr'><em>ille</em></span> <span class='ocrx_word' id='word_1_25' title='bbox 1475 626 1962 695; x_wconf 89' lang='lat' dir='ltr'><em>archiepiscopus</em></span> <span class='ocrx_word' id='word_1_26' title='bbox 1993 626 2153 679; x_wconf 83' lang='lat' dir='ltr'><em>Anti-</em></span> 
     </span>
    </p>
   </div>
   <div class='ocr_carea' id='block_1_6' title="bbox 487 714 2158 787">
    <p class='ocr_par' dir='ltr' id='par_1_6' title="bbox 487 714 2158 787">
     <span class='ocr_line' id='line_1_6' title="bbox 487 714 2158 787; baseline -0.003 -16"><span class='ocrx_word' id='word_1_27' title='bbox 487 718 773 787; x_wconf 88' lang='lat' dir='ltr'><em>phonam:</em></span> <span class='ocrx_word' id='word_1_28' title='bbox 802 716 1120 770; x_wconf 79' lang='lat' dir='ltr'><em>Civitatem</em></span> <span class='ocrx_word' id='word_1_29' title='bbox 1154 716 1327 768; x_wconf 87' lang='lat' dir='ltr'><em>istam</em></span> <span class='ocrx_word' id='word_1_30' title='bbox 1365 720 1424 768; x_wconf 84' lang='lat' dir='ltr'><em>tu</em></span> <span class='ocrx_word' id='word_1_31' title='bbox 1454 714 1773 778; x_wconf 82' lang='lat' dir='ltr'><em>circumda,</em></span> <span class='ocrx_word' id='word_1_32' title='bbox 1799 714 2066 768; x_wconf 84' lang='lat' dir='ltr'><em>Domine.</em></span> <span class='ocrx_word' id='word_1_33' title='bbox 2088 714 2158 767; x_wconf 89' lang='lat' dir='ltr'><em>Et</em></span> 
     </span>
    </p>
   </div>
   <div class='ocr_carea' id='block_1_7' title="bbox 491 802 2154 875">
    <p class='ocr_par' dir='ltr' id='par_1_7' title="bbox 491 802 2154 875">
     <span class='ocr_line' id='line_1_7' title="bbox 491 802 2154 875; baseline 0 -18"><span class='ocrx_word' id='word_1_34' title='bbox 491 804 803 875; x_wconf 82' lang='lat' dir='ltr'><em>subjungit</em></span> <span class='ocrx_word' id='word_1_35' title='bbox 824 802 888 873; x_wconf 59' lang='grc' dir='ltr'><em>ἢ,</em></span> <span class='ocrx_word' id='word_1_36' title='bbox 913 803 1054 856; x_wconf 77' lang='lat' dir='ltr'><em>l&#39;iat</em></span> <span class='ocrx_word' id='word_1_37' title='bbox 1082 820 1196 874; x_wconf 85' lang='lat' dir='ltr'><em>pax</em></span> <span class='ocrx_word' id='word_1_38' title='bbox 1226 803 1288 856; x_wconf 89' lang='lat' dir='ltr'><em>in</em></span> <span class='ocrx_word' id='word_1_39' title='bbox 1324 803 1546 857; x_wconf 86' lang='lat' dir='ltr'><em>virtute</em></span> <span class='ocrx_word' id='word_1_40' title='bbox 1578 810 1706 865; x_wconf 83' lang='lat' dir='ltr'><em>tua;</em></span> <span class='ocrx_word' id='word_1_41' title='bbox 1729 807 1784 856; x_wconf 90' lang='lat' dir='ltr'><em>et</em></span> <span class='ocrx_word' id='word_1_42' title='bbox 1804 802 2154 857; x_wconf 86' lang='lat' dir='ltr'><em>Collectam:</em></span> 
     </span>
    </p>
   </div>
   <div class='ocr_carea' id='block_1_8' title="bbox 490 890 2161 964">
    <p class='ocr_par' dir='ltr' id='par_1_8' title="bbox 490 890 2161 964">
     <span class='ocr_line' id='line_1_8' title="bbox 490 890 2161 964; baseline -0.002 -17"><span class='ocrx_word' id='word_1_43' title='bbox 490 894 652 947; x_wconf 85' lang='lat' dir='ltr'><em>Deus</em></span> <span class='ocrx_word' id='word_1_44' title='bbox 671 893 769 964; x_wconf 89' lang='lat' dir='ltr'><em>qui</em></span> <span class='ocrx_word' id='word_1_45' title='bbox 785 891 1272 946; x_wconf 80' lang='lat' dir='ltr'><em>renuntiantibus</em></span> <span class='ocrx_word' id='word_1_46' title='bbox 1288 890 1506 945; x_wconf 71' lang='lat' dir='ltr'><em>saeculo</em></span> <span class='ocrx_word' id='word_1_47' title='bbox 1522 892 1884 945; x_wconf 80' lang='lat' dir='ltr'><em>mansionem</em></span> <span class='ocrx_word' id='word_1_48' title='bbox 1901 906 2084 961; x_wconf 86' lang='lat' dir='ltr'><em>paras</em></span> <span class='ocrx_word' id='word_1_49' title='bbox 2100 891 2161 944; x_wconf 88' lang='lat' dir='ltr'><em>in</em></span> 
     </span>
    </p>
   </div>
   <div class='ocr_carea' id='block_1_9' title="bbox 490 978 2162 1051">
    <p class='ocr_par' dir='ltr' id='par_1_9' title="bbox 490 978 2162 1051">
     <span class='ocr_line' id='line_1_9' title="bbox 490 978 2162 1051; baseline -0.002 -15"><span class='ocrx_word' id='word_1_50' title='bbox 490 981 655 1049; x_wconf 74' lang='lat' dir='ltr'><em>caelo,</em></span> <span class='ocrx_word' id='word_1_51' title='bbox 686 979 873 1034; x_wconf 88' lang='lat' dir='ltr'><em>dilata</em></span> <span class='ocrx_word' id='word_1_52' title='bbox 894 978 1070 1050; x_wconf 79' lang='lat' dir='ltr'><em>huius</em></span> <span class='ocrx_word' id='word_1_53' title='bbox 1084 984 1307 1033; x_wconf 70' lang='lat' dir='ltr'><em>sanctae</em></span> <span class='ocrx_word' id='word_1_54' title='bbox 1337 979 1819 1051; x_wconf 81' lang='lat' dir='ltr'><em>congregationis</em></span> <span class='ocrx_word' id='word_1_55' title='bbox 1843 978 2162 1049; x_wconf 76' lang='lat' dir='ltr'><em>temporale</em></span> 
     </span>
    </p>
   </div>
   <div class='ocr_carea' id='block_1_10' title="bbox 493 1067 2164 1135">
    <p class='ocr_par' dir='ltr' id='par_1_10' title="bbox 493 1067 2164 1135">
     <span class='ocr_line' id='line_1_10' title="bbox 493 1067 2164 1135; baseline -0.001 -13"><span class='ocrx_word' id='word_1_56' title='bbox 493 1068 890 1123; x_wconf 78' lang='lat' dir='ltr'><em>habitaculum</em></span> <span class='ocrx_word' id='word_1_57' title='bbox 904 1067 1248 1121; x_wconf 80' lang='lat' dir='ltr'><em>ccelestibus</em></span> <span class='ocrx_word' id='word_1_58' title='bbox 1264 1067 1456 1135; x_wconf 86' lang='lat' dir='ltr'><em>bouis,</em></span> <span class='ocrx_word' id='word_1_59' title='bbox 1477 1073 1535 1121; x_wconf 84' lang='lat' dir='ltr'><em>ut</em></span> <span class='ocrx_word' id='word_1_60' title='bbox 1553 1068 1825 1121; x_wconf 80' lang='lat' dir='ltr'><em>fraterna</em></span> <span class='ocrx_word' id='word_1_61' title='bbox 1846 1074 2164 1121; x_wconf 80' lang='lat' dir='ltr'><em>teneantur</em></span> 
     </span>
    </p>
   </div>
   <div class='ocr_carea' id='block_1_11' title="bbox 492 1155 2162 1227">
    <p class='ocr_par' dir='ltr' id='par_1_11' title="bbox 492 1155 2162 1227">
     <span class='ocr_line' id='line_1_11' title="bbox 492 1155 2162 1227; baseline -0.001 -16"><span class='ocrx_word' id='word_1_62' title='bbox 492 1157 834 1227; x_wconf 79' lang='lat' dir='ltr'><em>compagine</em></span> <span class='ocrx_word' id='word_1_63' title='bbox 849 1155 1167 1209; x_wconf 87' lang='lat' dir='ltr'><em>charitatis</em></span> <span class='ocrx_word' id='word_1_64' title='bbox 1186 1156 1522 1209; x_wconf 82' lang='lat' dir='ltr'><em>unanimes:</em></span> <span class='ocrx_word' id='word_1_65' title='bbox 1543 1155 2162 1226; x_wconf 67' lang='lat' dir='ltr'><em>continentiaeprcece-</em></span> 
     </span>
    </p>
   </div>
   <div class='ocr_carea' id='block_1_12' title="bbox 484 1242 2164 1316">
    <p class='ocr_par' dir='ltr' id='par_1_12' title="bbox 484 1242 2164 1316">
     <span class='ocr_line' id='line_1_12' title="bbox 484 1242 2164 1316; baseline -0.001 -18"><span class='ocrx_word' id='word_1_66' title='bbox 484 1250 587 1316; x_wconf 90' lang='lat' dir='ltr'><em>pta</em></span> <span class='ocrx_word' id='word_1_67' title='bbox 601 1243 934 1298; x_wconf 80' lang='lat' dir='ltr'><em>custodiant</em></span> <span class='ocrx_word' id='word_1_68' title='bbox 950 1243 1143 1297; x_wconf 83' lang='lat' dir='ltr'><em>sobrii</em></span> <span class='ocrx_word' id='word_1_69' title='bbox 1157 1263 1173 1296; x_wconf 90' lang='lat'><strong><em>:</em></strong></span> <span class='ocrx_word' id='word_1_70' title='bbox 1191 1242 1495 1313; x_wconf 84' lang='lat' dir='ltr'><em>simplices</em></span> <span class='ocrx_word' id='word_1_71' title='bbox 1512 1248 1569 1297; x_wconf 90' lang='lat' dir='ltr'><em>et</em></span> <span class='ocrx_word' id='word_1_72' title='bbox 1590 1243 1750 1314; x_wconf 87' lang='lat' dir='ltr'><em>queti</em></span> <span class='ocrx_word' id='word_1_73' title='bbox 1763 1244 1960 1313; x_wconf 82' lang='lat' dir='ltr'><em>gratis</em></span> <span class='ocrx_word' id='word_1_74' title='bbox 1970 1244 2164 1297; x_wconf 89' lang='lat' dir='ltr'><em>datam</em></span> 
     </span>
    </p>
   </div>
   <div class='ocr_carea' id='block_1_13' title="bbox 490 1330 2164 1403">
    <p class='ocr_par' dir='ltr' id='par_1_13' title="bbox 490 1330 2164 1403">
     <span class='ocr_line' id='line_1_13' title="bbox 490 1330 2164 1403; baseline -0.001 -17"><span class='ocrx_word' id='word_1_75' title='bbox 490 1332 614 1386; x_wconf 88' lang='lat' dir='ltr'><em>sibi</em></span> <span class='ocrx_word' id='word_1_76' title='bbox 622 1332 878 1403; x_wconf 88' lang='lat' dir='ltr'><em>gratiam</em></span> <span class='ocrx_word' id='word_1_77' title='bbox 892 1330 1081 1384; x_wconf 75' lang='lat' dir='ltr'><em>fuisse</em></span> <span class='ocrx_word' id='word_1_78' title='bbox 1094 1335 1447 1402; x_wconf 80' lang='lat' dir='ltr'><em>agnoscant:</em></span> <span class='ocrx_word' id='word_1_79' title='bbox 1463 1331 1776 1385; x_wconf 86' lang='lat' dir='ltr'><em>concordet</em></span> <span class='ocrx_word' id='word_1_80' title='bbox 1795 1331 2026 1385; x_wconf 88' lang='lat' dir='ltr'><em>illorum</em></span> <span class='ocrx_word' id='word_1_81' title='bbox 2049 1333 2164 1385; x_wconf 82' lang='lat' dir='ltr'><em>vita</em></span> 
     </span>
    </p>
   </div>
   <div class='ocr_carea' id='block_1_14' title="bbox 492 1419 2166 1490">
    <p class='ocr_par' dir='ltr' id='par_1_14' title="bbox 492 1419 2166 1490">
     <span class='ocr_line' id='line_1_14' title="bbox 492 1419 2166 1490; baseline -0.001 -16"><span class='ocrx_word' id='word_1_82' title='bbox 492 1436 619 1474; x_wconf 88' lang='lat' dir='ltr'><em>cum</em></span> <span class='ocrx_word' id='word_1_83' title='bbox 641 1420 894 1489; x_wconf 86' lang='lat' dir='ltr'><em>nomine,</em></span> <span class='ocrx_word' id='word_1_84' title='bbox 908 1419 1211 1490; x_wconf 74' lang='lat' dir='ltr'><em>professio</em></span> <span class='ocrx_word' id='word_1_85' title='bbox 1227 1420 1527 1472; x_wconf 84' lang='lat' dir='ltr'><em>sentiatur</em></span> <span class='ocrx_word' id='word_1_86' title='bbox 1540 1420 1600 1472; x_wconf 90' lang='lat' dir='ltr'><em>in</em></span> <span class='ocrx_word' id='word_1_87' title='bbox 1619 1435 1815 1489; x_wconf 84' lang='lat' dir='ltr'><em>opere.</em></span> <span class='ocrx_word' id='word_1_88' title='bbox 1834 1420 1959 1474; x_wconf 85' lang='lat' dir='ltr'><em>Per</em></span> <span class='ocrx_word' id='word_1_89' title='bbox 1978 1420 2166 1473; x_wconf 85' lang='lat' dir='ltr'><em>Domi-</em></span> 
     </span>
    </p>
   </div>
   <div class='ocr_carea' id='block_1_15' title="bbox 492 1498 2163 1579">
    <p class='ocr_par' dir='ltr' id='par_1_15' title="bbox 492 1498 2163 1579">
     <span class='ocr_line' id='line_1_15' title="bbox 492 1498 2163 1579; baseline 0 -17"><span class='ocrx_word' id='word_1_90' title='bbox 492 1524 626 1563; x_wconf 79' lang='lat' dir='ltr'><em>num</em></span> <span class='ocrx_word' id='word_1_91' title='bbox 651 1515 936 1575; x_wconf 83' lang='lat' dir='ltr'><em>nostrum,</em></span> <span class='ocrx_word' id='word_1_92' title='bbox 957 1511 1068 1561; x_wconf 94' lang='lat' dir='ltr'><em>etc.</em></span> <span class='ocrx_word' id='word_1_93' title='bbox 1093 1506 1320 1571; x_wconf 84' lang='lat' dir='ltr'><em>Quibus</em></span> <span class='ocrx_word' id='word_1_94' title='bbox 1351 1508 1622 1576; x_wconf 82' lang='lat' dir='ltr'><em>expletis,</em></span> <span class='ocrx_word' id='word_1_95' title='bbox 1648 1508 1814 1562; x_wconf 88' lang='lat' dir='ltr'><em>beata</em></span> <span class='ocrx_word' id='word_1_96' title='bbox 1839 1507 1936 1561; x_wconf 86' lang='lat' dir='ltr'><em>illa</em></span> <span class='ocrx_word' id='word_1_97' title='bbox 1958 1511 2014 1561; x_wconf 88' lang='lat' dir='ltr'><em>et</em></span> <span class='ocrx_word' id='word_1_98' title='bbox 2036 1498 2163 1579; x_wconf 83' lang='lat' dir='ltr'><em>glo-</em></span> 
     </span>
    </p>
   </div>
   <div class='ocr_carea' id='block_1_16' title="bbox 490 1596 2159 1667">
    <p class='ocr_par' dir='ltr' id='par_1_16' title="bbox 490 1596 2159 1667">
     <span class='ocr_line' id='line_1_16' title="bbox 490 1596 2159 1667; baseline 0.001 -18"><span class='ocrx_word' id='word_1_99' title='bbox 490 1598 651 1651; x_wconf 90' lang='lat' dir='ltr'><em>riosa</em></span> <span class='ocrx_word' id='word_1_100' title='bbox 674 1596 984 1667; x_wconf 78' lang='lat' dir='ltr'><em>processio</em></span> <span class='ocrx_word' id='word_1_101' title='bbox 1009 1612 1122 1666; x_wconf 85' lang='lat' dir='ltr'><em>qua</em></span> <span class='ocrx_word' id='word_1_102' title='bbox 1145 1600 1386 1650; x_wconf 82' lang='lat' dir='ltr'><em>venerat</em></span> <span class='ocrx_word' id='word_1_103' title='bbox 1408 1596 1604 1650; x_wconf 89' lang='lat' dir='ltr'><em>redire</em></span> <span class='ocrx_word' id='word_1_104' title='bbox 1626 1597 1815 1666; x_wconf 76' lang='lat' dir='ltr'><em>caepit.</em></span> <span class='ocrx_word' id='word_1_105' title='bbox 1845 1596 1945 1651; x_wconf 86' lang='lat' dir='ltr'><em>Ille</em></span> <span class='ocrx_word' id='word_1_106' title='bbox 1966 1600 2159 1652; x_wconf 87' lang='lat' dir='ltr'><em>autem</em></span> 
     </span>
    </p>
   </div>
   <div class='ocr_carea' id='block_1_17' title="bbox 488 1684 2159 1755">
    <p class='ocr_par' dir='ltr' id='par_1_17' title="bbox 488 1684 2159 1755">
     <span class='ocr_line' id='line_1_17' title="bbox 488 1684 2159 1755; baseline 0 -16"><span class='ocrx_word' id='word_1_107' title='bbox 488 1685 791 1739; x_wconf 80' lang='lat' dir='ltr'><em>curiosius</em></span> <span class='ocrx_word' id='word_1_108' title='bbox 832 1686 1091 1754; x_wconf 89' lang='lat' dir='ltr'><em>intuens,</em></span> <span class='ocrx_word' id='word_1_109' title='bbox 1130 1684 1449 1739; x_wconf 88' lang='lat' dir='ltr'><em>nonnullos</em></span> <span class='ocrx_word' id='word_1_110' title='bbox 1478 1699 1629 1755; x_wconf 87' lang='lat' dir='ltr'><em>quos</em></span> <span class='ocrx_word' id='word_1_111' title='bbox 1661 1687 1903 1739; x_wconf 80' lang='lat' dir='ltr'><em>noverat</em></span> <span class='ocrx_word' id='word_1_112' title='bbox 1933 1685 2159 1739; x_wconf 90' lang='lat' dir='ltr'><em>obiisse</em></span> 
     </span>
    </p>
   </div>
   <div class='ocr_carea' id='block_1_18' title="bbox 488 1772 2155 1844">
    <p class='ocr_par' dir='ltr' id='par_1_18' title="bbox 488 1772 2155 1844">
     <span class='ocr_line' id='line_1_18' title="bbox 488 1772 2155 1844; baseline 0 -17"><span class='ocrx_word' id='word_1_113' title='bbox 488 1788 953 1844; x_wconf 79' lang='lat' dir='ltr'><em>recognoscens,</em></span> <span class='ocrx_word' id='word_1_114' title='bbox 979 1772 1295 1842; x_wconf 78' lang='lat' dir='ltr'><em>alloquitur</em></span> <span class='ocrx_word' id='word_1_115' title='bbox 1316 1772 1474 1841; x_wconf 82' lang='lat' dir='ltr'><em>illos,</em></span> <span class='ocrx_word' id='word_1_116' title='bbox 1494 1772 1803 1843; x_wconf 82' lang='lat' dir='ltr'><em>inquirens</em></span> <span class='ocrx_word' id='word_1_117' title='bbox 1834 1774 1935 1843; x_wconf 87' lang='lat' dir='ltr'><em>qui</em></span> <span class='ocrx_word' id='word_1_118' title='bbox 1966 1773 2022 1827; x_wconf 87' lang='lat' dir='ltr'><em>hi</em></span> <span class='ocrx_word' id='word_1_119' title='bbox 2053 1788 2155 1827; x_wconf 86' lang='lat' dir='ltr'><em>es-</em></span> 
     </span>
    </p>
   </div>
   <div class='ocr_carea' id='block_1_19' title="bbox 2267 624 3901 696">
    <p class='ocr_par' dir='ltr' id='par_1_19' title="bbox 2267 624 3901 696">
     <span class='ocr_line' id='line_1_19' title="bbox 2267 624 3901 696; baseline -0.004 -16"><span class='ocrx_word' id='word_1_120' title='bbox 2267 627 2364 696; x_wconf 90' lang='lat' dir='ltr'><em>qui</em></span> <span class='ocrx_word' id='word_1_121' title='bbox 2389 627 2618 680; x_wconf 83' lang='lat' dir='ltr'><em>Martini</em></span> <span class='ocrx_word' id='word_1_122' title='bbox 2643 627 2866 680; x_wconf 88' lang='lat' dir='ltr'><em>meritis</em></span> <span class='ocrx_word' id='word_1_123' title='bbox 2898 626 2990 679; x_wconf 91' lang='lat' dir='ltr'><em>sui</em></span> <span class='ocrx_word' id='word_1_124' title='bbox 3024 625 3245 679; x_wconf 88' lang='lat' dir='ltr'><em>laboris</em></span> <span class='ocrx_word' id='word_1_125' title='bbox 3267 624 3559 677; x_wconf 80' lang='lat' dir='ltr'><em>fructibus</em></span> <span class='ocrx_word' id='word_1_126' title='bbox 3583 637 3700 675; x_wconf 90' lang='lat' dir='ltr'><em>non</em></span> <span class='ocrx_word' id='word_1_127' title='bbox 3721 637 3901 690; x_wconf 85' lang='lat' dir='ltr'><em>parum</em></span> 
     </span>
    </p>
   </div>
   <div class='ocr_carea' id='block_1_20' title="bbox 2265 709 3903 784">
    <p class='ocr_par' dir='ltr' id='par_1_20' title="bbox 2265 709 3903 784">
     <span class='ocr_line' id='line_1_20' title="bbox 2265 709 3903 784; baseline -0.003 -17"><span class='ocrx_word' id='word_1_128' title='bbox 2265 715 2611 768; x_wconf 77' lang='lat' dir='ltr'><em>fruebantur</em></span> <span class='ocrx_word' id='word_1_129' title='bbox 2637 730 2824 784; x_wconf 91' lang='lat' dir='ltr'><em>eoque</em></span> <span class='ocrx_word' id='word_1_130' title='bbox 2856 714 3128 768; x_wconf 89' lang='lat' dir='ltr'><em>incedere</em></span> <span class='ocrx_word' id='word_1_131' title='bbox 3163 728 3269 767; x_wconf 90' lang='lat' dir='ltr'><em>eos</em></span> <span class='ocrx_word' id='word_1_132' title='bbox 3301 713 3506 766; x_wconf 88' lang='lat' dir='ltr'><em>ordine</em></span> <span class='ocrx_word' id='word_1_133' title='bbox 3526 726 3649 781; x_wconf 86' lang='lat' dir='ltr'><em>quo</em></span> <span class='ocrx_word' id='word_1_134' title='bbox 3671 710 3740 762; x_wconf 87' lang='lat' dir='ltr'><em>ad</em></span> <span class='ocrx_word' id='word_1_135' title='bbox 3760 709 3903 763; x_wconf 82' lang='lat' dir='ltr'><em>Chri-</em></span> 
     </span>
    </p>
   </div>
   <div class='ocr_carea' id='block_1_21' title="bbox 2266 799 3898 874">
    <p class='ocr_par' dir='ltr' id='par_1_21' title="bbox 2266 799 3898 874">
     <span class='ocr_line' id='line_1_21' title="bbox 2266 799 3898 874; baseline -0.004 -18"><span class='ocrx_word' id='word_1_136' title='bbox 2266 808 2418 856; x_wconf 85' lang='lat' dir='ltr'><em>stum</em></span> <span class='ocrx_word' id='word_1_137' title='bbox 2470 804 2890 874; x_wconf 76' lang='lat' dir='ltr'><em>migrave‘rant.</em></span> <span class='ocrx_word' id='word_1_138' title='bbox 2956 801 3383 856; x_wconf 74' lang='lat' dir='ltr'><em>l’rotiterentur</em></span> <span class='ocrx_word' id='word_1_139' title='bbox 3436 800 3707 853; x_wconf 84' lang='lat' dir='ltr'><em>abbatem</em></span> <span class='ocrx_word' id='word_1_140' title='bbox 3752 799 3898 851; x_wconf 84' lang='lat' dir='ltr'><em>etiam</em></span> 
     </span>
    </p>
   </div>
   <div class='ocr_carea' id='block_1_22' title="bbox 2262 888 3894 961">
    <p class='ocr_par' dir='ltr' id='par_1_22' title="bbox 2262 888 3894 961">
     <span class='ocr_line' id='line_1_22' title="bbox 2262 888 3894 961; baseline -0.004 -16"><span class='ocrx_word' id='word_1_141' title='bbox 2262 891 2522 945; x_wconf 90' lang='lat' dir='ltr'><em>Odonem</em></span> <span class='ocrx_word' id='word_1_142' title='bbox 2546 892 2645 961; x_wconf 80' lang='lat'><em>(4),</em></span> <span class='ocrx_word' id='word_1_143' title='bbox 2677 891 2774 961; x_wconf 87' lang='lat' dir='ltr'><em>qui</em></span> <span class='ocrx_word' id='word_1_144' title='bbox 2807 896 2944 944; x_wconf 86' lang='lat' dir='ltr'><em>tunc</em></span> <span class='ocrx_word' id='word_1_145' title='bbox 2976 892 3107 945; x_wconf 89' lang='lat' dir='ltr'><em>loco</em></span> <span class='ocrx_word' id='word_1_146' title='bbox 3138 892 3410 960; x_wconf 62' lang='lat' dir='ltr'><em>praeerat,</em></span> <span class='ocrx_word' id='word_1_147' title='bbox 3436 888 3646 942; x_wconf 87' lang='lat' dir='ltr'><em>eodem</em></span> <span class='ocrx_word' id='word_1_148' title='bbox 3676 902 3818 939; x_wconf 87' lang='lat' dir='ltr'><em>anno</em></span> <span class='ocrx_word' id='word_1_149' title='bbox 3844 888 3894 939; x_wconf 85' lang='lat' dir='ltr'><em>ad</em></span> 
     </span>
    </p>
   </div>
   <div class='ocr_carea' id='block_1_23' title="bbox 2264 974 3899 1034">
    <p class='ocr_par' dir='ltr' id='par_1_23' title="bbox 2264 974 3899 1034">
     <span class='ocr_line' id='line_1_23' title="bbox 2264 974 3899 1034; baseline -0.004 -1"><span class='ocrx_word' id='word_1_150' title='bbox 2264 995 2431 1033; x_wconf 88' lang='lat' dir='ltr'><em>suam</em></span> <span class='ocrx_word' id='word_1_151' title='bbox 2455 980 2796 1034; x_wconf 86' lang='lat' dir='ltr'><em>societatem</em></span> <span class='ocrx_word' id='word_1_152' title='bbox 2825 979 3251 1033; x_wconf 86' lang='lat' dir='ltr'><em>accersendum</em></span> <span class='ocrx_word' id='word_1_153' title='bbox 3283 978 3661 1031; x_wconf 87' lang='lat' dir='ltr'><em>denunciant.</em></span> <span class='ocrx_word' id='word_1_154' title='bbox 3690 974 3899 1028; x_wconf 48' lang='lat' dir='ltr'><em>Refero.</em></span> 
     </span>
    </p>
   </div>
   <div class='ocr_carea' id='block_1_24' title="bbox 2263 1065 3901 1139">
    <p class='ocr_par' dir='ltr' id='par_1_24' title="bbox 2263 1065 3901 1139">
     <span class='ocr_line' id='line_1_24' title="bbox 2263 1065 3901 1139; baseline -0.004 -18"><span class='ocrx_word' id='word_1_155' title='bbox 2263 1068 2406 1122; x_wconf 88' lang='lat' dir='ltr'><em>bant</em></span> <span class='ocrx_word' id='word_1_156' title='bbox 2435 1069 2606 1122; x_wconf 86' lang='lat' dir='ltr'><em>etiam</em></span> <span class='ocrx_word' id='word_1_157' title='bbox 2628 1068 2785 1139; x_wconf 89' lang='lat' dir='ltr'><em>quod</em></span> <span class='ocrx_word' id='word_1_158' title='bbox 2808 1068 3019 1121; x_wconf 85' lang='lat' dir='ltr'><em>beatus</em></span> <span class='ocrx_word' id='word_1_159' title='bbox 3040 1067 3328 1120; x_wconf 80' lang='lat' dir='ltr'><em>Martinus</em></span> <span class='ocrx_word' id='word_1_160' title='bbox 3361 1080 3494 1119; x_wconf 90' lang='lat' dir='ltr'><em>cum</em></span> <span class='ocrx_word' id='word_1_161' title='bbox 3523 1065 3658 1132; x_wconf 86' lang='lat' dir='ltr'><em>ipsa</em></span> <span class='ocrx_word' id='word_1_162' title='bbox 3688 1078 3901 1131; x_wconf 84' lang='lat' dir='ltr'><em>proces-</em></span> 
     </span>
    </p>
   </div>
   <div class='ocr_carea' id='block_1_25' title="bbox 2266 1150 3904 1225">
    <p class='ocr_par' dir='ltr' id='par_1_25' title="bbox 2266 1150 3904 1225">
     <span class='ocr_line' id='line_1_25' title="bbox 2266 1150 3904 1225; baseline -0.005 -15"><span class='ocrx_word' id='word_1_163' title='bbox 2266 1157 2435 1210; x_wconf 89' lang='lat' dir='ltr'><em>sione</em></span> <span class='ocrx_word' id='word_1_164' title='bbox 2462 1172 2593 1209; x_wconf 88' lang='lat' dir='ltr'><em>cum</em></span> <span class='ocrx_word' id='word_1_165' title='bbox 2626 1171 2737 1210; x_wconf 88' lang='lat' dir='ltr'><em>suo</em></span> <span class='ocrx_word' id='word_1_166' title='bbox 2771 1156 2890 1223; x_wconf 92' lang='lat' dir='ltr'><em>illo,</em></span> <span class='ocrx_word' id='word_1_167' title='bbox 2916 1159 2976 1209; x_wconf 91' lang='lat' dir='ltr'><em>ut</em></span> <span class='ocrx_word' id='word_1_168' title='bbox 3006 1171 3264 1225; x_wconf 85' lang='lat' dir='ltr'><em>semper,</em></span> <span class='ocrx_word' id='word_1_169' title='bbox 3284 1152 3769 1224; x_wconf 84' lang='lat' dir='ltr'><em>frequentissimo</em></span> <span class='ocrx_word' id='word_1_170' title='bbox 3797 1150 3904 1202; x_wconf 87' lang='lat' dir='ltr'><em>dis-</em></span> 
     </span>
    </p>
   </div>
   <div class='ocr_carea' id='block_1_26' title="bbox 2267 1240 3905 1314">
    <p class='ocr_par' dir='ltr' id='par_1_26' title="bbox 2267 1240 3905 1314">
     <span class='ocr_line' id='line_1_26' title="bbox 2267 1240 3905 1314; baseline -0.004 -17"><span class='ocrx_word' id='word_1_171' title='bbox 2267 1244 2590 1313; x_wconf 88' lang='lat' dir='ltr'><em>cipulorsm</em></span> <span class='ocrx_word' id='word_1_172' title='bbox 2623 1244 3123 1314; x_wconf 88' lang='lat' dir='ltr'><em>sanctissimoque</em></span> <span class='ocrx_word' id='word_1_173' title='bbox 3168 1244 3441 1297; x_wconf 88' lang='lat' dir='ltr'><em>comitatu</em></span> <span class='ocrx_word' id='word_1_174' title='bbox 3493 1240 3690 1309; x_wconf 88' lang='lat' dir='ltr'><em>ipsum</em></span> <span class='ocrx_word' id='word_1_175' title='bbox 3728 1253 3905 1292; x_wconf 87' lang='lat' dir='ltr'><em>mona-</em></span> 
     </span>
    </p>
   </div>
   <div class='ocr_carea' id='block_1_27' title="bbox 2268 1327 3907 1403">
    <p class='ocr_par' dir='ltr' id='par_1_27' title="bbox 2268 1327 3907 1403">
     <span class='ocr_line' id='line_1_27' title="bbox 2268 1327 3907 1403; baseline -0.004 -17"><span class='ocrx_word' id='word_1_176' title='bbox 2268 1333 2514 1386; x_wconf 88' lang='lat' dir='ltr'><em>sterium</em></span> <span class='ocrx_word' id='word_1_177' title='bbox 2544 1332 2883 1403; x_wconf 67' lang='lat' dir='ltr'><em>saepissime</em></span> <span class='ocrx_word' id='word_1_178' title='bbox 2932 1331 3353 1401; x_wconf 84' lang='lat' dir='ltr'><em>frequentaret.</em></span> <span class='ocrx_word' id='word_1_179' title='bbox 3407 1329 3517 1382; x_wconf 85' lang='lat' dir='ltr'><em>His</em></span> <span class='ocrx_word' id='word_1_180' title='bbox 3557 1327 3801 1394; x_wconf 80' lang='lat' dir='ltr'><em>auditis,</em></span> <span class='ocrx_word' id='word_1_181' title='bbox 3830 1327 3907 1379; x_wconf 87' lang='lat' dir='ltr'><em>vir</em></span> 
     </span>
    </p>
   </div>
   <div class='ocr_carea' id='block_1_28' title="bbox 2265 1415 3902 1491">
    <p class='ocr_par' dir='ltr' id='par_1_28' title="bbox 2265 1415 3902 1491">
     <span class='ocr_line' id='line_1_28' title="bbox 2265 1415 3902 1491; baseline -0.004 -18"><span class='ocrx_word' id='word_1_182' title='bbox 2265 1420 2638 1474; x_wconf 84' lang='lat' dir='ltr'><em>venerandus</em></span> <span class='ocrx_word' id='word_1_183' title='bbox 2678 1420 2968 1491; x_wconf 89' lang='lat' dir='ltr'><em>quosdam</em></span> <span class='ocrx_word' id='word_1_184' title='bbox 3012 1421 3084 1473; x_wconf 89' lang='lat' dir='ltr'><em>de</em></span> <span class='ocrx_word' id='word_1_185' title='bbox 3136 1419 3318 1474; x_wconf 88' lang='lat' dir='ltr'><em>sociis</em></span> <span class='ocrx_word' id='word_1_186' title='bbox 3367 1418 3631 1472; x_wconf 80' lang='lat' dir='ltr'><em>excitare</em></span> <span class='ocrx_word' id='word_1_187' title='bbox 3673 1415 3902 1481; x_wconf 80' lang='lat' dir='ltr'><em>festinat,</em></span> 
     </span>
    </p>
   </div>
   <div class='ocr_carea' id='block_1_29' title="bbox 2264 1504 3904 1577">
    <p class='ocr_par' dir='ltr' id='par_1_29' title="bbox 2264 1504 3904 1577">
     <span class='ocr_line' id='line_1_29' title="bbox 2264 1504 3904 1577; baseline -0.005 -15"><span class='ocrx_word' id='word_1_188' title='bbox 2264 1507 2655 1563; x_wconf 87' lang='lat' dir='ltr'><em>Gnarnerium</em></span> <span class='ocrx_word' id='word_1_189' title='bbox 2675 1510 2905 1562; x_wconf 88' lang='lat' dir='ltr'><em>scilicet</em></span> <span class='ocrx_word' id='word_1_190' title='bbox 2922 1507 3191 1577; x_wconf 83' lang='lat' dir='ltr'><em>ejusdem</em></span> <span class='ocrx_word' id='word_1_191' title='bbox 3210 1507 3320 1560; x_wconf 91' lang='lat' dir='ltr'><em>loci</em></span> <span class='ocrx_word' id='word_1_192' title='bbox 3340 1510 3545 1576; x_wconf 87' lang='lat' dir='ltr'><em>postea</em></span> <span class='ocrx_word' id='word_1_193' title='bbox 3566 1504 3844 1567; x_wconf 84' lang='lat' dir='ltr'><em>abbatem,</em></span> <span class='ocrx_word' id='word_1_194' title='bbox 3858 1506 3904 1554; x_wconf 88' lang='lat' dir='ltr'><em>el</em></span> 
     </span>
    </p>
   </div>
   <div class='ocr_carea' id='block_1_30' title="bbox 2265 1594 3905 1666">
    <p class='ocr_par' dir='ltr' id='par_1_30' title="bbox 2265 1594 3905 1666">
     <span class='ocr_line' id='line_1_30' title="bbox 2265 1594 3905 1666; baseline -0.004 -16"><span class='ocrx_word' id='word_1_195' title='bbox 2265 1597 2581 1651; x_wconf 87' lang='lat' dir='ltr'><em>nonnullos</em></span> <span class='ocrx_word' id='word_1_196' title='bbox 2613 1613 2685 1650; x_wconf 83' lang='lat' dir='ltr'><em>ex</em></span> <span class='ocrx_word' id='word_1_197' title='bbox 2716 1596 2869 1663; x_wconf 88' lang='lat' dir='ltr'><em>aliis,</em></span> <span class='ocrx_word' id='word_1_198' title='bbox 2891 1596 2992 1666; x_wconf 91' lang='lat' dir='ltr'><em>qui</em></span> <span class='ocrx_word' id='word_1_199' title='bbox 3023 1612 3053 1648; x_wconf 89' lang='lat' dir='ltr'><em>a</em></span> <span class='ocrx_word' id='word_1_200' title='bbox 3087 1612 3295 1649; x_wconf 88' lang='lat' dir='ltr'><em>somno</em></span> <span class='ocrx_word' id='word_1_201' title='bbox 3317 1594 3491 1649; x_wconf 76' lang='lat' dir='ltr'><em>exciti</em></span> <span class='ocrx_word' id='word_1_202' title='bbox 3512 1598 3573 1647; x_wconf 89' lang='lat' dir='ltr'><em>et</em></span> <span class='ocrx_word' id='word_1_203' title='bbox 3594 1607 3772 1646; x_wconf 81' lang='lat' dir='ltr'><em>voces</em></span> <span class='ocrx_word' id='word_1_204' title='bbox 3791 1606 3905 1643; x_wconf 87' lang='lat' dir='ltr'><em>can-</em></span> 
     </span>
    </p>
   </div>
   <div class='ocr_carea' id='block_1_31' title="bbox 2265 1680 3901 1754">
    <p class='ocr_par' dir='ltr' id='par_1_31' title="bbox 2265 1680 3901 1754">
     <span class='ocr_line' id='line_1_31' title="bbox 2265 1680 3901 1754; baseline -0.006 -15"><span class='ocrx_word' id='word_1_205' title='bbox 2265 1685 2508 1739; x_wconf 83' lang='lat' dir='ltr'><em>tantium</em></span> <span class='ocrx_word' id='word_1_206' title='bbox 2538 1685 2867 1753; x_wconf 89' lang='lat' dir='ltr'><em>audierunt,</em></span> <span class='ocrx_word' id='word_1_207' title='bbox 2905 1688 2960 1737; x_wconf 94' lang='lat' dir='ltr'><em>et</em></span> <span class='ocrx_word' id='word_1_208' title='bbox 2989 1685 3222 1754; x_wconf 87' lang='lat' dir='ltr'><em>aliquos</em></span> <span class='ocrx_word' id='word_1_209' title='bbox 3252 1683 3324 1737; x_wconf 92' lang='lat' dir='ltr'><em>de</em></span> <span class='ocrx_word' id='word_1_210' title='bbox 3355 1680 3707 1737; x_wconf 87' lang='lat' dir='ltr'><em>novissimis</em></span> <span class='ocrx_word' id='word_1_211' title='bbox 3736 1680 3901 1749; x_wconf 82' lang='lat' dir='ltr'><em>ipsius</em></span> 
     </span>
    </p>
   </div>
   <div class='ocr_carea' id='block_1_32' title="bbox 2267 1769 3906 1843">
    <p class='ocr_par' dir='ltr' id='par_1_32' title="bbox 2267 1769 3906 1843">
     <span class='ocr_line' id='line_1_32' title="bbox 2267 1769 3906 1843; baseline -0.005 -17"><span class='ocrx_word' id='word_1_212' title='bbox 2267 1774 2675 1843; x_wconf 89' lang='lat' dir='ltr'><em>proccssionis</em></span> <span class='ocrx_word' id='word_1_213' title='bbox 2693 1774 2896 1828; x_wconf 87' lang='lat' dir='ltr'><em>videre</em></span> <span class='ocrx_word' id='word_1_214' title='bbox 2921 1775 3279 1827; x_wconf 89' lang='lat' dir='ltr'><em>meruerunt.</em></span> <span class='ocrx_word' id='word_1_215' title='bbox 3299 1769 3481 1835; x_wconf 87' lang='lat' dir='ltr'><em>Quam</em></span> <span class='ocrx_word' id='word_1_216' title='bbox 3513 1770 3744 1823; x_wconf 82' lang='lat' dir='ltr'><em>beatam</em></span> <span class='ocrx_word' id='word_1_217' title='bbox 3773 1770 3906 1837; x_wconf 82' lang='lat' dir='ltr'><em>puta-</em></span> 
     </span>
    </p>
   </div>
   <div class='ocr_carea' id='block_1_33' title="bbox 489 1848 3905 1933">
    <p class='ocr_par' dir='ltr' id='par_1_33' title="bbox 489 1848 3905 1933">
     <span class='ocr_line' id='line_1_33' title="bbox 489 1848 3905 1933; baseline -0.002 -20"><span class='ocrx_word' id='word_1_218' title='bbox 489 1864 640 1915; x_wconf 90' lang='lat' dir='ltr'><em>sent.</em></span> <span class='ocrx_word' id='word_1_219' title='bbox 658 1861 732 1914; x_wconf 89' lang='lat' dir='ltr'><em>At</em></span> <span class='ocrx_word' id='word_1_220' title='bbox 748 1861 833 1913; x_wconf 89' lang='lat' dir='ltr'><em>illi</em></span> <span class='ocrx_word' id='word_1_221' title='bbox 852 1860 1162 1914; x_wconf 88' lang='lat' dir='ltr'><em>Martinum</em></span> <span class='ocrx_word' id='word_1_222' title='bbox 1186 1875 1325 1913; x_wconf 90' lang='lat' dir='ltr'><em>esse</em></span> <span class='ocrx_word' id='word_1_223' title='bbox 1343 1861 1443 1931; x_wconf 92' lang='lat' dir='ltr'><em>qui</em></span> <span class='ocrx_word' id='word_1_224' title='bbox 1466 1860 1695 1914; x_wconf 90' lang='lat' dir='ltr'><em>medius</em></span> <span class='ocrx_word' id='word_1_225' title='bbox 1718 1861 2024 1915; x_wconf 85' lang='lat' dir='ltr'><em>incedebat</em></span> <span class='ocrx_word' id='word_1_226' title='bbox 2041 1862 2157 1931; x_wconf 88' lang='lat' dir='ltr'><em>epi-</em></span> <span class='ocrx_word' id='word_1_227' title='bbox 2183 1848 2235 1910; x_wconf 88' lang='grc' dir='ltr'>Β</span> <span class='ocrx_word' id='word_1_228' title='bbox 2266 1877 2421 1931; x_wconf 87' lang='lat' dir='ltr'><em>mus,</em></span> <span class='ocrx_word' id='word_1_229' title='bbox 2437 1877 2730 1933; x_wconf 90' lang='lat' dir='ltr'><em>quamque</em></span> <span class='ocrx_word' id='word_1_230' title='bbox 2746 1862 3020 1915; x_wconf 87' lang='lat' dir='ltr'><em>mundam</em></span> <span class='ocrx_word' id='word_1_231' title='bbox 3038 1860 3149 1914; x_wconf 88' lang='lat' dir='ltr'><em>viri</em></span> <span class='ocrx_word' id='word_1_232' title='bbox 3162 1859 3609 1926; x_wconf 86' lang='lat' dir='ltr'><em>conscientiam,</em></span> <span class='ocrx_word' id='word_1_233' title='bbox 3627 1856 3720 1910; x_wconf 88' lang='lat' dir='ltr'><em>cui</em></span> <span class='ocrx_word' id='word_1_234' title='bbox 3740 1855 3905 1908; x_wconf 87' lang='lat' dir='ltr'><em>adhuc</em></span> 
     </span>
    </p>
   </div>
   <div class='ocr_carea' id='block_1_34' title="bbox 491 1948 2155 2019">
    <p class='ocr_par' dir='ltr' id='par_1_34' title="bbox 491 1948 2155 2019">
     <span class='ocr_line' id='line_1_34' title="bbox 491 1948 2155 2019; baseline 0.001 -17"><span class='ocrx_word' id='word_1_235' title='bbox 491 1948 938 2018; x_wconf 86' lang='lat' dir='ltr'><em>scoporum,qui</em></span> <span class='ocrx_word' id='word_1_236' title='bbox 954 1952 1015 2002; x_wconf 88' lang='lat' dir='ltr'><em>ut</em></span> <span class='ocrx_word' id='word_1_237' title='bbox 1033 1948 1259 2002; x_wconf 83' lang='lat' dir='ltr'><em>meritis</em></span> <span class='ocrx_word' id='word_1_238' title='bbox 1279 1948 1353 2002; x_wconf 87' lang='lat' dir='ltr'><em>ita</em></span> <span class='ocrx_word' id='word_1_239' title='bbox 1369 1949 1566 2002; x_wconf 88' lang='lat' dir='ltr'><em>vultus</em></span> <span class='ocrx_word' id='word_1_240' title='bbox 1580 1949 1890 2003; x_wconf 85' lang='lat' dir='ltr'><em>eminentia</em></span> <span class='ocrx_word' id='word_1_241' title='bbox 1913 1950 2155 2019; x_wconf 68' lang='lat' dir='ltr'><em>praecel-</em></span> 
     </span>
    </p>
   </div>
   <div class='ocr_carea' id='block_1_35' title="bbox 489 2035 2154 2108">
    <p class='ocr_par' dir='ltr' id='par_1_35' title="bbox 489 2035 2154 2108">
     <span class='ocr_line' id='line_1_35' title="bbox 489 2035 2154 2108; baseline 0.002 -19"><span class='ocrx_word' id='word_1_242' title='bbox 489 2035 677 2104; x_wconf 86' lang='lat' dir='ltr'><em>lebat;</em></span> <span class='ocrx_word' id='word_1_243' title='bbox 712 2035 1088 2107; x_wconf 86' lang='lat' dir='ltr'><em>Fulgentium</em></span> <span class='ocrx_word' id='word_1_244' title='bbox 1118 2041 1290 2106; x_wconf 87' lang='lat' dir='ltr'><em>atque</em></span> <span class='ocrx_word' id='word_1_245' title='bbox 1314 2035 1712 2104; x_wconf 89' lang='lat' dir='ltr'><em>Corentinum,</em></span> <span class='ocrx_word' id='word_1_246' title='bbox 1733 2037 1834 2108; x_wconf 90' lang='lat' dir='ltr'><em>qui</em></span> <span class='ocrx_word' id='word_1_247' title='bbox 1865 2038 1918 2091; x_wconf 92' lang='lat' dir='ltr'><em>ei</em></span> <span class='ocrx_word' id='word_1_248' title='bbox 1949 2038 2154 2092; x_wconf 84' lang='lat' dir='ltr'><em>obam-</em></span> 
     </span>
    </p>
   </div>
   <div class='ocr_carea' id='block_1_36' title="bbox 2266 1943 3908 2020">
    <p class='ocr_par' dir='ltr' id='par_1_36' title="bbox 2266 1943 3908 2020">
     <span class='ocr_line' id='line_1_36' title="bbox 2266 1943 3908 2020; baseline -0.005 -17"><span class='ocrx_word' id='word_1_249' title='bbox 2266 1950 2487 2004; x_wconf 89' lang='lat' dir='ltr'><em>viventi</em></span> <span class='ocrx_word' id='word_1_250' title='bbox 2546 1952 2605 2003; x_wconf 80' lang='lat' dir='ltr'><em>in</em></span> <span class='ocrx_word' id='word_1_251' title='bbox 2655 1965 2905 2020; x_wconf 86' lang='lat' dir='ltr'><em>corpore</em></span> <span class='ocrx_word' id='word_1_252' title='bbox 2949 1949 3276 2018; x_wconf 68' lang='lat' dir='ltr'><em>praestitum</em></span> <span class='ocrx_word' id='word_1_253' title='bbox 3321 1951 3377 2001; x_wconf 91' lang='lat' dir='ltr'><em>et</em></span> <span class='ocrx_word' id='word_1_254' title='bbox 3419 1945 3660 1999; x_wconf 77' lang='lat' dir='ltr'><em>Martini</em></span> <span class='ocrx_word' id='word_1_255' title='bbox 3690 1943 3908 2015; x_wconf 78' lang='lat' dir='ltr'><em>gloriam</em></span> 
     </span>
    </p>
   </div>
   <div class='ocr_carea' id='block_1_37' title="bbox 2266 2030 3732 2103">
    <p class='ocr_par' dir='ltr' id='par_1_37' title="bbox 2266 2030 3732 2103">
     <span class='ocr_line' id='line_1_37' title="bbox 2266 2030 3732 2103; baseline -0.005 -10"><span class='ocrx_word' id='word_1_256' title='bbox 2266 2042 2322 2093; x_wconf 90' lang='lat' dir='ltr'><em>et</em></span> <span class='ocrx_word' id='word_1_257' title='bbox 2351 2041 2691 2094; x_wconf 86' lang='lat' dir='ltr'><em>sanctorum</em></span> <span class='ocrx_word' id='word_1_258' title='bbox 2723 2054 2856 2093; x_wconf 91' lang='lat' dir='ltr'><em>eum</em></span> <span class='ocrx_word' id='word_1_259' title='bbox 2889 2037 3288 2093; x_wconf 89' lang='lat' dir='ltr'><em>comitantium</em></span> <span class='ocrx_word' id='word_1_260' title='bbox 3320 2030 3732 2103; x_wconf 87' lang='lat' dir='ltr'><em>contemplari!</em></span> 
     </span>
    </p>
   </div>
   <div class='ocr_carea' id='block_1_38' title="bbox 561 2156 2312 2226">
    <p class='ocr_par' dir='ltr' id='par_1_38' title="bbox 561 2156 2312 2226">
     <span class='ocr_line' id='line_1_38' title="bbox 561 2156 2312 2226; baseline 0.002 -16"><span class='ocrx_word' id='word_1_261' title='bbox 561 2157 640 2226; x_wconf 75' lang='lat'><em>(4)</em></span> <span class='ocrx_word' id='word_1_262' title='bbox 669 2156 976 2211; x_wconf 90' lang='lat' dir='ltr'><em>Guillelmo</em></span> <span class='ocrx_word' id='word_1_263' title='bbox 1005 2172 1184 2226; x_wconf 86' lang='lat' dir='ltr'><em>supra</em></span> <span class='ocrx_word' id='word_1_264' title='bbox 1214 2158 1444 2212; x_wconf 88' lang='lat' dir='ltr'><em>laudato</em></span> <span class='ocrx_word' id='word_1_265' title='bbox 1476 2159 1773 2213; x_wconf 89' lang='lat' dir='ltr'><em>successit</em></span> <span class='ocrx_word' id='word_1_266' title='bbox 1805 2159 1875 2212; x_wconf 91' lang='lat' dir='ltr'><em>ad</em></span> <span class='ocrx_word' id='word_1_267' title='bbox 1907 2175 2123 2213; x_wconf 89' lang='lat' dir='ltr'><em>annum</em></span> <span class='ocrx_word' id='word_1_268' title='bbox 2156 2156 2312 2213; x_wconf 74' lang='lat'><em>1137.</em></span> 
     </span>
    </p>
   </div>
   <div class='ocr_carea' id='block_1_39' title="bbox 497 2295 3885 2353">
    <p class='ocr_par' dir='ltr' id='par_1_39' title="bbox 497 2295 3885 2353">
     <span class='ocr_line' id='line_1_39' title="bbox 497 2295 3885 2353; baseline -0.002 0"><span class='ocrx_word' id='word_1_269' title='bbox 497 2295 3885 2353; x_wconf 41' lang='grc' dir='ltr'>ψ</span> 
     </span>
    </p>
   </div>
   <div class='ocr_carea' id='block_1_40' title="bbox 1831 2497 2594 2542">
    <p class='ocr_par' dir='ltr' id='par_1_40' title="bbox 1831 2497 2594 2542">
     <span class='ocr_line' id='line_1_40' title="bbox 1831 2497 2594 2542; baseline -0.001 -2"><span class='ocrx_word' id='word_1_270' title='bbox 1831 2497 2007 2541; x_wconf 77' lang='lat' dir='ltr'><strong>ANNO</strong></span> <span class='ocrx_word' id='word_1_271' title='bbox 2051 2498 2278 2542; x_wconf 75' lang='lat' dir='ltr'><strong>DOMINI</strong></span> <span class='ocrx_word' id='word_1_272' title='bbox 2324 2497 2594 2542; x_wconf 74' lang='lat' dir='ltr'><strong>MLXXXV</strong></span> 
     </span>
    </p>
   </div>
   <div class='ocr_carea' id='block_1_41' title="bbox 1197 2667 2971 2917">
    <p class='ocr_par' dir='ltr' id='par_1_41' title="bbox 1197 2667 2971 2917">
     <span class='ocr_line' id='line_1_41' title="bbox 1197 2667 2971 2917; baseline 0.004 -83"><span class='ocrx_word' id='word_1_273' title='bbox 1197 2911 1209 2917; x_wconf 15' lang='grc' dir='ltr'>θ</span> <span class='ocrx_word' id='word_1_274' title='bbox 1474 2667 2971 2841; x_wconf 72' lang='lat' dir='ltr'><em>BEBNARDUS</em></span> 
     </span>
    </p>
   </div>
   <div class='ocr_carea' id='block_1_42' title="bbox 1243 2963 3176 3118">
    <p class='ocr_par' dir='ltr' id='par_1_42' title="bbox 1243 2963 3176 3118">
     <span class='ocr_line' id='line_1_42' title="bbox 1243 2963 3176 3118; baseline 0 -5"><span class='ocrx_word' id='word_1_275' title='bbox 1243 2963 1775 3116; x_wconf 72' lang='lat' dir='ltr'><em>COMES</em></span> <span class='ocrx_word' id='word_1_276' title='bbox 1899 2970 3176 3118; x_wconf 66' lang='lat' dir='ltr'><em>BISULDUNENSIS</em></span> 
     </span>
    </p>
   </div>
   <div class='ocr_carea' id='block_1_43' title="bbox 1571 3352 2849 3439">
    <p class='ocr_par' dir='ltr' id='par_1_43' title="bbox 1571 3352 2849 3439">
     <span class='ocr_line' id='line_1_43' title="bbox 1571 3352 2849 3439; baseline -0.005 -1"><span class='ocrx_word' id='word_1_277' title='bbox 1571 3352 2227 3439; x_wconf 78' lang='lat' dir='ltr'><em>BERNARDI</em></span> <span class='ocrx_word' id='word_1_278' title='bbox 2311 3353 2849 3433; x_wconf 78' lang='lat' dir='ltr'><em>COMI&#39;NS</em></span> 
     </span>
    </p>
   </div>
   <div class='ocr_carea' id='block_1_44' title="bbox 1055 3543 3363 3616">
    <p class='ocr_par' dir='ltr' id='par_1_44' title="bbox 1055 3543 3363 3616">
     <span class='ocr_line' id='line_1_44' title="bbox 1055 3543 3363 3616; baseline -0.005 0"><span class='ocrx_word' id='word_1_279' title='bbox 1055 3552 1469 3616; x_wconf 83' lang='lat' dir='ltr'><em>EPISTOLA</em></span> <span class='ocrx_word' id='word_1_280' title='bbox 1512 3551 1626 3612; x_wconf 86' lang='lat' dir='ltr'><em>AD</em></span> <span class='ocrx_word' id='word_1_281' title='bbox 1674 3548 2216 3612; x_wconf 88' lang='lat' dir='ltr'><em>BERNARDUM</em></span> <span class='ocrx_word' id='word_1_282' title='bbox 2269 3546 2682 3608; x_wconf 86' lang='lat' dir='ltr'><em>ABBATEM</em></span> <span class='ocrx_word' id='word_1_283' title='bbox 2731 3543 3363 3615; x_wconf 82' lang='lat' dir='ltr'><em>MASSILIENSEM</em></span> 
     </span>
    </p>
   </div>
   <div class='ocr_carea' id='block_1_45' title="bbox 497 3720 3892 3814">
    <p class='ocr_par' dir='ltr' id='par_1_45' title="bbox 497 3720 3892 3814">
     <span class='ocr_line' id='line_1_45' title="bbox 497 3720 3892 3814; baseline -0.007 -14"><span class='ocrx_word' id='word_1_284' title='bbox 497 3735 606 3800; x_wconf 87' lang='lat' dir='ltr'><em>Ad</em></span> <span class='ocrx_word' id='word_1_285' title='bbox 657 3734 1120 3798; x_wconf 79' lang='lat' dir='ltr'><em>eliminandam</em></span> <span class='ocrx_word' id='word_1_286' title='bbox 1167 3753 1247 3795; x_wconf 78' lang='lat' dir='ltr'><em>ea:</em></span> <span class='ocrx_word' id='word_1_287' title='bbox 1298 3730 1741 3814; x_wconf 77' lang='lat' dir='ltr'><em>Rivipullensi</em></span> <span class='ocrx_word' id='word_1_288' title='bbox 1787 3728 2185 3814; x_wconf 72' lang='lat' dir='ltr'><em>monasterio</em></span> <span class='ocrx_word' id='word_1_289' title='bbox 2230 3730 2612 3814; x_wconf 63' lang='lat' dir='ltr'><em>simopiam,</em></span> <span class='ocrx_word' id='word_1_290' title='bbox 2664 3730 2814 3788; x_wconf 84' lang='lat' dir='ltr'><em>orat</em></span> <span class='ocrx_word' id='word_1_291' title='bbox 2869 3729 2940 3787; x_wconf 87' lang='lat' dir='ltr'><em>ut</em></span> <span class='ocrx_word' id='word_1_292' title='bbox 2992 3726 3158 3787; x_wconf 82' lang='lat' dir='ltr'><em>illud</em></span> <span class='ocrx_word' id='word_1_293' title='bbox 3200 3745 3325 3808; x_wconf 86' lang='lat' dir='ltr'><em>per</em></span> <span class='ocrx_word' id='word_1_294' title='bbox 3381 3745 3534 3787; x_wconf 82' lang='lat' dir='ltr'><em>suos</em></span> <span class='ocrx_word' id='word_1_295' title='bbox 3584 3720 3892 3786; x_wconf 84' lang='lat' dir='ltr'><em>monachos</em></span> 
     </span>
    </p>
   </div>
   <div class='ocr_carea' id='block_1_46' title="bbox 507 3807 2573 3891">
    <p class='ocr_par' dir='ltr' id='par_1_46' title="bbox 507 3807 2573 3891">
     <span class='ocr_line' id='line_1_46' title="bbox 507 3807 2573 3891; baseline -0.004 -14"><span class='ocrx_word' id='word_1_296' title='bbox 507 3836 515 3840; x_wconf 61' lang='lat'><strong><em>’</em></strong></span> <span class='ocrx_word' id='word_1_297' title='bbox 1445 3807 1471 3814; x_wconf 77' lang='grc'><strong><em>“</em></strong></span> <span class='ocrx_word' id='word_1_298' title='bbox 1838 3809 2191 3891; x_wconf 85' lang='lat' dir='ltr'><em>regendum</em></span> <span class='ocrx_word' id='word_1_299' title='bbox 2228 3807 2573 3889; x_wconf 79' lang='lat' dir='ltr'><em>suscipiat.</em></span> 
     </span>
    </p>
   </div>
   <div class='ocr_carea' id='block_1_47' title="bbox 1579 3986 2836 4064">
    <p class='ocr_par' dir='ltr' id='par_1_47' title="bbox 1579 3986 2836 4064">
     <span class='ocr_line' id='line_1_47' title="bbox 1579 3986 2836 4064; baseline -0.007 -14"><span class='ocrx_word' id='word_1_300' title='bbox 1579 3994 1679 4064; x_wconf 89' lang='lat' dir='ltr'><em>(D.</em></span> <span class='ocrx_word' id='word_1_301' title='bbox 1721 3993 1995 4048; x_wconf 74' lang='lat' dir='ltr'><em>MARTEN.</em></span> <span class='ocrx_word' id='word_1_302' title='bbox 2038 3991 2233 4063; x_wconf 80' lang='lat' dir='ltr'><em>Amp}.</em></span> <span class='ocrx_word' id='word_1_303' title='bbox 2279 3988 2547 4058; x_wconf 85' lang='lat' dir='ltr'><em>Collect.,</em></span> <span class='ocrx_word' id='word_1_304' title='bbox 2590 3987 2644 4059; x_wconf 91' lang='lat'><em>1,</em></span> <span class='ocrx_word' id='word_1_305' title='bbox 2684 3986 2836 4057; x_wconf 75' lang='lat'><em>4&#39;73.)</em></span> 
     </span>
    </p>
   </div>
   <div class='ocr_carea' id='block_1_48' title="bbox 510 4264 3886 4355">
    <p class='ocr_par' dir='ltr' id='par_1_48' title="bbox 510 4264 3886 4355">
     <span class='ocr_line' id='line_1_48' title="bbox 510 4264 3886 4355; baseline -0.004 -15"><span class='ocrx_word' id='word_1_306' title='bbox 510 4280 511 4283; x_wconf 43' lang='grc'><em>“</em></span> <span class='ocrx_word' id='word_1_307' title='bbox 564 4296 807 4355; x_wconf 76' lang='lat' dir='ltr'><em>Dommo</em></span> <span class='ocrx_word' id='word_1_308' title='bbox 852 4296 919 4353; x_wconf 65' lang='grc' dir='ltr'><em>Β,</em></span> <span class='ocrx_word' id='word_1_309' title='bbox 952 4296 1418 4353; x_wconf 69' lang='lat' dir='ltr'><em>Massiliensium</em></span> <span class='ocrx_word' id='word_1_310' title='bbox 1449 4293 1777 4351; x_wconf 67' lang='lat' dir='ltr'><em>venerabm</em></span> <span class='ocrx_word' id='word_1_311' title='bbox 1804 4290 2001 4347; x_wconf 63' lang='lat' dir='ltr'><em>abbati</em></span> <span class='ocrx_word' id='word_1_312' title='bbox 2031 4304 2151 4344; x_wconf 83' lang='lat' dir='ltr'><em>om-</em></span> <span class='ocrx_word' id='word_1_313' title='bbox 2183 4264 2234 4324; x_wconf 76' lang='grc' dir='ltr'><strong>Ο</strong></span> <span class='ocrx_word' id='word_1_314' title='bbox 2263 4280 2321 4333; x_wconf 91' lang='lat' dir='ltr'><em>ni</em></span> <span class='ocrx_word' id='word_1_315' title='bbox 2343 4279 2527 4334; x_wconf 65' lang='lat' dir='ltr'><em>Olivae</em></span> <span class='ocrx_word' id='word_1_316' title='bbox 2549 4278 2625 4349; x_wconf 73' lang='lat'><em>(2)</em></span> <span class='ocrx_word' id='word_1_317' title='bbox 2649 4278 2945 4349; x_wconf 78' lang='lat' dir='ltr'><em>pontificis</em></span> <span class='ocrx_word' id='word_1_318' title='bbox 2968 4295 2998 4332; x_wconf 88' lang='lat' dir='ltr'><em>a</em></span> <span class='ocrx_word' id='word_1_319' title='bbox 3021 4277 3373 4331; x_wconf 85' lang='lat' dir='ltr'><em>Simoniacis</em></span> <span class='ocrx_word' id='word_1_320' title='bbox 3397 4276 3544 4331; x_wconf 90' lang='lat' dir='ltr'><em>male</em></span> <span class='ocrx_word' id='word_1_321' title='bbox 3566 4287 3886 4347; x_wconf 87' lang='lat' dir='ltr'><em>possessus,</em></span> 
     </span>
    </p>
   </div>
   <div class='ocr_carea' id='block_1_49' title="bbox 490 4378 2152 4460">
    <p class='ocr_par' dir='ltr' id='par_1_49' title="bbox 490 4378 2152 4460">
     <span class='ocr_line' id='line_1_49' title="bbox 490 4378 2152 4460; baseline -0.008 -16"><span class='ocrx_word' id='word_1_322' title='bbox 490 4391 666 4460; x_wconf 90' lang='lat' dir='ltr'><em>niqne</em></span> <span class='ocrx_word' id='word_1_323' title='bbox 733 4391 954 4442; x_wconf 81' lang='lat' dir='ltr'><em>sanctae</em></span> <span class='ocrx_word' id='word_1_324' title='bbox 1013 4385 1459 4458; x_wconf 81' lang='lat' dir='ltr'><em>congregationi</em></span> <span class='ocrx_word' id='word_1_325' title='bbox 1520 4385 1633 4438; x_wconf 90' lang='lat' dir='ltr'><em>sub</em></span> <span class='ocrx_word' id='word_1_326' title='bbox 1693 4382 1827 4452; x_wconf 80' lang='lat' dir='ltr'><em>ejus</em></span> <span class='ocrx_word' id='word_1_327' title='bbox 1886 4378 2152 4434; x_wconf 89' lang='lat' dir='ltr'><em>custodia</em></span> 
     </span>
    </p>
   </div>
   <div class='ocr_carea' id='block_1_50' title="bbox 488 4467 2151 4534">
    <p class='ocr_par' dir='ltr' id='par_1_50' title="bbox 488 4467 2151 4534">
     <span class='ocr_line' id='line_1_50' title="bbox 488 4467 2151 4534; baseline -0.01 0"><span class='ocrx_word' id='word_1_328' title='bbox 488 4478 727 4534; x_wconf 87' lang='lat' dir='ltr'><em>Christo</em></span> <span class='ocrx_word' id='word_1_329' title='bbox 745 4475 1009 4528; x_wconf 88' lang='lat' dir='ltr'><em>militanti</em></span> <span class='ocrx_word' id='word_1_330' title='bbox 1029 4475 1389 4529; x_wconf 63' lang='lat' dir='ltr'><em>Bnnuannus</em></span> <span class='ocrx_word' id='word_1_331' title='bbox 1410 4487 1610 4527; x_wconf 89' lang='lat' dir='ltr'><em>comes</em></span> <span class='ocrx_word' id='word_1_332' title='bbox 1629 4467 2151 4524; x_wconf 83' lang='lat' dir='ltr'><em>Bisuldunensium</em></span> 
     </span>
    </p>
   </div>
   <div class='ocr_carea' id='block_1_51' title="bbox 489 4555 2148 4629">
    <p class='ocr_par' dir='ltr' id='par_1_51' title="bbox 489 4555 2148 4629">
     <span class='ocr_line' id='line_1_51' title="bbox 489 4555 2148 4629; baseline -0.008 -8"><span class='ocrx_word' id='word_1_333' title='bbox 489 4565 721 4621; x_wconf 76' lang='lat' dir='ltr'><em>ﬁdelem</em></span> <span class='ocrx_word' id='word_1_334' title='bbox 751 4564 810 4616; x_wconf 92' lang='lat' dir='ltr'><em>in</em></span> <span class='ocrx_word' id='word_1_335' title='bbox 841 4563 1154 4616; x_wconf 90' lang='lat' dir='ltr'><em>Domino...</em></span> <span class='ocrx_word' id='word_1_336' title='bbox 1186 4564 1241 4615; x_wconf 93' lang='lat' dir='ltr'><em>et</em></span> <span class='ocrx_word' id='word_1_337' title='bbox 1270 4562 1511 4615; x_wconf 81' lang='lat' dir='ltr'><em>caeleste</em></span> <span class='ocrx_word' id='word_1_338' title='bbox 1545 4558 1831 4629; x_wconf 89' lang='lat' dir='ltr'><em>consequi</em></span> <span class='ocrx_word' id='word_1_339' title='bbox 1858 4555 2148 4610; x_wconf 80' lang='lat' dir='ltr'><em>brevium.</em></span> 
     </span>
    </p>
   </div>
   <div class='ocr_carea' id='block_1_52' title="bbox 558 4642 2149 4721">
    <p class='ocr_par' dir='ltr' id='par_1_52' title="bbox 558 4642 2149 4721">
     <span class='ocr_line' id='line_1_52' title="bbox 558 4642 2149 4721; baseline -0.008 -15"><span class='ocrx_word' id='word_1_340' title='bbox 558 4652 843 4719; x_wconf 87' lang='lat' dir='ltr'><em>Quoniam</em></span> <span class='ocrx_word' id='word_1_341' title='bbox 863 4650 1143 4721; x_wconf 90' lang='lat' dir='ltr'><em>quidquid</em></span> <span class='ocrx_word' id='word_1_342' title='bbox 1174 4665 1205 4702; x_wconf 90' lang='lat' dir='ltr'><em>a</em></span> <span class='ocrx_word' id='word_1_343' title='bbox 1239 4665 1329 4702; x_wconf 89' lang='lat' dir='ltr'><em>me</em></span> <span class='ocrx_word' id='word_1_344' title='bbox 1364 4649 1621 4718; x_wconf 89' lang='lat' dir='ltr'><em>mihique</em></span> <span class='ocrx_word' id='word_1_345' title='bbox 1653 4644 2044 4699; x_wconf 68' lang='lat' dir='ltr'><em>saecularibus</em></span> <span class='ocrx_word' id='word_1_346' title='bbox 2068 4642 2149 4695; x_wconf 89' lang='lat' dir='ltr'><em>vi-</em></span> 
     </span>
    </p>
   </div>
   <div class='ocr_carea' id='block_1_53' title="bbox 488 4731 2149 4804">
    <p class='ocr_par' dir='ltr' id='par_1_53' title="bbox 488 4731 2149 4804">
     <span class='ocr_line' id='line_1_53' title="bbox 488 4731 2149 4804; baseline -0.009 -6"><span class='ocrx_word' id='word_1_347' title='bbox 488 4740 701 4798; x_wconf 90' lang='lat' dir='ltr'><em>delicet</em></span> <span class='ocrx_word' id='word_1_348' title='bbox 731 4736 1070 4793; x_wconf 90' lang='lat' dir='ltr'><em>hominibus</em></span> <span class='ocrx_word' id='word_1_349' title='bbox 1100 4737 1159 4790; x_wconf 92' lang='lat' dir='ltr'><em>in</em></span> <span class='ocrx_word' id='word_1_350' title='bbox 1188 4735 1300 4790; x_wconf 91' lang='lat' dir='ltr'><em>hoc</em></span> <span class='ocrx_word' id='word_1_351' title='bbox 1324 4735 1546 4790; x_wconf 83' lang='lat' dir='ltr'><em>saeculo</em></span> <span class='ocrx_word' id='word_1_352' title='bbox 1566 4748 1815 4804; x_wconf 89' lang='lat' dir='ltr'><em>nequam</em></span> <span class='ocrx_word' id='word_1_353' title='bbox 1845 4732 2022 4803; x_wconf 83' lang='lat' dir='ltr'><em>digne</em></span> <span class='ocrx_word' id='word_1_354' title='bbox 2045 4731 2149 4784; x_wconf 90' lang='lat' dir='ltr'><em>de-</em></span> 
     </span>
    </p>
   </div>
   <div class='ocr_carea' id='block_1_54' title="bbox 485 4819 2151 4899">
    <p class='ocr_par' dir='ltr' id='par_1_54' title="bbox 485 4819 2151 4899">
     <span class='ocr_line' id='line_1_54' title="bbox 485 4819 2151 4899; baseline -0.008 -15"><span class='ocrx_word' id='word_1_355' title='bbox 485 4833 699 4884; x_wconf 85' lang='lat' dir='ltr'><em>voteve</em></span> <span class='ocrx_word' id='word_1_356' title='bbox 727 4828 941 4899; x_wconf 86' lang='lat' dir='ltr'><em>agitur,</em></span> <span class='ocrx_word' id='word_1_357' title='bbox 967 4824 1358 4894; x_wconf 89' lang='lat' dir='ltr'><em>spiritualium</em></span> <span class='ocrx_word' id='word_1_358' title='bbox 1379 4824 1639 4877; x_wconf 87' lang='lat' dir='ltr'><em>virorum</em></span> <span class='ocrx_word' id='word_1_359' title='bbox 1660 4821 1939 4892; x_wconf 88' lang='lat' dir='ltr'><em>precibus</em></span> <span class='ocrx_word' id='word_1_360' title='bbox 1969 4819 2151 4887; x_wconf 88' lang='lat' dir='ltr'><em>impe-</em></span> 
     </span>
    </p>
   </div>
   <div class='ocr_carea' id='block_1_55' title="bbox 488 4908 2149 4985">
    <p class='ocr_par' dir='ltr' id='par_1_55' title="bbox 488 4908 2149 4985">
     <span class='ocr_line' id='line_1_55' title="bbox 488 4908 2149 4985; baseline -0.007 -13"><span class='ocrx_word' id='word_1_361' title='bbox 488 4920 700 4973; x_wconf 87' lang='lat' dir='ltr'><em>tratum</em></span> <span class='ocrx_word' id='word_1_362' title='bbox 723 4932 836 4971; x_wconf 87' lang='lat' dir='ltr'><em>non</em></span> <span class='ocrx_word' id='word_1_363' title='bbox 856 4914 1113 4985; x_wconf 88' lang='lat' dir='ltr'><em>ambigo.</em></span> <span class='ocrx_word' id='word_1_364' title='bbox 1130 4912 1357 4967; x_wconf 89' lang='lat' dir='ltr'><em>Idcirco</em></span> <span class='ocrx_word' id='word_1_365' title='bbox 1376 4912 1656 4966; x_wconf 87' lang='lat' dir='ltr'><em>arbitratu</em></span> <span class='ocrx_word' id='word_1_366' title='bbox 1675 4926 1804 4964; x_wconf 90' lang='lat' dir='ltr'><em>meo</em></span> <span class='ocrx_word' id='word_1_367' title='bbox 1824 4908 1941 4963; x_wconf 90' lang='lat' dir='ltr'><em>illis</em></span> <span class='ocrx_word' id='word_1_368' title='bbox 1954 4908 2149 4961; x_wconf 86' lang='lat' dir='ltr'><em>existi-</em></span> 
     </span>
    </p>
   </div>
   <div class='ocr_carea' id='block_1_56' title="bbox 487 4996 2150 5072">
    <p class='ocr_par' dir='ltr' id='par_1_56' title="bbox 487 4996 2150 5072">
     <span class='ocr_line' id='line_1_56' title="bbox 487 4996 2150 5072; baseline -0.007 -12"><span class='ocrx_word' id='word_1_369' title='bbox 487 5019 584 5060; x_wconf 89' lang='lat' dir='ltr'><em>mo</em></span> <span class='ocrx_word' id='word_1_370' title='bbox 598 5001 1220 5072; x_wconf 84' lang='lat' dir='ltr'><em>referendum,quibus</em></span> <span class='ocrx_word' id='word_1_371' title='bbox 1234 4999 1731 5055; x_wconf 88' lang='lat' dir='ltr'><em>intercessoribus</em></span> <span class='ocrx_word' id='word_1_372' title='bbox 1744 4998 1879 5069; x_wconf 84' lang='lat' dir='ltr'><em>jure</em></span> <span class='ocrx_word' id='word_1_373' title='bbox 1892 4996 2150 5051; x_wconf 85' lang='lat' dir='ltr'><em>creditur</em></span> 
     </span>
    </p>
   </div>
   <div class='ocr_carea' id='block_1_57' title="bbox 489 5086 2147 5162">
    <p class='ocr_par' dir='ltr' id='par_1_57' title="bbox 489 5086 2147 5162">
     <span class='ocr_line' id='line_1_57' title="bbox 489 5086 2147 5162; baseline -0.005 -16"><span class='ocrx_word' id='word_1_374' title='bbox 489 5091 789 5161; x_wconf 85' lang='lat' dir='ltr'><em>adeptum,</em></span> <span class='ocrx_word' id='word_1_375' title='bbox 831 5096 1121 5162; x_wconf 87' lang='lat' dir='ltr'><em>quatenus</em></span> <span class='ocrx_word' id='word_1_376' title='bbox 1168 5089 1401 5144; x_wconf 89' lang='lat' dir='ltr'><em>illorum</em></span> <span class='ocrx_word' id='word_1_377' title='bbox 1446 5088 1763 5161; x_wconf 86' lang='lat' dir='ltr'><em>gratiarum</em></span> <span class='ocrx_word' id='word_1_378' title='bbox 1810 5086 2037 5141; x_wconf 90' lang='lat' dir='ltr'><em>actione</em></span> <span class='ocrx_word' id='word_1_379' title='bbox 2078 5098 2147 5137; x_wconf 90' lang='lat' dir='ltr'><em>ac</em></span> 
     </span>
    </p>
   </div>
   <div class='ocr_carea' id='block_1_58' title="bbox 487 5174 2147 5249">
    <p class='ocr_par' dir='ltr' id='par_1_58' title="bbox 487 5174 2147 5249">
     <span class='ocr_line' id='line_1_58' title="bbox 487 5174 2147 5249; baseline -0.003 -19"><span class='ocrx_word' id='word_1_380' title='bbox 487 5178 1006 5249; x_wconf 77' lang='lat' dir='ltr'><em>providentissime</em></span> <span class='ocrx_word' id='word_1_381' title='bbox 1045 5194 1184 5232; x_wconf 87' lang='lat' dir='ltr'><em>cura</em></span> <span class='ocrx_word' id='word_1_382' title='bbox 1224 5177 1481 5231; x_wconf 90' lang='lat' dir='ltr'><em>obtineat</em></span> <span class='ocrx_word' id='word_1_383' title='bbox 1521 5174 1891 5230; x_wconf 89' lang='lat' dir='ltr'><em>rectitudinis</em></span> <span class='ocrx_word' id='word_1_384' title='bbox 1934 5175 2147 5227; x_wconf 87' lang='lat' dir='ltr'><em>statum</em></span> 
     </span>
    </p>
   </div>
   <div class='ocr_carea' id='block_1_59' title="bbox 489 5263 2148 5337">
    <p class='ocr_par' dir='ltr' id='par_1_59' title="bbox 489 5263 2148 5337">
     <span class='ocr_line' id='line_1_59' title="bbox 489 5263 2148 5337; baseline -0.003 -19"><span class='ocrx_word' id='word_1_385' title='bbox 489 5263 646 5337; x_wconf 89' lang='lat' dir='ltr'><em>quod</em></span> <span class='ocrx_word' id='word_1_386' title='bbox 669 5264 741 5318; x_wconf 87' lang='lat' dir='ltr'><em>ab</em></span> <span class='ocrx_word' id='word_1_387' title='bbox 764 5265 1072 5320; x_wconf 88' lang='lat' dir='ltr'><em>immeritis</em></span> <span class='ocrx_word' id='word_1_388' title='bbox 1093 5266 1267 5320; x_wconf 83' lang='lat' dir='ltr'><em>fuerit</em></span> <span class='ocrx_word' id='word_1_389' title='bbox 1290 5263 2026 5330; x_wconf 86' lang='lat' dir='ltr'><em>inchoatum.Quapr0pter</em></span> <span class='ocrx_word' id='word_1_390' title='bbox 2046 5275 2148 5314; x_wconf 89' lang='lat' dir='ltr'><em>no-</em></span> 
     </span>
    </p>
   </div>
   <div class='ocr_carea' id='block_1_60' title="bbox 487 5348 2148 5421">
    <p class='ocr_par' dir='ltr' id='par_1_60' title="bbox 487 5348 2148 5421">
     <span class='ocr_line' id='line_1_60' title="bbox 487 5348 2148 5421; baseline -0.003 -14"><span class='ocrx_word' id='word_1_391' title='bbox 487 5352 641 5407; x_wconf 85' lang='lat' dir='ltr'><em>verit</em></span> <span class='ocrx_word' id='word_1_392' title='bbox 670 5356 868 5406; x_wconf 89' lang='lat' dir='ltr'><em>vestra</em></span> <span class='ocrx_word' id='word_1_393' title='bbox 908 5353 1002 5421; x_wconf 89' lang='lat' dir='ltr'><em>pia</em></span> <span class='ocrx_word' id='word_1_394' title='bbox 1041 5353 1410 5419; x_wconf 90' lang='lat' dir='ltr'><em>sollicitudo,</em></span> <span class='ocrx_word' id='word_1_395' title='bbox 1455 5353 1648 5406; x_wconf 91' lang='lat' dir='ltr'><em>locum</em></span> <span class='ocrx_word' id='word_1_396' title='bbox 1688 5350 1793 5404; x_wconf 91' lang='lat' dir='ltr'><em>Dei</em></span> <span class='ocrx_word' id='word_1_397' title='bbox 1831 5348 2148 5403; x_wconf 91' lang='lat' dir='ltr'><em>Genitricis</em></span> 
     </span>
    </p>
   </div>
   <div class='ocr_carea' id='block_1_61' title="bbox 488 5436 2147 5511">
    <p class='ocr_par' dir='ltr' id='par_1_61' title="bbox 488 5436 2147 5511">
     <span class='ocr_line' id='line_1_61' title="bbox 488 5436 2147 5511; baseline -0.004 -16"><span class='ocrx_word' id='word_1_398' title='bbox 488 5440 691 5495; x_wconf 81' lang='lat' dir='ltr'><em>Mariae</em></span> <span class='ocrx_word' id='word_1_399' title='bbox 717 5439 1126 5507; x_wconf 80' lang='lat' dir='ltr'><em>Rivipollentis</em></span> <span class='ocrx_word' id='word_1_400' title='bbox 1141 5441 1217 5509; x_wconf 85' lang='lat' dir='ltr'><em>(l)</em></span> <span class='ocrx_word' id='word_1_401' title='bbox 1233 5438 1695 5511; x_wconf 86' lang='lat' dir='ltr'><em>coenobili,qui,a</em></span> <span class='ocrx_word' id='word_1_402' title='bbox 1715 5441 1975 5506; x_wconf 87' lang='lat' dir='ltr'><em>tempore</em></span> <span class='ocrx_word' id='word_1_403' title='bbox 1987 5436 2147 5489; x_wconf 88' lang='lat' dir='ltr'><em>dom-</em></span> 
     </span>
    </p>
   </div>
   <div class='ocr_carea' id='block_1_62' title="bbox 560 5575 2145 5651">
    <p class='ocr_par' dir='ltr' id='par_1_62' title="bbox 560 5575 2145 5651">
     <span class='ocr_line' id='line_1_62' title="bbox 560 5575 2145 5651; baseline -0.004 -15"><span class='ocrx_word' id='word_1_404' title='bbox 560 5581 637 5651; x_wconf 84' lang='grc'><em>(1)</em></span> <span class='ocrx_word' id='word_1_405' title='bbox 671 5579 1074 5651; x_wconf 79' lang='lat' dir='ltr'><em>Rivipullense</em></span> <span class='ocrx_word' id='word_1_406' title='bbox 1109 5580 1550 5647; x_wconf 87' lang='lat' dir='ltr'><em>monasterium,</em></span> <span class='ocrx_word' id='word_1_407' title='bbox 1584 5578 1809 5651; x_wconf 85' lang='lat' dir='ltr'><em>Gallice</em></span> <span class='ocrx_word' id='word_1_408' title='bbox 1833 5575 2145 5651; x_wconf 82' lang='lat' dir='ltr'><em>Ripouille,</em></span> 
     </span>
    </p>
   </div>
   <div class='ocr_carea' id='block_1_63' title="bbox 486 5648 2145 5724">
    <p class='ocr_par' dir='ltr' id='par_1_63' title="bbox 486 5648 2145 5724">
     <span class='ocr_line' id='line_1_63' title="bbox 486 5648 2145 5724; baseline -0.005 -16"><span class='ocrx_word' id='word_1_409' title='bbox 486 5648 989 5724; x_wconf 64' lang='lat' dir='ltr'><em>insigneordinjs</em></span> <span class='ocrx_word' id='word_1_410' title='bbox 999 5651 1393 5724; x_wconf 23' lang='lat' dir='ltr'><em>_SA.A1_3enedic_ti</em></span> <span class='ocrx_word' id='word_1_411' title='bbox 1422 5649 1757 5724; x_wconf 89' lang='lat' dir='ltr'><em>in_dioe_cesi</em></span> <span class='ocrx_word' id='word_1_412' title='bbox 1786 5648 2145 5724; x_wconf 71' lang='lat' dir='ltr'><em>Ausonensi,</em></span> 
     </span>
    </p>
   </div>
   <div class='ocr_carea' id='block_1_64' title="bbox 487 5717 2148 5791">
    <p class='ocr_par' dir='ltr' id='par_1_64' title="bbox 487 5717 2148 5791">
     <span class='ocr_line' id='line_1_64' title="bbox 487 5717 2148 5791; baseline -0.004 -11"><span class='ocrx_word' id='word_1_413' title='bbox 487 5717 643 5791; x_wconf 61' lang='lat' dir='ltr'><em>anno</em></span> <span class='ocrx_word' id='word_1_414' title='bbox 686 5722 791 5780; x_wconf 88' lang='lat'><em>888</em></span> <span class='ocrx_word' id='word_1_415' title='bbox 839 5738 871 5777; x_wconf 89' lang='lat' dir='ltr'><em>a</em></span> <span class='ocrx_word' id='word_1_416' title='bbox 908 5719 1170 5777; x_wconf 83' lang='lat' dir='ltr'><em>Wifrido</em></span> <span class='ocrx_word' id='word_1_417' title='bbox 1210 5721 1421 5777; x_wconf 87' lang='lat' dir='ltr'><em>comite</em></span> <span class='ocrx_word' id='word_1_418' title='bbox 1467 5719 1894 5777; x_wconf 86' lang='lat' dir='ltr'><em>Barcinonensi</em></span> <span class='ocrx_word' id='word_1_419' title='bbox 1932 5717 2148 5775; x_wconf 89' lang='lat' dir='ltr'><em>condi-</em></span> 
     </span>
    </p>
   </div>
   <div class='ocr_carea' id='block_1_65' title="bbox 2263 4360 3887 4438">
    <p class='ocr_par' dir='ltr' id='par_1_65' title="bbox 2263 4360 3887 4438">
     <span class='ocr_line' id='line_1_65' title="bbox 2263 4360 3887 4438; baseline -0.006 -16"><span class='ocrx_word' id='word_1_420' title='bbox 2263 4369 2532 4438; x_wconf 89' lang='lat' dir='ltr'><em>turpibus</em></span> <span class='ocrx_word' id='word_1_421' title='bbox 2557 4368 2953 4422; x_wconf 85' lang='lat' dir='ltr'><em>succubuerat</em></span> <span class='ocrx_word' id='word_1_422' title='bbox 2981 4365 3333 4437; x_wconf 64' lang='lat' dir='ltr'><em>quaestibus,</em></span> <span class='ocrx_word' id='word_1_423' title='bbox 3368 4364 3640 4437; x_wconf 83' lang='lat' dir='ltr'><em>ejusdem</em></span> <span class='ocrx_word' id='word_1_424' title='bbox 3671 4364 3766 4418; x_wconf 90' lang='lat' dir='ltr'><em>Dei</em></span> <span class='ocrx_word' id='word_1_425' title='bbox 3793 4360 3887 4415; x_wconf 86' lang='lat' dir='ltr'><em>Ge-</em></span> 
     </span>
    </p>
   </div>
   <div class='ocr_carea' id='block_1_66' title="bbox 2262 4448 3889 4526">
    <p class='ocr_par' dir='ltr' id='par_1_66' title="bbox 2262 4448 3889 4526">
     <span class='ocr_line' id='line_1_66' title="bbox 2262 4448 3889 4526; baseline -0.006 -14"><span class='ocrx_word' id='word_1_426' title='bbox 2262 4458 2490 4512; x_wconf 84' lang='lat' dir='ltr'><em>nitricis</em></span> <span class='ocrx_word' id='word_1_427' title='bbox 2520 4457 2756 4525; x_wconf 86' lang='lat' dir='ltr'><em>auxilio,</em></span> <span class='ocrx_word' id='word_1_428' title='bbox 2780 4460 3013 4526; x_wconf 86' lang='lat' dir='ltr'><em>tamque</em></span> <span class='ocrx_word' id='word_1_429' title='bbox 3036 4459 3239 4508; x_wconf 89' lang='lat' dir='ltr'><em>vestro</em></span> <span class='ocrx_word' id='word_1_430' title='bbox 3269 4471 3441 4525; x_wconf 88' lang='lat' dir='ltr'><em>quam</em></span> <span class='ocrx_word' id='word_1_431' title='bbox 3467 4457 3818 4516; x_wconf 84' lang='lat' dir='ltr'><em>caeterorum,</em></span> <span class='ocrx_word' id='word_1_432' title='bbox 3840 4448 3889 4499; x_wconf 76' lang='lat' dir='ltr'><em>ut</em></span> 
     </span>
    </p>
   </div>
   <div class='ocr_carea' id='block_1_67' title="bbox 2263 4542 3888 4615">
    <p class='ocr_par' dir='ltr' id='par_1_67' title="bbox 2263 4542 3888 4615">
     <span class='ocr_line' id='line_1_67' title="bbox 2263 4542 3888 4615; baseline -0.007 -15"><span class='ocrx_word' id='word_1_433' title='bbox 2263 4546 2464 4615; x_wconf 88' lang='lat' dir='ltr'><em>credo,</em></span> <span class='ocrx_word' id='word_1_434' title='bbox 2489 4546 2747 4599; x_wconf 86' lang='lat' dir='ltr'><em>ﬁdelium</em></span> <span class='ocrx_word' id='word_1_435' title='bbox 2781 4545 3040 4613; x_wconf 85' lang='lat' dir='ltr'><em>obtentu,</em></span> <span class='ocrx_word' id='word_1_436' title='bbox 3068 4559 3159 4598; x_wconf 89' lang='lat' dir='ltr'><em>me</em></span> <span class='ocrx_word' id='word_1_437' title='bbox 3182 4543 3255 4597; x_wconf 86' lang='lat' dir='ltr'><em>ab</em></span> <span class='ocrx_word' id='word_1_438' title='bbox 3279 4543 3436 4596; x_wconf 90' lang='lat' dir='ltr'><em>omni</em></span> <span class='ocrx_word' id='word_1_439' title='bbox 3467 4542 3756 4596; x_wconf 66' lang='lat' dir='ltr'><em>haeretica:</em></span> <span class='ocrx_word' id='word_1_440' title='bbox 3782 4551 3888 4607; x_wconf 84' lang='lat' dir='ltr'><em>pra-</em></span> 
     </span>
    </p>
   </div>
   <div class='ocr_carea' id='block_1_68' title="bbox 2262 4624 3887 4706">
    <p class='ocr_par' dir='ltr' id='par_1_68' title="bbox 2262 4624 3887 4706">
     <span class='ocr_line' id='line_1_68' title="bbox 2262 4624 3887 4706; baseline -0.007 -19"><span class='ocrx_word' id='word_1_441' title='bbox 2262 4636 2458 4689; x_wconf 72' lang='lat' dir='ltr'><em>vitatis</em></span> <span class='ocrx_word' id='word_1_442' title='bbox 2488 4635 2759 4706; x_wconf 84' lang='lat' dir='ltr'><em>contagio</em></span> <span class='ocrx_word' id='word_1_443' title='bbox 2794 4633 3180 4700; x_wconf 82' lang='lat' dir='ltr'><em>cmundasse&#39;,</em></span> <span class='ocrx_word' id='word_1_444' title='bbox 3206 4632 3484 4701; x_wconf 90' lang='lat' dir='ltr'><em>illumque</em></span> <span class='ocrx_word' id='word_1_445' title='bbox 3515 4624 3887 4699; x_wconf 85' lang='lat' dir='ltr'><em>pseudoabba-</em></span> 
     </span>
    </p>
   </div>
   <div class='ocr_carea' id='block_1_69' title="bbox 2260 4713 3886 4793">
    <p class='ocr_par' dir='ltr' id='par_1_69' title="bbox 2260 4713 3886 4793">
     <span class='ocr_line' id='line_1_69' title="bbox 2260 4713 3886 4793; baseline -0.009 -15"><span class='ocrx_word' id='word_1_446' title='bbox 2260 4731 2376 4781; x_wconf 90' lang='lat' dir='ltr'><em>tem</em></span> <span class='ocrx_word' id='word_1_447' title='bbox 2401 4724 2704 4791; x_wconf 84' lang='lat' dir='ltr'><em>Mironem,</em></span> <span class='ocrx_word' id='word_1_448' title='bbox 2730 4723 2829 4793; x_wconf 87' lang='lat' dir='ltr'><em>qui</em></span> <span class='ocrx_word' id='word_1_449' title='bbox 2852 4724 2986 4792; x_wconf 81' lang='lat' dir='ltr'><em>post</em></span> <span class='ocrx_word' id='word_1_450' title='bbox 3007 4720 3378 4774; x_wconf 84' lang='lat' dir='ltr'><em>interdictum</em></span> <span class='ocrx_word' id='word_1_451' title='bbox 3399 4718 3560 4773; x_wconf 84' lang='lat' dir='ltr'><em>sedis</em></span> <span class='ocrx_word' id='word_1_452' title='bbox 3580 4713 3886 4787; x_wconf 64' lang='lat' dir='ltr'><em>apostolicae</em></span> 
     </span>
    </p>
   </div>
   <div class='ocr_carea' id='block_1_70' title="bbox 2260 4803 3885 4886">
    <p class='ocr_par' dir='ltr' id='par_1_70' title="bbox 2260 4803 3885 4886">
     <span class='ocr_line' id='line_1_70' title="bbox 2260 4803 3885 4886; baseline -0.01 -16"><span class='ocrx_word' id='word_1_453' title='bbox 2260 4814 2530 4886; x_wconf 80' lang='lat' dir='ltr'><em>ejusdem</em></span> <span class='ocrx_word' id='word_1_454' title='bbox 2564 4812 2830 4882; x_wconf 84' lang='lat' dir='ltr'><em>regimen</em></span> <span class='ocrx_word' id='word_1_455' title='bbox 2863 4813 3107 4863; x_wconf 87' lang='lat' dir='ltr'><em>conatus</em></span> <span class='ocrx_word' id='word_1_456' title='bbox 3149 4809 3241 4862; x_wconf 87' lang='lat' dir='ltr'><em>est</em></span> <span class='ocrx_word' id='word_1_457' title='bbox 3284 4807 3603 4860; x_wconf 87' lang='lat' dir='ltr'><em>simoniace</em></span> <span class='ocrx_word' id='word_1_458' title='bbox 3634 4803 3885 4861; x_wconf 82' lang='lat' dir='ltr'><em>obtinere,</em></span> 
     </span>
    </p>
   </div>
   <div class='ocr_carea' id='block_1_71' title="bbox 2261 4882 3887 4967">
    <p class='ocr_par' dir='ltr' id='par_1_71' title="bbox 2261 4882 3887 4967">
     <span class='ocr_line' id='line_1_71' title="bbox 2261 4882 3887 4967; baseline -0.009 -10"><span class='ocrx_word' id='word_1_459' title='bbox 2261 4882 2458 4958; x_wconf 79' lang='lat' dir='ltr'><em>domui</em></span> <span class='ocrx_word' id='word_1_460' title='bbox 2493 4899 2758 4954; x_wconf 83' lang='lat' dir='ltr'><em>Guifrcdi</em></span> <span class='ocrx_word' id='word_1_461' title='bbox 2803 4896 3265 4967; x_wconf 82' lang='lat' dir='ltr'><em>archiepiscopi,</em></span> <span class='ocrx_word' id='word_1_462' title='bbox 3310 4910 3540 4949; x_wconf 88' lang='lat' dir='ltr'><em>necnon</em></span> <span class='ocrx_word' id='word_1_463' title='bbox 3579 4882 3887 4960; x_wconf 75' lang='lat' dir='ltr'><em>Berengarii</em></span> 
     </span>
    </p>
   </div>
   <div class='ocr_carea' id='block_1_72' title="bbox 2260 4981 3890 5058">
    <p class='ocr_par' dir='ltr' id='par_1_72' title="bbox 2260 4981 3890 5058">
     <span class='ocr_line' id='line_1_72' title="bbox 2260 4981 3890 5058; baseline -0.01 -12"><span class='ocrx_word' id='word_1_464' title='bbox 2260 4989 2666 5047; x_wconf 89' lang='lat' dir='ltr'><em>Gerundensis</em></span> <span class='ocrx_word' id='word_1_465' title='bbox 2688 4986 2973 5058; x_wconf 90' lang='lat' dir='ltr'><em>episcopi,</em></span> <span class='ocrx_word' id='word_1_466' title='bbox 2990 5001 3056 5039; x_wconf 88' lang='lat' dir='ltr'><em>ac</em></span> <span class='ocrx_word' id='word_1_467' title='bbox 3075 4983 3367 5039; x_wconf 88' lang='lat' dir='ltr'><em>Guillelmi</em></span> <span class='ocrx_word' id='word_1_468' title='bbox 3385 4981 3750 5036; x_wconf 88' lang='lat' dir='ltr'><em>Ausonensis</em></span> <span class='ocrx_word' id='word_1_469' title='bbox 3770 4987 3890 5047; x_wconf 70' lang='grc' dir='ltr'><em>Ρῐω·</em></span> 
     </span>
    </p>
   </div>
   <div class='ocr_carea' id='block_1_73' title="bbox 2262 5064 3886 5149">
    <p class='ocr_par' dir='ltr' id='par_1_73' title="bbox 2262 5064 3886 5149">
     <span class='ocr_line' id='line_1_73' title="bbox 2262 5064 3886 5149; baseline -0.013 -15"><span class='ocrx_word' id='word_1_470' title='bbox 2262 5080 2412 5135; x_wconf 91' lang='lat' dir='ltr'><em>sulis</em></span> <span class='ocrx_word' id='word_1_471' title='bbox 2431 5077 2745 5149; x_wconf 81' lang='lat' dir='ltr'><em>adjutorio,</em></span> <span class='ocrx_word' id='word_1_472' title='bbox 2761 5090 2893 5129; x_wconf 89' lang='lat' dir='ltr'><em>cum</em></span> <span class='ocrx_word' id='word_1_473' title='bbox 2913 5074 3041 5128; x_wconf 89' lang='lat' dir='ltr'><em>suis</em></span> <span class='ocrx_word' id='word_1_474' title='bbox 3056 5072 3409 5127; x_wconf 85' lang='lat' dir='ltr'><em>satellitibus</em></span> <span class='ocrx_word' id='word_1_475' title='bbox 3428 5070 3721 5124; x_wconf 89' lang='lat' dir='ltr'><em>universis</em></span> <span class='ocrx_word' id='word_1_476' title='bbox 3736 5082 3765 5120; x_wconf 88' lang='lat' dir='ltr'><em>a</em></span> <span class='ocrx_word' id='word_1_477' title='bbox 3779 5064 3886 5117; x_wconf 89' lang='lat' dir='ltr'><em>loco</em></span> 
     </span>
    </p>
   </div>
   <div class='ocr_carea' id='block_1_74' title="bbox 2260 5159 3883 5238">
    <p class='ocr_par' dir='ltr' id='par_1_74' title="bbox 2260 5159 3883 5238">
     <span class='ocr_line' id='line_1_74' title="bbox 2260 5159 3883 5238; baseline -0.011 -14"><span class='ocrx_word' id='word_1_478' title='bbox 2260 5172 2317 5224; x_wconf 90' lang='lat' dir='ltr'><em>et</em></span> <span class='ocrx_word' id='word_1_479' title='bbox 2349 5167 2656 5238; x_wconf 85' lang='lat' dir='ltr'><em>regimine,</em></span> <span class='ocrx_word' id='word_1_480' title='bbox 2695 5165 2824 5217; x_wconf 91' lang='lat' dir='ltr'><em>sine</em></span> <span class='ocrx_word' id='word_1_481' title='bbox 2856 5162 2973 5216; x_wconf 88' lang='lat' dir='ltr'><em>ullo</em></span> <span class='ocrx_word' id='word_1_482' title='bbox 3006 5159 3395 5215; x_wconf 87' lang='lat' dir='ltr'><em>restitutionis</em></span> <span class='ocrx_word' id='word_1_483' title='bbox 3426 5162 3700 5228; x_wconf 86' lang='lat' dir='ltr'><em>respectu</em></span> <span class='ocrx_word' id='word_1_484' title='bbox 3729 5164 3883 5220; x_wconf 83' lang='lat' dir='ltr'><em>expu-</em></span> 
     </span>
    </p>
   </div>
   <div class='ocr_carea' id='block_1_75' title="bbox 2260 5241 3884 5325">
    <p class='ocr_par' dir='ltr' id='par_1_75' title="bbox 2260 5241 3884 5325">
     <span class='ocr_line' id='line_1_75' title="bbox 2260 5241 3884 5325; baseline -0.009 -14"><span class='ocrx_word' id='word_1_485' title='bbox 2260 5258 2437 5321; x_wconf 87' lang='lat' dir='ltr'><em>lisse;</em></span> <span class='ocrx_word' id='word_1_486' title='bbox 2473 5270 2587 5325; x_wconf 93' lang='lat' dir='ltr'><em>quo</em></span> <span class='ocrx_word' id='word_1_487' title='bbox 2621 5251 2868 5321; x_wconf 89' lang='lat' dir='ltr'><em>depulso</em></span> <span class='ocrx_word' id='word_1_488' title='bbox 2893 5266 3023 5302; x_wconf 89' lang='lat' dir='ltr'><em>cum</em></span> <span class='ocrx_word' id='word_1_489' title='bbox 3046 5262 3376 5319; x_wconf 67' lang='lat' dir='ltr'><em>qumrerem</em></span> <span class='ocrx_word' id='word_1_490' title='bbox 3404 5247 3652 5317; x_wconf 88' lang='lat' dir='ltr'><em>qualiter</em></span> <span class='ocrx_word' id='word_1_491' title='bbox 3679 5241 3763 5297; x_wconf 88' lang='lat' dir='ltr'><em>vel</em></span> <span class='ocrx_word' id='word_1_492' title='bbox 3791 5249 3884 5308; x_wconf 82' lang='lat' dir='ltr'><em>quo</em></span> 
     </span>
    </p>
   </div>
   <div class='ocr_carea' id='block_1_76' title="bbox 2261 5324 3879 5399">
    <p class='ocr_par' dir='ltr' id='par_1_76' title="bbox 2261 5324 3879 5399">
     <span class='ocr_line' id='line_1_76' title="bbox 2261 5324 3879 5399; baseline -0.013 0"><span class='ocrx_word' id='word_1_493' title='bbox 2261 5346 2464 5399; x_wconf 86' lang='lat' dir='ltr'><em>ordine</em></span> <span class='ocrx_word' id='word_1_494' title='bbox 2488 5342 2559 5396; x_wconf 87' lang='lat' dir='ltr'><em>ab</em></span> <span class='ocrx_word' id='word_1_495' title='bbox 2584 5342 2681 5394; x_wconf 92' lang='lat' dir='ltr'><em>illo</em></span> <span class='ocrx_word' id='word_1_496' title='bbox 2713 5343 2915 5393; x_wconf 87' lang='lat' dir='ltr'><em>sancto</em></span> <span class='ocrx_word' id='word_1_497' title='bbox 2947 5338 3076 5392; x_wconf 90' lang='lat' dir='ltr'><em>loco</em></span> <span class='ocrx_word' id='word_1_498' title='bbox 3108 5351 3340 5391; x_wconf 90' lang='lat' dir='ltr'><em>omnem</em></span> <span class='ocrx_word' id='word_1_499' title='bbox 3372 5334 3709 5389; x_wconf 77' lang='lat' dir='ltr'><em>haereticum</em></span> <span class='ocrx_word' id='word_1_500' title='bbox 3729 5324 3879 5382; x_wconf 84' lang='lat' dir='ltr'><em>ambi-</em></span> 
     </span>
    </p>
   </div>
   <div class='ocr_carea' id='block_1_77' title="bbox 2259 5411 3881 5498">
    <p class='ocr_par' dir='ltr' id='par_1_77' title="bbox 2259 5411 3881 5498">
     <span class='ocr_line' id='line_1_77' title="bbox 2259 5411 3881 5498; baseline -0.01 -11"><span class='ocrx_word' id='word_1_501' title='bbox 2259 5436 2382 5488; x_wconf 91' lang='lat' dir='ltr'><em>tum</em></span> <span class='ocrx_word' id='word_1_502' title='bbox 2410 5432 2482 5486; x_wconf 92' lang='lat' dir='ltr'><em>de</em></span> <span class='ocrx_word' id='word_1_503' title='bbox 2516 5433 2730 5485; x_wconf 83' lang='lat' dir='ltr'><em>caetero</em></span> <span class='ocrx_word' id='word_1_504' title='bbox 2762 5441 3100 5498; x_wconf 83' lang='lat' dir='ltr'><em>praecavere</em></span> <span class='ocrx_word' id='word_1_505' title='bbox 3129 5440 3402 5496; x_wconf 89' lang='lat' dir='ltr'><em>possem,</em></span> <span class='ocrx_word' id='word_1_506' title='bbox 3433 5423 3493 5477; x_wconf 90' lang='lat' dir='ltr'><em>id</em></span> <span class='ocrx_word' id='word_1_507' title='bbox 3535 5421 3675 5476; x_wconf 91' lang='lat' dir='ltr'><em>mihi</em></span> <span class='ocrx_word' id='word_1_508' title='bbox 3702 5435 3733 5473; x_wconf 87' lang='lat' dir='ltr'><em>a</em></span> <span class='ocrx_word' id='word_1_509' title='bbox 3758 5411 3881 5470; x_wconf 82' lang='lat' dir='ltr'><em>meis</em></span> 
     </span>
    </p>
   </div>
   <div class='ocr_carea' id='block_1_78' title="bbox 2258 5576 3879 5713">
    <p class='ocr_par' dir='ltr' id='par_1_78' title="bbox 2258 5576 3879 5713">
     <span class='ocr_line' id='line_1_78' title="bbox 2258 5576 3879 5713; baseline -0.01 -13"><span class='ocrx_word' id='word_1_510' title='bbox 2258 5576 2541 5713; x_wconf 45' lang='lat' dir='ltr'><em>tugfisiic</em></span> <span class='ocrx_word' id='word_1_511' title='bbox 2557 5642 2722 5697; x_wconf 89' lang='lat' dir='ltr'><em>Oliva</em></span> <span class='ocrx_word' id='word_1_512' title='bbox 2745 5640 2872 5713; x_wconf 85' lang='lat' dir='ltr'><em>sive</em></span> <span class='ocrx_word' id='word_1_513' title='bbox 2885 5638 3052 5713; x_wconf 89' lang='lat' dir='ltr'><em>Oliba</em></span> <span class='ocrx_word' id='word_1_514' title='bbox 3074 5634 3526 5713; x_wconf 61' lang='lat' dir='ltr'><em>episcopusfuit</em></span> <span class='ocrx_word' id='word_1_515' title='bbox 3545 5622 3879 5713; x_wconf 51' lang='lat' dir='ltr'><em>Ausonenfis</em></span> 
     </span>
    </p>
   </div>
   <div class='ocr_carea' id='block_1_79' title="bbox 2259 5696 3880 5787">
    <p class='ocr_par' dir='ltr' id='par_1_79' title="bbox 2259 5696 3880 5787">
     <span class='ocr_line' id='line_1_79' title="bbox 2259 5696 3880 5787; baseline -0.013 -15"><span class='ocrx_word' id='word_1_516' title='bbox 2259 5717 2316 5772; x_wconf 88' lang='lat' dir='ltr'><em>et</em></span> <span class='ocrx_word' id='word_1_517' title='bbox 2330 5696 2532 5771; x_wconf 65' lang='lat' dir='ltr'><em>abbas</em></span> <span class='ocrx_word' id='word_1_518' title='bbox 2543 5696 2992 5786; x_wconf 72' lang='lat' dir='ltr'><em>Rivipullensis,</em></span> <span class='ocrx_word' id='word_1_519' title='bbox 3008 5696 3182 5787; x_wconf 73' lang='lat' dir='ltr'><em>atque</em></span> <span class='ocrx_word' id='word_1_520' title='bbox 3203 5696 3377 5765; x_wconf 74' lang='lat' dir='ltr'><em>etiam</em></span> <span class='ocrx_word' id='word_1_521' title='bbox 3397 5704 3770 5775; x_wconf 73' lang='lat' dir='ltr'><em>Coxanensia,</em></span> <span class='ocrx_word' id='word_1_522' title='bbox 3784 5696 3880 5754; x_wconf 77' lang='lat' dir='ltr'><em>ira-</em></span> 
     </span>
    </p>
   </div>
  </div>
