3978 6178
145 317 230 379 421

1569 312 1977 376 DIPLOMA.

3376 312 3496 375 422

143 510 1024 583 magnatibusplprzecipueabhoc
1038 510 1454 565 archidiacono
1469 511 1715 581 suisque
1747 496 1796 556 A
1832 510 2047 564 domno
2071 510 2342 565 Girberto
2376 509 2649 565 celeriter
2668 511 2740 564 ad
2768 526 2860 564 me
2880 498 3162 581 usquam.
3197 513 3255 565 et
3285 511 3343 564 in
3365 525 3491 564 om-

141 600 384 653 sodalibus
402 602 738 669 suggestum
758 603 870 665 est,
896 602 957 652 ut
972 604 1185 653 vestra:
1216 599 1593 653 dominationi
1617 615 1717 652 ve-

138 689 345 757 strisque
362 687 628 740 institutis
654 686 813 739 illum
831 687 1133 756 subjicere
1156 704 1271 741 non
1290 689 1645 757 refugerent,
1664 688 1717 742 si

135 793 156 827 a
181 777 436 845 perversis
454 775 977 829 machinationibus
998 777 1409 830 haereticorum
1435 778 1716 844 deinceps

135 864 288 917 haberi
314 862 500 916 veliem
534 864 872 932 immunem,
897 864 1060 928 Quod
1085 865 1277 933 ipsum
1312 882 1443 918 cum
1481 866 1581 919 Dei
1614 867 1717 918 Ue-

135 952 310 1005 nitricis
328 966 528 1020 amore,
551 955 674 1005 tum
699 953 902 1019 vestri,
939 953 1015 1005 mi
1047 953 1277 1007 domine
1305 954 1513 1023 abbas,
1534 968 1716 1007 vene-

133 1039 254 1093 randi
271 1039 501 1093 nominis
526 1040 584 1092 in
599 1057 689 1094 me
707 1042 1005 1094 transfusa
1025 1041 1328 1113 dignitate,
1349 1058 1719 1112 nequaquam

132 1129 312 1182 difﬁcile
340 1129 519 1180 visum
550 1132 643 1182 est
674 1130 817 1199 quin
839 1129 1032 1182 statim
1055 1129 1222 1199 justo
1245 1145 1446 1184 eorum
1470 1130 1720 1184 consilio

130 1231 399 1280 annuerem,
441 1217 801 1286 eosdemque
829 1217 899 1270 ad
926 1234 1032 1271 vos
1066 1218 1377 1271 confestim
1412 1220 1717 1284 mitterem,

128 1320 210 1372 que
248 1304 448 1357 eisdem
495 1305 970 1359 convocaremini
1010 1306 1265 1376 nunciis,
1297 1306 1516 1377 quibus
1544 1306 1618 1360 ad
1665 1304 1726 1360 id

128 1391 356 1461 agendum
379 1408 522 1446 usus
557 1408 692 1447 sum
725 1395 1105 1463 consiliariis,
1139 1402 1193 1448 el
1215 1397 1369 1467 quod
1394 1397 1721 1449 eorumliu-

128 1480 240 1548 guis,
268 1479 362 1533 hoc
391 1481 539 1534 idem
573 1482 725 1535 meis
745 1485 997 1536 testarer
1017 1484 1246 1538 litteris.
1266 1485 1434 1539 Unde
1459 1486 1587 1538 volo
1611 1500 1721 1539 vos

126 1569 401 1635 nosse,siid
430 1575 653 1624 vestrae
673 1587 790 1625 non
819 1572 1154 1626 distulerint
1178 1590 1724 1644 morae,mepraepa-

134 1660 270 1709 ratum
297 1672 423 1712 esse
451 1658 596 1712 illud
629 1660 703 1713 de
743 1674 858 1730 quo
889 1661 1083 1732 agitur
1130 1663 1463 1716 coenobium
1504 1668 1721 1716 vestra:

130 1743 394 1799 subsedere
416 1746 642 1817 ditioni,
688 1752 744 1802 et
775 1750 930 1802 serie
963 1750 1271 1818 scripturae
1293 1766 1324 1804 a
1375 1751 1545 1805 vobis
1578 1767 1721 1804 con-

130 1831 251 1887 lecta:
274 1834 495 1903 propria
526 1851 707 1891 manu
726 1837 847 1891 Deo
871 1842 1193 1909 sanctoque
1217 1839 1435 1894 Victori
1467 1841 1724 1912 firmare,

129 1923 169 1970 at
190 1937 447 1992 nunquam
490 1940 522 1976 a
575 1925 805 1995 reliquo
837 1925 913 1978 sit
942 1926 1127 1980 abbas
1159 1928 1272 1981 nisi
1321 1946 1494 1999 quem
1528 1931 1721 1997 vobis,

121 2006 278 2062 domne
291 2010 717 2082 B.,vestrisque
731 2015 1191 2069 successoribus
1206 2032 1279 2070 ex
1294 2018 1561 2071 consulta
1579 2019 1725 2073 Mas-

121 2096 325 2151 siliensis
347 2099 579 2171 collegii
614 2101 995 2173 regularitate
1026 2102 1248 2173 eligere
1271 2105 1577 2175 placuerit;
1610 2108 1721 2161 hoc

119 2186 287 2238 tantum
303 2186 367 2239 ad
390 2204 667 2257 praesens
698 2189 872 2243 nobis
914 2206 1205 2246 concesso
1230 2196 1287 2247 ut
1311 2194 1562 2247 domnus
1581 2195 1722 2251 Gir-

122 2269 290 2338 bertus,
322 2276 407 2327 cui
440 2275 638 2330 omnia
671 2293 805 2346 quae
829 2276 989 2348 juris
1021 2284 1157 2332 sunt
1188 2282 1576 2354 cmnobiijam
1609 2284 1720 2339 du-

120 2358 216 2412 dum
248 2366 365 2415 nota
395 2367 554 2433 sunt,
588 2381 796 2418 curam
848 2366 1005 2421 illius
1039 2370 1437 2438 vestrojussu
1466 2373 1719 2441 primum

119 2453 257 2515 gerat,
278 2467 341 2504 ne
360 2452 527 2521 plebs
566 2454 849 2507 universa
882 2455 980 2508 fiat
1002 2456 1198 2511 minus
1228 2460 1510 2529 religiosa
1545 2478 1719 2531 quam

118 2539 350 2605 convenit,
375 2542 424 2592 si
448 2558 567 2596 non
590 2542 914 2596 licueritilli
943 2544 1095 2598 hunc
1121 2546 1339 2601 habere
1356 2564 1527 2618 quem
1553 2566 1719 2619 qua:-

120 2622 185 2675 rit.
199 2624 259 2679 Ut
284 2631 458 2681 autem
477 2631 679 2683 omnia
697 2648 828 2701 qum
846 2647 987 2704 erga
1007 2650 1115 2688 vos
1131 2640 1511 2707 vestrumque
1526 2638 1718 2692 locum

116 2724 136 2760 a
160 2728 228 2765 me
254 2717 463 2785 agenda
479 2723 649 2787 sunt,
686 2720 895 2774 melius
927 2722 1210 2798 quamhic
1234 2726 1415 2779 scribi
1443 2732 1715 2797 possunt,

117 2798 339 2857 velociter
352 2804 505 2875 fiant,
529 2808 711 2860 simul
736 2807 972 2862 cumbis
991 2811 1227 2864 nunciis
1253 2829 1381 2881 vos,
1401 2816 1477 2867 mi
1506 2816 1719 2872 domne

116 2887 272 2960 abbas,
315 2910 439 2947 cum
486 2895 796 2950 nonnullis
829 2898 1007 2952 vestri
1047 2904 1395 2969 conventus,
1441 2919 1555 2958 non
1589 2906 1718 2959 sine

114 3073 742 3112 Ψ

217 3222 835 3340 ΒΙΡΙΑΟΜΑ
872 3229 1575 3347 BERNABDI
1628 3233 2196 3349 GOMITIS
2254 3229 3353 3403 BISULDUNENSIS

1754 2064 1805 2125 Β

1834 599 2012 652 nibus
2044 615 2176 669 quae
2208 599 2278 652 ad
2322 598 2698 653 stabilitatem
2730 599 2911 669 hujus
2942 601 3159 669 negotii
3201 600 3494 669 pertinere

1835 692 2088 756 possunt
2125 687 2428 757 requisitis
2462 692 2518 741 et
2549 688 2823 756 receptis.
2860 688 3101 742 Demum
3135 689 3290 741 hunc
3321 703 3495 758 quem

1837 775 2204 844 volumus...,
2240 777 2471 829 studeat
2493 777 2800 844 industria,
2836 775 3040 846 sicque
3060 794 3091 829 a
3113 777 3282 830 vobis
3305 780 3494 830 actum

1835 863 1895 916 in
1913 869 2149 917 vestros
2169 879 2564 917 successores
2582 868 2841 919 transeat
2870 881 2974 933 per
2995 865 3213 919 sarcula
3227 868 3494 918 ventura.

1839 951 1997 1023 Ergo
2030 951 2164 1022 quia
2198 953 2467 1006 vitiorum
2499 952 2934 1022 adversatores,
2969 953 3345 1023 cultoresque
3376 954 3499 1006 vir-

1839 1043 1958 1093 tutu
1971 1058 2019 1094 m
2039 1042 2188 1093 fama
2203 1045 2605 1109 praecurrente
2620 1058 2726 1094 vos
2741 1057 2879 1096 esse
2892 1042 3227 1109 didicimus,
3247 1042 3375 1096 ideo
3391 1041 3501 1096 hoc
3566 1080 3567 1083 η

1838 1128 2033 1181 nobile
2066 1129 2418 1191 coenobium,
2452 1129 2629 1198 quod,
2664 1130 2738 1183 ob
2771 1131 3156 1183 reverentiam
3173 1131 3351 1184 totius
3366 1131 3499 1184 reli-

1841 1217 2040 1288 gionis
2070 1220 2126 1270 et
2148 1218 2433 1283 scientiae,
2460 1218 2596 1271 olim
2630 1224 2795 1287 caput
2813 1222 2866 1272 et
2890 1219 3192 1288 specimen
3209 1219 3505 1274 universes

1839 1320 1977 1360 esse
1993 1305 2202 1358 meruit
2218 1304 2631 1374 Esperiae,Deo
2649 1311 3071 1375 annuente,per
3089 1323 3198 1361 vos
3214 1308 3270 1360 in
3286 1310 3502 1361 statum

1841 1394 2156 1461 pristinum
2172 1392 2742 1463 cupimusreparari;
2760 1394 3039 1464 quo,dum
3056 1394 3193 1447 illud
3212 1395 3501 1448 vestriin-

1837 1482 2049 1537 stantia
2066 1485 2450 1551 resumpscrit
2468 1483 2720 1536 habitam
2734 1483 3193 1550 venerationem,
3220 1498 3500 1537 coronam

1835 1572 2043 1644 gloriae
2067 1587 2098 1624 a
2132 1570 2277 1625 Filio
2309 1571 2577 1641 ejusdem
2596 1571 2861 1642 Virginis
2895 1572 3239 1641 suscipiatis
3271 1571 3497 1626 auctio-

1837 1676 1985 1714 rem.
2019 1659 2183 1724 Quod
2217 1660 2268 1712 si
2300 1676 2425 1714 rem
2456 1662 2570 1713 tam
2622 1659 2861 1730 dignam
2908 1675 3016 1713 nec
3050 1659 3155 1713 Dei
3184 1675 3383 1714 amore
3415 1660 3499 1713 di-

1835 1749 1997 1819 gnati
2030 1748 2259 1802 fueritis
2292 1748 2878 1818 suseipere,uecesse
2907 1749 3014 1801 erit
3041 1748 3214 1802 nobis
3235 1748 3375 1802 alibi
3408 1749 3495 1802 in-

1835 1838 2073 1908 quirere
2092 1854 2223 1891 cum
2256 1837 2475 1907 quibus
2506 1841 2561 1890 et
2591 1851 2697 1906 per
2725 1852 2876 1906 quos
2898 1835 3236 1891 acerbitatis
3276 1840 3499 1890 nostrae

1835 1928 2003 1981 virus
2029 1925 2331 1995 possimus
2355 1926 2670 1995 deponere.
2692 1925 2869 1979 Scitis
2892 1924 3318 1995 quidvelimus,
3340 1928 3500 1979 orate

1836 2019 1899 2069 ut
1944 2015 2266 2084 possimus.
2315 2014 2504 2085 Igitur
2542 2016 2722 2068 totum
2773 2016 2828 2067 et
2857 2014 3110 2083 amplius
3139 2028 3313 2083 quam
3344 2013 3500 2084 quod

1838 2119 2040 2159 comes
2061 2102 2564 2157 Barchinonensis
2584 2102 2654 2155 de
2669 2102 2939 2156 ccenobio
2954 2101 3184 2156 Sancta:
3207 2101 3409 2156 Mariae
3424 2101 3502 2172 (3)

1838 2193 2076 2248 Cressae
2088 2191 2260 2245 vobis
2276 2190 2551 2261 fecit,cgo
2565 2190 3043 2249 dumlibertatem
3064 2190 3503 2244 Massiliensem

1837 2283 1910 2336 de
1941 2284 2054 2335 isto
2083 2282 2358 2351 properat
2391 2278 2606 2344 facere,
2640 2282 2884 2347 excepto
2918 2278 3071 2347 quod
3096 2293 3204 2331 nec
3236 2278 3498 2346 gladium

1840 2386 2030 2442 neque
2062 2373 2298 2422 contum
2323 2368 2512 2421 sinam
2532 2383 2640 2419 vos
2658 2365 2777 2419 illic
2795 2365 3130 2419 formidare.
3157 2366 3295 2419 Ηωο
3313 2367 3367 2418 in
3383 2365 3498 2419 fine

1839 2458 2290 2525 curaviaddere,
2318 2456 2445 2510 utsi
2464 2455 2575 2509 hoc
2599 2457 2871 2508 renueret
2900 2455 3189 2523 accipere,
3213 2452 3499 2523 quidquid

1838 2549 2217 2617 Omnipotens
2241 2560 2418 2599 secus
2437 2560 2610 2614 quam
2625 2542 2967 2613 oportuerit,
2992 2542 3207 2596 ibidem
3233 2543 3328 2612 agi
3353 2558 3497 2596 con-

1838 2636 2118 2709 spexerit,
2157 2633 2296 2687 illud
2331 2632 2544 2686 abhinc
2577 2634 2794 2685 vestrae
2825 2635 2881 2685 et
2908 2647 3022 2685 non
3074 2647 3220 2685 meae
3255 2631 3497 2700 imputet

1838 2727 2048 2796 eulpae,
2065 2724 2160 2795 qui
2179 2723 2289 2775 scit
2309 2738 2397 2775 me
2421 2721 2547 2775 haec
2566 2720 2761 2774 veraci
2791 2720 2968 2776 corde
2984 2722 3275 2792 proferre.
3295 2720 3495 2776 Valeat

1837 2816 2120 2870 sanctitas
2144 2797 2340 2867 vestra
2375 2810 2431 2864 in
2464 2811 2731 2865 Domino.

630 3456 1103 3531 Rivipullensem
1135 3461 1436 3518 abbatmm
1467 3465 1829 3520 monasterio
1855 3463 2232 3520 Massiliensi
2260 3461 2325 3520 S.
2361 3462 2619 3537 Victoris
2647 3463 2912 3534 subjicit.

1214 3613 1407 3684 (Apud
1442 3614 1714 3671 MAR‘I'EN.
1742 3615 1842 3671 ubi
1873 3632 2075 3688 supra,
2110 3633 2166 3687 p.
2198 3615 2349 3684 4'75.)

165 3878 216 3932 ln
234 3882 454 3936 nomine
484 3885 717 3937 sanctae
748 3884 804 3936 et
844 3881 1162 3937 individuis
1220 3882 1543 3939 Trinitatis.
1604 3883 1731 3957 Ego

116 3965 404 4024 Bernardus
436 3972 632 4041 gratia
660 3971 759 4023 Dei
786 3986 985 4025 comes
1008 3971 1463 4027 Bisuldunensis
1487 3973 1734 4027 donator

116 4068 218 4109 sum
238 4059 615 4128 omnipotenti
638 4058 760 4112 Deo
781 4063 837 4112 et
867 4058 926 4112 S.
950 4059 1003 4111 Μ
1010 4061 1152 4113 ariae
1166 4062 1489 4131 sanctoque
1511 4060 1729 4115 Victori

117 4147 310 4216 martyri
341 4148 409 4201 de
429 4146 724 4215 Massilia,
745 4163 813 4200 ac
844 4146 1145 4202 Bernardo
1177 4148 1372 4203 abbati
1403 4149 1593 4219 ipsius
1617 4166 1732 4203 mo-

114 4234 328 4299 nasten‘i,
369 4238 424 4288 et
455 4235 739 4288 omnibus
788 4236 1250 4290 successoribus
1282 4236 1415 4307 ejus
1448 4252 1554 4308 per
1578 4238 1730 4292 hanc

115 4332 227 4373 meae
255 4321 582 4376 donationis
604 4323 978 4392 scripturam.
1015 4324 1174 4378 Dono
1199 4325 1286 4378 eis
1311 4328 1729 4382 monasterium

114 4405 159 4455 ὃ.
185 4406 362 4464 Mariae
392 4413 465 4466 de
501 4410 837 4479 Hivopullo,
863 4428 995 4465 cum
1011 4413 1287 4467 omnibus
1305 4414 1487 4469 rebus
1510 4404 1641 4486 quas
1659 4417 1727 4470 ad

115 4507 164 4546 se
196 4499 465 4564 pertinent
500 4503 554 4552 et
588 4499 880 4568 pertinere
907 4499 1140 4569 debent,
1177 4502 1289 4556 sub
1318 4517 1388 4557 eo
1420 4506 1621 4559 tenore
1671 4509 1733 4559 ut

114 4581 213 4649 ipse
233 4586 472 4640 Bernard
483 4603 558 4641 us
578 4591 1038 4642 etsuccessorcs
1057 4590 1275 4660 eligant
1295 4597 1599 4662 semperet
1614 4595 1735 4648 mit-

114 4670 207 4723 tant
232 4673 303 4726 ibi
323 4675 572 4729 abbates
593 4674 694 4745 qui
728 4675 1037 4730 servitium
1071 4677 1177 4732 Dei
1207 4680 1265 4732 in
1295 4681 1502 4735 eodem
1527 4697 1731 4736 mona-

115 4759 260 4815 sterio
288 4761 518 4831 faciant,
534 4766 589 4817 et
612 4764 880 4834 regulam
911 4764 970 4818 S.
992 4764 1291 4820 Benedicti
1312 4768 1393 4822 ibi
1420 4773 1656 4824 teneant
1677 4775 1734 4825 et

114 4844 277 4903 tenere
302 4849 536 4921 faciant,
556 4854 614 4905 et
645 4851 986 4906 obedientes
1004 4853 1123 4909 sint
1140 4868 1445 4924 semperin
1459 4858 1734 4913 omnibus

123 4930 324 4992 abbates
369 4943 426 4993 et
472 4939 668 4994 omnis
714 4942 1096 5012 congregatio
1137 4941 1328 5012 ipsius
1394 4947 1735 5002 monasterii

119 5018 433 5105 Massiliensi
450 5027 649 5083 abbati
668 5029 944 5098 praesenti
961 5032 1015 5083 et
1030 5033 1491 5088 successoribus
1505 5034 1659 5105 ejus,
1681 5039 1737 5090 et

117 5104 430 5186 hocsemper
449 5123 525 5170 5.1
557 5115 775 5171 factum
804 5115 875 5169 ad
892 5117 1199 5171 servitium
1224 5120 1348 5188 Dei,
1377 5124 1433 5175 et
1454 5122 1525 5175 ad
1545 5104 1734 5177 fideli-

119 5197 257 5254 tatem
285 5202 351 5258 de
379 5222 471 5259 nie
503 5204 802 5259 Bernardo
834 5208 889 5258 et
921 5220 1344 5262 successorum
1369 5225 1653 5280 meorum,
1681 5216 1736 5265 et

121 5287 326 5345 utsedes
340 5294 527 5347 sancti
544 5293 699 5347 Petri
716 5292 787 5347 de
804 5293 1048 5347 Ausona
1065 5296 1121 5348 et
1137 5296 1401 5366 episcopi
1424 5297 1734 5354 orthodoxi

122 5424 446 5503 ter‘Wifredi
467 5434 696 5487 comitis
721 5434 1055 5503 Ceritanim,
1090 5436 1236 5490 obiit
1265 5438 1422 5493 1047.

156 5495 239 5575 ,(3)
262 5501 595 5577 Coenobium
629 5504 940 5577 B._Marim
972 5495 1054 5559 de.
1075 5506 1315 5577 Cressa,
1348 5510 1486 5564 olim
1517 5510 1589 5564 de
1620 5511 1734 5566 Or-

124 5562 262 5624 bione
308 5588 339 5626 a
378 5576 644 5645 proximo
699 5575 877 5630 ﬂuvio
909 5580 967 5631 et
1013 5577 1183 5631 etiam
1226 5562 1315 5634 de,
1348 5562 1737 5638 Nov—aliis'ab

123 5648 312 5697 alumna
350 5644 499 5702 valle
521 5646 762 5719 dictum,
797 5646 856 5702 in
889 5646 1113 5705 diocesi
1171 5649 1646 5712 Carcasonnensi
1705 5669 1740 5712 a

1833 3885 2023 3955 ipsius
2038 3884 2151 3940 loci
2181 3885 2434 3940 habeant
2454 3882 2535 3939 ibi
2560 3882 2715 3955 quod
2726 3882 2887 3955 juste
2922 3883 3142 3941 habere
3161 3881 3397 3942 debent.
3424 3885 3497 3943 Et

1832 3973 1904 4042 si,
1926 3974 2083 4044 quod
2104 3971 2292 4028 absit!
2325 3974 2511 4027 abbas
2528 3974 2655 4027 sive
2684 3974 2928 4029 abbates
2950 3975 3029 4027 ibi
3061 3975 3232 4029 electi
3246 3976 3340 4030 vel
3361 3993 3502 4031 con-

1831 4064 2100 4133 gregatio
2114 4062 2247 4131 ejus
2263 4062 2525 4133 rcgulam
2542 4062 2600 4115 S.
2617 4062 2921 4116 Benedicti
2935 4078 3046 4116 non
3063 4063 3495 4131 observaverit,

1833 4154 1887 4202 et
1912 4150 2318 4203 inobedientes
2359 4149 2709 4215 exstiterint,
2745 4148 3142 4203 Massiliensis
3191 4151 3376 4204 abbas
3409 4152 3490 4205 ibi

1833 4253 2068 4308 semper
2096 4236 2329 4308 quando
2363 4237 2614 4290 voluerit
2644 4237 2855 4303 veniat,
2892 4239 3063 4290 etcos
3090 4242 3149 4290 ut
3183 4239 3496 4308 corrigan-

1830 4331 1925 4381 tur
1975 4327 2299 4393 admoneat,
2335 4327 2390 4377 et
2420 4324 2493 4377 de
2522 4323 2673 4377 malo
2704 4324 3003 4377 adbonum
3050 4328 3371 4379 convertat.
3417 4326 3481 4381 Si

1830 4418 2023 4470 autem
2054 4413 2310 4467 rebelles
2341 4412 2574 4478 fuerint,
2599 4416 2655 4466 et
2676 4412 3176 4467 admonitionibus
3221 4413 3356 4485 ejus
3378 4430 3503 4469 cre-

1830 4505 1934 4560 dre
1957 4502 2268 4571 noluerint,
2287 4500 2680 4555 Massiliensis
2694 4502 2878 4555 abbas
2902 4517 3138 4573 semper
3153 4505 3501 4572 potestatem

1834 4594 2046 4647 habeat
2077 4590 2351 4661 ejiciendi
2379 4590 2566 4644 malos
2588 4594 2642 4644 et
2671 4590 2933 4644 mittendi
2956 4590 3360 4661 bonos,etpro
3394 4592 3497 4646 Dei

1832 4697 2028 4735 amore
2045 4686 2100 4734 et
2113 4679 2387 4732 charitate
2414 4678 2609 4732 divina
2626 4678 3079 4733 Bisuldunensis
3094 4695 3293 4733 comes
3310 4682 3366 4734 et
3384 4682 3496 4734 Au-

1834 4768 2114 4823 soncnsis
2131 4768 2448 4836 episcopus
2467 4766 2538 4820 ad
2569 4766 2679 4821 hoc
2713 4766 3045 4820 faciendum
3075 4767 3193 4821 sint
3216 4767 3295 4820 illi
3330 4767 3496 4837 adju-

1834 4861 2015 4911 tores.
2042 4856 2108 4910 Et
2138 4856 2252 4910 hoc
2282 4854 2479 4908 tandiu
2503 4854 2735 4908 firmiter
2765 4858 2820 4907 et
2843 4854 3219 4908 immobiliter
3240 4859 3489 4926 maneat,

1836 4945 2093 5017 quandiu
2126 4944 2547 4997 monasterium
2579 4941 2638 4997 S.
2658 4942 2912 4995 Victoris
2936 4942 3290 5011 regulariter
3314 4947 3498 4998 stete-

1834 5036 1930 5103 rit,
1967 5037 2021 5086 et
2052 5031 2316 5103 regulam
2336 5028 2397 5084 S.
2416 5028 3153 5084 Benedictihabitantesibi
3182 5033 3496 5086 tenuerint.

1838 5121 1906 5176 Et
1934 5137 2053 5175 non
2083 5119 2255 5173 liceat
2307 5118 2446 5171 mihi
2480 5116 2780 5171 Bernardo
2812 5115 3057 5185 praefato
3108 5118 3327 5185 comiti,
3388 5135 3499 5174 nec

1836 5209 1955 5265 ullo
1976 5222 2399 5263 successorum
2414 5205 2852 5270 meorum,hanc
2866 5204 3233 5260 donationem
3252 5206 3501 5262 disrum-

1837 5314 1975 5369 pere
2007 5301 2105 5351 aut
2136 5299 2549 5362 transmutare,
2579 5294 2672 5346 vel
2695 5292 2887 5362 aliquo
2910 5293 3083 5347 modo
3113 5294 3396 5350 minuere.
3429 5295 3500 5350 Et

1838 5438 2121 5517 Nebridio
2183 5436 2393 5517 abbate
2448 5435 2549 5517 qui
2602 5436 2803 5517 postea
2861 5432 3499 5517 fuitﬂarchiepiscopus

1836 5511 2271 5578 Narbonensis,
2314 5504 2613 5578 conditum
2646 5504 2753 5558 fuit
2778 5505 2951 5578 cujus
2974 5504 3498 5578 fundationemira-

1836 5586 1952 5637 tam
1986 5575 2468 5652 habuit_(_larolus
2497 5575 2750 5648 Magnus
2772 5575 2923 5632 anno
2954 5576 3125 5652 regni
3153 5577 3248 5633 sui
3266 5576 3499 5641 undeci-

1838 5668 1954 5723 mo,
1988 5650 2046 5707 id
2068 5652 2160 5708 est
2187 5647 2311 5707 778.
