3978 6178
499 331 617 391 423

1419 330 1485 390 S.
1513 328 1967 390 ANASTASII
2000 328 2392 393 MONACHI
2426 330 2988 417 ET‘EREMITIE.
3799 342 3893 403 424

499 530 611 585 hoc
640 532 820 584 totum
852 528 985 583 ideo
1016 532 1106 582 est
1153 526 1372 581 factum
1402 527 1537 597 quia
1573 527 1742 582 locus
1786 528 1886 582 ille
1925 531 2169 599 propter
2196 512 2252 574 Α
2284 528 2499 584 factum
2516 547 2574 585 v.
2608 530 2903 587 Kalendas
2933 533 3197 588 Januarii
3227 550 3380 588 anno
3406 531 3544 589 l070
3572 535 3641 588 ab
3662 535 3895 593 lncarna-

498 617 867 673 Simoniacos
887 617 1131 671 abbales
1142 631 1291 687 pene
1304 615 1532 686 absque
1548 616 1834 687 religione
1846 620 1904 670 et
1920 617 2050 671 sine
2070 633 2169 671 re-

497 687 714 778 gulas.
741 705 1042 759 Benedicti
1072 704 1363 769 manebat;
1380 708 1436 758 et
1460 704 1593 758 ideo
1617 706 1973 776 quicumque
1994 705 2169 776 adju-

497 798 662 849 tores
691 799 747 848 et
770 794 1035 847 fautores
1058 792 1129 846 ad
1144 793 1257 847 hoc
1270 808 1421 862 opus
1442 792 1725 863 praedicto
1745 792 1961 847 factum
1991 795 2171 848 exsti-

496 882 698 949 terint,
732 884 789 935 et
817 880 1179 951 adiutorium
1208 880 1564 951 regulariter
1586 879 1668 935 ibi
1690 881 2046 953 degentibus
2071 882 2171 935 im-

504 970 836 1039 penderint,
860 971 920 1023 in
935 969 1144 1039 primis
1165 969 1634 1024 benedictionem
1654 987 1684 1023 a
1715 970 1837 1025 Deo
1860 970 2168 1039 accipiant,

501 1062 560 1114 et
590 1058 868 1113 omnibus
918 1057 1291 1112 orationibus
1321 1072 1387 1111 ac
1418 1057 1596 1111 bonis
1634 1058 1916 1128 operibus
1947 1074 2080 1129 qum
2111 1058 2171 1113 in

499 1164 621 1218 prae
635 1147 813 1201 libato
829 1147 1187 1200 monasterio
1210 1146 1379 1199 factae
1400 1146 1638 1215 fuerint,
1664 1147 1790 1201 sive
1803 1147 1860 1200 in
1875 1150 2168 1202 monaste-

499 1237 593 1291 rio
609 1234 976 1290 Massiliensi
1006 1237 1063 1289 et
1094 1235 1173 1303 (4)
1191 1234 1945 1306 Tomeriensi,Sanctmque
1967 1236 2168 1291 Maria

498 1323 756 1391 Cressae,
793 1324 1100 1393 sanctique
1132 1323 1493 1393 Cucuphatis
1524 1322 1602 1394 (5)
1616 1324 1687 1378 de
1719 1324 1993 1379 Vallense
2023 1327 2081 1378 et
2110 1326 2168 1379 in

495 1412 839 1467 Ausonensi
871 1412 1036 1481 sede,
1069 1411 1197 1465 sive
1222 1412 1281 1466 in
1305 1412 1579 1466 omnibus
1603 1412 1769 1467 cellis
1792 1412 2166 1483 supradicto-

495 1523 626 1562 rum
642 1508 1300 1577 cmnobiorum,partem
1313 1511 1371 1561 et
1382 1507 1724 1561 societatem
1738 1506 2075 1577 habeant,et
2086 1508 2167 1561 in-

494 1611 679 1666 super
701 1600 983 1651 aeternam
996 1595 1446 1650 retributionem
1464 1594 1791 1665 acquirant.
1817 1594 2164 1667 Quicunque

496 1686 672 1739 etiam
706 1684 844 1738 huic
876 1688 1103 1738 nostrae
1135 1684 1490 1738 institutioni
1526 1684 1805 1737 contrarii
1834 1683 2069 1751 fuerint,
2105 1687 2163 1740 et

503 1772 898 1842 disrumpere,
932 1772 1249 1843 instigante
1280 1772 1534 1842 diabolo,
1566 1788 1676 1843 per
1705 1772 1959 1843 aliquam
1992 1789 2160 1828 occa-

2284 617 2442 672 tione
2481 617 2726 689 Christi,
2760 637 2913 675 anno
2943 639 2982 674 χ
3028 621 3282 692 Philippi
3328 623 3518 695 regis.
3576 622 3679 695 Sig
3722 626 3762 694 ’ξ-
3786 642 3896 681 num

2283 706 2566 761 Bernardi
2599 708 2833 763 comitis
2865 710 2965 779 qui
3013 710 3164 764 hanc
3213 711 3549 782 largitionis
3597 712 3899 784 scripturam

2282 795 2551 851 scribere
2574 795 2812 866 jussiin
2837 798 3313 867 Hivopollentino
3327 801 3586 869 capitulo
3605 817 3786 856 coram
3797 819 3897 857 om-

2281 883 2459 937 nibus
2481 885 2656 939 solito
2687 884 2863 956 signo
2882 886 3154 940 manibus
3186 889 3447 957 propriis
3478 889 3897 959 ﬁrmavid—Wil-

2280 971 2494 1026 lelmus
2506 974 2699 1045 gratia
2719 974 2823 1028 Dei
2837 975 3156 1045 episcopus
3169 976 3410 1032 Ausone
3420 978 3547 1032 nsis
3562 978 3811 1033 ecclesiae
3823 981 3899 1034 ﬁr-

2280 1060 2453 1114 mavi.
2486 1062 2532 1130 -ι-
2575 1062 2849 1117 Andreas
2878 1062 2959 1132 (6)
2987 1063 3174 1119 abbas
3212 1063 3273 1119 S.
3307 1065 3603 1120 Johannis
3632 1067 3900 1138 ﬁrmavi-[-

2278 1147 2618 1204 Bernardus
2650 1150 2826 1204 levita
2855 1152 2912 1204 et
2942 1152 3266 1208 canonicus
3298 1153 3551 1222 ﬁrmavi,
3593 1156 3899 1210 Heribaldus

2278 1236 2443 1290 sedis
2475 1239 2737 1292 Ausonaa
2768 1239 3090 1293 canonicus
3120 1240 3366 1311 firmavi,
3394 1242 3728 1297 Willelmus
3747 1244 3901 1313 primi-

2276 1324 2537 1379 scrinius
2568 1325 2817 1380 ﬁrmavi.
2852 1327 2961 1398 Sig
2988 1328 3190 1396 +num
3226 1330 3559 1400 Raymundi
3580 1333 3900 1387 vicecomitis

2273 1412 2863 1487 Cardonensis,sig-j-
2877 1432 3015 1470 num
3030 1417 3311 1471 Udalardi
3326 1419 3900 1491 Bcrnardi,sig-l-num

2278 1501 2440 1555 Petri
2454 1502 2766 1571 Bernardi,
2782 1504 2880 1575 sig
2898 1505 2943 1573 -ξ-
2961 1521 3099 1558 num
3119 1506 3406 1561 Bernardi
3425 1508 3678 1562 \Nifrcdi
3699 1509 3763 1563 de
3783 1509 3899 1563 Por-

2273 1590 2436 1659 cella,
2461 1591 2620 1662 sig-t-
2639 1608 2778 1645 num
2807 1594 3486 1668 PontiiBlidgarii,sig+
3510 1611 3649 1650 num
3665 1596 3897 1664 Arualdi,

2270 1678 2367 1749 sig
2422 1679 2468 1747 -Ῑ-
2526 1696 2662 1734 num
2728 1680 2881 1735 Petri
2930 1682 3233 1737 Adalberti
3266 1724 3281 1752 ,
3344 1685 3448 1755 sig
3502 1685 3548 1753 -ι-
3596 1701 3726 1739 num
3772 1685 3899 1739 Uda-

2272 1767 2417 1822 lardi
2449 1768 2789 1839 Gaudfredi,
2828 1769 3129 1841 ig+snum
3154 1770 3904 1827 GuillelmiBernardiarchi-

498 1860 726 1914 sionem
753 1860 1287 1929 tantaverint,iram
1320 1860 1425 1913 Dei
1448 1861 1768 1930 incurrant,
1801 1864 1856 1914 et
1886 1863 2159 1916 omnibus
2189 1853 2242 1915 Β
2273 1856 2505 1912 diaconi
2537 1858 2610 1910 de
2643 1856 2917 1928 Guardia,
2940 1859 3041 1931 sig
3064 1860 3110 1928 -Ξ-
3140 1876 3278 1914 num
3303 1861 3589 1916 Bernardi
3615 1860 3894 1932 Raymundi

498 1948 816 2019 sacrilegis
840 1951 895 2001 et
916 1948 974 2001 in
1004 1947 1235 2002 inferno
1250 1949 1541 2003 damnatis
1562 1949 1711 2004 socii
1735 1952 2025 2020 maneant,
2041 1950 2160 2005 nisi

496 2035 856 2105 resipuerint
887 2039 942 2090 et
971 2036 1043 2088 ad
1077 2036 1541 2092 satisfactionem
1559 2038 1848 2092 venerint.
1871 2036 2037 2101 Quod
2069 2042 2163 2095 est

568 2177 644 2252 (_~’t_)
668 2176 1123 2252 Tomeriense'S.
1144 2178 1309 2252 Pauli
1324 2178 1744 2252 monasterium
1770 2179 1909 2252 olim
1927 2180 2165 2252 insigne

499 2248 725 2301 ordinis
747 2248 807 2301 S.
826 2249 1122 2302 Benedicti
1138 2250 1196 2303 in
1209 2249 1458 2304 dioecesi
1481 2250 1875 2319 Narbonensi,
1892 2252 1950 2303 in
1963 2248 2167 2306 sedem

496 2319 892 2393 episcopalem
927 2320 1269 2393 metropolis
1301 2321 1709 2375 Narbonensis
1734 2320 2167 2393 suffraganeam

495 2394 756 2461 erectum
791 2390 896 2443 fuit
929 2407 961 2445 a
989 2391 1215 2445 Joanne
1247 2408 1369 2446 χχιι
1407 2390 2166 2461 ρθγεθνθῐυειηιὶὺυεήἱὴίιο-

493 2460 689 2532 minus
713 2461 771 2514 in
802 2468 871 2515 eo
903 2462 1232 2531 monachis,
1267 2463 1366 2532 qui
1395 2460 1548 2517 anno
1580 2462 1859 2517 duntaxat
1882 2462 2015 2518 1615
2046 2481 2167 2520 sm-

493 2530 845 2621 cullia‘rintorga
878 2548 910 2584 a
938 2532 1119 2621 [faulo
1143 2533 1189 2585 V
1222 2530 1607 2621 donatisunt.

562 2599 640 2669 (5)
669 2600 730 2654 S.
757 2599 1116 2671 Cucuphatis
1147 2604 1571 2659 monasterium
1601 2605 1656 2658 in
1673 2620 1826 2678 pago
1859 2605 2151 2662 Wallensi
2240 2692 2243 2693 ν

499 2789 2744 2851 ῃ

2271 1943 2472 1999 fratris
2506 1946 2661 2016 ejus,
2694 1946 2848 2017 sig-l-
2878 1963 3019 2001 num
3050 1948 3585 2005 BernardiMironi.
3607 1950 3897 2005 Bernardus

2272 2034 2600 2088 monachus
2631 2034 2732 2104 qui
2763 2035 2915 2089 hanc
2942 2037 3273 2108 largitionis
3298 2038 3654 2108 scripturam
3674 2038 3893 2107 scripsit.

2271 2176 3000 2252 exstruxeratLudovicus
3015 2178 3651 2252 Pius,quodapaganis
3662 2193 3895 2234 eversum

2270 2261 2377 2300 rex
2402 2247 2719 2300 Lotharius
2750 2249 3023 2303 restituit.

2344 2316 2419 2386 (6)
2454 2318 2563 2370 Hic
2593 2318 2780 2390 abbas
2800 2320 3068 2374 Andreas
3082 2321 3402 2390 suscripsit
3426 2321 3602 2377 etiam
3630 2337 3769 2375 anno
3787 2317 3894 2373 1056

2274 2388 2744 2462 coventionibus
2783 2390 2943 2444 initis
2976 2391 3129 2445 inter
3158 2388 3556 2447 Haimundum
3596 2390 3892 2462 Berengarii

2274 2458 2545 2540 comitem
2579 2458 3099 2539 Barcinonensem,
3134 2466 3190 2516 et
3212 2461 3663 2519 Ermensindem
3679 2458 3893 2516 comitis-

2274 2544 2402 2583 sam
2431 2545 2623 2583 avxam
2643 2544 2798 2601 ejus.

2751 2799 3877 2856 ῌ

1808 2979 1985 3022 ANNO
2015 2979 2243 3025 DOMINI
2286 2982 2580 3027 MLXXXV.

820 3150 1942 3327 SANCTUS
2016 3154 3562 3333 ANASTASIUS

1643 3438 2122 3505 MONACHUS
2166 3441 2273 3503 ET
2315 3442 2722 3506 EREMITA.
3654 3485 3659 3490 η

1454 3754 1747 3870 VITA
1821 3752 2254 3875 SANGTI
2330 3762 2651 3876 ANAS
2683 3762 2979 3877 i'ASII

1722 3960 1767 4019 Α
1788 3956 2170 4020 UCTORE
2234 3959 2683 4023 GALTERO.

559 4131 753 4204 (Apud
784 4131 1102 4203 (Manum...
1136 4133 1282 4188 Acta
1311 4133 1415 4189 SS.
1440 4135 1566 4191 0rd.
1600 4134 1661 4191 S.
1696 4135 1940 4203 Bened.,
2002 4137 2207 4192 saeculi
2266 4137 2363 4205 Vl,
2394 4141 2561 4208 parte
2591 4138 2659 4208 II,
2712 4154 2847 4212 pag.
2880 4139 3006 4210 487,
3038 4157 3112 4196 ex
3151 4157 3262 4197 ms.
3296 4144 3501 4199 codice
3544 4138 3791 4198 ecclesia
3826 4130 3872 4184 S.

1881 4207 2113 4263 Martini
2162 4208 2516 4263 Dovdensis.

1940 4224 2113 4263 arum
2162 4224 2516 4280 uoyuensns.

1554 4530 2230 4609 OBSERVATION
2241 4530 2350 4607 ES

2443 4529 2868 4608 PBJEVIE

556 4738 608 4797 l.
640 4743 911 4815 Ignotum
934 4741 1049 4797 huc
1071 4756 1260 4813 usque
1292 4743 1353 4796 in
1386 4743 1559 4797 fastis
1577 4742 1973 4798 benedictinis
2006 4757 2147 4796 san-
2179 4718 2231 4779 Ο
2328 4742 2380 4796 2.
2406 4742 2575 4796 Haud
2606 4742 2903 4811 expressit
2937 4742 3083 4798 Vitae
3113 4746 3320 4797 auctor
3348 4743 3484 4814 quis
3516 4754 3696 4797 annus
3725 4726 3869 4788 fuerit

484 4836 641 4886 ctum
655 4830 1037 4885 Anastasium
1070 4830 1162 4884 hic
1203 4831 1581 4900 proferimus,
1606 4829 1783 4901 cujus
1806 4831 1997 4884 Vitam
2010 4829 2148 4885 Gal-

481 4919 691 4990 terius,
742 4924 947 4975 auctor
978 4918 1152 4974 nobis
1194 4922 1363 4973 antea
1409 4919 1767 4990 incognitus,
1822 4918 1928 4973 sed
1976 4923 2039 4972 ut
2077 4934 2153 4973 ex

484 5008 676 5076 ipsius
690 5008 837 5063 Vita;
862 5010 1137 5062 contextu
1168 5010 1323 5077 patet
1353 5007 1578 5080 gravis,
1612 5006 1767 5060 haud
1797 5008 1978 5061 multo
2018 5011 2154 5076 post

484 5094 643 5148 beati
671 5097 783 5150 viri
806 5097 1049 5163 obitum,
1071 5097 1189 5150 nisi
1216 5096 1405 5162 fallor,
1431 5094 1805 5164 conscripsit.
1830 5095 1991 5149 Hanc
2011 5110 2152 5148 vero

487 5181 681 5235 Vitam
713 5183 997 5238 debemus
1021 5184 1430 5238 illustrissimo
1451 5182 1737 5238 Ecclesiae
1759 5183 2008 5254 principi
2036 5186 2151 5237 An-

487 5269 646 5323 tonio
660 5270 834 5324 Petro
850 5271 1095 5326 Bcrtier
1109 5273 1455 5327 Itivensium
1478 5272 1739 5341 antistiti,
1764 5273 1863 5343 qui
1888 5273 2152 5329 codicem

486 5373 599 5411 ms.
618 5356 675 5411 in
689 5372 805 5429 quo
821 5358 949 5426 ipsa
972 5359 1240 5427 habetur,
1257 5359 1600 5415 execclesia
1625 5362 1924 5432 paroeciali
1950 5361 2148 5417 Sancti

487 5444 718 5498 Martini
737 5443 1070 5514 Doydensis
1093 5451 1396 5518 acceptum
1428 5449 1855 5503 humanissime
1879 5466 2009 5503 cum
2032 5465 2148 5504 uno

485 5549 517 5588 e
539 5532 765 5588 nostris
777 5535 1142 5589 communica
1152 5537 1249 5606 vit,
1274 5553 1448 5609 quam
1461 5537 1557 5592 ille
1570 5538 1770 5592 statim
1792 5539 2146 5608 exscriptam

482 5622 556 5678 ad
594 5636 705 5678 nos
735 5612 1085 5694 transmisit,
1124 5622 1290 5681 Actis
1321 5629 1661 5683 sanctorum
1690 5625 1917 5682 ordinis
1958 5625 2145 5681 nostri

478 5710 878 5771 inserendam.

2255 4830 2426 4884 beato
2456 4830 2584 4884 viro
2614 4834 2936 4905 extremus,
2980 4846 3090 4885 nec
3119 4830 3353 4885 aliunde
3383 4831 3555 4899 nobis
3603 4814 3865 4895 suppetunt

2253 4922 2454 4973 vetera
2485 4919 2893 4989 instrumenta,
2927 4935 3001 4974 ex
3033 4919 3252 4991 quibus
3279 4921 3334 4973 is
3364 4920 3536 4975 nobis
3566 4906 3863 4974 innotescaii

2254 5022 2436 5077 quare
2467 5006 2945 5078 investigandum
2965 5011 3056 5062 est
3077 5012 3346 5062 utrumne
3377 5024 3449 5063 ex
3480 5006 3613 5079 ejus
3641 5004 3757 5056 vitm
3771 4993 3855 5048 cir-

2256 5095 2625 5149 cumstantiis
2668 5095 2887 5164 aliquid
2911 5095 3061 5149 lucis
3093 5096 3153 5149 in
3174 5095 3286 5150 hac
3307 5112 3505 5151 rerum
3533 5094 3759 5160 ambage
3777 5082 3859 5135 ὶιε·

2252 5183 2394 5237 bere
2407 5182 2859 5252 possimuslllae
2874 5199 3080 5253 nempe
3094 5185 3272 5238 certis
3287 5184 3541 5255 alligata
3552 5171 3860 5259 temporibus

2255 5273 2324 5326 ad
2340 5271 2837 5326 determinandam
2856 5271 3215 5342 reliquarum
3235 5274 3530 5327 actionum
3551 5268 3860 5327 seriemusut

2253 5376 2392 5415 esse
2415 5361 2709 5431 poterunt.
2745 5359 3043 5413 Discimus
3064 5361 3256 5430 itaque
3287 5375 3360 5414 ex
3378 5361 3506 5430 ipsa
3528 5358 3651 5413 Vita
3670 5352 3855 5439 beatutn

2251 5448 2632 5503 Anastasium
2651 5447 2807 5501 circa
2830 5447 3036 5501 saeculi
3061 5447 3244 5518 hujus
3275 5441 3800 5527 undecimimediu-m
3818 5442 3858 5527 ξη

2250 5537 2672 5591 monasterium
2702 5535 2902 5590 Sancti
2960 5535 3292 5607 Michaelis,
3325 5537 3383 5591 in
3423 5535 3686 5591 Periculo
3714 5525 3856 5582 Maris

2249 5624 2489 5695 dictum,
2524 5623 2884 5694 secessisse,
2910 5638 2981 5680 ee
3010 5624 3239 5681 scilicet
3269 5627 3530 5696 tempore
3577 5637 3684 5698 quo
3712 5610 3855 5706 abhis

2246 5715 2581 5774 Simoniaca
2592 5713 2724 5770 labe
2736 5712 2995 5771 infectus
3001 5713 3122 5788 ,cuj
3129 5729 3200 5770 us
3212 5729 3428 5773 nomen
3440 5718 3642 5771 auctor
3655 5698 3853 5797 reticuit,
