3978 6178
142 343 233 409 425

1658 338 1862 421 ῪΊΤΑ

3352 338 3473 419 426

138 540 286 594 eidem
310 537 554 591 ccenobio
582 539 850 605 praeerat.
887 536 1010 589 Hoc
1055 538 1247 591 autem
1289 552 1441 591 anno
1483 536 1720 591 circiter
1745 519 1806 581 Α
1836 553 2044 607 nempe
2067 537 2123 590 in
2148 537 2450 606 Hispaniis
2483 542 2951 609 permanserunt,
2986 540 3166 595 variis
3197 543 3492 595 monaste-

135 624 343 693 tO58,aut
365 626 638 695 sequenti,
663 625 988 697 contigisse
1015 625 1371 696 conjicimus
1399 626 1577 697 quod,
1627 626 1724 681 his

132 715 316 769 duobus
328 713 776 782 annis,nullusin
790 713 1500 784 catalogisautveteribus
1514 714 1730 768 instru-

133 804 298 857 mentis
310 801 626 855 monasterii
639 801 838 855 Sancti
851 801 1156 856 Michaelis
1169 801 1356 857 abbas
1371 805 1727 856 memoratus

136 892 373 954 occurrat,
390 890 536 960 quod
565 888 717 943 forte
734 889 991 945 Simonia
1016 893 1251 944 notatus
1276 890 1429 945 inter
1456 890 1727 962 ejusdem

132 978 639 1033 lociabbateslocum
658 994 775 1033 non
801 979 1097 1034 meruerit.
1123 978 1193 1033 Et
1213 980 1449 1050 quidem
1471 983 1724 1034 caeteros

132 1068 338 1135 abbates,
360 1067 454 1138 qui
478 1067 672 1121 eidem
695 1068 1051 1122 monasterio
1073 1068 1186 1123 hoc
1219 1069 1439 1123 saeculo
1466 1068 1724 1139 praefue-

129 1160 242 1222 runt,
264 1154 575 1209 Simoniaca
608 1159 781 1226 peste
803 1158 992 1210 tactos
1024 1156 1215 1212 fuisse
1250 1172 1543 1228 nusquam
1573 1156 1726 1228 legi-

129 1260 241 1299 mus.
264 1242 477 1298 Scimus
508 1245 792 1298 Arturum
825 1243 1245 1299 Monasterium
1286 1244 1584 1299 Neustriaa
1616 1244 1728 1314 piae

128 1336 369 1386 auctorem
396 1330 720 1387 Fulconem
752 1332 1063 1404 quemdam
1105 1332 1219 1388 hoc
1269 1334 1503 1388 biennio
1532 1333 1731 1388 Sancti

128 1420 373 1475 Michaelis
386 1421 663 1476 abbatem
686 1420 1011 1488 induxisse,
1045 1422 1167 1494 qui,
1189 1422 1383 1494 inquit
1412 1438 1565 1477 anno
1594 1419 1732 1475 1059

1832 626 1939 680 riis
1972 626 2043 679 de
2074 641 2228 680 novo
2278 627 2694 681 construendis
2724 629 2822 681 aut
2880 631 3036 681 certe
3058 630 3359 683 veteribus
3392 645 3492 684 re-

1831 714 2169 768 staurandis
2202 715 2440 783 intenti;
2473 731 2727 786 quorum
2759 716 2932 769 etiam
2963 716 3226 787 plerique
3265 719 3335 771 ad
3368 718 3495 787 epi-

1830 803 2102 871 scopales
2121 802 2337 857 infulas
2356 804 2542 857 evecti
2561 808 2717 857 sunt.
2738 803 3176 859 AtAnastasius
3191 820 3258 858 eo
3279 806 3497 860 solum-

1832 891 2004 945 modo
2036 891 2338 961 profectus
2372 890 2579 957 fuerat,
2608 896 2668 946 ut
2694 893 3047 946 Sarracenis
3067 892 3285 947 Christi
3309 893 3497 949 Evan-

1835 980 2055 1051 gelium
2073 980 2399 1048 nuntiaret;
2432 980 2568 1033 hinc
2601 997 2733 1034 cum
2783 996 2849 1035 se
2880 981 3185 1036 incassum
3230 982 3501 1037 laborare

1836 1068 2214 1135 advertisset,
2247 1069 2304 1120 in
2338 1067 2557 1122 Gallias
2597 1069 2920 1138 repedavit.

1905 1156 1960 1211 4.
1993 1156 2115 1211 His.
2132 1157 2328 1227 itaque
2341 1158 2596 1226 statutis,
2631 1174 2763 1211 cum
2781 1174 2855 1212 ex
2883 1158 3027 1213 Vitae
3050 1162 3288 1214 auctore
3306 1159 3500 1214 disca-

1839 1261 1971 1299 mus
2000 1244 2379 1298 Anastasium
2405 1261 2478 1299 cx
2513 1246 2795 1315 Hispania
2813 1262 3125 1301 reversum
3151 1247 3376 1317 septeni
3392 1264 3499 1302 an-

1838 1349 1950 1388 nos
1978 1333 2239 1387 Cluniaci
2272 1350 2340 1386 ac
2371 1337 2493 1388 tres
2525 1334 2673 1389 alios
2692 1335 2749 1388 in
2774 1335 3089 1391 solitudine
3109 1338 3503 1408 transegisse,

1832 1421 1957 1493 jam
1980 1422 2183 1477 decem
2217 1438 2403 1477 annos
2436 1439 2615 1495 supra
2655 1421 2794 1478 1074
2827 1423 3145 1491 habemus;
3192 1426 3409 1495 quibus
3454 1425 3508 1478 si

129 1508 337 1580 Philippi
350 1510 904 1580 regiscoronationi
919 1508 1237 1579 adfuit;ex
1259 1526 1369 1582 quo
1388 1517 1556 1582 patet
1583 1510 1733 1564 hanc
1760 1549 1815 1612 Β
1843 1527 2017 1565 unum
2038 1514 2137 1565 aut
2158 1511 2405 1565 alterum
2424 1510 2793 1582 adjiciamus,
2815 1528 2967 1584 quos
2999 1514 3056 1567 in
3073 1513 3389 1568 itineribus
3412 1513 3507 1567 vel

129 1596 361 1653 abbatiam
376 1597 604 1653 duobus
620 1599 800 1653 annis
809 1598 966 1653 haud
988 1614 1249 1654 vacasse.
1272 1601 1345 1655 At
1357 1614 1474 1655 non
1486 1599 1736 1654 advertit

133 1685 392 1740 illeauctor
404 1685 731 1741 B‘ulconem
745 1685 1021 1743 abbatem
1046 1688 1243 1742 sancti
1265 1687 1603 1756 Michaelis,
1635 1686 1737 1757 qui

134 1772 328 1844 Philippi
371 1775 815 1845 inaugurationi
868 1774 1175 1845 interfuit,
1230 1792 1347 1831 non
1395 1775 1741 1832 monasterii

129 1860 279 1916 Sancti
304 1862 606 1918 Michaelis
634 1864 712 1918 de
729 1863 945 1934 Monte,
980 1865 1085 1919 sed
1113 1864 1311 1920 Sancti
1347 1864 1655 1919 Michaelis
1679 1864 1741 1919 in

130 1950 428 2005 Theorascia
446 1953 740 2007 dimcesis
772 1952 1187 2008 Laudunensis
1216 1955 1491 2009 abbatem
1522 1953 1735 2008 fuisse.

128 2037 252 2102 Quod
276 2044 487 2095 certum
511 2045 610 2095 est
638 2057 762 2096 non
792 2042 987 2098 solum
1007 2058 1083 2097 ex
1103 2043 1364 2114 vulgatis
1396 2042 1596 2097 Sancti
1638 2041 1740 2095 Mi-

129 2127 372 2183 chaelisin
398 2129 771 2186 Theorascia
787 2131 1063 2185 abbatum
1096 2131 1402 2202 catalogis,
1430 2132 1537 2185 sed
1568 2131 1743 2185 etiam

129 2230 179 2268 ex
192 2217 299 2286 ipso
318 2219 724 2274 coronationis
739 2219 993 2289 Philippi
1011 2221 1172 2291 regis
1189 2220 1578 2274 instrumento
1592 2218 1746 2289 apud

128 2302 390 2361 Chesnium
412 2307 470 2361 in
490 2307 820 2361 Historicis
836 2307 1124 2377 Franciae,
1145 2313 1202 2363 et
1217 2309 1528 2363 Marlotum
1544 2309 1605 2362 in
1624 2323 1745 2362 me-

126 2394 289 2463 tropoli
306 2395 583 2450 Remensi
605 2395 924 2465 relato,ubi
942 2384 1162 2452 discite
1181 2396 1363 2453 Fulco
1383 2397 1569 2452 abbas
1588 2397 1743 2451 San-

127 2482 188 2533 cti
198 2482 483 2539 Michaelis
500 2484 925 2539 Laudunensis
936 2486 1280 2555 appellatur.
1301 2486 1466 2540 Licet
1485 2485 1613 2540 haec
1629 2500 1748 2539 vox

1843 1600 2017 1654 etiam
2046 1600 2107 1653 in
2138 1600 2422 1671 Hispania
2453 1601 2623 1655 verbi
2658 1601 2843 1655 divini
2874 1602 3510 1670 prmdicationiincum-

1842 1689 1993 1743 bcns
2018 1690 2475 1758 consumpserit,
2506 1688 2899 1759 conjiciemus
2922 1691 3156 1745 beatum
3185 1691 3380 1745 virum
3407 1706 3507 1745 an-

1842 1793 1917 1831 no
1950 1777 2189 1831 circiter
2216 1777 2361 1831 1086
2389 1778 2458 1831 ad
2480 1793 2733 1848 superos
2765 1779 3009 1849 abiisse,
3059 1794 3234 1850 quem
3274 1779 3511 1850 quidem

1841 1880 2081 1934 annum,
2116 1864 2305 1919 donec
2338 1866 2593 1921 certiora
2624 1871 2938 1921 occurrant
2969 1871 3363 1938 monumenta,
3414 1882 3510 1921 re-

1843 1953 2029 2008 tinere
2064 1955 2260 2008 visum
2290 1958 2401 2009 est.

1913 2043 1965 2095 5.
2004 2042 2201 2113 Hujus
2237 2044 2425 2097 sancti
2448 2044 2792 2099 virinomen
2828 2044 3254 2117 nullum,quod
3276 2044 3513 2115 quidem

1844 2132 2123 2200 sciamus,
2143 2133 2626 2204 martyrologium
2647 2134 2902 2198 exhibet,
2925 2134 3238 2205 nequidem
3258 2134 3514 2189 Benedi-

1846 2222 2085 2275 ctinum.
2120 2220 2342 2274 Colitur
2374 2225 2565 2275 tamen
2598 2223 2655 2274 in
2688 2223 2941 2275 ecclesia
2982 2223 3282 2291 paroeciali
3315 2222 3515 2276 Sancti

1846 2308 2075 2363 Martini
2095 2308 2428 2378 Doydensis
2451 2309 2755 2380 (Doydes),
2800 2325 2928 2377 seu,
2955 2313 3017 2362 ut
3036 2310 3211 2364 habet
3231 2311 3366 2363 vitae
3379 2326 3515 2364 auc-

1846 2401 1958 2465 tor,
1993 2396 2078 2450 De
2091 2397 2369 2466 votensis,
2391 2396 2448 2449 in
2462 2397 2709 2450 dioecesi
2733 2398 2977 2452 Rivensi
2999 2397 3261 2468 (Hieux),
3286 2398 3386 2452 ubi
3418 2400 3513 2451 in-

1851 2490 2083 2557 tegrum
2115 2483 2249 2556 ejus
2270 2500 2506 2539 sacrum
2525 2501 2742 2555 corpus
2776 2488 3147 2540 asservatum
3179 2489 3271 2540 est
3301 2487 3374 2540 ad
3405 2502 3518 2541 saa-

131 2568 504 2641 Laudunensis,
522 2573 836 2628 nescimus
860 2589 976 2644 quo
999 2589 1147 2628 casu
1179 2589 1211 2627 e
1236 2574 1494 2645 Philippi
1525 2574 1748 2629 Labbei
1776 2574 1828 2636 C
1854 2574 2050 2629 culum
2068 2573 2360 2627 decimum
2382 2577 2633 2640 sextum,
2658 2590 2773 2645 quo
2791 2590 2823 2628 a
2851 2574 3186 2629 furentibus
3217 2575 3515 2629 Calvinia-

130 2658 323 2731 calamo,
341 2663 475 2715 tom.
500 2662 582 2716 lx
612 2661 1039 2733 Conciliorum,
1064 2662 1371 2718 exciderit.

177 2746 220 2800 3.
238 2748 411 2803 Aliam
426 2750 937 2819 deprehendimus
968 2752 1256 2821 temporis
1284 2755 1482 2806 notam
1509 2752 1564 2805 in
1594 2752 1751 2805 beati

130 2833 376 2889 Anastasii
396 2837 547 2906 Vita,
568 2838 881 2907 repetitam
925 2840 1157 2893 scilicet
1186 2855 1260 2893 ex
1282 2838 1416 2911 ejus
1451 2841 1502 2893 is
1540 2840 1753 2909 Hispa-

132 2921 247 2975 niam
261 2925 641 2993 profectione,
659 2924 1088 2996 quamjubente
1101 2926 1392 2999 Gregorio
1406 2928 1504 2981 VII
1520 2943 1752 2982 summo

132 3011 373 3082 pontiﬁce,
387 3017 442 3067 et
462 3015 735 3068 mittente
754 3014 1004 3086 Hugonc
1021 3015 1232 3069 abbate
1254 3016 1650 3083 Cluniacensi,
1669 3018 1741 3070 ab

131 3113 182 3151 eo
195 3105 503 3172 susceptam
522 3102 723 3157 fuisse
745 3104 1166 3158 testaturidem
1196 3104 1343 3158 Vitae
1374 3110 1597 3160 auctor.
1630 3105 1755 3159 Hoc

136 3191 575 3247 autemiteranno
614 3191 854 3247 circiter
888 3192 1021 3246 1074
1054 3193 1497 3265 consignamus,
1532 3193 1760 3248 scilicet

135 3276 270 3342 paulo
283 3283 409 3347 post
428 3280 669 3335 Alfonsi
690 3281 851 3353 regis
870 3280 1323 3352 restitutionem,
1366 3299 1498 3336 cum
1528 3282 1759 3355 Grego-

134 3362 349 3437 riusjam
384 3370 722 3425 secundum
750 3370 1126 3439 pontiﬁcatus
1156 3371 1251 3427 sui
1282 3387 1498 3425 annum
1527 3371 1762 3444 attigis-

136 3456 219 3507 set.
238 3455 353 3512 Non
370 3460 527 3513 enim
558 3458 946 3513 Anastasium
977 3474 1054 3513 ex
1091 3460 1167 3514 iis
1198 3460 1389 3515 fuisse
1422 3477 1758 3534 censemus,

137 3555 255 3611 quos
269 3550 462 3615 postea
478 3552 732 3602 sanctus
750 3547 925 3620 Hdgo
944 3548 1002 3601 in
1036 3548 1382 3620 Hispaniam
1409 3551 1758 3620 transmisit,

137 3634 184 3682 ut
220 3633 287 3687 ibi
326 3635 705 3707 disciplinam
747 3637 1132 3693 monasticam
1191 3641 1611 3693 restaurarent.
1658 3639 1763 3694 Isti

1854 2663 1948 2717 nis
1979 2662 2281 2716 haereticis
2313 2662 2668 2732 dissipatum
2719 2666 2829 2732 est,
2881 2667 3097 2734 praeter
3139 2664 3359 2734 aliquot
3388 2662 3523 2734 ejus

1852 2752 2173 2822 particulas
2224 2751 2285 2805 in
2316 2752 2541 2806 scrinio
2575 2756 2858 2824 argenteo
2888 2753 3173 2822 inclusas,
3222 2769 3355 2823 quae
3386 2769 3419 2807 a
3448 2753 3522 2806 ﬁ-

1853 2841 2087 2895 delibus
2119 2856 2323 2895 eorum
2356 2839 2540 2894 furori
2568 2842 2876 2896 subductae
2908 2844 3046 2895 sunt
3072 2845 3125 2894 ct
3146 2841 3205 2894 in
3237 2841 3366 2895 loco
3399 2843 3521 2896 tuto

1858 2930 2155 2999 repositae.
2187 2929 2310 2982 Has
2326 2929 2398 2982 ab
2413 2930 2633 2999 aliquot
2651 2930 2821 2982 annis
2843 2930 3045 2982 invisit
3071 2929 3520 2983 illustrissimus

1856 3019 2102 3071 antistes
2128 3018 2409 3072 Rivensis
2431 3024 2610 3086 supra
2633 3018 2922 3083 laudatus,
2946 3034 3169 3087 suaque
3183 3017 3527 3070 auctoritate

1858 3107 2198 3177 recognitas
2228 3108 2284 3159 et
2305 3105 2668 3174 approbatus
2701 3106 2957 3159 fidelium
2974 3104 3334 3158 venerationi
3362 3103 3528 3157 exhi-

1860 3195 1988 3249 beri
2028 3195 2315 3264 permisit.
2370 3193 2535 3246 Haud
2578 3194 2783 3263 procul
2805 3194 2876 3246 ab
2900 3210 2967 3247 eo
2992 3194 3121 3246 vico
3144 3193 3358 3246 visitur
3391 3193 3528 3246 fons

1863 3283 2061 3339 Sancti
2092 3283 2388 3337 Anastasii
2422 3283 2601 3353 vulgo
2648 3285 3023 3351 nuncupatus
3047 3297 3161 3353 quo
3175 3281 3335 3335 sitim
3359 3296 3531 3335 suam

1864 3373 1955 3427 vir
1985 3375 2229 3426 sanctus
2246 3371 2560 3442 aliquando
2591 3371 2956 3426 exstinxisse
2974 3372 3353 3425 memoratur.
3387 3369 3529 3424 Fre-

1864 3464 2176 3533 quentatur
2205 3477 2345 3515 vero
2387 3477 2419 3513 a
2463 3459 2675 3514 vicinis
2716 3459 2970 3530 populis,
3005 3459 3163 3529 quod
3193 3457 3328 3529 ejus
3358 3473 3529 3529 aquae

1864 3551 2080 3604 haustu
2109 3549 2363 3605 febrium
2395 3549 2641 3603 ardores
2661 3547 3143 3602 scdaridicaatu’r
3166 3565 3180 3612 ;
3202 3547 3358 3619 quod
3378 3546 3531 3601 mul-

1865 3642 2060 3694 torum
2092 3639 2494 3709 experimento
2537 3640 2760 3693 certum
2789 3652 2927 3692 esse
2956 3636 3212 3691 tradunt.

1364 3921 1737 4016 INCIPIT
1774 3921 2282 4016 PROLOGUS

197 4140 520 4205 LGalterius
532 4150 714 4206 Petro
728 4150 1082 4206 Devotensis
1100 4150 1390 4207 Ecclesiae
1404 4152 1769 4206 subdiacono
1797 4139 1852 4200 D
1882 4152 2112 4204 constet
2129 4149 2190 4203 in
2205 4148 2437 4219 petendi
2460 4148 2790 4216 devotione,
2809 4150 2936 4203 etin
2953 4149 3158 4203 sedula
3173 4146 3545 4216 obsequendi

142 4231 344 4289 etfratri
372 4236 506 4308 ejus
539 4239 864 4307 Bernardo,
898 4240 958 4294 in
988 4240 1264 4295 omnibus
1294 4242 1766 4311 prosperitatem,

144 4322 264 4373 διες]
303 4324 573 4382 eﬂ‘ectum
616 4328 945 4398 perducere
982 4328 1197 4383 bonam
1229 4329 1621 4384 devotionem.
1660 4330 1770 4384 Co-

144 4405 256 4473 gitis
291 4427 396 4482 me,
428 4415 572 4469 dum
615 4415 944 4485 impensius
989 4416 1281 4471 instantes
1312 4418 1562 4488 rogatis,
1609 4419 1669 4471 ut
1695 4402 1772 4470 ad

146 4494 554 4557 adiﬁcationem
572 4508 951 4572 posterorum
965 4504 1193 4559 tradam
1210 4506 1513 4560 memoria
1547 4505 1770 4559 calamo

148 4579 302 4640 Vitam
326 4588 478 4644 beati
494 4592 801 4646 Anastasii
821 4593 1214 4648 confessoris.
1236 4593 1308 4647 Et
1333 4608 1365 4646 a
1395 4610 1488 4648 me
1507 4594 1637 4648 sine
1656 4593 1772 4647 dif—

147 4667 362 4731 ﬁcultate
377 4695 493 4733 non
508 4680 686 4735 video
719 4697 899 4751 posse
929 4679 1188 4750 suﬂ‘erri,
1222 4697 1331 4739 nec
1361 4682 1510 4736 meis
1545 4682 1774 4736 viribus

152 4765 472 4831 competitne
500 4769 621 4821 vita
650 4769 840 4823 sancti
867 4769 979 4822 viri
1009 4770 1181 4839 culpa
1207 4769 1432 4840 ingenii
1461 4769 1775 4840 scriptoris

150 4849 316 4912 potius
332 4854 789 4911 videaturatteri
805 4872 980 4928 quam
996 4856 1056 4911 in
1099 4855 1296 4928 majus
1330 4856 1639 4913 celebrari.
1691 4858 1778 4912 Ne

156 4935 315 4994 tamen
347 4948 564 4999 vestrae
606 4944 875 5015 petitioni
918 4944 1124 5000 videar
1167 4946 1476 5014 contraire,
1519 4946 1634 5016 cui,
1669 4946 1783 5000 etsi

156 5036 331 5089 Parum
373 5031 646 5103 idoneus,
700 5032 895 5097 debeo
951 5033 1013 5088 in
1043 5033 1319 5088 omnibus
1351 5033 1780 5103 obtemperare,

160 5114 284 5179 quod
327 5118 634 5175 dissuadet
692 5121 944 5177 aviditas
990 5121 1236 5193 ingenii,
1270 5122 1590 5193 aggrediar
1621 5124 1785 5177 tutus

160 5205 399 5265 praesidio
430 5212 647 5265 vestrae
681 5209 1003 5280 jussionis;
1052 5211 1264 5266 etenim
1297 5210 1349 5264 si
1378 5211 1519 5282 quid
1545 5226 1698 5280 sum,
1737 5211 1791 5265 si

166 5288 279 5355 quid
299 5296 479 5367 valeo,
514 5298 765 5352 Domino
796 5298 1082 5369 imputare
1101 5299 1310 5354 debeo.
1344 5299 1640 5354 Praeterea
1659 5315 1792 5354 cum

169 5388 247 5428 me
284 5379 549 5449 profitear
574 5387 842 5457 amicum
863 5390 1145 5450 vestrum,
1176 5403 1292 5441 non
1322 5387 1484 5441 decet
1526 5392 1585 5441 ut
1630 5389 1795 5442 omit-

165 5462 279 5536 tam,
316 5472 364 5523 si
394 5473 459 5527 in
499 5474 698 5546 aliquo
730 5475 903 5529 vobis
933 5475 1149 5546 quovis
1180 5475 1352 5530 modo
1383 5475 1637 5547 obsequi
1666 5492 1797 5547 pos-

167 5562 452 5633 lum;cum,
489 5566 552 5618 ut
583 5563 822 5637 quidam
853 5564 1094 5636 sapiens
1125 5564 1235 5621 ait:
1269 5564 1542 5621 Amicitia
1573 5567 1797 5621 tantum

306 5751 555 5822 ΡΑπιοι.
584 5757 847 5823 CXLIX

1878 4240 2197 4292 voluntate.
2224 4237 2312 4291 Ad
2335 4237 2444 4291 hoc
2481 4238 2707 4291 accedit
2735 4238 2967 4291 devotio
2996 4251 3308 4305 pura,quae
3323 4248 3541 4303 cogere

1879 4329 2093 4396 potest,
2119 4326 2233 4379 etsi
2249 4326 2653 4379 absintomnia
2673 4324 3013 4394 supradicta
3029 4366 3043 4393 ,
3060 4327 3122 4377 ut
3138 4323 3207 4376 ad
3230 4322 3545 4392 perficien-

1878 4415 2016 4470 dum
2029 4414 2182 4484 quod
2199 4414 2394 4483 petitis
2408 4414 2685 4467 audacter
2697 4414 2987 4467 insistam.
3012 4413 3160 4466 Dum
3172 4411 3327 4466 enim
3343 4426 3545 4464 curam

1877 4504 2030 4558 hanc
2062 4504 2202 4556 mihi
2235 4506 2390 4556 tanto
2422 4517 2601 4572 opere
2647 4502 2924 4570 indicitis,
2959 4500 3323 4572 posteritatis
3356 4498 3546 4553 aedifi—

1879 4592 2093 4646 cationi
2127 4592 2461 4659 consulitis,
2497 4591 2638 4645 dum
2670 4592 2738 4644 ad
2772 4592 3001 4645 laudem
3036 4595 3090 4645 ct
3121 4588 3546 4655 honoremDei,

1879 4683 2059 4735 vitam
2091 4681 2277 4735 sancti
2307 4680 2678 4733 contessoris
2707 4697 2775 4733 ae
2798 4679 3223 4750 gloriosissimi
3247 4675 3552 4731 Anastasii

1830 4816 1843 4827 .
1882 4770 2064 4824 vultis
2096 4768 2372 4837 reserari,
2398 4772 2460 4822 ut
2490 4765 2752 4837 posteris
2787 4769 2862 4822 sit
2908 4768 2979 4821 ad
3012 4766 3360 4835 exemplum,
3393 4767 3451 4818 et
3480 4764 3553 4817 ad

1884 4858 2211 4912 sanctitatis
2230 4856 2503 4927 ejusdem
2525 4857 2635 4911 viri
2658 4857 3078 4912 testimonium.
3117 4856 3285 4925 Rogo
3318 4869 3462 4924 ergo
3497 4855 3554 4906 et

1887 4947 2103 5001 obnixe
2125 4945 2393 5016 supplico
2413 4948 2492 5014 ut,
2510 4945 2562 4999 si
2592 4946 2732 5016 quid
2754 4946 2983 4998 incuria
2998 4958 3201 5012 parum
3231 4943 3549 5013 quaesiero,

1887 5037 1986 5089 aut
2015 5038 2278 5106 egestate
2309 5034 2421 5087 mei
2456 5034 2676 5104 ingenii
2709 5033 3167 5103 praetermisero,
3194 5033 3293 5084 aut
3322 5030 3553 5084 rescis-

1891 5125 2058 5178 sione
2097 5123 2342 5193 dignum
2391 5121 2877 5192 superaddidero,
2937 5137 3010 5173 ne
3043 5121 3239 5191 pigeat
3271 5121 3555 5173 lectorem

1892 5212 2106 5265 addere
2137 5211 2291 5281 quod
2326 5210 2697 5280 perspexerit
2726 5209 3551 5279 additioncdignum,autres-

1895 5301 2131 5354 cindere
2161 5298 2318 5368 quod
2368 5299 2697 5351 transversi
2756 5298 2963 5350 calami
3014 5300 3148 5351 nota
3197 5296 3558 5368 judicaverit

1896 5387 2333 5459 corrigendum.
2362 5386 2623 5456 Denique
2639 5402 2927 5440 excusare
2957 5402 3049 5440 me
3084 5388 3295 5455 poterit
3325 5386 3557 5440 devotio

1897 5476 2235 5548 petentium,
2257 5491 2411 5546 quae,
2442 5477 2503 5528 ut
2525 5474 2827 5546 saepejam
2873 5475 3313 5547 dixi,compulit
3343 5477 3560 5531 audere

1901 5564 2059 5639 quod
2088 5561 2312 5637 ingenii
2342 5562 2667 5619 diffidentia
2700 5563 3088 5623 dissuaserat.

3114 5760 3197 5829 14
