3978 6178
449 372 568 438 427

1378 370 1443 432 S.
1473 367 1925 431 ANASTASII
1953 366 2349 430 MONACHI
2407 367 2513 431 ET
2563 367 2972 429 EREMITIE

3732 370 3825 433 428

1104 647 1556 763 INCIPIT
1611 645 1902 761 VITA
1978 643 2545 760 GLORIOSI
2620 644 3267 759 ANASTASII

526 975 1013 1034 Gloriosissimus
1045 970 1400 1027 Anastasius
1433 968 1749 1024 confessor
1776 966 1902 1034 Dei,
1937 965 2121 1020 Vene-
2147 947 2202 1007 Α
2232 964 2345 1020 stio
2370 965 2718 1034 referretur,
2744 971 2798 1021 et
2817 966 2954 1021 inde
2990 966 3089 1020 diu
3121 969 3177 1020 et
3210 965 3456 1020 multum
3489 965 3822 1033 dissererent,

454 1068 576 1121 rias
593 1066 899 1129 oriundus,
910 1062 1235 1117 secundum
1253 1060 1594 1130 dignitatem
1607 1057 1791 1127 hujus
1804 1054 2004 1110 mundi
2020 1069 2120 1125 ge-

453 1171 597 1211 nere
628 1155 829 1208 clarus
850 1151 1073 1219 enituit,
1107 1154 1269 1220 patre
1283 1150 1534 1202 etmatre
1563 1144 1912 1200 noninfimis
1928 1145 2117 1197 ortus.

453 1243 586 1313 Qui,
646 1243 718 1297 ab
750 1242 899 1312 ipsis
929 1239 1239 1293 cunabulis
1270 1234 1644 1306 baptismatis
1677 1233 1833 1288 unda
1863 1245 2121 1302 regene-

450 1334 639 1402 ratus,
690 1347 721 1384 a
754 1330 1038 1399 primaevo
1082 1326 1297 1381 studiis
1331 1324 1681 1379 litteralibus
1713 1337 1745 1374 a
1774 1320 2121 1391 parentibus

450 1420 701 1474 traditus
742 1420 853 1485 est,
888 1418 945 1472 in
978 1416 1195 1487 quibus
1227 1415 1307 1467 ita
1353 1427 1555 1467 curam
1601 1410 1866 1465 adhibuit
1896 1409 1959 1461 ut
2006 1409 2123 1460 tam

452 1508 684 1563 Graecis
732 1522 905 1578 quam
936 1504 1162 1559 Latinis
1216 1501 1429 1557 litteris
1461 1499 1736 1555 omnibus
1769 1498 1841 1550 ad
1864 1510 2123 1567 unguem

451 1594 1046 1655 videreturimbutus.
1068 1591 1200 1645 Fuit
1222 1588 1615 1661 igiturclarus
1636 1584 1894 1656 ingenio,
1912 1584 2122 1637 doctus

452 1684 713 1755 eloquio,
740 1685 984 1737 ornatus
1015 1679 1305 1747 moribus,
1325 1676 1595 1731 amabilis
1617 1674 1914 1729 omnibus.
1949 1675 2011 1726 ut
2040 1671 2125 1724 fe-

452 1773 601 1828 lices
616 1772 955 1826 dicerentur
967 1769 1071 1839 qui
1086 1768 1262 1822 talem
1278 1766 1459 1819 filium
1476 1765 1845 1834 genuissent.
1860 1760 1975 1816 Sed
1989 1760 2126 1830 quia

452 1862 546 1914 vir
560 1860 664 1915 Dei
681 1859 1028 1928 sapientiam
1043 1854 1227 1925 hujus
1240 1854 1440 1909 mundi
1456 1852 1759 1907 stultitiam
1773 1850 1925 1920 apud
1939 1850 2124 1903 Deum

456 1965 597 2003 esse
619 1949 678 2001 in
701 1947 917 2002 divinis
944 1945 1253 2000 codicibus
1284 1944 1510 2013 legerat
1537 1941 1591 2005 {I
1611 1941 1727 1995 Cor
1757 1943 1818 2006 ι),
1856 1943 1909 1993 et
1934 1938 2124 2009 ipsam

456 2036 776 2091 Veritatem
790 2035 848 2088 in
862 2033 1185 2103 Evangelia
1209 2033 1497 2085 dicentem
1511 2029 1799 2084 audierat:
1827 2028 1959 2082 Nisi
1986 2028 2122 2097 quis

456 2124 880 2179 renuntiaverit
923 2122 1198 2176 omnibus
1249 2136 1381 2190 quae
1416 2118 1712 2188 possidet,
1762 2132 1878 2170 non
1926 2119 2123 2186 potest

456 2229 626 2268 meus
656 2228 795 2267 esse
826 2210 1331 2280 discipulus(Lue.
1356 2225 1457 2262 xiv
1480 2249 1493 2273 ,
1527 2206 1647 2275 33);
1674 2205 1979 2275 ceepitnon
1993 2204 2122 2258 sine

2232 1054 2462 1108 tandem
2484 1070 2681 1109 sermo
2694 1054 2956 1110 directus
2969 1054 3146 1109 estad
3172 1054 3463 1108 abbatem.
3488 1053 3746 1126 Cognovit
3762 1056 3831 1108 vir

2232 1142 2705 1198 DeiAnastasius
2732 1144 2889 1214 quod
2906 1144 3092 1198 abbas
3122 1146 3252 1197 erat
3280 1143 3656 1208 Simoniacus,
3686 1147 3733 1197 et
3754 1161 3833 1213 per

2227 1233 2539 1301 pecuniam
2567 1232 2854 1287 infinitam
2871 1247 3046 1302 quam
3064 1232 3305 1286 dederat
3328 1232 3390 1286 in
3422 1231 3693 1286 abbatiam
3721 1233 3833 1286 sub-

2229 1319 2566 1375 intraverat.
2590 1320 2757 1376 Unde
2788 1336 2970 1390 supra
2992 1321 3228 1375 modum
3255 1321 3485 1390 dolens,
3504 1323 3563 1374 et
3585 1319 3834 1374 afﬁrmans

2231 1423 2297 1461 se
2314 1407 2601 1463 diabolica
2620 1410 2829 1464 fraude
2844 1409 3175 1478 deceptum,
3191 1411 3410 1480 quippe
3426 1410 3525 1479 qui
3553 1408 3725 1462 locum
3736 1408 3833 1461 ide-

2230 1512 2405 1550 neum
2422 1513 2532 1552 suo
2576 1499 2879 1568 proposito
2921 1499 3344 1568 qumsierat,et
3389 1498 3451 1552 in
3484 1498 3733 1568 laqueum
3757 1512 3836 1551 ne-

2230 1585 2390 1639 fandi
2408 1585 2601 1641 hostis
2619 1602 2768 1656 pene
2788 1587 3103 1655 ceciderat,
3124 1587 3380 1642 recessit
3399 1587 3554 1653 inde,
3589 1588 3641 1639 et
3672 1600 3838 1656 quam-

2231 1674 2363 1728 dam
2403 1675 2660 1729 insulam
2693 1676 3012 1747 ingrcssus
3042 1677 3105 1730 in
3134 1676 3266 1745 ipso
3300 1675 3542 1730 introitu
3573 1673 3840 1743 supradicti

2230 1764 2433 1829 maris,
2454 1766 2513 1817 in
2543 1764 2791 1818 basilica
2810 1766 3061 1835 quadam
3079 1765 3185 1820 Dei
3202 1764 3520 1819 Genitricis
3552 1763 3748 1829 Mariae,
3763 1777 3840 1815 so-

2232 1852 2326 1906 lus
2358 1868 2595 1907 manere
2643 1855 2839 1923 coepit,
2879 1853 3129 1925 jejuniis
3173 1853 3399 1925 vigiliis
3430 1855 3489 1907 et
3532 1851 3841 1907 orationibus

2234 1957 2475 1996 vacans.

2302 2031 2356 2084 4.
2392 2030 2507 2084 Ubi
2538 2046 2671 2084 cum
2690 2032 2989 2102 aliquanto
3034 2034 3301 2101 tempore
3330 2031 3453 2085 vita
3484 2030 3695 2084 eximiae
3736 2043 3841 2082 con-

2232 2120 2593 2175 versationis
2626 2120 2960 2184 claruisset,
3016 2124 3072 2175 et
3102 2120 3250 2174 fama
3299 2120 3437 2191 ejus
3467 2120 3634 2191 longe
3661 2118 3845 2186 lateque

2231 2207 2677 2279 diffunderetur,
2701 2209 3063 2265 venerabilis
3083 2210 3291 2272 abbas,
3320 2209 3501 2280 Hugo
3517 2208 3746 2269 nomine,
3769 2203 3846 2274 qui

454 2302 651 2356 divina
675 2302 861 2372 gratia
893 2299 967 2352 ad
999 2298 1342 2352 memoriam
1371 2310 1676 2363 revocare,
1710 2296 1767 2348 et
1797 2293 1950 2347 idem
1967 2292 2118 2362 apud
2149 2298 2202 2360 Β
2228 2296 2603 2351 Cluniacensi
2648 2297 3010 2351 monasterio
3050 2296 3257 2350 eodem
3302 2299 3568 2366 tempore
3621 2295 3841 2363 praeerat,

455 2405 523 2446 se
551 2390 879 2456 revolvere,
913 2388 1045 2458 quia
1064 2402 1244 2459 grave
1269 2386 1544 2440 damnum
1561 2382 1914 2452 susciperet,
1947 2381 2118 2450 sipro

455 2479 708 2534 terrenis
740 2477 1003 2531 cmlcstia
1029 2475 1337 2543 amitteret,
1362 2474 1504 2527 Haec
1518 2473 1616 2525 diu
1639 2470 1975 2538 revolvens,
1995 2472 2117 2523 tan-

455 2567 588 2621 dem
610 2582 815 2621 secum
838 2562 1182 2619 deliberavit
1207 2562 1363 2632 quod
1392 2565 1456 2616 ut
1474 2562 1545 2615 de
1568 2560 1911 2614 commissis
1935 2560 2117 2628 poeni-

455 2656 694 2709 tentiam
706 2656 932 2725 ageret,
957 2652 1286 2705 monastico
1321 2649 1524 2703 habitu
1548 2663 1685 2703 sese
1709 2647 2117 2702 committeret.

454 2742 572 2797 Sed
601 2743 736 2813 quia
759 2758 931 2795 manu
953 2742 1138 2794 missa
1161 2739 1233 2792 ad
1261 2741 1518 2792 aratrum
1540 2740 1709 2806 turpe
1740 2740 1831 2790 est
1856 2738 2009 2789 retro
2028 2751 2119 2789 re-

455 2831 712 2900 spicere,
747 2834 802 2884 et
844 2833 1060 2883 tortum
1090 2832 1145 2881 et
1176 2826 1381 2881 inutile
1414 2826 1647 2880 sulcum
1674 2825 1892 2893 facere,
1941 2823 2123 2877 voluit

456 2921 699 2973 sanctus
744 2919 835 2972 vir
876 2917 1232 2971 Anastasius
1266 2930 1403 2969 sese
1434 2914 1687 2984 primum
1724 2911 1997 2983 jejuniis,
2034 2913 2123 2965 vi-

455 3007 640 3080 giliis,
673 3012 729 3062 et
762 3006 1129 3062 orationibus
1157 3018 1480 3073 macerare,
1514 3004 1576 3056 ut
1604 3002 1692 3056 sic
1715 3001 2013 3070 probaret,
2048 3001 2123 3068 si,

2226 2386 2298 2439 ad
2331 2385 2690 2440 revineenda
2720 2384 2785 2456 [Ιὶ
2810 2383 3145 2456 revisenda]
3178 2384 3474 2453 coenobia,
3495 2381 3844 2438 exhortatione

2225 2474 2490 2542 fratrum,
2511 2474 2730 2543 quiper
2761 2474 2997 2528 diversa
3045 2474 3175 2526 loca
3208 2477 3266 2527 et
3313 2473 3494 2544 longe
3524 2472 3724 2526 remota
3753 2470 3846 2523 Deo

2222 2561 2659 2628 deserviebant,
2685 2576 2818 2614 cum
2841 2561 3040 2614 multis
3061 2559 3342 2614 fratribus
3376 2559 3579 2613 exivit.
3614 2557 3762 2612 Unde
3787 2557 3847 2608 fa-

2221 2652 2378 2703 ctum
2417 2653 2508 2704 est
2536 2652 2599 2703 ut
2632 2648 2705 2702 ad
2736 2665 2893 2704 mare
2928 2649 3335 2703 Britannicum
3387 2648 3742 2718 perveniret;
3772 2644 3848 2698 ubi

2221 2738 2416 2793 audita
2435 2738 2552 2791 vita
2575 2741 2631 2791 et
2662 2738 3116 2792 conversatione
3135 2736 3247 2789 viri
3270 2737 3375 2791 Dei
3393 2736 3705 2802 Anastasii,
3722 2734 3848 2786 misit

2222 2827 2374 2881 duos
2388 2826 2459 2880 de
2476 2824 2760 2880 fratribus
2779 2826 2836 2879 in
2853 2825 3107 2879 insulam
3120 2826 3193 2879 ad
3208 2825 3552 2895 praedictam
3566 2822 3846 2887 basilicam,

2224 2919 2281 2970 et
2325 2915 2618 2969 mandavit
2672 2916 2804 2968 viro
2838 2915 2962 2983 Dei,
3009 2916 3072 2968 ut
3102 2914 3175 2967 ad
3206 2929 3273 2967 se
3305 2913 3501 2985 gratia
3530 2909 3847 2981 colloquendi

2225 3006 2432 3073 exiret;
2465 3004 2538 3058 de
2568 3004 2743 3075 cujus
2761 3005 2916 3058 enim
2934 3003 3088 3058 bona
3120 3003 3574 3057 conversatione
3602 2998 3843 3059 audierat,

2226 3109 2360 3148 eum
2390 3097 2446 3147 et
2479 3092 2680 3147 videre
2720 3092 3115 3147 desiderabat.
3153 3090 3265 3155 Qui
3304 3091 3507 3145 audito
3547 3086 3853 3143 venerabilis

2226 3182 2341 3234 viri
2355 3182 2585 3236 abbatis
2596 3183 3013 3243 adventu,cum
3033 3195 3246 3252 magno
3268 3180 3491 3251 gaudio
3509 3178 3851 3245 exivit;quem

2225 3270 2412 3324 abbas
2432 3270 2756 3325 honorifice
2775 3270 3059 3339 suscepit,
3080 3267 3221 3323 etde
3240 3267 3431 3322 vitaet
3452 3266 3855 3322 conversatione

2227 3357 2360 3428 ejus
2394 3359 2661 3414 studiose
2680 3358 3013 3429 requisivit.
3044 3358 3090 3410 A
3129 3371 3244 3427 quo
3267 3371 3403 3410 cum
3422 3357 3615 3410 omnia
3638 3351 3855 3408 audivis-

452 3101 732 3166 suseepto
746 3095 1168 3151 monachorum
1185 3091 1471 3161 habitu,in
1485 3090 1785 3161 proposito
1800 3090 1990 3160 gradu
2004 3104 2132 3160 per-

452 3185 668 3240 sistere
698 3187 926 3255 posset,
960 3198 1032 3237 ne
1051 3182 1327 3236 resiliret.
1353 3179 1654 3234 Subtraxit
1683 3195 1827 3250 ergo
1857 3178 1972 3232 sibi
2004 3180 2127 3247 pri-

449 3288 609 3329 mum
625 3274 847 3341 vinum,
868 3274 928 3325 in
950 3286 1064 3342 quo
1090 3272 1181 3324 est
1203 3269 1453 3338 luxuria,
1471 3271 1674 3339 quarta
1696 3269 1753 3320 et
1772 3270 1935 3321 sexta
1979 3267 2126 3321 feria

458 3362 634 3431 cmpit
652 3361 953 3432 jejunare,
977 3360 1067 3413 sic
1092 3364 1283 3413 tamen
1300 3361 1360 3411 ut
1386 3357 1699 3427 aliquoties
1719 3356 2001 3410 carnibus
2016 3371 2121 3410 ve-

465 3454 736 3503 sceretur
755 3467 768 3513 ;
804 3448 1122 3503 orationiet
1153 3447 1376 3518 vigiliis
1408 3444 1753 3514 plerumque
1784 3445 2117 3498 insistebat.
2228 3450 2336 3512 set,
2369 3450 2426 3501 et
2453 3448 2745 3518 quomodo
2769 3449 3009 3517 propter
3039 3445 3361 3500 Simoniam
3415 3447 3489 3499 de
3518 3445 3645 3499 loco
3674 3444 3725 3496 ia
3764 3454 3855 3511 quo

515 3535 570 3591 3.
602 3535 745 3591 Cum
777 3553 924 3589 vero
958 3536 1070 3589 hoc
1104 3534 1276 3588 modo
1314 3550 1420 3603 per
1450 3533 1870 3603 aliquantulam
1892 3537 2115 3603 tempo-
2228 3536 2489 3589 habitum
2515 3538 2864 3605 susceperat
2892 3535 3199 3602 exivisset,
3231 3537 3555 3605 votumque
3586 3526 3859 3603 ejusintel-

458 3624 544 3679 ris
565 3639 802 3677 carnem
835 3640 1003 3677 suam
1034 3622 1420 3691 refrenasset,
1455 3621 1645 3692 etjam
1679 3621 2111 3691 quodammodo
2148 3649 2197 3709 Ο
2224 3624 2494 3691 lexisset,
2516 3624 2770 3695 gavisus
2818 3628 2911 3677 est
2952 3623 3124 3677 valde
3174 3638 3359 3692 super
3391 3624 3550 3678 bona
3584 3632 3855 3677 conversa-

448 3727 579 3769 eam
605 3712 770 3765 invia
798 3713 937 3766 boni
954 3712 1238 3781 prepositi
1262 3714 1505 3776 teneret,
1525 3709 1743 3779 abjecit
1765 3710 1958 3763 edulia
1983 3726 2109 3763 car-

447 3801 640 3870 nium;
672 3803 728 3855 et
753 3801 831 3854 ita
851 3799 1103 3853 maxime
1127 3798 1347 3869 vigiliis
1370 3801 1427 3852 et
1446 3799 1812 3853 orationibus
1835 3799 2011 3869 coepit
2031 3799 2106 3852 in-

449 3892 609 3944 stare
638 3893 699 3943 ut
726 3904 760 3943 a
790 3888 1097 3942 Dominica
1140 3888 1200 3940 in
1230 3886 1595 3940 Dominicam
1621 3886 1942 3957 jejunaret.
1990 3886 2106 3942 Sed

447 3993 582 4033 cum
611 3977 949 4047 aliquandiu
980 3977 1189 4030 iterum
1204 3992 1270 4029 se
1288 3976 1377 4030 sic
1392 3976 1770 4045 manciparat,
1788 3976 1876 4030 sic
1890 3976 2106 4033 contir-

445 4069 635 4121 matus
666 4068 759 4121 est
787 4064 944 4137 quod
975 4065 1089 4119 sibi
1137 4064 1307 4119 visus
1347 4066 1519 4119 etiam
1552 4068 1644 4119 est
1674 4064 1880 4119 firmus
1912 4068 1967 4119 et
1999 4081 2107 4120 suo

453 4155 758 4225 proposito
815 4153 1145 4207 sufficiens.
1183 4154 1455 4208 Decrevit
1484 4169 1627 4224 ergo
1676 4153 2022 4208 satisfacere
2055 4158 2107 4209 et

373 4278 379 4283 ι
449 4242 1003 4314 suumpropositum
1026 4242 1329 4312 perficere.
1364 4242 1671 4296 Derelictis
1690 4258 1837 4313 ergo
1856 4245 2105 4311 parenti~

441 4332 578 4401 bus,
600 4333 774 4386 domo
795 4334 849 4386 et
872 4332 1164 4401 cognatis,
1188 4347 1464 4401 quaerens
1488 4331 1678 4385 locum
1694 4330 1986 4400 idoneum,
2007 4332 2104 4385 ubi

441 4421 869 4475 monachorum
894 4420 1231 4489 susciperet
1255 4420 1619 4486 liabitum,ad
1644 4435 1802 4472 mare
1829 4419 2114 4472 Britanni-

440 4524 577 4563 cum
593 4508 879 4579 pervenit,
903 4508 976 4561 ad
998 4507 1211 4575 locum,
1237 4508 1335 4577 qui
1365 4509 1580 4561 Portus
1615 4507 1894 4561 Herculis
1913 4506 1990 4576 (l)
2009 4523 2108 4576 ap-

438 4597 711 4668 pellatur,
738 4596 838 4666 qui
869 4598 925 4648 et
955 4596 1069 4649 alio
1092 4595 1349 4663 nomine,
1383 4597 1452 4649 ad
1487 4595 1744 4649 Montem
1776 4596 1969 4648 sancti
2002 4596 2110 4648 Mi-

440 4685 668 4741 chaelis
692 4686 751 4738 in
770 4683 1039 4737 Periculo
1054 4684 1237 4737 Maris
1259 4683 1502 4748 dicitur;
1526 4683 1625 4737 ubi
1644 4685 1879 4737 inventa
1897 4699 2109 4754 magna

440 4772 906 4846 congregatione
935 4772 1381 4841 monachorum,
1405 4772 1464 4824 in
1496 4772 1772 4826 omnibus
1796 4771 2109 4842 religioso-

437 4878 573 4917 rum
603 4864 851 4932 excepto
884 4861 1039 4932 quod
1060 4860 1247 4916 abbas
1278 4878 1384 4931 per
1400 4859 1719 4915 Simoniam
1738 4859 2107 4914 subintrave-

443 4953 552 5020 rat,
586 4951 850 5005 habitum
869 4951 1131 5020 optatum
1160 4949 1446 5018 suscepit.
1483 4948 1568 5002 De
1588 4947 1819 5001 abbatis
1843 4946 2100 5002 Simonia
2127 4975 2183 5037 D

434 5037 528 5091 vir
560 5037 664 5092 Dei
688 5039 923 5107 penitus
956 5037 1285 5109 ignorabat.
1320 5038 1561 5092 Factum
1612 5038 1704 5090 est
1740 5038 1932 5090 autem
1965 5040 2097 5106 post

434 5124 769 5179 revolutum
797 5142 1033 5193 annum,
1057 5143 1189 5181 cum
1214 5126 1449 5181 sederet
1478 5141 1612 5181 cum
1643 5124 1895 5196 quodam
1918 5124 2096 5180 fratre

439 5209 539 5283 (2),
585 5214 641 5265 et
670 5217 805 5282 post
850 5230 1184 5270 sermonem
1234 5214 1499 5270 habitum
1538 5213 1610 5268 de
1655 5213 2097 5268 confirmatione

434 5299 747 5366 animm,de
777 5301 894 5355 vita
926 5306 1268 5357 sanctorum
1304 5305 1540 5358 Patrum
1568 5302 1641 5356 ad
1662 5300 1916 5355 invicem
1938 5317 2098 5372 quaa-

500 5458 577 5529 (1)
595 5458 811 5512 Notum
842 5462 934 5513 est
951 5460 1226 5516 omnibus
1240 5461 1663 5516 monasterium
1678 5458 1893 5514 Montis
1906 5465 2098 5518 sancti

433 5529 769 5603 Michaelis,
808 5531 1020 5603 seude
1054 5532 1246 5586 Monte
1264 5533 1511 5603 Tumba,
1540 5533 1614 5587 ob
1644 5533 2100 5603 peregrinorum

430 5601 826 5672 frequentiam
850 5600 1324 5658 celeberrimum.

501 5673 578 5750 (ἓ)
618 5673 675 5727 Is
695 5672 929 5750 videtur
961 5672 1260 5750 Robertus
1284 5674 1630 5750 monachus.
1665 5673 1725 5750 S.
1762 5674 2092 5743 Michealis,

430 5745 532 5821 qui
558 5746 813 5825 rogante;
835 5745 1155 5802 Anastasio
1185 5745 1468 5817 (fortasse
1498 5748 1725 5816 nostro)
1740 5750 2100 5832 commenta-

2223 3713 2378 3767 tione
2408 3713 2544 3782 ejus
2569 3754 2582 3781 ,
2618 3717 2674 3766 et
2704 3713 2935 3782 quibus
2955 3712 3144 3766 modis
3174 3712 3359 3781 potuit
3403 3713 3464 3765 in
3518 3711 3622 3765 Dei
3655 3705 3856 3763 servitio

2222 3817 2356 3855 cum
2388 3801 2758 3855 confortavit.
2782 3790 3045 3872 Cumque
3077 3817 3183 3870 per
3219 3799 3446 3870 aliquot
3466 3800 3595 3854 dies
3614 3798 3681 3852 de
3698 3796 3796 3849 vita
3814 3794 3857 3845 et

2225 3890 2679 3945 conversatione
2694 3888 3171 3943 Cluniacensium
3186 3889 3433 3943 fratrum
3445 3889 3633 3943 abbas
3648 3885 3852 3940 multum

2224 3978 2493 4047 referret,
2528 3979 2720 4031 virum
2762 3978 2867 4031 Dei
2906 3978 3148 4046 monuit,
3195 3979 3252 4031 et
3290 3977 3542 4031 multum
3573 3972 3785 4048 rogavit
3811 3972 3860 4023 ut

2220 4066 2567 4122 Cluniacum
2601 4082 2807 4121 secum
2852 4067 3056 4130 adiret,
3094 4066 3193 4120 ubi
3216 4070 3271 4120 et
3303 4069 3505 4120 votum
3538 4080 3705 4120 suum
3727 4075 3853 4115 com-

2220 4157 2383 4225 plere
2406 4158 2631 4224 posset,
2654 4159 2711 4209 et
2734 4156 3071 4224 exemplum
3093 4155 3265 4209 bonae
3287 4156 3753 4210 conversationis
3773 4163 3859 4201 cae-

2219 4245 2364 4297 teris
2396 4242 2679 4297 fratribus
2710 4243 2893 4296 daret.
2912 4242 3107 4312 Cujus
3127 4243 3394 4313 petitioni
3415 4245 3623 4299 virDei
3648 4242 3861 4296 Anasta-

2219 4335 2347 4387 sius
2379 4333 2797 4402 acquiescens,
2823 4347 2955 4385 cum
2982 4346 3050 4385 eo
3080 4332 3192 4386 iter
3207 4333 3476 4403 arripuit.
3494 4328 3863 4401 CumqueClu-

2216 4423 2451 4475 niacum
2485 4421 2733 4488 veniret,
2764 4436 3039 4491 magnam
3062 4420 3441 4475 dilectionem
3479 4426 3537 4476 et
3559 4417 3861 4475 humilitatis

2216 4508 2665 4563 familiaritatem
2697 4509 2849 4577 apud
2879 4523 3086 4563 omnes
3106 4508 3318 4562 fratres
3352 4510 3637 4578 habebat;
3683 4520 3861 4562 omnes

2220 4598 2575 4653 unanimiter
2606 4598 2906 4668 diligebat,
2974 4613 3179 4653 omnes
3227 4599 3382 4653 enim
3415 4599 3473 4652 in
3524 4599 3627 4652 Dei
3656 4595 3863 4651 servitio

2217 4687 2354 4740 vitia
2376 4702 2501 4741 suae
2524 4686 2794 4755 exemplo
2817 4685 3131 4757 dirigebat.
3170 4686 3277 4741 Diu
3299 4703 3557 4757 namque
3588 4688 3754 4740 vitam
3775 4683 3863 4735 nii-

2216 4773 2815 4843 rabilemduxit,dum
2834 4774 3161 4829 sesedabat
3197 4776 3501 4845 exemplar
3552 4777 3718 4830 bonae
3755 4786 3866 4825 con-

2221 4863 2601 4917 versationis.
2653 4862 2900 4918 Casteris
2934 4864 3088 4917 enim
3120 4864 3403 4918 fratribus
3434 4865 3612 4934 signo
3645 4864 3767 4917 dato
3796 4857 3853 4911 ad

2228 4951 2608 5005 refectorium
2640 4952 2939 5020 euntibus,
2973 4952 3067 5006 vir
3098 4954 3203 5007 Dei
3235 4953 3307 5007 ad
3339 4953 3666 5008 orationem
3704 4961 3860 5005 rema-

2221 5039 2396 5093 nebat
2445 5043 2503 5094 et
2531 5042 2704 5094 nocte
2737 5040 3187 5110 quiescentibus
3218 5042 3451 5095 cunctis
3497 5039 3790 5112 surgebat,
3819 5034 3863 5086 et

2219 5143 2377 5199 genu
2395 5129 2547 5183 ﬂexo
2574 5129 2699 5183 fere
2720 5132 2833 5183 tota
2858 5132 3030 5184 nocte
3061 5130 3285 5200 orabat,
3319 5146 3468 5200 pane
3497 5132 3556 5184 et
3586 5144 3731 5199 aqua
3749 5137 3862 5179 con-

2214 5221 2413 5272 tentus
2447 5217 2705 5285 vivebat,
2725 5221 2781 5271 et
2812 5218 2923 5272 hoc
2950 5218 3125 5272 etiam
3147 5219 3319 5289 quasi
3344 5220 3401 5272 in
3422 5212 3860 5273 momentoacci-

2210 5306 2427 5377 piebat.
2462 5304 2730 5360 Semelin
2745 5322 2898 5361 anno
2921 5307 2980 5360 in
2995 5307 3345 5362 solitudines
3378 5307 3469 5361 vel
3502 5307 3565 5360 in
3594 5303 3860 5377 praerupta

2216 5465 2369 5520 rium
2406 5466 2467 5519 in
2520 5464 2757 5521 Cantica
2810 5467 3173 5521 canticorum
3222 5467 3420 5521 edidit.
3450 5464 3641 5537 Cujus
3678 5458 3861 5537 operis

2214 5538 2573 5608 prolongum
2606 5541 2663 5591 et
2692 5537 2856 5591 initia
2880 5538 3194 5608 utriusque
3216 5538 3375 5607 libri,
3409 5539 3463 5591 in
3483 5533 3643 5608 quos
3660 5533 3860 5608 divisus

2227 5602 2341 5683 est,
2373 5602 2721 5663 habestom.
2754 5608 2777 5662 Ι
2807 5602 3244 5683 Analeetorum,
3271 5602 3408 5683 pag.
3441 5602 3565 5663 123.
3591 5607 3754 5683 Certe
3769 5602 3860 5683 hct}

2219 5672 2656 5806 gisghieerliiigore
2679 5682 2924 5752 uterque
2955 5680 3193 5737 vivebat
3221 5672 3293 5736 in
3305 5672 3663 5737 monasterio
3689 5672 3860 5733 Sancti
