  <div class='ocr_page' id='page_1' title='image "/cluster/home/n/w/nwhite01/storage/ocr_20150623/149/hvd.32044054760079/220.png"; bbox 0 0 3978 6178; ppageno 0'>
   <div class='ocr_carea' id='block_1_1' title="bbox 142 386 239 446">
    <p class='ocr_par' dir='ltr' id='par_1_1' title="bbox 142 386 239 446">
     <span class='ocr_line' id='line_1_1' title="bbox 142 386 239 446; baseline 0 0"><span class='ocrx_word' id='word_1_1' title='bbox 142 386 239 446; x_wconf 79' lang='lat'>429</span> 
     </span>
    </p>
   </div>
   <div class='ocr_carea' id='block_1_2' title="bbox 1692 377 1894 438">
    <p class='ocr_par' dir='ltr' id='par_1_2' title="bbox 1692 377 1894 438">
     <span class='ocr_line' id='line_1_2' title="bbox 1692 377 1894 438; baseline 0 -1"><span class='ocrx_word' id='word_1_2' title='bbox 1692 377 1894 438; x_wconf 88' lang='lat' dir='ltr'>VITA</span> 
     </span>
    </p>
   </div>
   <div class='ocr_carea' id='block_1_3' title="bbox 3398 383 3517 445">
    <p class='ocr_par' dir='ltr' id='par_1_3' title="bbox 3398 383 3517 445">
     <span class='ocr_line' id='line_1_3' title="bbox 3398 383 3517 445; baseline 0 0"><span class='ocrx_word' id='word_1_3' title='bbox 3398 383 3517 445; x_wconf 88' lang='lat'><strong>430</strong></span> 
     </span>
    </p>
   </div>
   <div class='ocr_carea' id='block_1_4' title="bbox 140 558 3512 657">
    <p class='ocr_par' dir='ltr' id='par_1_4' title="bbox 140 558 3512 657">
     <span class='ocr_line' id='line_1_4' title="bbox 140 558 3512 657; baseline 0.001 -20"><span class='ocrx_word' id='word_1_4' title='bbox 140 585 244 637; x_wconf 90' lang='lat' dir='ltr'>loca</span> <span class='ocrx_word' id='word_1_5' title='bbox 270 581 333 634; x_wconf 90' lang='lat' dir='ltr'>ad</span> <span class='ocrx_word' id='word_1_6' title='bbox 359 579 728 633; x_wconf 79' lang='lat' dir='ltr'>celebrandas</span> <span class='ocrx_word' id='word_1_7' title='bbox 744 578 1244 649; x_wconf 86' lang='lat' dir='ltr'>Quadragesimas</span> <span class='ocrx_word' id='word_1_8' title='bbox 1276 577 1491 646; x_wconf 78' lang='lat' dir='ltr'>exibat,</span> <span class='ocrx_word' id='word_1_9' title='bbox 1518 582 1573 630; x_wconf 90' lang='lat' dir='ltr'>et</span> <span class='ocrx_word' id='word_1_10' title='bbox 1602 580 1740 629; x_wconf 92' lang='lat' dir='ltr'>tunc</span> <span class='ocrx_word' id='word_1_11' title='bbox 1768 558 1814 618; x_wconf 77' lang='grc' dir='ltr'><strong>Α</strong></span> <span class='ocrx_word' id='word_1_12' title='bbox 1862 581 1975 631; x_wconf 88' lang='lat' dir='ltr'>tem</span> <span class='ocrx_word' id='word_1_13' title='bbox 2009 577 2077 629; x_wconf 89' lang='lat' dir='ltr'>ad</span> <span class='ocrx_word' id='word_1_14' title='bbox 2104 576 2319 631; x_wconf 88' lang='lat' dir='ltr'>victum</span> <span class='ocrx_word' id='word_1_15' title='bbox 2343 578 2456 631; x_wconf 87' lang='lat' dir='ltr'>nisi</span> <span class='ocrx_word' id='word_1_16' title='bbox 2488 579 2948 635; x_wconf 89' lang='lat' dir='ltr'>subcinericium</span> <span class='ocrx_word' id='word_1_17' title='bbox 2980 600 3187 652; x_wconf 89' lang='lat' dir='ltr'>panem</span> <span class='ocrx_word' id='word_1_18' title='bbox 3216 590 3273 639; x_wconf 90' lang='lat' dir='ltr'>et</span> <span class='ocrx_word' id='word_1_19' title='bbox 3302 602 3512 657; x_wconf 90' lang='lat' dir='ltr'>aquam</span> 
     </span>
    </p>
   </div>
   <div class='ocr_carea' id='block_1_5' title="bbox 139 666 1740 738">
    <p class='ocr_par' dir='ltr' id='par_1_5' title="bbox 139 666 1740 738">
     <span class='ocr_line' id='line_1_5' title="bbox 139 666 1740 738; baseline -0.005 -13"><span class='ocrx_word' id='word_1_20' title='bbox 139 669 472 735; x_wconf 76' lang='lat' dir='ltr'>orationibus,</span> <span class='ocrx_word' id='word_1_21' title='bbox 489 667 755 737; x_wconf 90' lang='lat' dir='ltr'>jejuniis,</span> <span class='ocrx_word' id='word_1_22' title='bbox 772 668 1017 738; x_wconf 83' lang='lat' dir='ltr'>vigiliis,</span> <span class='ocrx_word' id='word_1_23' title='bbox 1036 666 1388 720; x_wconf 83' lang='lat' dir='ltr'>flexionibus</span> <span class='ocrx_word' id='word_1_24' title='bbox 1403 681 1540 720; x_wconf 90' lang='lat' dir='ltr'>sese</span> <span class='ocrx_word' id='word_1_25' title='bbox 1560 679 1740 735; x_wconf 93' lang='lat' dir='ltr'>supra</span> 
     </span>
    </p>
   </div>
   <div class='ocr_carea' id='block_1_6' title="bbox 140 756 701 814">
    <p class='ocr_par' dir='ltr' id='par_1_6' title="bbox 140 756 701 814">
     <span class='ocr_line' id='line_1_6' title="bbox 140 756 701 814; baseline -0.009 0"><span class='ocrx_word' id='word_1_26' title='bbox 140 758 337 814; x_wconf 85' lang='lat' dir='ltr'>modum</span> <span class='ocrx_word' id='word_1_27' title='bbox 363 756 701 810; x_wconf 90' lang='lat' dir='ltr'>macerabat.</span> 
     </span>
    </p>
   </div>
   <div class='ocr_carea' id='block_1_7' title="bbox 191 878 1739 951">
    <p class='ocr_par' dir='ltr' id='par_1_7' title="bbox 191 878 1739 951">
     <span class='ocr_line' id='line_1_7' title="bbox 191 878 1739 951; baseline -0.003 -15"><span class='ocrx_word' id='word_1_28' title='bbox 191 883 233 936; x_wconf 86' lang='lat'>5.</span> <span class='ocrx_word' id='word_1_29' title='bbox 264 881 363 935; x_wconf 89' lang='lat' dir='ltr'>Per</span> <span class='ocrx_word' id='word_1_30' title='bbox 381 881 525 933; x_wconf 91' lang='lat' dir='ltr'>idem</span> <span class='ocrx_word' id='word_1_31' title='bbox 555 883 785 951; x_wconf 86' lang='lat' dir='ltr'>tempus</span> <span class='ocrx_word' id='word_1_32' title='bbox 816 885 1110 950; x_wconf 69' lang='lat' dir='ltr'>praecepto</span> <span class='ocrx_word' id='word_1_33' title='bbox 1132 880 1319 933; x_wconf 85' lang='lat' dir='ltr'>sancti</span> <span class='ocrx_word' id='word_1_34' title='bbox 1352 879 1536 948; x_wconf 78' lang='lat' dir='ltr'>patris</span> <span class='ocrx_word' id='word_1_35' title='bbox 1554 878 1739 932; x_wconf 77' lang='lat' dir='ltr'>nostri</span> 
     </span>
    </p>
   </div>
   <div class='ocr_carea' id='block_1_8' title="bbox 135 968 1741 1040">
    <p class='ocr_par' dir='ltr' id='par_1_8' title="bbox 135 968 1741 1040">
     <span class='ocr_line' id='line_1_8' title="bbox 135 968 1741 1040; baseline -0.003 -16"><span class='ocrx_word' id='word_1_36' title='bbox 135 986 268 1040; x_wconf 66' lang='lat' dir='ltr'>papae</span> <span class='ocrx_word' id='word_1_37' title='bbox 285 969 534 1039; x_wconf 79' lang='lat' dir='ltr'>Gregorii</span> <span class='ocrx_word' id='word_1_38' title='bbox 557 969 811 1039; x_wconf 82' lang='lat' dir='ltr'>septimi,</span> <span class='ocrx_word' id='word_1_39' title='bbox 832 970 887 1023; x_wconf 88' lang='lat' dir='ltr'>et</span> <span class='ocrx_word' id='word_1_40' title='bbox 910 968 1060 1022; x_wconf 88' lang='lat' dir='ltr'>trina</span> <span class='ocrx_word' id='word_1_41' title='bbox 1092 968 1479 1038; x_wconf 77' lang='lat' dir='ltr'>persuasione</span> <span class='ocrx_word' id='word_1_42' title='bbox 1504 982 1741 1020; x_wconf 88' lang='lat' dir='ltr'>venera-</span> 
     </span>
    </p>
   </div>
   <div class='ocr_carea' id='block_1_9' title="bbox 135 1055 1742 1129">
    <p class='ocr_par' dir='ltr' id='par_1_9' title="bbox 135 1055 1742 1129">
     <span class='ocr_line' id='line_1_9' title="bbox 135 1055 1742 1129; baseline -0.002 -18"><span class='ocrx_word' id='word_1_43' title='bbox 135 1059 243 1112; x_wconf 83' lang='lat' dir='ltr'>bilis</span> <span class='ocrx_word' id='word_1_44' title='bbox 269 1058 375 1111; x_wconf 88' lang='lat' dir='ltr'>viri</span> <span class='ocrx_word' id='word_1_45' title='bbox 394 1058 620 1112; x_wconf 79' lang='lat' dir='ltr'>abbatis</span> <span class='ocrx_word' id='word_1_46' title='bbox 639 1059 730 1112; x_wconf 92' lang='lat' dir='ltr'>sui</span> <span class='ocrx_word' id='word_1_47' title='bbox 756 1058 1050 1129; x_wconf 87' lang='lat' dir='ltr'>Ilugonis,</span> <span class='ocrx_word' id='word_1_48' title='bbox 1068 1056 1412 1126; x_wconf 87' lang='lat' dir='ltr'>Hispaniam</span> <span class='ocrx_word' id='word_1_49' title='bbox 1434 1056 1505 1109; x_wconf 90' lang='lat' dir='ltr'>ad</span> <span class='ocrx_word' id='word_1_50' title='bbox 1535 1055 1742 1125; x_wconf 83' lang='lat' dir='ltr'>praedi-</span> 
     </span>
    </p>
   </div>
   <div class='ocr_carea' id='block_1_10' title="bbox 135 1145 1739 1216">
    <p class='ocr_par' dir='ltr' id='par_1_10' title="bbox 135 1145 1739 1216">
     <span class='ocr_line' id='line_1_10' title="bbox 135 1145 1739 1216; baseline -0.002 -15"><span class='ocrx_word' id='word_1_51' title='bbox 135 1147 337 1201; x_wconf 84' lang='lat' dir='ltr'>candum</span> <span class='ocrx_word' id='word_1_52' title='bbox 356 1145 695 1199; x_wconf 88' lang='lat' dir='ltr'>Sarracenis</span> <span class='ocrx_word' id='word_1_53' title='bbox 726 1146 1044 1216; x_wconf 87' lang='lat' dir='ltr'>ingressus</span> <span class='ocrx_word' id='word_1_54' title='bbox 1075 1148 1186 1199; x_wconf 91' lang='lat' dir='ltr'>est.</span> <span class='ocrx_word' id='word_1_55' title='bbox 1230 1145 1344 1198; x_wconf 86' lang='lat' dir='ltr'>Ubi</span> <span class='ocrx_word' id='word_1_56' title='bbox 1375 1145 1447 1198; x_wconf 91' lang='lat' dir='ltr'>ad</span> <span class='ocrx_word' id='word_1_57' title='bbox 1478 1145 1739 1214; x_wconf 90' lang='lat' dir='ltr'>proban-</span> 
     </span>
    </p>
   </div>
   <div class='ocr_carea' id='block_1_11' title="bbox 134 1233 1741 1303">
    <p class='ocr_par' dir='ltr' id='par_1_11' title="bbox 134 1233 1741 1303">
     <span class='ocr_line' id='line_1_11' title="bbox 134 1233 1741 1303; baseline -0.001 -16"><span class='ocrx_word' id='word_1_58' title='bbox 134 1235 235 1287; x_wconf 85' lang='lat' dir='ltr'>dam</span> <span class='ocrx_word' id='word_1_59' title='bbox 260 1234 653 1288; x_wconf 87' lang='lat' dir='ltr'>certitudinem</span> <span class='ocrx_word' id='word_1_60' title='bbox 683 1234 817 1287; x_wconf 83' lang='lat' dir='ltr'>fidei</span> <span class='ocrx_word' id='word_1_61' title='bbox 840 1234 1335 1303; x_wconf 88' lang='lat' dir='ltr'>Christianorum,</span> <span class='ocrx_word' id='word_1_62' title='bbox 1361 1238 1416 1287; x_wconf 91' lang='lat' dir='ltr'>et</span> <span class='ocrx_word' id='word_1_63' title='bbox 1447 1234 1518 1286; x_wconf 90' lang='lat' dir='ltr'>ad</span> <span class='ocrx_word' id='word_1_64' title='bbox 1550 1233 1741 1287; x_wconf 88' lang='lat' dir='ltr'>eradi-</span> 
     </span>
    </p>
   </div>
   <div class='ocr_carea' id='block_1_12' title="bbox 133 1320 1743 1391">
    <p class='ocr_par' dir='ltr' id='par_1_12' title="bbox 133 1320 1743 1391">
     <span class='ocr_line' id='line_1_12' title="bbox 133 1320 1743 1391; baseline 0 -16"><span class='ocrx_word' id='word_1_65' title='bbox 133 1322 330 1376; x_wconf 86' lang='lat' dir='ltr'>candam</span> <span class='ocrx_word' id='word_1_66' title='bbox 370 1320 732 1375; x_wconf 80' lang='lat' dir='ltr'>crudelitatis</span> <span class='ocrx_word' id='word_1_67' title='bbox 780 1322 1056 1376; x_wconf 80' lang='lat' dir='ltr'>duritiam</span> <span class='ocrx_word' id='word_1_68' title='bbox 1100 1321 1594 1391; x_wconf 84' lang='lat' dir='ltr'>Sarracenorum,</span> <span class='ocrx_word' id='word_1_69' title='bbox 1638 1338 1743 1391; x_wconf 88' lang='lat' dir='ltr'>per</span> 
     </span>
    </p>
   </div>
   <div class='ocr_carea' id='block_1_13' title="bbox 133 1410 1739 1481">
    <p class='ocr_par' dir='ltr' id='par_1_13' title="bbox 133 1410 1739 1481">
     <span class='ocr_line' id='line_1_13' title="bbox 133 1410 1739 1481; baseline 0.001 -19"><span class='ocrx_word' id='word_1_70' title='bbox 133 1425 299 1481; x_wconf 79' lang='lat' dir='ltr'>rogum</span> <span class='ocrx_word' id='word_1_71' title='bbox 310 1410 603 1463; x_wconf 91' lang='lat' dir='ltr'>ardentem</span> <span class='ocrx_word' id='word_1_72' title='bbox 622 1414 758 1479; x_wconf 90' lang='lat' dir='ltr'>post</span> <span class='ocrx_word' id='word_1_73' title='bbox 780 1411 1071 1465; x_wconf 88' lang='lat' dir='ltr'>celebrata</span> <span class='ocrx_word' id='word_1_74' title='bbox 1091 1411 1412 1464; x_wconf 89' lang='lat' dir='ltr'>missarum</span> <span class='ocrx_word' id='word_1_75' title='bbox 1432 1410 1739 1475; x_wconf 87' lang='lat' dir='ltr'>solemnia,</span> 
     </span>
    </p>
   </div>
   <div class='ocr_carea' id='block_1_14' title="bbox 132 1498 1742 1569">
    <p class='ocr_par' dir='ltr' id='par_1_14' title="bbox 132 1498 1742 1569">
     <span class='ocr_line' id='line_1_14' title="bbox 132 1498 1742 1569; baseline 0 -17"><span class='ocrx_word' id='word_1_76' title='bbox 132 1498 547 1568; x_wconf 82' lang='lat' dir='ltr'>transirevoluit;</span> <span class='ocrx_word' id='word_1_77' title='bbox 571 1499 680 1553; x_wconf 91' lang='lat' dir='ltr'>sed</span> <span class='ocrx_word' id='word_1_78' title='bbox 702 1498 1013 1554; x_wconf 88' lang='lat' dir='ltr'>Sarraceni</span> <span class='ocrx_word' id='word_1_79' title='bbox 1037 1500 1354 1553; x_wconf 87' lang='lat' dir='ltr'>conditioni</span> <span class='ocrx_word' id='word_1_80' title='bbox 1377 1499 1511 1569; x_wconf 93' lang='lat' dir='ltr'>ejus</span> <span class='ocrx_word' id='word_1_81' title='bbox 1534 1499 1742 1554; x_wconf 87' lang='lat' dir='ltr'>nolue-</span> 
     </span>
    </p>
   </div>
   <div class='ocr_carea' id='block_1_15' title="bbox 131 1588 1740 1658">
    <p class='ocr_par' dir='ltr' id='par_1_15' title="bbox 131 1588 1740 1658">
     <span class='ocr_line' id='line_1_15' title="bbox 131 1588 1740 1658; baseline 0 -18"><span class='ocrx_word' id='word_1_82' title='bbox 131 1591 232 1641; x_wconf 84' lang='lat' dir='ltr'>runt</span> <span class='ocrx_word' id='word_1_83' title='bbox 256 1588 646 1658; x_wconf 83' lang='lat' dir='ltr'>acquiescere,</span> <span class='ocrx_word' id='word_1_84' title='bbox 662 1588 937 1642; x_wconf 86' lang='lat' dir='ltr'>videlicet</span> <span class='ocrx_word' id='word_1_85' title='bbox 957 1588 1009 1642; x_wconf 90' lang='lat' dir='ltr'>si</span> <span class='ocrx_word' id='word_1_86' title='bbox 1033 1588 1169 1641; x_wconf 90' lang='lat' dir='ltr'>hinc</span> <span class='ocrx_word' id='word_1_87' title='bbox 1192 1588 1420 1642; x_wconf 87' lang='lat' dir='ltr'>illaesus</span> <span class='ocrx_word' id='word_1_88' title='bbox 1438 1588 1740 1658; x_wconf 82' lang='lat' dir='ltr'>transiret,</span> 
     </span>
    </p>
   </div>
   <div class='ocr_carea' id='block_1_16' title="bbox 130 1676 1797 1748">
    <p class='ocr_par' dir='ltr' id='par_1_16' title="bbox 130 1676 1797 1748">
     <span class='ocr_line' id='line_1_16' title="bbox 130 1676 1797 1748; baseline -0.001 -19"><span class='ocrx_word' id='word_1_89' title='bbox 130 1676 180 1729; x_wconf 85' lang='lat' dir='ltr'>ad</span> <span class='ocrx_word' id='word_1_90' title='bbox 206 1676 453 1746; x_wconf 85' lang='lat' dir='ltr'>baptismi</span> <span class='ocrx_word' id='word_1_91' title='bbox 482 1678 735 1747; x_wconf 78' lang='lat' dir='ltr'>gratiam</span> <span class='ocrx_word' id='word_1_92' title='bbox 763 1678 1171 1748; x_wconf 79' lang='lat' dir='ltr'>confugerent.</span> <span class='ocrx_word' id='word_1_93' title='bbox 1193 1676 1308 1731; x_wconf 87' lang='lat' dir='ltr'>Sed</span> <span class='ocrx_word' id='word_1_94' title='bbox 1342 1692 1474 1730; x_wconf 92' lang='lat' dir='ltr'>cum</span> <span class='ocrx_word' id='word_1_95' title='bbox 1508 1692 1539 1729; x_wconf 93' lang='lat' dir='ltr'>a</span> <span class='ocrx_word' id='word_1_96' title='bbox 1571 1676 1741 1730; x_wconf 84' lang='lat' dir='ltr'>caeci-</span> <span class='ocrx_word' id='word_1_97' title='bbox 1794 1732 1797 1735; x_wconf 96' lang='lat'><em>_</em></span> 
     </span>
    </p>
   </div>
   <div class='ocr_carea' id='block_1_17' title="bbox 132 1764 1739 1833">
    <p class='ocr_par' dir='ltr' id='par_1_17' title="bbox 132 1764 1739 1833">
     <span class='ocr_line' id='line_1_17' title="bbox 132 1764 1739 1833; baseline 0 -17"><span class='ocrx_word' id='word_1_98' title='bbox 132 1766 215 1818; x_wconf 81' lang='lat' dir='ltr'>tate</span> <span class='ocrx_word' id='word_1_99' title='bbox 239 1767 288 1818; x_wconf 89' lang='lat' dir='ltr'>et</span> <span class='ocrx_word' id='word_1_100' title='bbox 315 1764 521 1818; x_wconf 85' lang='lat' dir='ltr'>duritia</span> <span class='ocrx_word' id='word_1_101' title='bbox 554 1765 754 1819; x_wconf 88' lang='lat' dir='ltr'>cordis</span> <span class='ocrx_word' id='word_1_102' title='bbox 786 1765 880 1818; x_wconf 91' lang='lat' dir='ltr'>sui</span> <span class='ocrx_word' id='word_1_103' title='bbox 913 1766 1030 1819; x_wconf 92' lang='lat' dir='ltr'>ullo</span> <span class='ocrx_word' id='word_1_104' title='bbox 1073 1766 1243 1819; x_wconf 88' lang='lat' dir='ltr'>modo</span> <span class='ocrx_word' id='word_1_105' title='bbox 1275 1765 1468 1819; x_wconf 86' lang='lat' dir='ltr'>redire</span> <span class='ocrx_word' id='word_1_106' title='bbox 1500 1764 1739 1833; x_wconf 86' lang='lat' dir='ltr'>nollent,</span> 
     </span>
    </p>
   </div>
   <div class='ocr_carea' id='block_1_18' title="bbox 130 1852 1742 1924">
    <p class='ocr_par' dir='ltr' id='par_1_18' title="bbox 130 1852 1742 1924">
     <span class='ocr_line' id='line_1_18' title="bbox 130 1852 1742 1924; baseline 0 -18"><span class='ocrx_word' id='word_1_107' title='bbox 130 1868 342 1907; x_wconf 81' lang='lat' dir='ltr'>excusso</span> <span class='ocrx_word' id='word_1_108' title='bbox 369 1853 614 1924; x_wconf 84' lang='lat' dir='ltr'>pulvere</span> <span class='ocrx_word' id='word_1_109' title='bbox 644 1852 860 1923; x_wconf 91' lang='lat' dir='ltr'>pedum</span> <span class='ocrx_word' id='word_1_110' title='bbox 893 1854 949 1906; x_wconf 93' lang='lat' dir='ltr'>in</span> <span class='ocrx_word' id='word_1_111' title='bbox 981 1853 1116 1908; x_wconf 92' lang='lat' dir='ltr'>illos</span> <span class='ocrx_word' id='word_1_112' title='bbox 1138 1853 1198 1907; x_wconf 93' lang='lat' dir='ltr'>in</span> <span class='ocrx_word' id='word_1_113' title='bbox 1229 1854 1646 1923; x_wconf 90' lang='lat' dir='ltr'>testimonium,</span> <span class='ocrx_word' id='word_1_114' title='bbox 1671 1853 1742 1906; x_wconf 92' lang='lat' dir='ltr'>ad</span> 
     </span>
    </p>
   </div>
   <div class='ocr_carea' id='block_1_19' title="bbox 1856 664 3514 746">
    <p class='ocr_par' dir='ltr' id='par_1_19' title="bbox 1856 664 3514 746">
     <span class='ocr_line' id='line_1_19' title="bbox 1856 664 3514 746; baseline 0.007 -28"><span class='ocrx_word' id='word_1_115' title='bbox 1856 664 2215 735; x_wconf 88' lang='lat' dir='ltr'>requirebat,</span> <span class='ocrx_word' id='word_1_116' title='bbox 2242 681 2373 735; x_wconf 88' lang='lat' dir='ltr'>quae</span> <span class='ocrx_word' id='word_1_117' title='bbox 2396 670 2617 721; x_wconf 89' lang='lat' dir='ltr'>tantum</span> <span class='ocrx_word' id='word_1_118' title='bbox 2640 669 2752 722; x_wconf 90' lang='lat' dir='ltr'>sub</span> <span class='ocrx_word' id='word_1_119' title='bbox 2777 685 3072 739; x_wconf 87' lang='lat' dir='ltr'>mensura,</span> <span class='ocrx_word' id='word_1_120' title='bbox 3088 689 3119 724; x_wconf 91' lang='lat' dir='ltr'>a</span> <span class='ocrx_word' id='word_1_121' title='bbox 3137 673 3318 727; x_wconf 90' lang='lat' dir='ltr'>fratre</span> <span class='ocrx_word' id='word_1_122' title='bbox 3340 692 3514 746; x_wconf 88' lang='lat' dir='ltr'>quem</span> 
     </span>
    </p>
   </div>
   <div class='ocr_carea' id='block_1_20' title="bbox 1857 754 3514 826">
    <p class='ocr_par' dir='ltr' id='par_1_20' title="bbox 1857 754 3514 826">
     <span class='ocr_line' id='line_1_20' title="bbox 1857 754 3514 826; baseline 0.006 -19"><span class='ocrx_word' id='word_1_123' title='bbox 1857 755 1970 821; x_wconf 83' lang='lat' dir='ltr'>sub</span> <span class='ocrx_word' id='word_1_124' title='bbox 2004 756 2196 808; x_wconf 86' lang='lat' dir='ltr'>monte</span> <span class='ocrx_word' id='word_1_125' title='bbox 2230 754 2563 825; x_wconf 87' lang='lat' dir='ltr'>reliquerat,</span> <span class='ocrx_word' id='word_1_126' title='bbox 2588 757 2931 826; x_wconf 88' lang='lat' dir='ltr'>accipiebat.</span> <span class='ocrx_word' id='word_1_127' title='bbox 2956 757 3098 813; x_wconf 92' lang='lat' dir='ltr'>Cum</span> <span class='ocrx_word' id='word_1_128' title='bbox 3127 765 3319 815; x_wconf 86' lang='lat' dir='ltr'>autem</span> <span class='ocrx_word' id='word_1_129' title='bbox 3339 764 3397 816; x_wconf 93' lang='lat' dir='ltr'>in</span> <span class='ocrx_word' id='word_1_130' title='bbox 3420 765 3514 818; x_wconf 89' lang='lat' dir='ltr'>his</span> 
     </span>
    </p>
   </div>
   <div class='ocr_carea' id='block_1_21' title="bbox 1856 844 3513 921">
    <p class='ocr_par' dir='ltr' id='par_1_21' title="bbox 1856 844 3513 921">
     <span class='ocr_line' id='line_1_21' title="bbox 1856 844 3513 921; baseline 0.005 -25"><span class='ocrx_word' id='word_1_131' title='bbox 1856 844 2262 897; x_wconf 81' lang='lat' dir='ltr'>demereretur</span> <span class='ocrx_word' id='word_1_132' title='bbox 2290 848 2348 898; x_wconf 91' lang='lat' dir='ltr'>et</span> <span class='ocrx_word' id='word_1_133' title='bbox 2377 845 2492 897; x_wconf 89' lang='lat' dir='ltr'>vita</span> <span class='ocrx_word' id='word_1_134' title='bbox 2526 845 2657 914; x_wconf 93' lang='lat' dir='ltr'>ejus</span> <span class='ocrx_word' id='word_1_135' title='bbox 2703 847 3160 918; x_wconf 85' lang='lat' dir='ltr'>circumquaque</span> <span class='ocrx_word' id='word_1_136' title='bbox 3192 850 3513 921; x_wconf 89' lang='lat' dir='ltr'>audiretur,</span> 
     </span>
    </p>
   </div>
   <div class='ocr_carea' id='block_1_22' title="bbox 1857 932 3512 1004">
    <p class='ocr_par' dir='ltr' id='par_1_22' title="bbox 1857 932 3512 1004">
     <span class='ocr_line' id='line_1_22' title="bbox 1857 932 3512 1004; baseline 0.005 -20"><span class='ocrx_word' id='word_1_137' title='bbox 1857 936 2160 1001; x_wconf 88' lang='lat' dir='ltr'>coeperunt</span> <span class='ocrx_word' id='word_1_138' title='bbox 2190 932 2353 985; x_wconf 87' lang='lat' dir='ltr'>multi</span> <span class='ocrx_word' id='word_1_139' title='bbox 2384 933 2545 987; x_wconf 90' lang='lat' dir='ltr'>adire</span> <span class='ocrx_word' id='word_1_140' title='bbox 2576 950 2729 1004; x_wconf 89' lang='lat' dir='ltr'>cum,</span> <span class='ocrx_word' id='word_1_141' title='bbox 2755 939 2810 989; x_wconf 89' lang='lat' dir='ltr'>et</span> <span class='ocrx_word' id='word_1_142' title='bbox 2838 935 2999 989; x_wconf 90' lang='lat' dir='ltr'>multi</span> <span class='ocrx_word' id='word_1_143' title='bbox 3032 937 3103 990; x_wconf 90' lang='lat' dir='ltr'>ad</span> <span class='ocrx_word' id='word_1_144' title='bbox 3135 952 3267 991; x_wconf 91' lang='lat' dir='ltr'>eum</span> <span class='ocrx_word' id='word_1_145' title='bbox 3300 954 3512 994; x_wconf 89' lang='lat' dir='ltr'>conve-</span> 
     </span>
    </p>
   </div>
   <div class='ocr_carea' id='block_1_23' title="bbox 1857 1021 3510 1098">
    <p class='ocr_par' dir='ltr' id='par_1_23' title="bbox 1857 1021 3510 1098">
     <span class='ocr_line' id='line_1_23' title="bbox 1857 1021 3510 1098; baseline 0.005 -25"><span class='ocrx_word' id='word_1_146' title='bbox 1857 1021 2004 1088; x_wconf 89' lang='lat' dir='ltr'>nire,</span> <span class='ocrx_word' id='word_1_147' title='bbox 2028 1023 2090 1074; x_wconf 90' lang='lat' dir='ltr'>ut</span> <span class='ocrx_word' id='word_1_148' title='bbox 2113 1022 2358 1075; x_wconf 86' lang='lat' dir='ltr'>verbum</span> <span class='ocrx_word' id='word_1_149' title='bbox 2393 1022 2527 1075; x_wconf 84' lang='lat' dir='ltr'>vitae</span> <span class='ocrx_word' id='word_1_150' title='bbox 2558 1022 2630 1076; x_wconf 90' lang='lat' dir='ltr'>ab</span> <span class='ocrx_word' id='word_1_151' title='bbox 2662 1039 2730 1077; x_wconf 90' lang='lat' dir='ltr'>eo</span> <span class='ocrx_word' id='word_1_152' title='bbox 2779 1025 3067 1093; x_wconf 88' lang='lat' dir='ltr'>audirent,</span> <span class='ocrx_word' id='word_1_153' title='bbox 3099 1028 3154 1079; x_wconf 90' lang='lat' dir='ltr'>et</span> <span class='ocrx_word' id='word_1_154' title='bbox 3175 1026 3354 1080; x_wconf 88' lang='lat' dir='ltr'>vitam</span> <span class='ocrx_word' id='word_1_155' title='bbox 3376 1027 3510 1098; x_wconf 91' lang='lat' dir='ltr'>ejus</span> 
     </span>
    </p>
   </div>
   <div class='ocr_carea' id='block_1_24' title="bbox 1856 1109 3515 1187">
    <p class='ocr_par' dir='ltr' id='par_1_24' title="bbox 1856 1109 3515 1187">
     <span class='ocr_line' id='line_1_24' title="bbox 1856 1109 3515 1187; baseline 0.005 -24"><span class='ocrx_word' id='word_1_156' title='bbox 1856 1125 2028 1180; x_wconf 90' lang='lat' dir='ltr'>quam</span> <span class='ocrx_word' id='word_1_157' title='bbox 2044 1109 2726 1165; x_wconf 85' lang='lat' dir='ltr'>mirabiliterdeducebat</span> <span class='ocrx_word' id='word_1_158' title='bbox 2744 1117 3196 1185; x_wconf 77' lang='lat' dir='ltr'>cognoscerent,</span> <span class='ocrx_word' id='word_1_159' title='bbox 3214 1131 3463 1187; x_wconf 90' lang='lat' dir='ltr'>eumque</span> <span class='ocrx_word' id='word_1_160' title='bbox 3481 1133 3515 1171; x_wconf 91' lang='lat' dir='ltr'>a</span> 
     </span>
    </p>
   </div>
   <div class='ocr_carea' id='block_1_25' title="bbox 1855 1199 3514 1272">
    <p class='ocr_par' dir='ltr' id='par_1_25' title="bbox 1855 1199 3514 1272">
     <span class='ocr_line' id='line_1_25' title="bbox 1855 1199 3514 1272; baseline 0.005 -21"><span class='ocrx_word' id='word_1_161' title='bbox 1855 1214 1972 1268; x_wconf 91' lang='lat' dir='ltr'>quo</span> <span class='ocrx_word' id='word_1_162' title='bbox 1991 1199 2188 1252; x_wconf 89' lang='lat' dir='ltr'>divino</span> <span class='ocrx_word' id='word_1_163' title='bbox 2214 1199 2425 1267; x_wconf 87' lang='lat' dir='ltr'>pabulo</span> <span class='ocrx_word' id='word_1_164' title='bbox 2442 1200 3358 1272; x_wconf 85' lang='lat' dir='ltr'>refocillabanturtemporalibus</span> <span class='ocrx_word' id='word_1_165' title='bbox 3384 1223 3514 1260; x_wconf 88' lang='lat' dir='ltr'>sus-</span> 
     </span>
    </p>
   </div>
   <div class='ocr_carea' id='block_1_26' title="bbox 1856 1286 3513 1357">
    <p class='ocr_par' dir='ltr' id='par_1_26' title="bbox 1856 1286 3513 1357">
     <span class='ocr_line' id='line_1_26' title="bbox 1856 1286 3513 1357; baseline 0.005 -17"><span class='ocrx_word' id='word_1_166' title='bbox 1856 1290 2164 1341; x_wconf 88' lang='lat' dir='ltr'>tentarent.</span> <span class='ocrx_word' id='word_1_167' title='bbox 2190 1286 2303 1341; x_wconf 92' lang='lat' dir='ltr'>Sed</span> <span class='ocrx_word' id='word_1_168' title='bbox 2324 1288 2416 1341; x_wconf 88' lang='lat' dir='ltr'>vir</span> <span class='ocrx_word' id='word_1_169' title='bbox 2438 1288 2539 1341; x_wconf 86' lang='lat' dir='ltr'>Dei</span> <span class='ocrx_word' id='word_1_170' title='bbox 2564 1289 2707 1342; x_wconf 84' lang='lat' dir='ltr'>nihil</span> <span class='ocrx_word' id='word_1_171' title='bbox 2732 1306 2984 1357; x_wconf 88' lang='lat' dir='ltr'>prorsus</span> <span class='ocrx_word' id='word_1_172' title='bbox 3015 1292 3086 1345; x_wconf 87' lang='lat' dir='ltr'>ab</span> <span class='ocrx_word' id='word_1_173' title='bbox 3119 1292 3206 1347; x_wconf 91' lang='lat' dir='ltr'>eis</span> <span class='ocrx_word' id='word_1_174' title='bbox 3237 1294 3308 1348; x_wconf 91' lang='lat' dir='ltr'>ad</span> <span class='ocrx_word' id='word_1_175' title='bbox 3340 1311 3513 1348; x_wconf 91' lang='lat' dir='ltr'>usum</span> 
     </span>
    </p>
   </div>
   <div class='ocr_carea' id='block_1_27' title="bbox 1858 1376 3513 1453">
    <p class='ocr_par' dir='ltr' id='par_1_27' title="bbox 1858 1376 3513 1453">
     <span class='ocr_line' id='line_1_27' title="bbox 1858 1376 3513 1453; baseline 0.005 -24"><span class='ocrx_word' id='word_1_176' title='bbox 1858 1377 2124 1445; x_wconf 89' lang='lat' dir='ltr'>corporis</span> <span class='ocrx_word' id='word_1_177' title='bbox 2146 1376 2488 1445; x_wconf 86' lang='lat' dir='ltr'>accipiebat,</span> <span class='ocrx_word' id='word_1_178' title='bbox 2509 1378 2742 1431; x_wconf 88' lang='lat' dir='ltr'>invitari</span> <span class='ocrx_word' id='word_1_179' title='bbox 2761 1377 2848 1449; x_wconf 59' lang='lat'>[[1,</span> <span class='ocrx_word' id='word_1_180' title='bbox 2875 1379 3126 1451; x_wconf 82' lang='lat' dir='ltr'>divitari]</span> <span class='ocrx_word' id='word_1_181' title='bbox 3158 1383 3312 1435; x_wconf 90' lang='lat' dir='ltr'>enim</span> <span class='ocrx_word' id='word_1_182' title='bbox 3342 1399 3373 1435; x_wconf 92' lang='lat' dir='ltr'>a</span> <span class='ocrx_word' id='word_1_183' title='bbox 3404 1400 3513 1453; x_wconf 87' lang='lat' dir='ltr'>po-</span> 
     </span>
    </p>
   </div>
   <div class='ocr_carea' id='block_1_28' title="bbox 1856 1465 3512 1541">
    <p class='ocr_par' dir='ltr' id='par_1_28' title="bbox 1856 1465 3512 1541">
     <span class='ocr_line' id='line_1_28' title="bbox 1856 1465 3512 1541; baseline 0.005 -25"><span class='ocrx_word' id='word_1_184' title='bbox 1856 1465 1993 1534; x_wconf 92' lang='lat' dir='ltr'>pulo</span> <span class='ocrx_word' id='word_1_185' title='bbox 2025 1481 2139 1518; x_wconf 92' lang='lat' dir='ltr'>non</span> <span class='ocrx_word' id='word_1_186' title='bbox 2172 1465 2490 1534; x_wconf 61' lang='lat' dir='ltr'>quaerebat,</span> <span class='ocrx_word' id='word_1_187' title='bbox 2520 1467 2617 1537; x_wconf 89' lang='lat' dir='ltr'>qui</span> <span class='ocrx_word' id='word_1_188' title='bbox 2652 1467 2823 1519; x_wconf 90' lang='lat' dir='ltr'>etiam</span> <span class='ocrx_word' id='word_1_189' title='bbox 2857 1468 2926 1521; x_wconf 89' lang='lat' dir='ltr'>de</span> <span class='ocrx_word' id='word_1_190' title='bbox 2960 1468 3281 1541; x_wconf 88' lang='lat' dir='ltr'>Evangelio</span> <span class='ocrx_word' id='word_1_191' title='bbox 3311 1471 3512 1526; x_wconf 87' lang='lat' dir='ltr'>vivere</span> 
     </span>
    </p>
   </div>
   <div class='ocr_carea' id='block_1_29' title="bbox 1856 1551 3513 1627">
    <p class='ocr_par' dir='ltr' id='par_1_29' title="bbox 1856 1551 3513 1627">
     <span class='ocr_line' id='line_1_29' title="bbox 1856 1551 3513 1627; baseline 0.006 -23"><span class='ocrx_word' id='word_1_192' title='bbox 1856 1554 2192 1607; x_wconf 84' lang='lat' dir='ltr'>recusabat.</span> <span class='ocrx_word' id='word_1_193' title='bbox 2226 1551 2519 1624; x_wconf 87' lang='lat' dir='ltr'>Quidquid</span> <span class='ocrx_word' id='word_1_194' title='bbox 2563 1571 2706 1627; x_wconf 87' lang='lat' dir='ltr'>ergo</span> <span class='ocrx_word' id='word_1_195' title='bbox 2757 1554 3128 1621; x_wconf 79' lang='lat' dir='ltr'>offerebatur,</span> <span class='ocrx_word' id='word_1_196' title='bbox 3165 1575 3272 1627; x_wconf 91' lang='lat' dir='ltr'>per</span> <span class='ocrx_word' id='word_1_197' title='bbox 3302 1575 3513 1615; x_wconf 90' lang='lat' dir='ltr'>manus</span> 
     </span>
    </p>
   </div>
   <div class='ocr_carea' id='block_1_30' title="bbox 1856 1642 3512 1719">
    <p class='ocr_par' dir='ltr' id='par_1_30' title="bbox 1856 1642 3512 1719">
     <span class='ocr_line' id='line_1_30' title="bbox 1856 1642 3512 1719; baseline 0.005 -25"><span class='ocrx_word' id='word_1_198' title='bbox 1856 1642 2242 1711; x_wconf 90' lang='lat' dir='ltr'>quorumdam</span> <span class='ocrx_word' id='word_1_199' title='bbox 2294 1642 2538 1696; x_wconf 80' lang='lat' dir='ltr'>fratrum</span> <span class='ocrx_word' id='word_1_200' title='bbox 2584 1645 2868 1715; x_wconf 78' lang='lat' dir='ltr'>erogabat</span> <span class='ocrx_word' id='word_1_201' title='bbox 2914 1648 3313 1717; x_wconf 89' lang='lat' dir='ltr'>pauperibus,</span> <span class='ocrx_word' id='word_1_202' title='bbox 3362 1665 3512 1719; x_wconf 86' lang='lat' dir='ltr'>quos</span> 
     </span>
    </p>
   </div>
   <div class='ocr_carea' id='block_1_31' title="bbox 1857 1730 3511 1801">
    <p class='ocr_par' dir='ltr' id='par_1_31' title="bbox 1857 1730 3511 1801">
     <span class='ocr_line' id='line_1_31' title="bbox 1857 1730 3511 1801; baseline 0.004 -17"><span class='ocrx_word' id='word_1_203' title='bbox 1857 1731 2032 1784; x_wconf 90' lang='lat' dir='ltr'>bonec</span> <span class='ocrx_word' id='word_1_204' title='bbox 2051 1730 2186 1784; x_wconf 87' lang='lat' dir='ltr'>vitae</span> <span class='ocrx_word' id='word_1_205' title='bbox 2218 1731 2637 1801; x_wconf 85' lang='lat' dir='ltr'>cognoscebat,</span> <span class='ocrx_word' id='word_1_206' title='bbox 2659 1737 2713 1786; x_wconf 91' lang='lat' dir='ltr'>et</span> <span class='ocrx_word' id='word_1_207' title='bbox 2735 1733 2804 1785; x_wconf 89' lang='lat' dir='ltr'>ad</span> <span class='ocrx_word' id='word_1_208' title='bbox 2828 1733 2940 1786; x_wconf 90' lang='lat' dir='ltr'>hoc</span> <span class='ocrx_word' id='word_1_209' title='bbox 2963 1734 3209 1788; x_wconf 89' lang='lat' dir='ltr'>idoneos</span> <span class='ocrx_word' id='word_1_210' title='bbox 3241 1736 3511 1790; x_wconf 90' lang='lat' dir='ltr'>ducebat.</span> 
     </span>
    </p>
   </div>
   <div class='ocr_carea' id='block_1_32' title="bbox 1927 1850 3517 1927">
    <p class='ocr_par' dir='ltr' id='par_1_32' title="bbox 1927 1850 3517 1927">
     <span class='ocr_line' id='line_1_32' title="bbox 1927 1850 3517 1927; baseline 0.004 -23"><span class='ocrx_word' id='word_1_211' title='bbox 1927 1850 1980 1905; x_wconf 90' lang='lat'>7.</span> <span class='ocrx_word' id='word_1_212' title='bbox 2007 1852 2121 1906; x_wconf 90' lang='lat' dir='ltr'>Sed</span> <span class='ocrx_word' id='word_1_213' title='bbox 2152 1852 2305 1905; x_wconf 86' lang='lat' dir='ltr'>inter</span> <span class='ocrx_word' id='word_1_214' title='bbox 2333 1851 2482 1919; x_wconf 88' lang='lat' dir='ltr'>haec,</span> <span class='ocrx_word' id='word_1_215' title='bbox 2509 1869 2641 1906; x_wconf 91' lang='lat' dir='ltr'>cum</span> <span class='ocrx_word' id='word_1_216' title='bbox 2673 1854 2787 1907; x_wconf 91' lang='lat' dir='ltr'>soli</span> <span class='ocrx_word' id='word_1_217' title='bbox 2820 1855 2939 1909; x_wconf 93' lang='lat' dir='ltr'>Deo</span> <span class='ocrx_word' id='word_1_218' title='bbox 2964 1856 3198 1924; x_wconf 88' lang='lat' dir='ltr'>placere</span> <span class='ocrx_word' id='word_1_219' title='bbox 3222 1862 3517 1927; x_wconf 85' lang='lat' dir='ltr'>quaereret</span> 
     </span>
    </p>
   </div>
   <div class='ocr_carea' id='block_1_33' title="bbox 130 1928 3515 2016">
    <p class='ocr_par' dir='ltr' id='par_1_33' title="bbox 130 1928 3515 2016">
     <span class='ocr_line' id='line_1_33' title="bbox 130 1928 3515 2016; baseline 0.002 -21"><span class='ocrx_word' id='word_1_220' title='bbox 130 1943 496 1996; x_wconf 88' lang='lat' dir='ltr'>monasterium</span> <span class='ocrx_word' id='word_1_221' title='bbox 515 1958 694 1996; x_wconf 90' lang='lat' dir='ltr'>suum</span> <span class='ocrx_word' id='word_1_222' title='bbox 712 1957 1038 2014; x_wconf 79' lang='lat' dir='ltr'>regressus</span> <span class='ocrx_word' id='word_1_223' title='bbox 1057 1944 1168 1997; x_wconf 90' lang='lat' dir='ltr'>est.</span> <span class='ocrx_word' id='word_1_224' title='bbox 1184 1942 1426 1996; x_wconf 87' lang='lat' dir='ltr'>Factum</span> <span class='ocrx_word' id='word_1_225' title='bbox 1444 1946 1535 1997; x_wconf 91' lang='lat' dir='ltr'>est</span> <span class='ocrx_word' id='word_1_226' title='bbox 1552 1945 1742 1996; x_wconf 91' lang='lat' dir='ltr'>autem</span> <span class='ocrx_word' id='word_1_227' title='bbox 1780 1928 1829 1989; x_wconf 89' lang='grc' dir='ltr'>Β</span> <span class='ocrx_word' id='word_1_228' title='bbox 1857 1942 1913 1993; x_wconf 90' lang='lat' dir='ltr'>et</span> <span class='ocrx_word' id='word_1_229' title='bbox 1942 1940 2015 1993; x_wconf 91' lang='lat' dir='ltr'>ad</span> <span class='ocrx_word' id='word_1_230' title='bbox 2046 1941 2159 1994; x_wconf 92' lang='lat' dir='ltr'>hoc</span> <span class='ocrx_word' id='word_1_231' title='bbox 2179 1944 2296 1995; x_wconf 91' lang='lat' dir='ltr'>toto</span> <span class='ocrx_word' id='word_1_232' title='bbox 2320 1941 2532 1994; x_wconf 88' lang='lat' dir='ltr'>mentis</span> <span class='ocrx_word' id='word_1_233' title='bbox 2570 1941 2779 1998; x_wconf 87' lang='lat' dir='ltr'>ardore</span> <span class='ocrx_word' id='word_1_234' title='bbox 2802 1943 3098 2015; x_wconf 84' lang='lat' dir='ltr'>ﬂagraret,</span> <span class='ocrx_word' id='word_1_235' title='bbox 3119 1947 3396 2016; x_wconf 88' lang='lat' dir='ltr'>antiquus</span> <span class='ocrx_word' id='word_1_236' title='bbox 3422 1947 3515 2001; x_wconf 92' lang='lat' dir='ltr'>ille</span> 
     </span>
    </p>
   </div>
   <div class='ocr_carea' id='block_1_34' title="bbox 128 2030 1748 2103">
    <p class='ocr_par' dir='ltr' id='par_1_34' title="bbox 128 2030 1748 2103">
     <span class='ocr_line' id='line_1_34' title="bbox 128 2030 1748 2103; baseline -0.001 -18"><span class='ocrx_word' id='word_1_237' title='bbox 128 2033 230 2100; x_wconf 85' lang='lat' dir='ltr'>post</span> <span class='ocrx_word' id='word_1_238' title='bbox 245 2032 679 2103; x_wconf 85' lang='lat' dir='ltr'>regressionem</span> <span class='ocrx_word' id='word_1_239' title='bbox 698 2030 855 2102; x_wconf 83' lang='lat' dir='ltr'>ejus,</span> <span class='ocrx_word' id='word_1_240' title='bbox 874 2031 1138 2086; x_wconf 89' lang='lat' dir='ltr'>revoluto</span> <span class='ocrx_word' id='word_1_241' title='bbox 1163 2031 1455 2101; x_wconf 90' lang='lat' dir='ltr'>septennii</span> <span class='ocrx_word' id='word_1_242' title='bbox 1476 2031 1599 2084; x_wconf 88' lang='lat' dir='ltr'>fere</span> <span class='ocrx_word' id='word_1_243' title='bbox 1620 2047 1748 2101; x_wconf 82' lang='lat' dir='ltr'>spa-</span> 
     </span>
    </p>
   </div>
   <div class='ocr_carea' id='block_1_35' title="bbox 128 2120 1745 2209">
    <p class='ocr_par' dir='ltr' id='par_1_35' title="bbox 128 2120 1745 2209">
     <span class='ocr_line' id='line_1_35' title="bbox 128 2120 1745 2209; baseline 0.001 -38"><span class='ocrx_word' id='word_1_244' title='bbox 128 2120 203 2188; x_wconf 86' lang='lat' dir='ltr'>tio,</span> <span class='ocrx_word' id='word_1_245' title='bbox 220 2125 273 2173; x_wconf 92' lang='lat' dir='ltr'>ut</span> <span class='ocrx_word' id='word_1_246' title='bbox 291 2121 649 2209; x_wconf 65' lang='lat' dir='ltr'>venerabilis</span> <span class='ocrx_word' id='word_1_247' title='bbox 673 2120 859 2174; x_wconf 89' lang='lat' dir='ltr'>abbas</span> <span class='ocrx_word' id='word_1_248' title='bbox 880 2120 953 2174; x_wconf 89' lang='lat' dir='ltr'>ad</span> <span class='ocrx_word' id='word_1_249' title='bbox 979 2120 1448 2174; x_wconf 84' lang='lat' dir='ltr'>exhortationem</span> <span class='ocrx_word' id='word_1_250' title='bbox 1470 2135 1745 2190; x_wconf 89' lang='lat' dir='ltr'>quorum-</span> 
     </span>
    </p>
   </div>
   <div class='ocr_carea' id='block_1_36' title="bbox 129 2206 1743 2279">
    <p class='ocr_par' dir='ltr' id='par_1_36' title="bbox 129 2206 1743 2279">
     <span class='ocr_line' id='line_1_36' title="bbox 129 2206 1743 2279; baseline 0 -19"><span class='ocrx_word' id='word_1_251' title='bbox 129 2206 229 2260; x_wconf 85' lang='lat' dir='ltr'>dam</span> <span class='ocrx_word' id='word_1_252' title='bbox 251 2207 506 2273; x_wconf 82' lang='lat' dir='ltr'>fratrum,</span> <span class='ocrx_word' id='word_1_253' title='bbox 537 2206 835 2262; x_wconf 83' lang='lat' dir='ltr'>laicorum</span> <span class='ocrx_word' id='word_1_254' title='bbox 867 2210 923 2262; x_wconf 86' lang='lat' dir='ltr'>et</span> <span class='ocrx_word' id='word_1_255' title='bbox 952 2208 1259 2277; x_wconf 90' lang='lat' dir='ltr'>nobilium,</span> <span class='ocrx_word' id='word_1_256' title='bbox 1285 2209 1342 2263; x_wconf 88' lang='lat' dir='ltr'>in</span> <span class='ocrx_word' id='word_1_257' title='bbox 1371 2208 1743 2279; x_wconf 85' lang='lat' dir='ltr'>Aquitaniam</span> 
     </span>
    </p>
   </div>
   <div class='ocr_carea' id='block_1_37' title="bbox 129 2296 1744 2368">
    <p class='ocr_par' dir='ltr' id='par_1_37' title="bbox 129 2296 1744 2368">
     <span class='ocr_line' id='line_1_37' title="bbox 129 2296 1744 2368; baseline 0.001 -20"><span class='ocrx_word' id='word_1_258' title='bbox 129 2296 265 2350; x_wconf 79' lang='lat' dir='ltr'>vellet</span> <span class='ocrx_word' id='word_1_259' title='bbox 290 2298 473 2362; x_wconf 85' lang='lat' dir='ltr'>exire,</span> <span class='ocrx_word' id='word_1_260' title='bbox 516 2297 626 2368; x_wconf 88' lang='lat' dir='ltr'>qui</span> <span class='ocrx_word' id='word_1_261' title='bbox 671 2298 1078 2351; x_wconf 87' lang='lat' dir='ltr'>renuntiantes</span> <span class='ocrx_word' id='word_1_262' title='bbox 1109 2296 1323 2352; x_wconf 90' lang='lat' dir='ltr'>mundo</span> <span class='ocrx_word' id='word_1_263' title='bbox 1365 2298 1439 2351; x_wconf 90' lang='lat' dir='ltr'>ad</span> <span class='ocrx_word' id='word_1_264' title='bbox 1483 2297 1744 2351; x_wconf 89' lang='lat' dir='ltr'>habitum</span> 
     </span>
    </p>
   </div>
   <div class='ocr_carea' id='block_1_38' title="bbox 127 2385 1748 2441">
    <p class='ocr_par' dir='ltr' id='par_1_38' title="bbox 127 2385 1748 2441">
     <span class='ocr_line' id='line_1_38' title="bbox 127 2385 1748 2441; baseline 0.002 -4"><span class='ocrx_word' id='word_1_265' title='bbox 127 2385 500 2440; x_wconf 86' lang='lat' dir='ltr'>monachorum</span> <span class='ocrx_word' id='word_1_266' title='bbox 528 2385 814 2441; x_wconf 87' lang='lat' dir='ltr'>volebant</span> <span class='ocrx_word' id='word_1_267' title='bbox 858 2387 1081 2440; x_wconf 89' lang='lat' dir='ltr'>venire.</span> <span class='ocrx_word' id='word_1_268' title='bbox 1117 2385 1284 2441; x_wconf 90' lang='lat' dir='ltr'>Unde</span> <span class='ocrx_word' id='word_1_269' title='bbox 1314 2387 1531 2440; x_wconf 89' lang='lat' dir='ltr'>factum</span> <span class='ocrx_word' id='word_1_270' title='bbox 1564 2389 1655 2441; x_wconf 90' lang='lat' dir='ltr'>est</span> <span class='ocrx_word' id='word_1_271' title='bbox 1685 2390 1748 2441; x_wconf 90' lang='lat' dir='ltr'>ut</span> 
     </span>
    </p>
   </div>
   <div class='ocr_carea' id='block_1_39' title="bbox 126 2474 1747 2545">
    <p class='ocr_par' dir='ltr' id='par_1_39' title="bbox 126 2474 1747 2545">
     <span class='ocr_line' id='line_1_39' title="bbox 126 2474 1747 2545; baseline 0.001 -20"><span class='ocrx_word' id='word_1_272' title='bbox 126 2474 275 2528; x_wconf 79' lang='lat' dir='ltr'>virum</span> <span class='ocrx_word' id='word_1_273' title='bbox 292 2476 390 2530; x_wconf 86' lang='lat' dir='ltr'>Dei</span> <span class='ocrx_word' id='word_1_274' title='bbox 410 2475 802 2529; x_wconf 87' lang='lat' dir='ltr'>Anastasium</span> <span class='ocrx_word' id='word_1_275' title='bbox 834 2490 1038 2529; x_wconf 86' lang='lat' dir='ltr'>secum</span> <span class='ocrx_word' id='word_1_276' title='bbox 1071 2474 1344 2545; x_wconf 87' lang='lat' dir='ltr'>duceret;</span> <span class='ocrx_word' id='word_1_277' title='bbox 1368 2478 1491 2529; x_wconf 90' lang='lat' dir='ltr'>erat</span> <span class='ocrx_word' id='word_1_278' title='bbox 1512 2476 1666 2529; x_wconf 92' lang='lat' dir='ltr'>enim</span> <span class='ocrx_word' id='word_1_279' title='bbox 1689 2476 1747 2528; x_wconf 90' lang='lat' dir='ltr'>in</span> 
     </span>
    </p>
   </div>
   <div class='ocr_carea' id='block_1_40' title="bbox 126 2562 1748 2634">
    <p class='ocr_par' dir='ltr' id='par_1_40' title="bbox 126 2562 1748 2634">
     <span class='ocr_line' id='line_1_40' title="bbox 126 2562 1748 2634; baseline 0.001 -19"><span class='ocrx_word' id='word_1_280' title='bbox 126 2563 354 2617; x_wconf 89' lang='lat' dir='ltr'>omnibus</span> <span class='ocrx_word' id='word_1_281' title='bbox 394 2563 621 2617; x_wconf 88' lang='lat' dir='ltr'>divinis</span> <span class='ocrx_word' id='word_1_282' title='bbox 652 2562 978 2633; x_wconf 88' lang='lat' dir='ltr'>Scripturis</span> <span class='ocrx_word' id='word_1_283' title='bbox 1009 2564 1254 2634; x_wconf 88' lang='lat' dir='ltr'>peritus,</span> <span class='ocrx_word' id='word_1_284' title='bbox 1287 2566 1343 2617; x_wconf 92' lang='lat' dir='ltr'>et</span> <span class='ocrx_word' id='word_1_285' title='bbox 1376 2564 1436 2616; x_wconf 90' lang='lat' dir='ltr'>in</span> <span class='ocrx_word' id='word_1_286' title='bbox 1468 2563 1748 2618; x_wconf 86' lang='lat' dir='ltr'>exhorta-</span> 
     </span>
    </p>
   </div>
   <div class='ocr_carea' id='block_1_41' title="bbox 124 2650 1749 2723">
    <p class='ocr_par' dir='ltr' id='par_1_41' title="bbox 124 2650 1749 2723">
     <span class='ocr_line' id='line_1_41' title="bbox 124 2650 1749 2723; baseline 0 -19"><span class='ocrx_word' id='word_1_287' title='bbox 124 2652 245 2706; x_wconf 87' lang='lat' dir='ltr'>tione</span> <span class='ocrx_word' id='word_1_288' title='bbox 265 2656 316 2706; x_wconf 88' lang='lat' dir='ltr'>et</span> <span class='ocrx_word' id='word_1_289' title='bbox 340 2651 735 2706; x_wconf 68' lang='lat' dir='ltr'>aedificatione</span> <span class='ocrx_word' id='word_1_290' title='bbox 768 2651 1013 2705; x_wconf 88' lang='lat' dir='ltr'>fratrum</span> <span class='ocrx_word' id='word_1_291' title='bbox 1035 2651 1288 2706; x_wconf 90' lang='lat' dir='ltr'>validus.</span> <span class='ocrx_word' id='word_1_292' title='bbox 1321 2650 1584 2723; x_wconf 89' lang='lat' dir='ltr'>Cumque</span> <span class='ocrx_word' id='word_1_293' title='bbox 1615 2668 1749 2721; x_wconf 87' lang='lat' dir='ltr'>par-</span> 
     </span>
    </p>
   </div>
   <div class='ocr_carea' id='block_1_42' title="bbox 125 2740 1751 2813">
    <p class='ocr_par' dir='ltr' id='par_1_42' title="bbox 125 2740 1751 2813">
     <span class='ocr_line' id='line_1_42' title="bbox 125 2740 1751 2813; baseline 0.001 -21"><span class='ocrx_word' id='word_1_294' title='bbox 125 2742 214 2793; x_wconf 84' lang='lat' dir='ltr'>tem</span> <span class='ocrx_word' id='word_1_295' title='bbox 238 2756 492 2813; x_wconf 89' lang='lat' dir='ltr'>magnam</span> <span class='ocrx_word' id='word_1_296' title='bbox 525 2740 865 2811; x_wconf 64' lang='lat' dir='ltr'>Aquitaniae</span> <span class='ocrx_word' id='word_1_297' title='bbox 918 2740 1284 2793; x_wconf 86' lang='lat' dir='ltr'>exhortando</span> <span class='ocrx_word' id='word_1_298' title='bbox 1327 2740 1543 2795; x_wconf 88' lang='lat' dir='ltr'>fratres</span> <span class='ocrx_word' id='word_1_299' title='bbox 1574 2756 1751 2810; x_wconf 90' lang='lat' dir='ltr'>pera-</span> 
     </span>
    </p>
   </div>
   <div class='ocr_carea' id='block_1_43' title="bbox 125 2828 1747 2900">
    <p class='ocr_par' dir='ltr' id='par_1_43' title="bbox 125 2828 1747 2900">
     <span class='ocr_line' id='line_1_43' title="bbox 125 2828 1747 2900; baseline 0 -17"><span class='ocrx_word' id='word_1_300' title='bbox 125 2833 375 2898; x_wconf 76' lang='lat' dir='ltr'>grassent,</span> <span class='ocrx_word' id='word_1_301' title='bbox 391 2829 635 2884; x_wconf 86' lang='lat' dir='ltr'>tandem</span> <span class='ocrx_word' id='word_1_302' title='bbox 649 2829 707 2881; x_wconf 92' lang='lat' dir='ltr'>in</span> <span class='ocrx_word' id='word_1_303' title='bbox 721 2828 1078 2883; x_wconf 90' lang='lat' dir='ltr'>Tolosanum</span> <span class='ocrx_word' id='word_1_304' title='bbox 1097 2844 1314 2900; x_wconf 83' lang='lat' dir='ltr'>pagum</span> <span class='ocrx_word' id='word_1_305' title='bbox 1332 2832 1747 2898; x_wconf 88' lang='lat' dir='ltr'>pervenerunt,</span> 
     </span>
    </p>
   </div>
   <div class='ocr_carea' id='block_1_44' title="bbox 125 2916 1751 2988">
    <p class='ocr_par' dir='ltr' id='par_1_44' title="bbox 125 2916 1751 2988">
     <span class='ocr_line' id='line_1_44' title="bbox 125 2916 1751 2988; baseline 0.002 -19"><span class='ocrx_word' id='word_1_306' title='bbox 125 2917 201 2970; x_wconf 87' lang='lat' dir='ltr'>ubi</span> <span class='ocrx_word' id='word_1_307' title='bbox 216 2919 469 2972; x_wconf 90' lang='lat' dir='ltr'>comitem</span> <span class='ocrx_word' id='word_1_308' title='bbox 490 2916 804 2988; x_wconf 78' lang='lat' dir='ltr'>Appamiae</span> <span class='ocrx_word' id='word_1_309' title='bbox 836 2916 1034 2986; x_wconf 89' lang='lat' dir='ltr'>oppidi</span> <span class='ocrx_word' id='word_1_310' title='bbox 1064 2932 1198 2970; x_wconf 91' lang='lat' dir='ltr'>eum</span> <span class='ocrx_word' id='word_1_311' title='bbox 1231 2932 1413 2972; x_wconf 87' lang='lat' dir='ltr'>uxore</span> <span class='ocrx_word' id='word_1_312' title='bbox 1435 2920 1492 2971; x_wconf 91' lang='lat' dir='ltr'>et</span> <span class='ocrx_word' id='word_1_313' title='bbox 1516 2917 1656 2971; x_wconf 81' lang='lat' dir='ltr'>filiis</span> <span class='ocrx_word' id='word_1_314' title='bbox 1679 2919 1751 2972; x_wconf 93' lang='lat' dir='ltr'>ad</span> 
     </span>
    </p>
   </div>
   <div class='ocr_carea' id='block_1_45' title="bbox 125 3005 1748 3075">
    <p class='ocr_par' dir='ltr' id='par_1_45' title="bbox 125 3005 1748 3075">
     <span class='ocr_line' id='line_1_45' title="bbox 125 3005 1748 3075; baseline 0.001 -17"><span class='ocrx_word' id='word_1_315' title='bbox 125 3007 593 3061; x_wconf 85' lang='lat' dir='ltr'>conversationem</span> <span class='ocrx_word' id='word_1_316' title='bbox 616 3005 928 3060; x_wconf 88' lang='lat' dir='ltr'>monastici</span> <span class='ocrx_word' id='word_1_317' title='bbox 951 3005 1178 3060; x_wconf 89' lang='lat' dir='ltr'>ordinis</span> <span class='ocrx_word' id='word_1_318' title='bbox 1203 3006 1539 3075; x_wconf 88' lang='lat' dir='ltr'>suscepturi</span> <span class='ocrx_word' id='word_1_319' title='bbox 1564 3009 1748 3060; x_wconf 91' lang='lat' dir='ltr'>erant.</span> 
     </span>
    </p>
   </div>
   <div class='ocr_carea' id='block_1_46' title="bbox 125 3093 1754 3166">
    <p class='ocr_par' dir='ltr' id='par_1_46' title="bbox 125 3093 1754 3166">
     <span class='ocr_line' id='line_1_46' title="bbox 125 3093 1754 3166; baseline 0.001 -20"><span class='ocrx_word' id='word_1_320' title='bbox 125 3093 224 3147; x_wconf 69' lang='lat' dir='ltr'>tam</span> <span class='ocrx_word' id='word_1_321' title='bbox 261 3096 487 3150; x_wconf 90' lang='lat' dir='ltr'>interim</span> <span class='ocrx_word' id='word_1_322' title='bbox 530 3110 773 3166; x_wconf 80' lang='lat' dir='ltr'>quoque</span> <span class='ocrx_word' id='word_1_323' title='bbox 816 3094 1072 3148; x_wconf 87' lang='lat' dir='ltr'>instabat</span> <span class='ocrx_word' id='word_1_324' title='bbox 1103 3099 1335 3165; x_wconf 88' lang='lat' dir='ltr'>tempus</span> <span class='ocrx_word' id='word_1_325' title='bbox 1373 3111 1489 3165; x_wconf 90' lang='lat' dir='ltr'>quo</span> <span class='ocrx_word' id='word_1_326' title='bbox 1520 3096 1611 3148; x_wconf 92' lang='lat' dir='ltr'>vir</span> <span class='ocrx_word' id='word_1_327' title='bbox 1647 3094 1754 3149; x_wconf 90' lang='lat' dir='ltr'>Dei</span> 
     </span>
    </p>
   </div>
   <div class='ocr_carea' id='block_1_47' title="bbox 125 3182 1753 3253">
    <p class='ocr_par' dir='ltr' id='par_1_47' title="bbox 125 3182 1753 3253">
     <span class='ocr_line' id='line_1_47' title="bbox 125 3182 1753 3253; baseline 0.001 -19"><span class='ocrx_word' id='word_1_328' title='bbox 125 3182 431 3239; x_wconf 84' lang='lat' dir='ltr'>Anastasius</span> <span class='ocrx_word' id='word_1_329' title='bbox 461 3185 523 3239; x_wconf 90' lang='lat' dir='ltr'>in</span> <span class='ocrx_word' id='word_1_330' title='bbox 555 3183 985 3239; x_wconf 88' lang='lat' dir='ltr'>solitudinibus</span> <span class='ocrx_word' id='word_1_331' title='bbox 1024 3183 1117 3237; x_wconf 89' lang='lat' dir='ltr'>vel</span> <span class='ocrx_word' id='word_1_332' title='bbox 1158 3184 1217 3236; x_wconf 91' lang='lat' dir='ltr'>in</span> <span class='ocrx_word' id='word_1_333' title='bbox 1257 3184 1573 3253; x_wconf 84' lang='lat' dir='ltr'>praeruptis</span> <span class='ocrx_word' id='word_1_334' title='bbox 1602 3183 1753 3237; x_wconf 91' lang='lat' dir='ltr'>locis</span> 
     </span>
    </p>
   </div>
   <div class='ocr_carea' id='block_1_48' title="bbox 1857 2029 3514 2106">
    <p class='ocr_par' dir='ltr' id='par_1_48' title="bbox 1857 2029 3514 2106">
     <span class='ocr_line' id='line_1_48' title="bbox 1857 2029 3514 2106; baseline 0.003 -22"><span class='ocrx_word' id='word_1_335' title='bbox 1857 2030 2048 2085; x_wconf 87' lang='lat' dir='ltr'>hostis</span> <span class='ocrx_word' id='word_1_336' title='bbox 2073 2029 2285 2083; x_wconf 84' lang='lat' dir='ltr'>artifex</span> <span class='ocrx_word' id='word_1_337' title='bbox 2306 2030 2575 2098; x_wconf 89' lang='lat' dir='ltr'>nocendi,</span> <span class='ocrx_word' id='word_1_338' title='bbox 2592 2031 2972 2086; x_wconf 87' lang='lat' dir='ltr'>adversarius</span> <span class='ocrx_word' id='word_1_339' title='bbox 2997 2034 3234 2088; x_wconf 88' lang='lat' dir='ltr'>humani</span> <span class='ocrx_word' id='word_1_340' title='bbox 3253 2035 3514 2106; x_wconf 84' lang='lat' dir='ltr'>generis,</span> 
     </span>
    </p>
   </div>
   <div class='ocr_carea' id='block_1_49' title="bbox 1858 2119 3518 2189">
    <p class='ocr_par' dir='ltr' id='par_1_49' title="bbox 1858 2119 3518 2189">
     <span class='ocr_line' id='line_1_49' title="bbox 1858 2119 3518 2189; baseline 0.002 -15"><span class='ocrx_word' id='word_1_341' title='bbox 1858 2121 2034 2189; x_wconf 88' lang='lat' dir='ltr'>coepit</span> <span class='ocrx_word' id='word_1_342' title='bbox 2073 2119 2246 2173; x_wconf 90' lang='lat' dir='ltr'>bonis</span> <span class='ocrx_word' id='word_1_343' title='bbox 2283 2119 2416 2189; x_wconf 91' lang='lat' dir='ltr'>ejus</span> <span class='ocrx_word' id='word_1_344' title='bbox 2461 2119 2690 2173; x_wconf 89' lang='lat' dir='ltr'>actibus</span> <span class='ocrx_word' id='word_1_345' title='bbox 2723 2119 3008 2189; x_wconf 89' lang='lat' dir='ltr'>invidere,</span> <span class='ocrx_word' id='word_1_346' title='bbox 3038 2126 3093 2175; x_wconf 92' lang='lat' dir='ltr'>et</span> <span class='ocrx_word' id='word_1_347' title='bbox 3124 2124 3216 2177; x_wconf 89' lang='lat' dir='ltr'>die</span> <span class='ocrx_word' id='word_1_348' title='bbox 3247 2140 3315 2177; x_wconf 91' lang='lat' dir='ltr'>ac</span> <span class='ocrx_word' id='word_1_349' title='bbox 3346 2128 3518 2179; x_wconf 92' lang='lat' dir='ltr'>nocte</span> 
     </span>
    </p>
   </div>
   <div class='ocr_carea' id='block_1_50' title="bbox 1861 2207 3517 2280">
    <p class='ocr_par' dir='ltr' id='par_1_50' title="bbox 1861 2207 3517 2280">
     <span class='ocr_line' id='line_1_50' title="bbox 1861 2207 3517 2280; baseline 0.002 -18"><span class='ocrx_word' id='word_1_350' title='bbox 1861 2209 2055 2263; x_wconf 90' lang='lat' dir='ltr'>locum</span> <span class='ocrx_word' id='word_1_351' title='bbox 2085 2207 2453 2261; x_wconf 88' lang='lat' dir='ltr'>subintrandi</span> <span class='ocrx_word' id='word_1_352' title='bbox 2485 2208 2556 2260; x_wconf 92' lang='lat' dir='ltr'>ad</span> <span class='ocrx_word' id='word_1_353' title='bbox 2589 2210 2919 2263; x_wconf 90' lang='lat' dir='ltr'>nocendum</span> <span class='ocrx_word' id='word_1_354' title='bbox 2941 2211 3361 2280; x_wconf 88' lang='lat' dir='ltr'>quaerere.Sed</span> <span class='ocrx_word' id='word_1_355' title='bbox 3384 2228 3517 2267; x_wconf 91' lang='lat' dir='ltr'>cum</span> 
     </span>
    </p>
   </div>
   <div class='ocr_carea' id='block_1_51' title="bbox 1862 2296 3515 2367">
    <p class='ocr_par' dir='ltr' id='par_1_51' title="bbox 1862 2296 3515 2367">
     <span class='ocr_line' id='line_1_51' title="bbox 1862 2296 3515 2367; baseline 0.001 -16"><span class='ocrx_word' id='word_1_356' title='bbox 1862 2298 2005 2352; x_wconf 89' lang='lat' dir='ltr'>nihil</span> <span class='ocrx_word' id='word_1_357' title='bbox 2038 2296 2274 2351; x_wconf 92' lang='lat' dir='ltr'>omnino</span> <span class='ocrx_word' id='word_1_358' title='bbox 2308 2296 2597 2350; x_wconf 88' lang='lat' dir='ltr'>inveniret</span> <span class='ocrx_word' id='word_1_359' title='bbox 2627 2296 2782 2367; x_wconf 90' lang='lat' dir='ltr'>quod</span> <span class='ocrx_word' id='word_1_360' title='bbox 2814 2299 2872 2349; x_wconf 92' lang='lat' dir='ltr'>in</span> <span class='ocrx_word' id='word_1_361' title='bbox 2907 2297 3040 2367; x_wconf 90' lang='lat' dir='ltr'>ejus</span> <span class='ocrx_word' id='word_1_362' title='bbox 3071 2299 3300 2353; x_wconf 87' lang='lat' dir='ltr'>actibus</span> <span class='ocrx_word' id='word_1_363' title='bbox 3323 2301 3515 2354; x_wconf 90' lang='lat' dir='ltr'>subri-</span> 
     </span>
    </p>
   </div>
   <div class='ocr_carea' id='block_1_52' title="bbox 1858 2385 3512 2458">
    <p class='ocr_par' dir='ltr' id='par_1_52' title="bbox 1858 2385 3512 2458">
     <span class='ocr_line' id='line_1_52' title="bbox 1858 2385 3512 2458; baseline 0.001 -17"><span class='ocrx_word' id='word_1_364' title='bbox 1858 2402 2000 2458; x_wconf 86' lang='lat' dir='ltr'>pere</span> <span class='ocrx_word' id='word_1_365' title='bbox 2032 2389 2256 2457; x_wconf 87' lang='lat' dir='ltr'>posset,</span> <span class='ocrx_word' id='word_1_366' title='bbox 2277 2385 2613 2455; x_wconf 88' lang='lat' dir='ltr'>nullamque</span> <span class='ocrx_word' id='word_1_367' title='bbox 2638 2386 2696 2438; x_wconf 91' lang='lat' dir='ltr'>in</span> <span class='ocrx_word' id='word_1_368' title='bbox 2718 2402 2849 2439; x_wconf 90' lang='lat' dir='ltr'>eum</span> <span class='ocrx_word' id='word_1_369' title='bbox 2872 2386 3217 2454; x_wconf 86' lang='lat' dir='ltr'>poiestatem</span> <span class='ocrx_word' id='word_1_370' title='bbox 3246 2388 3512 2457; x_wconf 89' lang='lat' dir='ltr'>haberet,</span> 
     </span>
    </p>
   </div>
   <div class='ocr_carea' id='block_1_53' title="bbox 1859 2473 3515 2547">
    <p class='ocr_par' dir='ltr' id='par_1_53' title="bbox 1859 2473 3515 2547">
     <span class='ocr_line' id='line_1_53' title="bbox 1859 2473 3515 2547; baseline 0.001 -18"><span class='ocrx_word' id='word_1_371' title='bbox 1859 2474 2309 2529; x_wconf 87' lang='lat' dir='ltr'>machinabatur</span> <span class='ocrx_word' id='word_1_372' title='bbox 2324 2473 2618 2544; x_wconf 90' lang='lat' dir='ltr'>quomodo</span> <span class='ocrx_word' id='word_1_373' title='bbox 2652 2473 2859 2527; x_wconf 88' lang='lat' dir='ltr'>saltem</span> <span class='ocrx_word' id='word_1_374' title='bbox 2889 2475 2959 2527; x_wconf 90' lang='lat' dir='ltr'>de</span> <span class='ocrx_word' id='word_1_375' title='bbox 2990 2476 3137 2528; x_wconf 91' lang='lat' dir='ltr'>cella</span> <span class='ocrx_word' id='word_1_376' title='bbox 3167 2491 3300 2529; x_wconf 93' lang='lat' dir='ltr'>eum</span> <span class='ocrx_word' id='word_1_377' title='bbox 3321 2478 3515 2547; x_wconf 89' lang='lat' dir='ltr'>expel-</span> 
     </span>
    </p>
   </div>
   <div class='ocr_carea' id='block_1_54' title="bbox 1859 2564 3518 2634">
    <p class='ocr_par' dir='ltr' id='par_1_54' title="bbox 1859 2564 3518 2634">
     <span class='ocr_line' id='line_1_54' title="bbox 1859 2564 3518 2634; baseline 0 -15"><span class='ocrx_word' id='word_1_378' title='bbox 1859 2566 2025 2619; x_wconf 88' lang='lat' dir='ltr'>leret.</span> <span class='ocrx_word' id='word_1_379' title='bbox 2045 2564 2283 2618; x_wconf 87' lang='lat' dir='ltr'>Factum</span> <span class='ocrx_word' id='word_1_380' title='bbox 2318 2568 2409 2616; x_wconf 89' lang='lat' dir='ltr'>est</span> <span class='ocrx_word' id='word_1_381' title='bbox 2439 2578 2604 2633; x_wconf 87' lang='lat' dir='ltr'>ergo,</span> <span class='ocrx_word' id='word_1_382' title='bbox 2644 2578 2776 2616; x_wconf 90' lang='lat' dir='ltr'>cum</span> <span class='ocrx_word' id='word_1_383' title='bbox 2814 2564 3061 2632; x_wconf 91' lang='lat' dir='ltr'>quadam</span> <span class='ocrx_word' id='word_1_384' title='bbox 3096 2564 3188 2618; x_wconf 91' lang='lat' dir='ltr'>die</span> <span class='ocrx_word' id='word_1_385' title='bbox 3219 2567 3355 2634; x_wconf 92' lang='lat' dir='ltr'>post</span> <span class='ocrx_word' id='word_1_386' title='bbox 3384 2565 3518 2620; x_wconf 86' lang='lat' dir='ltr'>fini-</span> 
     </span>
    </p>
   </div>
   <div class='ocr_carea' id='block_1_55' title="bbox 1859 2650 3521 2724">
    <p class='ocr_par' dir='ltr' id='par_1_55' title="bbox 1859 2650 3521 2724">
     <span class='ocr_line' id='line_1_55' title="bbox 1859 2650 3521 2724; baseline 0 -16"><span class='ocrx_word' id='word_1_387' title='bbox 1859 2650 1975 2708; x_wconf 85' lang='lat' dir='ltr'>tam</span> <span class='ocrx_word' id='word_1_388' title='bbox 2009 2652 2332 2707; x_wconf 89' lang='lat' dir='ltr'>orationem</span> <span class='ocrx_word' id='word_1_389' title='bbox 2362 2652 2453 2704; x_wconf 91' lang='lat' dir='ltr'>vir</span> <span class='ocrx_word' id='word_1_390' title='bbox 2485 2651 2590 2705; x_wconf 90' lang='lat' dir='ltr'>Dei</span> <span class='ocrx_word' id='word_1_391' title='bbox 2618 2651 2973 2706; x_wconf 88' lang='lat' dir='ltr'>Anastasius</span> <span class='ocrx_word' id='word_1_392' title='bbox 3005 2653 3214 2707; x_wconf 90' lang='lat' dir='ltr'>cellula</span> <span class='ocrx_word' id='word_1_393' title='bbox 3232 2654 3437 2724; x_wconf 85' lang='lat' dir='ltr'>exiret,</span> <span class='ocrx_word' id='word_1_394' title='bbox 3463 2656 3521 2709; x_wconf 92' lang='lat' dir='ltr'>et</span> 
     </span>
    </p>
   </div>
   <div class='ocr_carea' id='block_1_56' title="bbox 1861 2740 3522 2811">
    <p class='ocr_par' dir='ltr' id='par_1_56' title="bbox 1861 2740 3522 2811">
     <span class='ocr_line' id='line_1_56' title="bbox 1861 2740 3522 2811; baseline 0.001 -15"><span class='ocrx_word' id='word_1_395' title='bbox 1861 2747 2023 2797; x_wconf 85' lang='lat' dir='ltr'>extra</span> <span class='ocrx_word' id='word_1_396' title='bbox 2039 2758 2172 2796; x_wconf 86' lang='lat' dir='ltr'>cum</span> <span class='ocrx_word' id='word_1_397' title='bbox 2194 2741 2427 2795; x_wconf 90' lang='lat' dir='ltr'>duobus</span> <span class='ocrx_word' id='word_1_398' title='bbox 2452 2740 2734 2794; x_wconf 89' lang='lat' dir='ltr'>fratribus</span> <span class='ocrx_word' id='word_1_399' title='bbox 2758 2741 2854 2811; x_wconf 91' lang='lat' dir='ltr'>qui</span> <span class='ocrx_word' id='word_1_400' title='bbox 2880 2742 2949 2795; x_wconf 89' lang='lat' dir='ltr'>ad</span> <span class='ocrx_word' id='word_1_401' title='bbox 2972 2757 3106 2796; x_wconf 89' lang='lat' dir='ltr'>eum</span> <span class='ocrx_word' id='word_1_402' title='bbox 3124 2746 3522 2797; x_wconf 90' lang='lat' dir='ltr'>convenerant</span> 
     </span>
    </p>
   </div>
   <div class='ocr_carea' id='block_1_57' title="bbox 1834 2830 3519 2902">
    <p class='ocr_par' dir='ltr' id='par_1_57' title="bbox 1834 2830 3519 2902">
     <span class='ocr_line' id='line_1_57' title="bbox 1834 2830 3519 2902; baseline 0 -16"><span class='ocrx_word' id='word_1_403' title='bbox 1834 2832 2117 2898; x_wconf 88' lang='lat' dir='ltr'>.sederet,</span> <span class='ocrx_word' id='word_1_404' title='bbox 2140 2831 2330 2885; x_wconf 90' lang='lat' dir='ltr'>hostis</span> <span class='ocrx_word' id='word_1_405' title='bbox 2359 2830 2638 2901; x_wconf 88' lang='lat' dir='ltr'>antiquus</span> <span class='ocrx_word' id='word_1_406' title='bbox 2668 2830 2870 2899; x_wconf 86' lang='lat' dir='ltr'>adfuit,</span> <span class='ocrx_word' id='word_1_407' title='bbox 2906 2835 2961 2883; x_wconf 88' lang='lat' dir='ltr'>et</span> <span class='ocrx_word' id='word_1_408' title='bbox 2992 2832 3191 2902; x_wconf 86' lang='lat' dir='ltr'>ignem</span> <span class='ocrx_word' id='word_1_409' title='bbox 3218 2833 3279 2885; x_wconf 92' lang='lat' dir='ltr'>in</span> <span class='ocrx_word' id='word_1_410' title='bbox 3311 2832 3519 2886; x_wconf 90' lang='lat' dir='ltr'>cellam</span> 
     </span>
    </p>
   </div>
   <div class='ocr_carea' id='block_1_58' title="bbox 1860 2918 3520 2990">
    <p class='ocr_par' dir='ltr' id='par_1_58' title="bbox 1860 2918 3520 2990">
     <span class='ocr_line' id='line_1_58' title="bbox 1860 2918 3520 2990; baseline 0.001 -17"><span class='ocrx_word' id='word_1_411' title='bbox 1860 2919 1994 2990; x_wconf 88' lang='lat' dir='ltr'>ejus</span> <span class='ocrx_word' id='word_1_412' title='bbox 2026 2922 2082 2975; x_wconf 92' lang='lat' dir='ltr'>et</span> <span class='ocrx_word' id='word_1_413' title='bbox 2121 2920 2179 2973; x_wconf 92' lang='lat' dir='ltr'>in</span> <span class='ocrx_word' id='word_1_414' title='bbox 2222 2920 2434 2986; x_wconf 89' lang='lat' dir='ltr'>altare,</span> <span class='ocrx_word' id='word_1_415' title='bbox 2467 2920 2621 2989; x_wconf 89' lang='lat' dir='ltr'>quod</span> <span class='ocrx_word' id='word_1_416' title='bbox 2651 2919 2723 2972; x_wconf 88' lang='lat' dir='ltr'>ad</span> <span class='ocrx_word' id='word_1_417' title='bbox 2754 2918 3114 2973; x_wconf 82' lang='lat' dir='ltr'>sacrificium</span> <span class='ocrx_word' id='word_1_418' title='bbox 3156 2918 3520 2975; x_wconf 74' lang='lat' dir='ltr'>offerendum</span> 
     </span>
    </p>
   </div>
   <div class='ocr_carea' id='block_1_59' title="bbox 1861 3008 3520 3080">
    <p class='ocr_par' dir='ltr' id='par_1_59' title="bbox 1861 3008 3520 3080">
     <span class='ocr_line' id='line_1_59' title="bbox 1861 3008 3520 3080; baseline -0.001 -16"><span class='ocrx_word' id='word_1_419' title='bbox 1861 3010 2100 3077; x_wconf 88' lang='lat' dir='ltr'>fecerat,</span> <span class='ocrx_word' id='word_1_420' title='bbox 2127 3009 2352 3077; x_wconf 85' lang='lat' dir='ltr'>posuit;</span> <span class='ocrx_word' id='word_1_421' title='bbox 2397 3009 2502 3061; x_wconf 87' lang='lat' dir='ltr'>sed</span> <span class='ocrx_word' id='word_1_422' title='bbox 2542 3008 2631 3060; x_wconf 81' lang='lat' dir='ltr'>vir</span> <span class='ocrx_word' id='word_1_423' title='bbox 2661 3008 2764 3060; x_wconf 90' lang='lat' dir='ltr'>Dei</span> <span class='ocrx_word' id='word_1_424' title='bbox 2796 3008 3298 3076; x_wconf 88' lang='lat' dir='ltr'>respiciens,cum</span> <span class='ocrx_word' id='word_1_425' title='bbox 3319 3010 3520 3080; x_wconf 89' lang='lat' dir='ltr'>ignem</span> 
     </span>
    </p>
   </div>
   <div class='ocr_carea' id='block_1_60' title="bbox 1860 3095 3519 3167">
    <p class='ocr_par' dir='ltr' id='par_1_60' title="bbox 1860 3095 3519 3167">
     <span class='ocr_line' id='line_1_60' title="bbox 1860 3095 3519 3167; baseline 0 -16"><span class='ocrx_word' id='word_1_426' title='bbox 1860 3099 2104 3162; x_wconf 86' lang='lat' dir='ltr'>videret,</span> <span class='ocrx_word' id='word_1_427' title='bbox 2130 3097 2376 3151; x_wconf 89' lang='lat' dir='ltr'>insidias</span> <span class='ocrx_word' id='word_1_428' title='bbox 2410 3096 2601 3149; x_wconf 89' lang='lat' dir='ltr'>hostis</span> <span class='ocrx_word' id='word_1_429' title='bbox 2633 3095 2867 3150; x_wconf 86' lang='lat' dir='ltr'>nefandi</span> <span class='ocrx_word' id='word_1_430' title='bbox 2895 3097 3153 3167; x_wconf 88' lang='lat' dir='ltr'>agnovit.</span> <span class='ocrx_word' id='word_1_431' title='bbox 3182 3097 3347 3150; x_wconf 89' lang='lat' dir='ltr'>Unde</span> <span class='ocrx_word' id='word_1_432' title='bbox 3378 3114 3519 3151; x_wconf 89' lang='lat' dir='ltr'>sur-</span> 
     </span>
    </p>
   </div>
   <div class='ocr_carea' id='block_1_61' title="bbox 1863 3184 3521 3259">
    <p class='ocr_par' dir='ltr' id='par_1_61' title="bbox 1863 3184 3521 3259">
     <span class='ocr_line' id='line_1_61' title="bbox 1863 3184 3521 3259; baseline -0.002 -17"><span class='ocrx_word' id='word_1_433' title='bbox 1863 3203 2014 3259; x_wconf 84' lang='lat' dir='ltr'>gens</span> <span class='ocrx_word' id='word_1_434' title='bbox 2038 3192 2092 3241; x_wconf 90' lang='lat' dir='ltr'>et</span> <span class='ocrx_word' id='word_1_435' title='bbox 2116 3202 2305 3256; x_wconf 89' lang='lat' dir='ltr'>usque</span> <span class='ocrx_word' id='word_1_436' title='bbox 2328 3184 2397 3239; x_wconf 90' lang='lat' dir='ltr'>ad</span> <span class='ocrx_word' id='word_1_437' title='bbox 2423 3184 2630 3238; x_wconf 89' lang='lat' dir='ltr'>cellam</span> <span class='ocrx_word' id='word_1_438' title='bbox 2659 3184 2929 3253; x_wconf 91' lang='lat' dir='ltr'>tendens,</span> <span class='ocrx_word' id='word_1_439' title='bbox 2954 3184 3111 3237; x_wconf 88' lang='lat' dir='ltr'>hosti</span> <span class='ocrx_word' id='word_1_440' title='bbox 3132 3187 3195 3239; x_wconf 93' lang='lat' dir='ltr'>ut</span> <span class='ocrx_word' id='word_1_441' title='bbox 3215 3185 3521 3239; x_wconf 87' lang='lat' dir='ltr'>recederet</span> 
     </span>
    </p>
   </div>
   <div class='ocr_carea' id='block_1_62' title="bbox 124 3269 3521 3347">
    <p class='ocr_par' dir='ltr' id='par_1_62' title="bbox 124 3269 3521 3347">
     <span class='ocr_line' id='line_1_62' title="bbox 124 3269 3521 3347; baseline 0.001 -23"><span class='ocrx_word' id='word_1_442' title='bbox 124 3269 614 3345; x_wconf 85' lang='lat' dir='ltr'>Quadragesimam</span> <span class='ocrx_word' id='word_1_443' title='bbox 648 3273 953 3326; x_wconf 87' lang='lat' dir='ltr'>celebrare</span> <span class='ocrx_word' id='word_1_444' title='bbox 976 3276 1400 3341; x_wconf 85' lang='lat' dir='ltr'>consueverat;</span> <span class='ocrx_word' id='word_1_445' title='bbox 1434 3271 1586 3326; x_wconf 88' lang='lat' dir='ltr'>unde</span> <span class='ocrx_word' id='word_1_446' title='bbox 1618 3288 1749 3325; x_wconf 93' lang='lat' dir='ltr'>cum</span> <span class='ocrx_word' id='word_1_447' title='bbox 1788 3277 1839 3347; x_wconf 60' lang='grc' dir='ltr'>(ᾖ</span> <span class='ocrx_word' id='word_1_448' title='bbox 1862 3275 2237 3347; x_wconf 80' lang='lat' dir='ltr'>pi-aecepit,ct</span> <span class='ocrx_word' id='word_1_449' title='bbox 2259 3274 2497 3344; x_wconf 85' lang='lat' dir='ltr'>signum</span> <span class='ocrx_word' id='word_1_450' title='bbox 2530 3273 2727 3325; x_wconf 87' lang='lat' dir='ltr'>crucis</span> <span class='ocrx_word' id='word_1_451' title='bbox 2759 3273 3033 3341; x_wconf 89' lang='lat' dir='ltr'>opposuit</span> <span class='ocrx_word' id='word_1_452' title='bbox 3064 3274 3206 3342; x_wconf 88' lang='lat' dir='ltr'>igni.</span> <span class='ocrx_word' id='word_1_453' title='bbox 3231 3274 3323 3326; x_wconf 83' lang='lat' dir='ltr'>Ad</span> <span class='ocrx_word' id='word_1_454' title='bbox 3344 3274 3521 3344; x_wconf 88' lang='lat' dir='ltr'>cujus</span> 
     </span>
    </p>
   </div>
   <div class='ocr_carea' id='block_1_63' title="bbox 130 3360 1754 3430">
    <p class='ocr_par' dir='ltr' id='par_1_63' title="bbox 130 3360 1754 3430">
     <span class='ocr_line' id='line_1_63' title="bbox 130 3360 1754 3430; baseline 0.001 -19"><span class='ocrx_word' id='word_1_455' title='bbox 130 3360 333 3415; x_wconf 87' lang='lat' dir='ltr'>multum</span> <span class='ocrx_word' id='word_1_456' title='bbox 345 3362 648 3416; x_wconf 83' lang='lat' dir='ltr'>sollicitus</span> <span class='ocrx_word' id='word_1_457' title='bbox 666 3360 1054 3429; x_wconf 89' lang='lat' dir='ltr'>esset,etdies</span> <span class='ocrx_word' id='word_1_458' title='bbox 1068 3376 1134 3414; x_wconf 90' lang='lat' dir='ltr'>ac</span> <span class='ocrx_word' id='word_1_459' title='bbox 1153 3363 1358 3416; x_wconf 91' lang='lat' dir='ltr'>noctes</span> <span class='ocrx_word' id='word_1_460' title='bbox 1379 3361 1533 3430; x_wconf 87' lang='lat' dir='ltr'>apud</span> <span class='ocrx_word' id='word_1_461' title='bbox 1556 3376 1621 3414; x_wconf 91' lang='lat' dir='ltr'>se</span> <span class='ocrx_word' id='word_1_462' title='bbox 1640 3365 1754 3413; x_wconf 88' lang='lat' dir='ltr'>tra-</span> 
     </span>
    </p>
   </div>
   <div class='ocr_carea' id='block_1_64' title="bbox 126 3449 1752 3520">
    <p class='ocr_par' dir='ltr' id='par_1_64' title="bbox 126 3449 1752 3520">
     <span class='ocr_line' id='line_1_64' title="bbox 126 3449 1752 3520; baseline 0.001 -20"><span class='ocrx_word' id='word_1_463' title='bbox 126 3451 292 3519; x_wconf 84' lang='lat' dir='ltr'>ctaret,</span> <span class='ocrx_word' id='word_1_464' title='bbox 305 3451 537 3506; x_wconf 89' lang='lat' dir='ltr'>tandem</span> <span class='ocrx_word' id='word_1_465' title='bbox 568 3450 875 3520; x_wconf 75' lang='lat' dir='ltr'>Pyreneos</span> <span class='ocrx_word' id='word_1_466' title='bbox 899 3452 1128 3503; x_wconf 91' lang='lat' dir='ltr'>montes</span> <span class='ocrx_word' id='word_1_467' title='bbox 1152 3450 1211 3502; x_wconf 92' lang='lat' dir='ltr'>in</span> <span class='ocrx_word' id='word_1_468' title='bbox 1231 3450 1581 3520; x_wconf 83' lang='lat' dir='ltr'>prOpinquis</span> <span class='ocrx_word' id='word_1_469' title='bbox 1604 3449 1752 3503; x_wconf 91' lang='lat' dir='ltr'>sitos</span> 
     </span>
    </p>
   </div>
   <div class='ocr_carea' id='block_1_65' title="bbox 126 3537 1752 3612">
    <p class='ocr_par' dir='ltr' id='par_1_65' title="bbox 126 3537 1752 3612">
     <span class='ocr_line' id='line_1_65' title="bbox 126 3537 1752 3612; baseline 0.001 -23"><span class='ocrx_word' id='word_1_470' title='bbox 126 3537 180 3590; x_wconf 86' lang='lat' dir='ltr'>ad</span> <span class='ocrx_word' id='word_1_471' title='bbox 204 3538 302 3593; x_wconf 89' lang='lat' dir='ltr'>hoc</span> <span class='ocrx_word' id='word_1_472' title='bbox 330 3539 510 3612; x_wconf 87' lang='lat' dir='ltr'>elegit</span> <span class='ocrx_word' id='word_1_473' title='bbox 538 3539 815 3607; x_wconf 90' lang='lat' dir='ltr'>idoneos,</span> <span class='ocrx_word' id='word_1_474' title='bbox 850 3538 951 3592; x_wconf 89' lang='lat' dir='ltr'>ubi</span> <span class='ocrx_word' id='word_1_475' title='bbox 983 3541 1039 3591; x_wconf 93' lang='lat' dir='ltr'>et</span> <span class='ocrx_word' id='word_1_476' title='bbox 1065 3537 1564 3609; x_wconf 86' lang='lat' dir='ltr'>Quadragesimas</span> <span class='ocrx_word' id='word_1_477' title='bbox 1595 3538 1752 3592; x_wconf 89' lang='lat' dir='ltr'>cele-</span> 
     </span>
    </p>
   </div>
   <div class='ocr_carea' id='block_1_66' title="bbox 126 3625 1755 3697">
    <p class='ocr_par' dir='ltr' id='par_1_66' title="bbox 126 3625 1755 3697">
     <span class='ocr_line' id='line_1_66' title="bbox 126 3625 1755 3697; baseline 0.001 -19"><span class='ocrx_word' id='word_1_478' title='bbox 126 3625 303 3696; x_wconf 85' lang='lat' dir='ltr'>braret,</span> <span class='ocrx_word' id='word_1_479' title='bbox 322 3633 377 3683; x_wconf 90' lang='lat' dir='ltr'>et</span> <span class='ocrx_word' id='word_1_480' title='bbox 404 3630 547 3683; x_wconf 67' lang='lat' dir='ltr'>vitae</span> <span class='ocrx_word' id='word_1_481' title='bbox 581 3627 902 3681; x_wconf 87' lang='lat' dir='ltr'>eremiticae</span> <span class='ocrx_word' id='word_1_482' title='bbox 934 3626 1006 3679; x_wconf 88' lang='lat' dir='ltr'>ad</span> <span class='ocrx_word' id='word_1_483' title='bbox 1036 3630 1266 3696; x_wconf 90' lang='lat' dir='ltr'>tempus</span> <span class='ocrx_word' id='word_1_484' title='bbox 1289 3631 1541 3681; x_wconf 89' lang='lat' dir='ltr'>vacaret.</span> <span class='ocrx_word' id='word_1_485' title='bbox 1567 3626 1755 3697; x_wconf 89' lang='lat' dir='ltr'>Cujus</span> 
     </span>
    </p>
   </div>
   <div class='ocr_carea' id='block_1_67' title="bbox 127 3715 1756 3786">
    <p class='ocr_par' dir='ltr' id='par_1_67' title="bbox 127 3715 1756 3786">
     <span class='ocr_line' id='line_1_67' title="bbox 127 3715 1756 3786; baseline 0.001 -18"><span class='ocrx_word' id='word_1_486' title='bbox 127 3717 362 3782; x_wconf 83' lang='lat' dir='ltr'>precibus</span> <span class='ocrx_word' id='word_1_487' title='bbox 390 3716 610 3786; x_wconf 87' lang='lat' dir='ltr'>abbas,</span> <span class='ocrx_word' id='word_1_488' title='bbox 633 3715 767 3786; x_wconf 89' lang='lat' dir='ltr'>quia</span> <span class='ocrx_word' id='word_1_489' title='bbox 792 3716 1041 3770; x_wconf 89' lang='lat' dir='ltr'>baculus</span> <span class='ocrx_word' id='word_1_490' title='bbox 1073 3719 1129 3769; x_wconf 91' lang='lat' dir='ltr'>et</span> <span class='ocrx_word' id='word_1_491' title='bbox 1158 3715 1332 3785; x_wconf 89' lang='lat' dir='ltr'>quasi</span> <span class='ocrx_word' id='word_1_492' title='bbox 1350 3716 1618 3770; x_wconf 88' lang='lat' dir='ltr'>columna</span> <span class='ocrx_word' id='word_1_493' title='bbox 1643 3731 1756 3770; x_wconf 88' lang='lat' dir='ltr'>cae-</span> 
     </span>
    </p>
   </div>
   <div class='ocr_carea' id='block_1_68' title="bbox 126 3805 1752 3874">
    <p class='ocr_par' dir='ltr' id='par_1_68' title="bbox 126 3805 1752 3874">
     <span class='ocr_line' id='line_1_68' title="bbox 126 3805 1752 3874; baseline 0.002 -20"><span class='ocrx_word' id='word_1_494' title='bbox 126 3806 347 3860; x_wconf 86' lang='lat' dir='ltr'>terorum</span> <span class='ocrx_word' id='word_1_495' title='bbox 376 3806 632 3860; x_wconf 86' lang='lat' dir='ltr'>fratrum</span> <span class='ocrx_word' id='word_1_496' title='bbox 666 3809 817 3873; x_wconf 89' lang='lat' dir='ltr'>erat,</span> <span class='ocrx_word' id='word_1_497' title='bbox 869 3805 1089 3858; x_wconf 89' lang='lat' dir='ltr'>invitus</span> <span class='ocrx_word' id='word_1_498' title='bbox 1132 3820 1451 3859; x_wconf 88' lang='lat' dir='ltr'>assensum</span> <span class='ocrx_word' id='word_1_499' title='bbox 1483 3805 1752 3874; x_wconf 63' lang='lat' dir='ltr'>praebuit.</span> 
     </span>
    </p>
   </div>
   <div class='ocr_carea' id='block_1_69' title="bbox 126 3888 1755 3968">
    <p class='ocr_par' dir='ltr' id='par_1_69' title="bbox 126 3888 1755 3968">
     <span class='ocr_line' id='line_1_69' title="bbox 126 3888 1755 3968; baseline 0.001 -23"><span class='ocrx_word' id='word_1_500' title='bbox 126 3888 216 3945; x_wconf 86' lang='lat' dir='ltr'>Sed</span> <span class='ocrx_word' id='word_1_501' title='bbox 242 3895 366 3965; x_wconf 90' lang='lat' dir='ltr'>quia</span> <span class='ocrx_word' id='word_1_502' title='bbox 397 3894 813 3968; x_wconf 86' lang='lat' dir='ltr'>cognoscebat</span> <span class='ocrx_word' id='word_1_503' title='bbox 834 3893 1224 3948; x_wconf 90' lang='lat' dir='ltr'>constantiam</span> <span class='ocrx_word' id='word_1_504' title='bbox 1254 3893 1389 3964; x_wconf 89' lang='lat' dir='ltr'>ejus</span> <span class='ocrx_word' id='word_1_505' title='bbox 1421 3894 1479 3946; x_wconf 91' lang='lat' dir='ltr'>in</span> <span class='ocrx_word' id='word_1_506' title='bbox 1509 3893 1755 3948; x_wconf 89' lang='lat' dir='ltr'>servitio</span> 
     </span>
    </p>
   </div>
   <div class='ocr_carea' id='block_1_70' title="bbox 127 3977 1760 4053">
    <p class='ocr_par' dir='ltr' id='par_1_70' title="bbox 127 3977 1760 4053">
     <span class='ocr_line' id='line_1_70' title="bbox 127 3977 1760 4053; baseline 0.001 -20"><span class='ocrx_word' id='word_1_507' title='bbox 127 3977 226 4051; x_wconf 86' lang='lat' dir='ltr'>Dei,</span> <span class='ocrx_word' id='word_1_508' title='bbox 245 3982 455 4039; x_wconf 90' lang='lat' dir='ltr'>bonum</span> <span class='ocrx_word' id='word_1_509' title='bbox 478 3985 686 4038; x_wconf 87' lang='lat' dir='ltr'>votum</span> <span class='ocrx_word' id='word_1_510' title='bbox 717 3981 954 4037; x_wconf 90' lang='lat' dir='ltr'>nolebat</span> <span class='ocrx_word' id='word_1_511' title='bbox 981 3982 1219 4036; x_wconf 89' lang='lat' dir='ltr'>morari.</span> <span class='ocrx_word' id='word_1_512' title='bbox 1248 3981 1500 4036; x_wconf 86' lang='lat' dir='ltr'>Coactus</span> <span class='ocrx_word' id='word_1_513' title='bbox 1524 3998 1668 4053; x_wconf 87' lang='lat' dir='ltr'>ergo</span> <span class='ocrx_word' id='word_1_514' title='bbox 1703 3986 1760 4035; x_wconf 89' lang='lat' dir='ltr'>et</span> 
     </span>
    </p>
   </div>
   <div class='ocr_carea' id='block_1_71' title="bbox 127 4069 1756 4142">
    <p class='ocr_par' dir='ltr' id='par_1_71' title="bbox 127 4069 1756 4142">
     <span class='ocr_line' id='line_1_71' title="bbox 127 4069 1756 4142; baseline 0.002 -22"><span class='ocrx_word' id='word_1_515' title='bbox 127 4069 281 4125; x_wconf 86' lang='lat' dir='ltr'>tristis</span> <span class='ocrx_word' id='word_1_516' title='bbox 299 4074 606 4127; x_wconf 89' lang='lat' dir='ltr'>concessit</span> <span class='ocrx_word' id='word_1_517' title='bbox 627 4072 783 4142; x_wconf 93' lang='lat' dir='ltr'>quod</span> <span class='ocrx_word' id='word_1_518' title='bbox 805 4071 1058 4140; x_wconf 89' lang='lat' dir='ltr'>petebat.</span> <span class='ocrx_word' id='word_1_519' title='bbox 1078 4070 1221 4125; x_wconf 90' lang='lat' dir='ltr'>Cum</span> <span class='ocrx_word' id='word_1_520' title='bbox 1243 4086 1385 4126; x_wconf 89' lang='lat' dir='ltr'>vero</span> <span class='ocrx_word' id='word_1_521' title='bbox 1408 4071 1481 4125; x_wconf 88' lang='lat' dir='ltr'>ad</span> <span class='ocrx_word' id='word_1_522' title='bbox 1504 4072 1756 4125; x_wconf 90' lang='lat' dir='ltr'>invicem</span> 
     </span>
    </p>
   </div>
   <div class='ocr_carea' id='block_1_72' title="bbox 127 4156 1756 4230">
    <p class='ocr_par' dir='ltr' id='par_1_72' title="bbox 127 4156 1756 4230">
     <span class='ocr_line' id='line_1_72' title="bbox 127 4156 1756 4230; baseline 0.002 -20"><span class='ocrx_word' id='word_1_523' title='bbox 127 4156 539 4230; x_wconf 83' lang='lat' dir='ltr'>descenderent,</span> <span class='ocrx_word' id='word_1_524' title='bbox 577 4160 937 4215; x_wconf 83' lang='lat' dir='ltr'>venerabilis</span> <span class='ocrx_word' id='word_1_525' title='bbox 977 4161 1070 4214; x_wconf 89' lang='lat' dir='ltr'>vir</span> <span class='ocrx_word' id='word_1_526' title='bbox 1106 4161 1292 4215; x_wconf 89' lang='lat' dir='ltr'>abbas</span> <span class='ocrx_word' id='word_1_527' title='bbox 1322 4160 1503 4229; x_wconf 86' lang='lat' dir='ltr'>ﬂens,</span> <span class='ocrx_word' id='word_1_528' title='bbox 1538 4163 1595 4214; x_wconf 91' lang='lat' dir='ltr'>et</span> <span class='ocrx_word' id='word_1_529' title='bbox 1623 4176 1756 4214; x_wconf 92' lang='lat' dir='ltr'>cum</span> 
     </span>
    </p>
   </div>
   <div class='ocr_carea' id='block_1_73' title="bbox 126 4246 1757 4321">
    <p class='ocr_par' dir='ltr' id='par_1_73' title="bbox 126 4246 1757 4321">
     <span class='ocr_line' id='line_1_73' title="bbox 126 4246 1757 4321; baseline 0.004 -23"><span class='ocrx_word' id='word_1_530' title='bbox 126 4246 365 4319; x_wconf 75' lang='lat' dir='ltr'>laerymis</span> <span class='ocrx_word' id='word_1_531' title='bbox 386 4254 442 4305; x_wconf 91' lang='lat' dir='ltr'>et</span> <span class='ocrx_word' id='word_1_532' title='bbox 464 4249 836 4321; x_wconf 84' lang='lat' dir='ltr'>singultibus</span> <span class='ocrx_word' id='word_1_533' title='bbox 859 4250 914 4302; x_wconf 89' lang='lat' dir='ltr'>in</span> <span class='ocrx_word' id='word_1_534' title='bbox 939 4249 1154 4303; x_wconf 91' lang='lat' dir='ltr'>collum</span> <span class='ocrx_word' id='word_1_535' title='bbox 1184 4249 1319 4320; x_wconf 87' lang='lat' dir='ltr'>ejus</span> <span class='ocrx_word' id='word_1_536' title='bbox 1342 4266 1544 4319; x_wconf 91' lang='lat' dir='ltr'>ruens,</span> <span class='ocrx_word' id='word_1_537' title='bbox 1560 4250 1757 4304; x_wconf 89' lang='lat' dir='ltr'>admo-</span> 
     </span>
    </p>
   </div>
   <div class='ocr_carea' id='block_1_74' title="bbox 128 4337 1759 4408">
    <p class='ocr_par' dir='ltr' id='par_1_74' title="bbox 128 4337 1759 4408">
     <span class='ocr_line' id='line_1_74' title="bbox 128 4337 1759 4408; baseline 0.002 -21"><span class='ocrx_word' id='word_1_538' title='bbox 128 4337 270 4392; x_wconf 88' lang='lat' dir='ltr'>nebat</span> <span class='ocrx_word' id='word_1_539' title='bbox 292 4344 343 4392; x_wconf 89' lang='lat' dir='ltr'>ut</span> <span class='ocrx_word' id='word_1_540' title='bbox 373 4341 467 4393; x_wconf 92' lang='lat' dir='ltr'>sui</span> <span class='ocrx_word' id='word_1_541' title='bbox 490 4354 724 4393; x_wconf 90' lang='lat' dir='ltr'>memor</span> <span class='ocrx_word' id='word_1_542' title='bbox 745 4341 927 4407; x_wconf 91' lang='lat' dir='ltr'>esset,</span> <span class='ocrx_word' id='word_1_543' title='bbox 953 4354 1059 4407; x_wconf 90' lang='lat' dir='ltr'>pro</span> <span class='ocrx_word' id='word_1_544' title='bbox 1082 4354 1149 4392; x_wconf 89' lang='lat' dir='ltr'>se</span> <span class='ocrx_word' id='word_1_545' title='bbox 1171 4343 1227 4392; x_wconf 88' lang='lat' dir='ltr'>et</span> <span class='ocrx_word' id='word_1_546' title='bbox 1249 4354 1352 4408; x_wconf 91' lang='lat' dir='ltr'>pro</span> <span class='ocrx_word' id='word_1_547' title='bbox 1384 4340 1618 4392; x_wconf 84' lang='lat' dir='ltr'>caeteris</span> <span class='ocrx_word' id='word_1_548' title='bbox 1642 4338 1759 4392; x_wconf 84' lang='lat' dir='ltr'>fra-</span> 
     </span>
    </p>
   </div>
   <div class='ocr_carea' id='block_1_75' title="bbox 128 4426 1760 4498">
    <p class='ocr_par' dir='ltr' id='par_1_75' title="bbox 128 4426 1760 4498">
     <span class='ocr_line' id='line_1_75' title="bbox 128 4426 1760 4498; baseline 0.003 -23"><span class='ocrx_word' id='word_1_549' title='bbox 128 4426 285 4482; x_wconf 81' lang='lat' dir='ltr'>tribus</span> <span class='ocrx_word' id='word_1_550' title='bbox 304 4429 454 4498; x_wconf 89' lang='lat' dir='ltr'>apud</span> <span class='ocrx_word' id='word_1_551' title='bbox 475 4430 667 4482; x_wconf 89' lang='lat' dir='ltr'>Deum</span> <span class='ocrx_word' id='word_1_552' title='bbox 696 4427 1099 4497; x_wconf 89' lang='lat' dir='ltr'>interpellaret</span> <span class='ocrx_word' id='word_1_553' title='bbox 1127 4430 1184 4481; x_wconf 90' lang='lat' dir='ltr'>et</span> <span class='ocrx_word' id='word_1_554' title='bbox 1213 4428 1287 4481; x_wconf 90' lang='lat' dir='ltr'>ad</span> <span class='ocrx_word' id='word_1_555' title='bbox 1318 4428 1581 4481; x_wconf 88' lang='lat' dir='ltr'>ultimum</span> <span class='ocrx_word' id='word_1_556' title='bbox 1605 4428 1760 4480; x_wconf 90' lang='lat' dir='ltr'>vale-</span> 
     </span>
    </p>
   </div>
   <div class='ocr_carea' id='block_1_76' title="bbox 129 4512 1761 4585">
    <p class='ocr_par' dir='ltr' id='par_1_76' title="bbox 129 4512 1761 4585">
     <span class='ocr_line' id='line_1_76' title="bbox 129 4512 1761 4585; baseline 0.004 -22"><span class='ocrx_word' id='word_1_557' title='bbox 129 4512 320 4585; x_wconf 88' lang='lat' dir='ltr'>dicens,</span> <span class='ocrx_word' id='word_1_558' title='bbox 345 4534 478 4572; x_wconf 91' lang='lat' dir='ltr'>cum</span> <span class='ocrx_word' id='word_1_559' title='bbox 510 4517 756 4571; x_wconf 86' lang='lat' dir='ltr'>caeteris</span> <span class='ocrx_word' id='word_1_560' title='bbox 786 4515 1071 4571; x_wconf 87' lang='lat' dir='ltr'>fratribus</span> <span class='ocrx_word' id='word_1_561' title='bbox 1101 4517 1173 4570; x_wconf 88' lang='lat' dir='ltr'>ad</span> <span class='ocrx_word' id='word_1_562' title='bbox 1206 4518 1630 4571; x_wconf 88' lang='lat' dir='ltr'>monasterium</span> <span class='ocrx_word' id='word_1_563' title='bbox 1661 4532 1761 4570; x_wconf 89' lang='lat' dir='ltr'>re-</span> 
     </span>
    </p>
   </div>
   <div class='ocr_carea' id='block_1_77' title="bbox 130 4611 489 4670">
    <p class='ocr_par' dir='ltr' id='par_1_77' title="bbox 130 4611 489 4670">
     <span class='ocr_line' id='line_1_77' title="bbox 130 4611 489 4670; baseline 0.019 -15"><span class='ocrx_word' id='word_1_564' title='bbox 130 4616 348 4670; x_wconf 76' lang='lat' dir='ltr'>gressus</span> <span class='ocrx_word' id='word_1_565' title='bbox 377 4611 489 4662; x_wconf 91' lang='lat' dir='ltr'>est.</span> 
     </span>
    </p>
   </div>
   <div class='ocr_carea' id='block_1_78' title="bbox 186 4728 1853 4807">
    <p class='ocr_par' dir='ltr' id='par_1_78' title="bbox 186 4728 1853 4807">
     <span class='ocr_line' id='line_1_78' title="bbox 186 4728 1853 4807; baseline 0.001 -25"><span class='ocrx_word' id='word_1_566' title='bbox 186 4728 229 4783; x_wconf 90' lang='lat'>6.</span> <span class='ocrx_word' id='word_1_567' title='bbox 258 4732 356 4787; x_wconf 79' lang='lat' dir='ltr'>Vir</span> <span class='ocrx_word' id='word_1_568' title='bbox 383 4734 574 4807; x_wconf 86' lang='lat' dir='ltr'>igitur</span> <span class='ocrx_word' id='word_1_569' title='bbox 602 4732 708 4787; x_wconf 90' lang='lat' dir='ltr'>Dei</span> <span class='ocrx_word' id='word_1_570' title='bbox 735 4732 1113 4800; x_wconf 83' lang='lat' dir='ltr'>Anastasius,</span> <span class='ocrx_word' id='word_1_571' title='bbox 1150 4730 1248 4802; x_wconf 93' lang='lat' dir='ltr'>qui</span> <span class='ocrx_word' id='word_1_572' title='bbox 1284 4731 1398 4786; x_wconf 92' lang='lat' dir='ltr'>hoc</span> <span class='ocrx_word' id='word_1_573' title='bbox 1431 4732 1623 4786; x_wconf 92' lang='lat' dir='ltr'>solum</span> <span class='ocrx_word' id='word_1_574' title='bbox 1655 4732 1761 4785; x_wconf 92' lang='lat' dir='ltr'>de-</span> <span class='ocrx_word' id='word_1_575' title='bbox 1842 4793 1853 4803; x_wconf 26' lang='grc' dir='ltr'><strong>ς</strong></span> 
     </span>
    </p>
   </div>
   <div class='ocr_carea' id='block_1_79' title="bbox 135 4814 1762 4892">
    <p class='ocr_par' dir='ltr' id='par_1_79' title="bbox 135 4814 1762 4892">
     <span class='ocr_line' id='line_1_79' title="bbox 135 4814 1762 4892; baseline 0.005 -26"><span class='ocrx_word' id='word_1_576' title='bbox 135 4814 416 4892; x_wconf 82' lang='lat' dir='ltr'>siderabat,</span> <span class='ocrx_word' id='word_1_577' title='bbox 432 4824 498 4876; x_wconf 89' lang='lat' dir='ltr'>ut</span> <span class='ocrx_word' id='word_1_578' title='bbox 519 4837 632 4876; x_wconf 91' lang='lat' dir='ltr'>suo</span> <span class='ocrx_word' id='word_1_579' title='bbox 646 4825 782 4876; x_wconf 90' lang='lat' dir='ltr'>voto</span> <span class='ocrx_word' id='word_1_580' title='bbox 797 4820 1146 4875; x_wconf 88' lang='lat' dir='ltr'>satisfacere</span> <span class='ocrx_word' id='word_1_581' title='bbox 1158 4824 1383 4889; x_wconf 88' lang='lat' dir='ltr'>posset,</span> <span class='ocrx_word' id='word_1_582' title='bbox 1402 4836 1533 4874; x_wconf 91' lang='lat' dir='ltr'>cum</span> <span class='ocrx_word' id='word_1_583' title='bbox 1546 4836 1762 4892; x_wconf 88' lang='lat' dir='ltr'>magno</span> 
     </span>
    </p>
   </div>
   <div class='ocr_carea' id='block_1_80' title="bbox 134 4906 1764 4980">
    <p class='ocr_par' dir='ltr' id='par_1_80' title="bbox 134 4906 1764 4980">
     <span class='ocr_line' id='line_1_80' title="bbox 134 4906 1764 4980; baseline 0.002 -21"><span class='ocrx_word' id='word_1_584' title='bbox 134 4906 317 4971; x_wconf 73' lang='lat' dir='ltr'>gaudio</span> <span class='ocrx_word' id='word_1_585' title='bbox 333 4910 404 4962; x_wconf 91' lang='lat' dir='ltr'>ad</span> <span class='ocrx_word' id='word_1_586' title='bbox 425 4914 661 4964; x_wconf 88' lang='lat' dir='ltr'>montes</span> <span class='ocrx_word' id='word_1_587' title='bbox 692 4911 805 4963; x_wconf 90' lang='lat' dir='ltr'>iter</span> <span class='ocrx_word' id='word_1_588' title='bbox 834 4909 1112 4980; x_wconf 90' lang='lat' dir='ltr'>arripuit;</span> <span class='ocrx_word' id='word_1_589' title='bbox 1144 4908 1362 4979; x_wconf 83' lang='lat' dir='ltr'>quibus</span> <span class='ocrx_word' id='word_1_590' title='bbox 1394 4925 1524 4963; x_wconf 91' lang='lat' dir='ltr'>cum</span> <span class='ocrx_word' id='word_1_591' title='bbox 1549 4925 1764 4979; x_wconf 91' lang='lat' dir='ltr'>appro-</span> 
     </span>
    </p>
   </div>
   <div class='ocr_carea' id='block_1_81' title="bbox 135 4992 1767 5069">
    <p class='ocr_par' dir='ltr' id='par_1_81' title="bbox 135 4992 1767 5069">
     <span class='ocr_line' id='line_1_81' title="bbox 135 4992 1767 5069; baseline 0.004 -24"><span class='ocrx_word' id='word_1_592' title='bbox 135 4992 428 5066; x_wconf 86' lang='lat' dir='ltr'>pinquaret,</span> <span class='ocrx_word' id='word_1_593' title='bbox 445 5003 503 5053; x_wconf 91' lang='lat' dir='ltr'>et</span> <span class='ocrx_word' id='word_1_594' title='bbox 524 4998 670 5069; x_wconf 85' lang='lat' dir='ltr'>jam,</span> <span class='ocrx_word' id='word_1_595' title='bbox 685 4999 846 5053; x_wconf 92' lang='lat' dir='ltr'>nullo</span> <span class='ocrx_word' id='word_1_596' title='bbox 860 4998 1165 5053; x_wconf 90' lang='lat' dir='ltr'>obstaculo</span> <span class='ocrx_word' id='word_1_597' title='bbox 1184 4997 1629 5066; x_wconf 89' lang='lat' dir='ltr'>interveniente,</span> <span class='ocrx_word' id='word_1_598' title='bbox 1646 4999 1767 5051; x_wconf 89' lang='lat' dir='ltr'>sin-</span> 
     </span>
    </p>
   </div>
   <div class='ocr_carea' id='block_1_82' title="bbox 138 5081 1765 5158">
    <p class='ocr_par' dir='ltr' id='par_1_82' title="bbox 138 5081 1765 5158">
     <span class='ocr_line' id='line_1_82' title="bbox 138 5081 1765 5158; baseline 0.003 -24"><span class='ocrx_word' id='word_1_599' title='bbox 138 5081 251 5149; x_wconf 75' lang='lat' dir='ltr'>gula</span> <span class='ocrx_word' id='word_1_600' title='bbox 279 5086 398 5140; x_wconf 89' lang='lat' dir='ltr'>loca</span> <span class='ocrx_word' id='word_1_601' title='bbox 427 5092 637 5142; x_wconf 90' lang='lat' dir='ltr'>notare</span> <span class='ocrx_word' id='word_1_602' title='bbox 683 5091 922 5158; x_wconf 89' lang='lat' dir='ltr'>posset,</span> <span class='ocrx_word' id='word_1_603' title='bbox 957 5091 1211 5141; x_wconf 91' lang='lat' dir='ltr'>montem</span> <span class='ocrx_word' id='word_1_604' title='bbox 1243 5087 1630 5157; x_wconf 89' lang='lat' dir='ltr'>altissimum,</span> <span class='ocrx_word' id='word_1_605' title='bbox 1667 5088 1765 5158; x_wconf 90' lang='lat' dir='ltr'>qui</span> 
     </span>
    </p>
   </div>
   <div class='ocr_carea' id='block_1_83' title="bbox 140 5168 1767 5246">
    <p class='ocr_par' dir='ltr' id='par_1_83' title="bbox 140 5168 1767 5246">
     <span class='ocr_line' id='line_1_83' title="bbox 140 5168 1767 5246; baseline 0.004 -25"><span class='ocrx_word' id='word_1_606' title='bbox 140 5168 415 5229; x_wconf 69' lang='lat' dir='ltr'>Abriscola</span> <span class='ocrx_word' id='word_1_607' title='bbox 446 5176 776 5245; x_wconf 86' lang='lat' dir='ltr'>dicebatur,</span> <span class='ocrx_word' id='word_1_608' title='bbox 796 5176 867 5229; x_wconf 89' lang='lat' dir='ltr'>ad</span> <span class='ocrx_word' id='word_1_609' title='bbox 898 5175 1276 5229; x_wconf 89' lang='lat' dir='ltr'>habitandum</span> <span class='ocrx_word' id='word_1_610' title='bbox 1311 5175 1507 5246; x_wconf 87' lang='lat' dir='ltr'>elegit,</span> <span class='ocrx_word' id='word_1_611' title='bbox 1542 5176 1677 5244; x_wconf 90' lang='lat' dir='ltr'>quia</span> <span class='ocrx_word' id='word_1_612' title='bbox 1708 5175 1767 5228; x_wconf 87' lang='lat' dir='ltr'>in</span> 
     </span>
    </p>
   </div>
   <div class='ocr_carea' id='block_1_84' title="bbox 140 5263 1762 5334">
    <p class='ocr_par' dir='ltr' id='par_1_84' title="bbox 140 5263 1762 5334">
     <span class='ocr_line' id='line_1_84' title="bbox 140 5263 1762 5334; baseline 0.003 -22"><span class='ocrx_word' id='word_1_613' title='bbox 140 5270 192 5309; x_wconf 83' lang='lat' dir='ltr'>ea</span> <span class='ocrx_word' id='word_1_614' title='bbox 206 5267 349 5328; x_wconf 82' lang='lat' dir='ltr'>parte</span> <span class='ocrx_word' id='word_1_615' title='bbox 367 5280 477 5334; x_wconf 86' lang='lat' dir='ltr'>qua</span> <span class='ocrx_word' id='word_1_616' title='bbox 501 5265 656 5318; x_wconf 85' lang='lat' dir='ltr'>situs</span> <span class='ocrx_word' id='word_1_617' title='bbox 676 5269 818 5332; x_wconf 88' lang='lat' dir='ltr'>erat,</span> <span class='ocrx_word' id='word_1_618' title='bbox 836 5280 1017 5333; x_wconf 90' lang='lat' dir='ltr'>super</span> <span class='ocrx_word' id='word_1_619' title='bbox 1039 5264 1185 5318; x_wconf 88' lang='lat' dir='ltr'>alios</span> <span class='ocrx_word' id='word_1_620' title='bbox 1210 5266 1437 5319; x_wconf 89' lang='lat' dir='ltr'>montes</span> <span class='ocrx_word' id='word_1_621' title='bbox 1452 5263 1762 5318; x_wconf 91' lang='lat' dir='ltr'>eminebat.</span> 
     </span>
    </p>
   </div>
   <div class='ocr_carea' id='block_1_85' title="bbox 142 5343 1764 5425">
    <p class='ocr_par' dir='ltr' id='par_1_85' title="bbox 142 5343 1764 5425">
     <span class='ocr_line' id='line_1_85' title="bbox 142 5343 1764 5425; baseline 0.004 -27"><span class='ocrx_word' id='word_1_622' title='bbox 142 5343 394 5407; x_wconf 88' lang='lat' dir='ltr'>Derelicto</span> <span class='ocrx_word' id='word_1_623' title='bbox 410 5369 559 5425; x_wconf 87' lang='lat' dir='ltr'>ergo</span> <span class='ocrx_word' id='word_1_624' title='bbox 577 5354 830 5424; x_wconf 89' lang='lat' dir='ltr'>quodam</span> <span class='ocrx_word' id='word_1_625' title='bbox 851 5352 1055 5421; x_wconf 88' lang='lat' dir='ltr'>fratre,</span> <span class='ocrx_word' id='word_1_626' title='bbox 1073 5368 1247 5423; x_wconf 89' lang='lat' dir='ltr'>quem</span> <span class='ocrx_word' id='word_1_627' title='bbox 1266 5367 1467 5406; x_wconf 90' lang='lat' dir='ltr'>secum</span> <span class='ocrx_word' id='word_1_628' title='bbox 1494 5351 1764 5422; x_wconf 90' lang='lat' dir='ltr'>habebat,</span> 
     </span>
    </p>
   </div>
   <div class='ocr_carea' id='block_1_86' title="bbox 142 5433 1769 5512">
    <p class='ocr_par' dir='ltr' id='par_1_86' title="bbox 142 5433 1769 5512">
     <span class='ocr_line' id='line_1_86' title="bbox 142 5433 1769 5512; baseline 0.006 -26"><span class='ocrx_word' id='word_1_629' title='bbox 142 5433 199 5486; x_wconf 82' lang='lat' dir='ltr'>ad</span> <span class='ocrx_word' id='word_1_630' title='bbox 219 5438 436 5495; x_wconf 88' lang='lat' dir='ltr'>radices</span> <span class='ocrx_word' id='word_1_631' title='bbox 454 5443 673 5496; x_wconf 90' lang='lat' dir='ltr'>montis</span> <span class='ocrx_word' id='word_1_632' title='bbox 697 5443 754 5495; x_wconf 92' lang='lat' dir='ltr'>in</span> <span class='ocrx_word' id='word_1_633' title='bbox 770 5440 1021 5512; x_wconf 86' lang='lat' dir='ltr'>quadam</span> <span class='ocrx_word' id='word_1_634' title='bbox 1043 5440 1491 5510; x_wconf 89' lang='lat' dir='ltr'>ecclesia,solus</span> <span class='ocrx_word' id='word_1_635' title='bbox 1512 5444 1769 5495; x_wconf 87' lang='lat' dir='ltr'>montem</span> 
     </span>
    </p>
   </div>
   <div class='ocr_carea' id='block_1_87' title="bbox 143 5527 1770 5600">
    <p class='ocr_par' dir='ltr' id='par_1_87' title="bbox 143 5527 1770 5600">
     <span class='ocr_line' id='line_1_87' title="bbox 143 5527 1770 5600; baseline 0.005 -24"><span class='ocrx_word' id='word_1_636' title='bbox 143 5527 409 5597; x_wconf 77' lang='lat' dir='ltr'>ascendit,</span> <span class='ocrx_word' id='word_1_637' title='bbox 442 5528 597 5585; x_wconf 88' lang='lat' dir='ltr'>facto</span> <span class='ocrx_word' id='word_1_638' title='bbox 629 5529 701 5583; x_wconf 87' lang='lat' dir='ltr'>de</span> <span class='ocrx_word' id='word_1_639' title='bbox 734 5529 1047 5584; x_wconf 82' lang='lat' dir='ltr'>frondibus</span> <span class='ocrx_word' id='word_1_640' title='bbox 1077 5529 1225 5584; x_wconf 88' lang='lat' dir='ltr'>satis</span> <span class='ocrx_word' id='word_1_641' title='bbox 1256 5532 1509 5600; x_wconf 89' lang='lat' dir='ltr'>angusto</span> <span class='ocrx_word' id='word_1_642' title='bbox 1540 5529 1770 5584; x_wconf 88' lang='lat' dir='ltr'>habita-</span> 
     </span>
    </p>
   </div>
   <div class='ocr_carea' id='block_1_88' title="bbox 144 5611 1772 5682">
    <p class='ocr_par' dir='ltr' id='par_1_88' title="bbox 144 5611 1772 5682">
     <span class='ocr_line' id='line_1_88' title="bbox 144 5611 1772 5682; baseline 0.005 -17"><span class='ocrx_word' id='word_1_643' title='bbox 144 5611 272 5682; x_wconf 86' lang='lat' dir='ltr'>culo,</span> <span class='ocrx_word' id='word_1_644' title='bbox 300 5619 355 5670; x_wconf 89' lang='lat' dir='ltr'>et</span> <span class='ocrx_word' id='word_1_645' title='bbox 381 5617 549 5673; x_wconf 86' lang='lat' dir='ltr'>altari</span> <span class='ocrx_word' id='word_1_646' title='bbox 579 5618 682 5674; x_wconf 87' lang='lat' dir='ltr'>ubi</span> <span class='ocrx_word' id='word_1_647' title='bbox 712 5618 1069 5674; x_wconf 87' lang='lat' dir='ltr'>sacrificium</span> <span class='ocrx_word' id='word_1_648' title='bbox 1118 5615 1375 5673; x_wconf 72' lang='lat' dir='ltr'>offerret.</span> <span class='ocrx_word' id='word_1_649' title='bbox 1428 5618 1592 5672; x_wconf 89' lang='lat' dir='ltr'>Tunc</span> <span class='ocrx_word' id='word_1_650' title='bbox 1621 5617 1772 5673; x_wconf 88' lang='lat' dir='ltr'>inter</span> 
     </span>
    </p>
   </div>
   <div class='ocr_carea' id='block_1_89' title="bbox 146 5698 1770 5780">
    <p class='ocr_par' dir='ltr' id='par_1_89' title="bbox 146 5698 1770 5780">
     <span class='ocr_line' id='line_1_89' title="bbox 146 5698 1770 5780; baseline 0.007 -29"><span class='ocrx_word' id='word_1_651' title='bbox 146 5698 290 5757; x_wconf 82' lang='lat' dir='ltr'>nives</span> <span class='ocrx_word' id='word_1_652' title='bbox 305 5706 577 5763; x_wconf 83' lang='lat' dir='ltr'>assiduas</span> <span class='ocrx_word' id='word_1_653' title='bbox 599 5711 657 5763; x_wconf 89' lang='lat' dir='ltr'>et</span> <span class='ocrx_word' id='word_1_654' title='bbox 677 5706 908 5780; x_wconf 86' lang='lat' dir='ltr'>frigora</span> <span class='ocrx_word' id='word_1_655' title='bbox 937 5706 1059 5762; x_wconf 91' lang='lat' dir='ltr'>Deo</span> <span class='ocrx_word' id='word_1_656' title='bbox 1088 5706 1482 5778; x_wconf 88' lang='lat' dir='ltr'>deserviebat,</span> <span class='ocrx_word' id='word_1_657' title='bbox 1497 5705 1770 5779; x_wconf 86' lang='lat' dir='ltr'>jejuniia,</span> 
     </span>
    </p>
   </div>
   <div class='ocr_carea' id='block_1_90' title="bbox 146 5786 1773 5872">
    <p class='ocr_par' dir='ltr' id='par_1_90' title="bbox 146 5786 1773 5872">
     <span class='ocr_line' id='line_1_90' title="bbox 146 5786 1773 5872; baseline 0.002 -22"><span class='ocrx_word' id='word_1_658' title='bbox 146 5786 341 5868; x_wconf 65' lang='lat' dir='ltr'>Vigiliis</span> <span class='ocrx_word' id='word_1_659' title='bbox 370 5798 427 5852; x_wconf 87' lang='lat' dir='ltr'>et</span> <span class='ocrx_word' id='word_1_660' title='bbox 455 5797 824 5855; x_wconf 84' lang='lat' dir='ltr'>orationibus</span> <span class='ocrx_word' id='word_1_661' title='bbox 846 5796 1095 5853; x_wconf 89' lang='lat' dir='ltr'>multum</span> <span class='ocrx_word' id='word_1_662' title='bbox 1121 5796 1468 5872; x_wconf 87' lang='lat' dir='ltr'>insistebat;</span> <span class='ocrx_word' id='word_1_663' title='bbox 1499 5795 1643 5854; x_wconf 88' lang='lat' dir='ltr'>nihil</span> <span class='ocrx_word' id='word_1_664' title='bbox 1674 5812 1773 5854; x_wconf 87' lang='lat' dir='ltr'>au-</span> 
     </span>
    </p>
   </div>
   <div class='ocr_carea' id='block_1_91' title="bbox 1862 3362 3518 3436">
    <p class='ocr_par' dir='ltr' id='par_1_91' title="bbox 1862 3362 3518 3436">
     <span class='ocr_line' id='line_1_91' title="bbox 1862 3362 3518 3436; baseline -0.001 -18"><span class='ocrx_word' id='word_1_665' title='bbox 1862 3368 2224 3436; x_wconf 81' lang='lat' dir='ltr'>praeceptuin</span> <span class='ocrx_word' id='word_1_666' title='bbox 2270 3363 2459 3417; x_wconf 87' lang='lat' dir='ltr'>hostis</span> <span class='ocrx_word' id='word_1_667' title='bbox 2501 3363 2784 3429; x_wconf 89' lang='lat' dir='ltr'>recessit,</span> <span class='ocrx_word' id='word_1_668' title='bbox 2826 3365 2882 3414; x_wconf 90' lang='lat' dir='ltr'>et</span> <span class='ocrx_word' id='word_1_669' title='bbox 2928 3362 2998 3414; x_wconf 90' lang='lat' dir='ltr'>ad</span> <span class='ocrx_word' id='word_1_670' title='bbox 3048 3362 3287 3432; x_wconf 86' lang='lat' dir='ltr'>signum</span> <span class='ocrx_word' id='word_1_671' title='bbox 3317 3364 3518 3417; x_wconf 91' lang='lat' dir='ltr'>crucis</span> 
     </span>
    </p>
   </div>
   <div class='ocr_carea' id='block_1_92' title="bbox 1863 3450 3521 3523">
    <p class='ocr_par' dir='ltr' id='par_1_92' title="bbox 1863 3450 3521 3523">
     <span class='ocr_line' id='line_1_92' title="bbox 1863 3450 3521 3523; baseline -0.004 -12"><span class='ocrx_word' id='word_1_672' title='bbox 1863 3456 2194 3511; x_wconf 81' lang='lat' dir='ltr'>exstinctus</span> <span class='ocrx_word' id='word_1_673' title='bbox 2228 3455 2318 3506; x_wconf 91' lang='lat' dir='ltr'>est</span> <span class='ocrx_word' id='word_1_674' title='bbox 2347 3452 2526 3523; x_wconf 83' lang='lat' dir='ltr'>ignis.</span> <span class='ocrx_word' id='word_1_675' title='bbox 2567 3450 2733 3514; x_wconf 87' lang='lat' dir='ltr'>Quod</span> <span class='ocrx_word' id='word_1_676' title='bbox 2781 3465 2913 3502; x_wconf 92' lang='lat' dir='ltr'>cum</span> <span class='ocrx_word' id='word_1_677' title='bbox 2958 3451 3217 3504; x_wconf 89' lang='lat' dir='ltr'>auditum</span> <span class='ocrx_word' id='word_1_678' title='bbox 3261 3451 3521 3505; x_wconf 88' lang='lat' dir='ltr'>circum-</span> 
     </span>
    </p>
   </div>
   <div class='ocr_carea' id='block_1_93' title="bbox 1864 3540 3521 3617">
    <p class='ocr_par' dir='ltr' id='par_1_93' title="bbox 1864 3540 3521 3617">
     <span class='ocr_line' id='line_1_93' title="bbox 1864 3540 3521 3617; baseline -0.003 -18"><span class='ocrx_word' id='word_1_679' title='bbox 1864 3560 2096 3617; x_wconf 86' lang='lat' dir='ltr'>quaque</span> <span class='ocrx_word' id='word_1_680' title='bbox 2128 3542 2471 3610; x_wconf 87' lang='lat' dir='ltr'>referretur,</span> <span class='ocrx_word' id='word_1_681' title='bbox 2500 3545 2637 3594; x_wconf 92' lang='lat' dir='ltr'>tunc</span> <span class='ocrx_word' id='word_1_682' title='bbox 2669 3540 2919 3593; x_wconf 86' lang='lat' dir='ltr'>maxime</span> <span class='ocrx_word' id='word_1_683' title='bbox 2952 3542 3256 3608; x_wconf 74' lang='lat' dir='ltr'>ccrperunt</span> <span class='ocrx_word' id='word_1_684' title='bbox 3284 3540 3357 3594; x_wconf 91' lang='lat' dir='ltr'>ad</span> <span class='ocrx_word' id='word_1_685' title='bbox 3386 3556 3521 3595; x_wconf 89' lang='lat' dir='ltr'>eum</span> 
     </span>
    </p>
   </div>
   <div class='ocr_carea' id='block_1_94' title="bbox 1863 3629 3521 3705">
    <p class='ocr_par' dir='ltr' id='par_1_94' title="bbox 1863 3629 3521 3705">
     <span class='ocr_line' id='line_1_94' title="bbox 1863 3629 3521 3705; baseline -0.002 -17"><span class='ocrx_word' id='word_1_686' title='bbox 1863 3634 2160 3705; x_wconf 66' lang='lat' dir='ltr'>indigena:</span> <span class='ocrx_word' id='word_1_687' title='bbox 2192 3633 2313 3685; x_wconf 91' lang='lat' dir='ltr'>fere</span> <span class='ocrx_word' id='word_1_688' title='bbox 2345 3646 2552 3685; x_wconf 89' lang='lat' dir='ltr'>omnes</span> <span class='ocrx_word' id='word_1_689' title='bbox 2572 3631 2907 3693; x_wconf 87' lang='lat' dir='ltr'>convenire,</span> <span class='ocrx_word' id='word_1_690' title='bbox 2935 3634 2991 3683; x_wconf 90' lang='lat' dir='ltr'>et</span> <span class='ocrx_word' id='word_1_691' title='bbox 3011 3629 3259 3683; x_wconf 89' lang='lat' dir='ltr'>orationi</span> <span class='ocrx_word' id='word_1_692' title='bbox 3287 3629 3422 3701; x_wconf 89' lang='lat' dir='ltr'>ejus</span> <span class='ocrx_word' id='word_1_693' title='bbox 3454 3644 3521 3684; x_wconf 90' lang='lat' dir='ltr'>se</span> 
     </span>
    </p>
   </div>
   <div class='ocr_carea' id='block_1_95' title="bbox 1865 3719 3522 3790">
    <p class='ocr_par' dir='ltr' id='par_1_95' title="bbox 1865 3719 3522 3790">
     <span class='ocr_line' id='line_1_95' title="bbox 1865 3719 3522 3790; baseline -0.003 -13"><span class='ocrx_word' id='word_1_694' title='bbox 1865 3722 2298 3790; x_wconf 87' lang='lat' dir='ltr'>commendare,</span> <span class='ocrx_word' id='word_1_695' title='bbox 2332 3720 2403 3773; x_wconf 93' lang='lat' dir='ltr'>de</span> <span class='ocrx_word' id='word_1_696' title='bbox 2435 3720 2776 3773; x_wconf 89' lang='lat' dir='ltr'>commissis</span> <span class='ocrx_word' id='word_1_697' title='bbox 2809 3719 2980 3772; x_wconf 88' lang='lat' dir='ltr'>etiam</span> <span class='ocrx_word' id='word_1_698' title='bbox 3020 3720 3092 3772; x_wconf 87' lang='lat' dir='ltr'>ab</span> <span class='ocrx_word' id='word_1_699' title='bbox 3144 3734 3212 3772; x_wconf 92' lang='lat' dir='ltr'>eo</span> <span class='ocrx_word' id='word_1_700' title='bbox 3254 3734 3522 3789; x_wconf 59' lang='lat' dir='ltr'>quaerere</span> 
     </span>
    </p>
   </div>
   <div class='ocr_carea' id='block_1_96' title="bbox 1865 3807 3523 3881">
    <p class='ocr_par' dir='ltr' id='par_1_96' title="bbox 1865 3807 3523 3881">
     <span class='ocr_line' id='line_1_96' title="bbox 1865 3807 3523 3881; baseline -0.002 -16"><span class='ocrx_word' id='word_1_701' title='bbox 1865 3811 2295 3881; x_wconf 82' lang='lat' dir='ltr'>paenitentiam;</span> <span class='ocrx_word' id='word_1_702' title='bbox 2330 3808 2452 3862; x_wconf 87' lang='lat' dir='ltr'>fere</span> <span class='ocrx_word' id='word_1_703' title='bbox 2482 3808 2637 3861; x_wconf 91' lang='lat' dir='ltr'>enim</span> <span class='ocrx_word' id='word_1_704' title='bbox 2667 3822 2772 3876; x_wconf 87' lang='lat' dir='ltr'>per</span> <span class='ocrx_word' id='word_1_705' title='bbox 2814 3808 3130 3861; x_wconf 87' lang='lat' dir='ltr'>triennium</span> <span class='ocrx_word' id='word_1_706' title='bbox 3159 3823 3274 3877; x_wconf 92' lang='lat' dir='ltr'>quo</span> <span class='ocrx_word' id='word_1_707' title='bbox 3309 3807 3523 3862; x_wconf 90' lang='lat' dir='ltr'>mansit</span> 
     </span>
    </p>
   </div>
   <div class='ocr_carea' id='block_1_97' title="bbox 1864 3896 3521 3967">
    <p class='ocr_par' dir='ltr' id='par_1_97' title="bbox 1864 3896 3521 3967">
     <span class='ocr_line' id='line_1_97' title="bbox 1864 3896 3521 3967; baseline -0.003 -13"><span class='ocrx_word' id='word_1_708' title='bbox 1864 3901 1922 3953; x_wconf 88' lang='lat' dir='ltr'>in</span> <span class='ocrx_word' id='word_1_709' title='bbox 1953 3914 2172 3967; x_wconf 89' lang='lat' dir='ltr'>eremo,</span> <span class='ocrx_word' id='word_1_710' title='bbox 2205 3900 2288 3951; x_wconf 88' lang='lat' dir='ltr'>tot</span> <span class='ocrx_word' id='word_1_711' title='bbox 2316 3897 2387 3951; x_wconf 88' lang='lat' dir='ltr'>ad</span> <span class='ocrx_word' id='word_1_712' title='bbox 2418 3912 2550 3951; x_wconf 90' lang='lat' dir='ltr'>eum</span> <span class='ocrx_word' id='word_1_713' title='bbox 2582 3897 3034 3965; x_wconf 90' lang='lat' dir='ltr'>concurrebant,</span> <span class='ocrx_word' id='word_1_714' title='bbox 3070 3896 3227 3966; x_wconf 90' lang='lat' dir='ltr'>quod</span> <span class='ocrx_word' id='word_1_715' title='bbox 3257 3896 3521 3966; x_wconf 89' lang='lat' dir='ltr'>plerum-</span> 
     </span>
    </p>
   </div>
   <div class='ocr_carea' id='block_1_98' title="bbox 1867 3984 3523 4060">
    <p class='ocr_par' dir='ltr' id='par_1_98' title="bbox 1867 3984 3523 4060">
     <span class='ocr_line' id='line_1_98' title="bbox 1867 3984 3523 4060; baseline -0.003 -16"><span class='ocrx_word' id='word_1_716' title='bbox 1867 4006 1979 4060; x_wconf 90' lang='lat' dir='ltr'>que</span> <span class='ocrx_word' id='word_1_717' title='bbox 2012 4005 2218 4043; x_wconf 90' lang='lat' dir='ltr'>omnes</span> <span class='ocrx_word' id='word_1_718' title='bbox 2249 3990 2480 4040; x_wconf 90' lang='lat' dir='ltr'>montes</span> <span class='ocrx_word' id='word_1_719' title='bbox 2520 3985 2578 4038; x_wconf 92' lang='lat' dir='ltr'>in</span> <span class='ocrx_word' id='word_1_720' title='bbox 2620 3984 2869 4038; x_wconf 90' lang='lat' dir='ltr'>circuitu</span> <span class='ocrx_word' id='word_1_721' title='bbox 2908 3985 3100 4038; x_wconf 75' lang='lat' dir='ltr'>cereis</span> <span class='ocrx_word' id='word_1_722' title='bbox 3139 3985 3523 4054; x_wconf 89' lang='lat' dir='ltr'>resplendere</span> 
     </span>
    </p>
   </div>
   <div class='ocr_carea' id='block_1_99' title="bbox 1865 4073 3525 4145">
    <p class='ocr_par' dir='ltr' id='par_1_99' title="bbox 1865 4073 3525 4145">
     <span class='ocr_line' id='line_1_99' title="bbox 1865 4073 3525 4145; baseline -0.004 -11"><span class='ocrx_word' id='word_1_723' title='bbox 1865 4080 2234 4145; x_wconf 87' lang='lat' dir='ltr'>videbantur,</span> <span class='ocrx_word' id='word_1_724' title='bbox 2264 4076 2364 4145; x_wconf 91' lang='lat' dir='ltr'>qui</span> <span class='ocrx_word' id='word_1_725' title='bbox 2393 4077 2525 4127; x_wconf 90' lang='lat' dir='ltr'>ante</span> <span class='ocrx_word' id='word_1_726' title='bbox 2556 4074 2760 4127; x_wconf 87' lang='lat' dir='ltr'>cellam</span> <span class='ocrx_word' id='word_1_727' title='bbox 2795 4073 2929 4143; x_wconf 91' lang='lat' dir='ltr'>ejus</span> <span class='ocrx_word' id='word_1_728' title='bbox 2961 4089 2994 4125; x_wconf 91' lang='lat' dir='ltr'>a</span> <span class='ocrx_word' id='word_1_729' title='bbox 3025 4073 3398 4127; x_wconf 89' lang='lat' dir='ltr'>venientibus</span> <span class='ocrx_word' id='word_1_730' title='bbox 3429 4090 3525 4128; x_wconf 91' lang='lat' dir='ltr'>ac-</span> 
     </span>
    </p>
   </div>
   <div class='ocr_carea' id='block_1_100' title="bbox 1869 4162 3525 4233">
    <p class='ocr_par' dir='ltr' id='par_1_100' title="bbox 1869 4162 3525 4233">
     <span class='ocr_line' id='line_1_100' title="bbox 1869 4162 3525 4233; baseline -0.004 -10"><span class='ocrx_word' id='word_1_731' title='bbox 1869 4167 2291 4224; x_wconf 89' lang='lat' dir='ltr'>cendebantur.</span> <span class='ocrx_word' id='word_1_732' title='bbox 2341 4163 2511 4233; x_wconf 86' lang='lat' dir='ltr'>Saepe</span> <span class='ocrx_word' id='word_1_733' title='bbox 2557 4162 2729 4215; x_wconf 88' lang='lat' dir='ltr'>etiam</span> <span class='ocrx_word' id='word_1_734' title='bbox 2760 4162 3133 4214; x_wconf 86' lang='lat' dir='ltr'>venientibus</span> <span class='ocrx_word' id='word_1_735' title='bbox 3180 4162 3409 4215; x_wconf 80' lang='lat' dir='ltr'>dixerat</span> <span class='ocrx_word' id='word_1_736' title='bbox 3459 4178 3525 4217; x_wconf 87' lang='lat' dir='ltr'>se</span> 
     </span>
    </p>
   </div>
   <div class='ocr_carea' id='block_1_101' title="bbox 1868 4250 3525 4325">
    <p class='ocr_par' dir='ltr' id='par_1_101' title="bbox 1868 4250 3525 4325">
     <span class='ocr_line' id='line_1_101' title="bbox 1868 4250 3525 4325; baseline -0.005 -13"><span class='ocrx_word' id='word_1_737' title='bbox 1868 4272 2007 4312; x_wconf 89' lang='lat' dir='ltr'>esse</span> <span class='ocrx_word' id='word_1_738' title='bbox 2031 4256 2335 4325; x_wconf 89' lang='lat' dir='ltr'>indignum</span> <span class='ocrx_word' id='word_1_739' title='bbox 2350 4252 2418 4304; x_wconf 90' lang='lat' dir='ltr'>ad</span> <span class='ocrx_word' id='word_1_740' title='bbox 2443 4266 2615 4321; x_wconf 88' lang='lat' dir='ltr'>quem</span> <span class='ocrx_word' id='word_1_741' title='bbox 2628 4250 2912 4309; x_wconf 87' lang='lat' dir='ltr'>venirent.</span> <span class='ocrx_word' id='word_1_742' title='bbox 2931 4264 2997 4302; x_wconf 91' lang='lat' dir='ltr'>se</span> <span class='ocrx_word' id='word_1_743' title='bbox 3014 4265 3150 4301; x_wconf 86' lang='lat' dir='ltr'>esse</span> <span class='ocrx_word' id='word_1_744' title='bbox 3175 4250 3525 4304; x_wconf 88' lang='lat' dir='ltr'>monachum</span> 
     </span>
    </p>
   </div>
   <div class='ocr_carea' id='block_1_102' title="bbox 1866 4337 3526 4416">
    <p class='ocr_par' dir='ltr' id='par_1_102' title="bbox 1866 4337 3526 4416">
     <span class='ocr_line' id='line_1_102' title="bbox 1866 4337 3526 4416; baseline -0.005 -16"><span class='ocrx_word' id='word_1_745' title='bbox 1866 4363 1900 4400; x_wconf 90' lang='lat' dir='ltr'>a</span> <span class='ocrx_word' id='word_1_746' title='bbox 1939 4360 2054 4416; x_wconf 92' lang='lat' dir='ltr'>quo</span> <span class='ocrx_word' id='word_1_747' title='bbox 2099 4341 2496 4412; x_wconf 86' lang='lat' dir='ltr'>poenitentiam</span> <span class='ocrx_word' id='word_1_748' title='bbox 2527 4342 2890 4409; x_wconf 84' lang='lat' dir='ltr'>quaererent,</span> <span class='ocrx_word' id='word_1_749' title='bbox 2935 4342 2989 4390; x_wconf 88' lang='lat' dir='ltr'>et</span> <span class='ocrx_word' id='word_1_750' title='bbox 3035 4353 3148 4391; x_wconf 92' lang='lat' dir='ltr'>non</span> <span class='ocrx_word' id='word_1_751' title='bbox 3200 4337 3419 4391; x_wconf 90' lang='lat' dir='ltr'>habere</span> <span class='ocrx_word' id='word_1_752' title='bbox 3459 4354 3526 4391; x_wconf 90' lang='lat' dir='ltr'>se</span> 
     </span>
    </p>
   </div>
   <div class='ocr_carea' id='block_1_103' title="bbox 1868 4426 3527 4500">
    <p class='ocr_par' dir='ltr' id='par_1_103' title="bbox 1868 4426 3527 4500">
     <span class='ocr_line' id='line_1_103' title="bbox 1868 4426 3527 4500; baseline -0.005 -12"><span class='ocrx_word' id='word_1_753' title='bbox 1868 4434 2160 4489; x_wconf 88' lang='lat' dir='ltr'>licentiam</span> <span class='ocrx_word' id='word_1_754' title='bbox 2191 4429 2569 4500; x_wconf 81' lang='lat' dir='ltr'>praedicandi,</span> <span class='ocrx_word' id='word_1_755' title='bbox 2602 4444 2711 4481; x_wconf 91' lang='lat' dir='ltr'>nec</span> <span class='ocrx_word' id='word_1_756' title='bbox 2741 4427 3093 4496; x_wconf 72' lang='lat' dir='ltr'>pmnitentcs</span> <span class='ocrx_word' id='word_1_757' title='bbox 3124 4426 3527 4496; x_wconf 89' lang='lat' dir='ltr'>suscipiendi;</span> 
     </span>
    </p>
   </div>
   <div class='ocr_carea' id='block_1_104' title="bbox 1869 4515 3527 4592">
    <p class='ocr_par' dir='ltr' id='par_1_104' title="bbox 1869 4515 3527 4592">
     <span class='ocr_line' id='line_1_104' title="bbox 1869 4515 3527 4592; baseline -0.005 -14"><span class='ocrx_word' id='word_1_758' title='bbox 1869 4523 1974 4578; x_wconf 91' lang='lat' dir='ltr'>sed</span> <span class='ocrx_word' id='word_1_759' title='bbox 2009 4520 2146 4592; x_wconf 86' lang='lat' dir='ltr'>quid</span> <span class='ocrx_word' id='word_1_760' title='bbox 2176 4520 2287 4574; x_wconf 89' lang='lat' dir='ltr'>hoc</span> <span class='ocrx_word' id='word_1_761' title='bbox 2339 4518 2637 4587; x_wconf 86' lang='lat' dir='ltr'>proderat,</span> <span class='ocrx_word' id='word_1_762' title='bbox 2681 4532 2814 4569; x_wconf 90' lang='lat' dir='ltr'>cum</span> <span class='ocrx_word' id='word_1_763' title='bbox 2862 4519 3055 4570; x_wconf 89' lang='lat' dir='ltr'>tamen</span> <span class='ocrx_word' id='word_1_764' title='bbox 3085 4515 3527 4570; x_wconf 90' lang='lat' dir='ltr'>confestissime</span> 
     </span>
    </p>
   </div>
   <div class='ocr_carea' id='block_1_105' title="bbox 1788 4605 3526 4702">
    <p class='ocr_par' dir='ltr' id='par_1_105' title="bbox 1788 4605 3526 4702">
     <span class='ocr_line' id='line_1_105' title="bbox 1788 4605 3526 4702; baseline -0.005 -36"><span class='ocrx_word' id='word_1_765' title='bbox 1788 4641 1840 4702; x_wconf 82' lang='lat' dir='ltr'>D</span> <span class='ocrx_word' id='word_1_766' title='bbox 1869 4612 2231 4679; x_wconf 90' lang='lat' dir='ltr'>venirent,et</span> <span class='ocrx_word' id='word_1_767' title='bbox 2252 4607 2528 4677; x_wconf 65' lang='lat' dir='ltr'>lacrymis</span> <span class='ocrx_word' id='word_1_768' title='bbox 2550 4609 2606 4659; x_wconf 92' lang='lat' dir='ltr'>et</span> <span class='ocrx_word' id='word_1_769' title='bbox 2626 4606 2905 4675; x_wconf 87' lang='lat' dir='ltr'>precibus</span> <span class='ocrx_word' id='word_1_770' title='bbox 2938 4622 3072 4659; x_wconf 88' lang='lat' dir='ltr'>eum</span> <span class='ocrx_word' id='word_1_771' title='bbox 3102 4606 3174 4660; x_wconf 87' lang='lat' dir='ltr'>ad</span> <span class='ocrx_word' id='word_1_772' title='bbox 3204 4605 3526 4673; x_wconf 73' lang='lat' dir='ltr'>praedican-</span> 
     </span>
    </p>
   </div>
   <div class='ocr_carea' id='block_1_106' title="bbox 1871 4697 2397 4755">
    <p class='ocr_par' dir='ltr' id='par_1_106' title="bbox 1871 4697 2397 4755">
     <span class='ocr_line' id='line_1_106' title="bbox 1871 4697 2397 4755; baseline -0.011 0"><span class='ocrx_word' id='word_1_773' title='bbox 1871 4701 2007 4755; x_wconf 92' lang='lat' dir='ltr'>dum</span> <span class='ocrx_word' id='word_1_774' title='bbox 2038 4697 2397 4753; x_wconf 82' lang='lat' dir='ltr'>excitarent?</span> 
     </span>
    </p>
   </div>
   <div class='ocr_carea' id='block_1_107' title="bbox 1942 4815 3527 4886">
    <p class='ocr_par' dir='ltr' id='par_1_107' title="bbox 1942 4815 3527 4886">
     <span class='ocr_line' id='line_1_107' title="bbox 1942 4815 3527 4886; baseline -0.007 -10"><span class='ocrx_word' id='word_1_775' title='bbox 1942 4822 1994 4876; x_wconf 91' lang='lat'>8.</span> <span class='ocrx_word' id='word_1_776' title='bbox 2027 4821 2144 4876; x_wconf 89' lang='lat' dir='ltr'>Sed</span> <span class='ocrx_word' id='word_1_777' title='bbox 2173 4834 2306 4873; x_wconf 91' lang='lat' dir='ltr'>cum</span> <span class='ocrx_word' id='word_1_778' title='bbox 2340 4818 2496 4871; x_wconf 92' lang='lat' dir='ltr'>Deus</span> <span class='ocrx_word' id='word_1_779' title='bbox 2515 4816 2775 4870; x_wconf 86' lang='lat' dir='ltr'>laborem</span> <span class='ocrx_word' id='word_1_780' title='bbox 2796 4815 2933 4886; x_wconf 25' lang='lat' dir='ltr'>ejus,</span> <span class='ocrx_word' id='word_1_781' title='bbox 2950 4815 3126 4869; x_wconf 89' lang='lat' dir='ltr'>vellet</span> <span class='ocrx_word' id='word_1_782' title='bbox 3147 4827 3527 4867; x_wconf 86' lang='lat' dir='ltr'>remunerare</span> 
     </span>
    </p>
   </div>
   <div class='ocr_carea' id='block_1_108' title="bbox 1874 4901 3530 4980">
    <p class='ocr_par' dir='ltr' id='par_1_108' title="bbox 1874 4901 3530 4980">
     <span class='ocr_line' id='line_1_108' title="bbox 1874 4901 3530 4980; baseline -0.007 -15"><span class='ocrx_word' id='word_1_783' title='bbox 1874 4913 1929 4965; x_wconf 92' lang='lat' dir='ltr'>et</span> <span class='ocrx_word' id='word_1_784' title='bbox 1951 4911 2022 4964; x_wconf 87' lang='lat' dir='ltr'>ab</span> <span class='ocrx_word' id='word_1_785' title='bbox 2046 4907 2349 4980; x_wconf 89' lang='lat' dir='ltr'>ergastulo</span> <span class='ocrx_word' id='word_1_786' title='bbox 2381 4906 2577 4959; x_wconf 88' lang='lat' dir='ltr'>carnis</span> <span class='ocrx_word' id='word_1_787' title='bbox 2608 4921 2739 4959; x_wconf 90' lang='lat' dir='ltr'>eum</span> <span class='ocrx_word' id='word_1_788' title='bbox 2772 4918 3041 4971; x_wconf 86' lang='lat' dir='ltr'>evocare,</span> <span class='ocrx_word' id='word_1_789' title='bbox 3062 4907 3123 4955; x_wconf 90' lang='lat' dir='ltr'>ut</span> <span class='ocrx_word' id='word_1_790' title='bbox 3154 4901 3344 4972; x_wconf 88' lang='lat' dir='ltr'>major</span> <span class='ocrx_word' id='word_1_791' title='bbox 3367 4903 3530 4955; x_wconf 92' lang='lat' dir='ltr'>esset</span> 
     </span>
    </p>
   </div>
   <div class='ocr_carea' id='block_1_109' title="bbox 1875 4990 3531 5066">
    <p class='ocr_par' dir='ltr' id='par_1_109' title="bbox 1875 4990 3531 5066">
     <span class='ocr_line' id='line_1_109' title="bbox 1875 4990 3531 5066; baseline -0.005 -13"><span class='ocrx_word' id='word_1_792' title='bbox 1875 5014 2110 5066; x_wconf 88' lang='lat' dir='ltr'>corona,</span> <span class='ocrx_word' id='word_1_793' title='bbox 2136 4997 2320 5051; x_wconf 89' lang='lat' dir='ltr'>voluit</span> <span class='ocrx_word' id='word_1_794' title='bbox 2352 4999 2728 5063; x_wconf 87' lang='lat' dir='ltr'>temporalem</span> <span class='ocrx_word' id='word_1_795' title='bbox 2759 4993 2936 5046; x_wconf 83' lang='lat' dir='ltr'>vitam</span> <span class='ocrx_word' id='word_1_796' title='bbox 2966 4991 3099 5061; x_wconf 88' lang='lat' dir='ltr'>ejus</span> <span class='ocrx_word' id='word_1_797' title='bbox 3132 4990 3285 5043; x_wconf 85' lang='lat' dir='ltr'>finiri</span> <span class='ocrx_word' id='word_1_798' title='bbox 3305 4990 3364 5043; x_wconf 90' lang='lat' dir='ltr'>in</span> <span class='ocrx_word' id='word_1_799' title='bbox 3393 4991 3531 5044; x_wconf 88' lang='lat' dir='ltr'>obe-</span> 
     </span>
    </p>
   </div>
   <div class='ocr_carea' id='block_1_110' title="bbox 1875 5078 3530 5153">
    <p class='ocr_par' dir='ltr' id='par_1_110' title="bbox 1875 5078 3530 5153">
     <span class='ocr_line' id='line_1_110' title="bbox 1875 5078 3530 5153; baseline -0.006 -12"><span class='ocrx_word' id='word_1_800' title='bbox 1875 5088 2107 5142; x_wconf 88' lang='lat' dir='ltr'>dientia.</span> <span class='ocrx_word' id='word_1_801' title='bbox 2143 5085 2383 5139; x_wconf 89' lang='lat' dir='ltr'>Factum</span> <span class='ocrx_word' id='word_1_802' title='bbox 2414 5088 2505 5136; x_wconf 85' lang='lat' dir='ltr'>est</span> <span class='ocrx_word' id='word_1_803' title='bbox 2545 5098 2688 5153; x_wconf 85' lang='lat' dir='ltr'>ergo</span> <span class='ocrx_word' id='word_1_804' title='bbox 2720 5085 2779 5134; x_wconf 89' lang='lat' dir='ltr'>ut</span> <span class='ocrx_word' id='word_1_805' title='bbox 2813 5080 2902 5133; x_wconf 89' lang='lat' dir='ltr'>vir</span> <span class='ocrx_word' id='word_1_806' title='bbox 2932 5078 3309 5149; x_wconf 88' lang='lat' dir='ltr'>venerabilis,</span> <span class='ocrx_word' id='word_1_807' title='bbox 3345 5078 3530 5132; x_wconf 88' lang='lat' dir='ltr'>abbas</span> 
     </span>
    </p>
   </div>
   <div class='ocr_carea' id='block_1_111' title="bbox 1877 5166 3530 5245">
    <p class='ocr_par' dir='ltr' id='par_1_111' title="bbox 1877 5166 3530 5245">
     <span class='ocr_line' id='line_1_111' title="bbox 1877 5166 3530 5245; baseline -0.006 -14"><span class='ocrx_word' id='word_1_808' title='bbox 1877 5174 2256 5245; x_wconf 88' lang='lat' dir='ltr'>supradictus</span> <span class='ocrx_word' id='word_1_809' title='bbox 2273 5172 2682 5225; x_wconf 77' lang='lat' dir='ltr'>Cluniarensis</span> <span class='ocrx_word' id='word_1_810' title='bbox 2704 5168 2996 5236; x_wconf 88' lang='lat' dir='ltr'>ecclesiae,</span> <span class='ocrx_word' id='word_1_811' title='bbox 3018 5166 3314 5221; x_wconf 86' lang='lat' dir='ltr'>desiderio</span> <span class='ocrx_word' id='word_1_812' title='bbox 3330 5166 3530 5221; x_wconf 87' lang='lat' dir='ltr'>viden-</span> 
     </span>
    </p>
   </div>
   <div class='ocr_carea' id='block_1_112' title="bbox 1875 5254 3530 5330">
    <p class='ocr_par' dir='ltr' id='par_1_112' title="bbox 1875 5254 3530 5330">
     <span class='ocr_line' id='line_1_112' title="bbox 1875 5254 3530 5330; baseline -0.005 -12"><span class='ocrx_word' id='word_1_813' title='bbox 1875 5265 1934 5319; x_wconf 92' lang='lat' dir='ltr'>di</span> <span class='ocrx_word' id='word_1_814' title='bbox 1974 5264 2210 5316; x_wconf 84' lang='lat' dir='ltr'>fratrem</span> <span class='ocrx_word' id='word_1_815' title='bbox 2242 5262 2538 5330; x_wconf 85' lang='lat' dir='ltr'>ﬂagraret,</span> <span class='ocrx_word' id='word_1_816' title='bbox 2571 5274 2702 5311; x_wconf 87' lang='lat' dir='ltr'>cum</span> <span class='ocrx_word' id='word_1_817' title='bbox 2737 5259 3016 5327; x_wconf 85' lang='lat' dir='ltr'>quantum</span> <span class='ocrx_word' id='word_1_818' title='bbox 3047 5255 3365 5325; x_wconf 67' lang='lat' dir='ltr'>praesentia</span> <span class='ocrx_word' id='word_1_819' title='bbox 3397 5254 3530 5325; x_wconf 90' lang='lat' dir='ltr'>ejus</span> 
     </span>
    </p>
   </div>
   <div class='ocr_carea' id='block_1_113' title="bbox 1876 5344 3533 5416">
    <p class='ocr_par' dir='ltr' id='par_1_113' title="bbox 1876 5344 3533 5416">
     <span class='ocr_line' id='line_1_113' title="bbox 1876 5344 3533 5416; baseline -0.007 -8"><span class='ocrx_word' id='word_1_820' title='bbox 1876 5353 2158 5408; x_wconf 85' lang='lat' dir='ltr'>fratribus</span> <span class='ocrx_word' id='word_1_821' title='bbox 2191 5348 2423 5403; x_wconf 75' lang='lat' dir='ltr'>caeteris</span> <span class='ocrx_word' id='word_1_822' title='bbox 2456 5346 2794 5416; x_wconf 69' lang='lat' dir='ltr'>prsestabat,</span> <span class='ocrx_word' id='word_1_823' title='bbox 2822 5350 3218 5415; x_wconf 83' lang='lat' dir='ltr'>quantumque</span> <span class='ocrx_word' id='word_1_824' title='bbox 3249 5345 3367 5397; x_wconf 85' lang='lat' dir='ltr'>vita</span> <span class='ocrx_word' id='word_1_825' title='bbox 3398 5344 3533 5414; x_wconf 90' lang='lat' dir='ltr'>ejus</span> 
     </span>
    </p>
   </div>
   <div class='ocr_carea' id='block_1_114' title="bbox 1876 5433 3533 5505">
    <p class='ocr_par' dir='ltr' id='par_1_114' title="bbox 1876 5433 3533 5505">
     <span class='ocr_line' id='line_1_114' title="bbox 1876 5433 3533 5505; baseline -0.007 -8"><span class='ocrx_word' id='word_1_826' title='bbox 1876 5459 1981 5497; x_wconf 91' lang='lat' dir='ltr'>eos</span> <span class='ocrx_word' id='word_1_827' title='bbox 2016 5438 2415 5505; x_wconf 87' lang='lat' dir='ltr'>conlirmabat,</span> <span class='ocrx_word' id='word_1_828' title='bbox 2449 5439 2671 5489; x_wconf 89' lang='lat' dir='ltr'>tantum</span> <span class='ocrx_word' id='word_1_829' title='bbox 2702 5433 2973 5504; x_wconf 88' lang='lat' dir='ltr'>ejusdem</span> <span class='ocrx_word' id='word_1_830' title='bbox 3002 5434 3330 5487; x_wconf 89' lang='lat' dir='ltr'>absentiam</span> <span class='ocrx_word' id='word_1_831' title='bbox 3359 5449 3533 5487; x_wconf 84' lang='lat' dir='ltr'>reco-</span> 
     </span>
    </p>
   </div>
   <div class='ocr_carea' id='block_1_115' title="bbox 1877 5523 3532 5604">
    <p class='ocr_par' dir='ltr' id='par_1_115' title="bbox 1877 5523 3532 5604">
     <span class='ocr_line' id='line_1_115' title="bbox 1877 5523 3532 5604; baseline -0.007 -18"><span class='ocrx_word' id='word_1_832' title='bbox 1877 5532 2195 5604; x_wconf 87' lang='lat' dir='ltr'>gnosceret</span> <span class='ocrx_word' id='word_1_833' title='bbox 2219 5545 2233 5593; x_wconf 93' lang='lat'>;</span> <span class='ocrx_word' id='word_1_834' title='bbox 2276 5526 2431 5581; x_wconf 92' lang='lat' dir='ltr'>unde</span> <span class='ocrx_word' id='word_1_835' title='bbox 2463 5523 2807 5595; x_wconf 89' lang='lat' dir='ltr'>hujusmodi</span> <span class='ocrx_word' id='word_1_836' title='bbox 2848 5523 3159 5592; x_wconf 89' lang='lat' dir='ltr'>epistolam</span> <span class='ocrx_word' id='word_1_837' title='bbox 3187 5537 3292 5592; x_wconf 89' lang='lat' dir='ltr'>per</span> <span class='ocrx_word' id='word_1_838' title='bbox 3321 5537 3532 5576; x_wconf 89' lang='lat' dir='ltr'>manus</span> 
     </span>
    </p>
   </div>
   <div class='ocr_carea' id='block_1_116' title="bbox 1876 5611 3531 5692">
    <p class='ocr_par' dir='ltr' id='par_1_116' title="bbox 1876 5611 3531 5692">
     <span class='ocr_line' id='line_1_116' title="bbox 1876 5611 3531 5692; baseline -0.008 -16"><span class='ocrx_word' id='word_1_839' title='bbox 1876 5618 2264 5692; x_wconf 87' lang='lat' dir='ltr'>quorumdam</span> <span class='ocrx_word' id='word_1_840' title='bbox 2293 5616 2537 5670; x_wconf 88' lang='lat' dir='ltr'>fratrum</span> <span class='ocrx_word' id='word_1_841' title='bbox 2550 5614 2604 5668; x_wconf 91' lang='lat' dir='ltr'>ei</span> <span class='ocrx_word' id='word_1_842' title='bbox 2624 5612 3010 5682; x_wconf 79' lang='lat' dir='ltr'>direxit,quae</span> <span class='ocrx_word' id='word_1_843' title='bbox 3041 5627 3174 5667; x_wconf 92' lang='lat' dir='ltr'>eum</span> <span class='ocrx_word' id='word_1_844' title='bbox 3202 5611 3277 5664; x_wconf 92' lang='lat' dir='ltr'>ad</span> <span class='ocrx_word' id='word_1_845' title='bbox 3296 5624 3531 5664; x_wconf 87' lang='lat' dir='ltr'>monas-</span> 
     </span>
    </p>
   </div>
   <div class='ocr_carea' id='block_1_117' title="bbox 1879 5698 3533 5766">
    <p class='ocr_par' dir='ltr' id='par_1_117' title="bbox 1879 5698 3533 5766">
     <span class='ocr_line' id='line_1_117' title="bbox 1879 5698 3533 5766; baseline -0.01 0"><span class='ocrx_word' id='word_1_846' title='bbox 1879 5711 2088 5766; x_wconf 90' lang='lat' dir='ltr'>terium</span> <span class='ocrx_word' id='word_1_847' title='bbox 2111 5707 2358 5762; x_wconf 86' lang='lat' dir='ltr'>fratrum</span> <span class='ocrx_word' id='word_1_848' title='bbox 2380 5708 2729 5760; x_wconf 66' lang='lat' dir='ltr'>caeterorum</span> <span class='ocrx_word' id='word_1_849' title='bbox 2752 5701 3070 5755; x_wconf 88' lang='lat' dir='ltr'>revocavit.</span> <span class='ocrx_word' id='word_1_850' title='bbox 3089 5720 3115 5751; x_wconf 84' lang='lat'>«</span> <span class='ocrx_word' id='word_1_851' title='bbox 3135 5698 3533 5753; x_wconf 89' lang='lat' dir='ltr'>Dilectissimo</span> 
     </span>
    </p>
   </div>
   <div class='ocr_carea' id='block_1_118' title="bbox 1877 5784 3514 5869">
    <p class='ocr_par' dir='ltr' id='par_1_118' title="bbox 1877 5784 3514 5869">
     <span class='ocr_line' id='line_1_118' title="bbox 1877 5784 3514 5869; baseline -0.012 -11"><span class='ocrx_word' id='word_1_852' title='bbox 1877 5800 1998 5858; x_wconf 80' lang='lat' dir='ltr'>tilio</span> <span class='ocrx_word' id='word_1_853' title='bbox 2015 5796 2353 5869; x_wconf 81' lang='lat' dir='ltr'>Anastasio,</span> <span class='ocrx_word' id='word_1_854' title='bbox 2372 5794 2557 5853; x_wconf 85' lang='lat' dir='ltr'>frater</span> <span class='ocrx_word' id='word_1_855' title='bbox 2588 5793 2765 5867; x_wconf 85' lang='lat' dir='ltr'>Hugo</span> <span class='ocrx_word' id='word_1_856' title='bbox 2795 5793 3091 5864; x_wconf 88' lang='lat' dir='ltr'>peccator,</span> <span class='ocrx_word' id='word_1_857' title='bbox 3116 5787 3385 5857; x_wconf 86' lang='lat' dir='ltr'>salutem,</span> <span class='ocrx_word' id='word_1_858' title='bbox 3401 5788 3459 5843; x_wconf 88' lang='lat' dir='ltr'>et</span> <span class='ocrx_word' id='word_1_859' title='bbox 3477 5784 3514 5838; x_wconf 83' lang='lat' dir='ltr'>ir</span> 
     </span>
    </p>
   </div>
  </div>
