3978 6178
450 362 565 428 431
730 358 922 424 ΑΡΡ.
955 358 1072 420 AD
1094 355 1365 418 VITAM
1400 355 1464 416 S.
1495 351 1968 415 ANASTASII.
1993 385 2067 398 —
2092 349 2203 411 DE
2235 348 2573 412 INVENT.
2606 347 3034 448 CORPQRIS
3058 347 3121 408 S.
3142 345 3595 409 ANASTASII.
3739 349 3833 411 432

445 559 676 614 beatam
713 556 1242 624 resurrectionem,
1282 554 1605 626 gloriosam
1644 552 1966 607 electorum
2007 565 2111 605 so-
2140 532 2199 592 Α
2227 548 2381 619 bris,
2414 548 2692 620 migravit
2723 548 2793 603 ad
2824 548 3155 602 Dominum.
3203 547 3448 602 Sacrum
3475 562 3610 602 vero
3652 563 3834 617 corpus

448 648 740 703 cietatem.
792 645 993 715 Miror,
1028 643 1383 698 charissime
1429 642 1543 712 fili,
1574 641 1732 712 quod
1755 640 1879 711 jam
1911 639 2009 693 diu
2041 639 2114 693 de

445 736 621 791 vobis
650 735 796 789 nihil
828 732 1045 803 audivi,
1075 732 1412 802 nullamque
1442 731 1513 785 de
1544 733 1744 784 vestra
1774 729 1891 783 vita
1920 726 2117 799 cogni-

448 824 666 879 tionem
694 821 929 892 accepi:
954 821 1108 875 unde
1139 821 1351 874 mando
1382 823 1599 874 vestrm
1631 817 1928 871 dilectioni
1957 820 2039 883 ut,
2062 815 2116 870 si

447 912 670 967 bonum
726 911 961 965 videtur
1004 909 1196 977 vobis,
1246 907 1625 963 descendatis
1669 906 1741 960 ad
1784 905 2114 959 visitandos

448 1001 687 1071 fratres,
703 1004 783 1070 ut,
803 1000 955 1054 sicut
977 998 1118 1066 dixi,
1134 997 1550 1052 desiderabilis
1573 995 1895 1066 praesentia
1918 997 2114 1048 vestra

449 1091 797 1147 corroboret
826 1092 882 1142 et
910 1087 1255 1142 exhortetur
1287 1102 1389 1140 eos
1425 1086 1500 1154 (3)
1543 1127 1555 1139 .
1605 1127 1617 1139 .
1663 1127 1674 1139 .
1710 1085 1869 1137 Bene
1899 1084 2110 1152 valete,

448 1183 506 1235 et
534 1194 639 1250 pro
672 1177 953 1232 fratribus
976 1179 1160 1230 orate.
1190 1199 1210 1223 ιι
1236 1175 1341 1228 Vir
1370 1178 1564 1228 autem
1598 1173 1703 1227 Dei
1733 1171 2109 1240 Anastasius,

447 1271 685 1336 accepta
727 1265 974 1336 epistola
1014 1264 1168 1319 beati
1206 1263 1398 1316 Patris
1432 1264 1524 1316 sui
1555 1262 1818 1328 abbatis,
1864 1260 2112 1333 gavisus

449 1358 540 1411 est
560 1355 760 1422 valde;
785 1356 841 1407 et
863 1353 983 1408 Deo
1008 1354 1230 1424 gratias
1254 1351 1546 1405 referebat
1567 1350 1725 1422 quod
1747 1365 1882 1404 eum
1908 1349 2113 1420 digna-

448 1447 614 1499 retur
641 1443 714 1496 ad
744 1442 960 1496 fratres
989 1457 1135 1495 suos
1167 1455 1474 1494 revocare.

515 1567 570 1622 9.
613 1566 917 1637 Egressus
950 1566 1145 1635 itaque
1176 1578 1395 1633 eremo,
1416 1564 1683 1633 pervenit
1705 1577 1898 1632 usque
1927 1562 2001 1615 ad
2032 1562 2115 1616 lo-

446 1671 604 1726 cum,
629 1654 731 1726 qui
761 1653 997 1721 dicitur,
1029 1653 1119 1706 Ad
1150 1653 1367 1706 Verum
1398 1651 1628 1721 Corpus
1656 1651 1813 1705 beati
1840 1650 2117 1705 Antonini

447 1743 762 1814 martyris,
806 1742 905 1813 qui
954 1741 1067 1795 alio
1115 1741 1349 1795 nomine
1389 1743 1759 1809 nuncupatur
1801 1739 2113 1809 Fredelas,

447 1833 553 1887 ubi
573 1848 706 1885 eum
729 1832 1043 1901 rogaretur
1063 1846 1095 1883 a
1118 1830 1329 1900 populo
1349 1833 1410 1882 ut
1430 1845 1649 1898 corpus
1666 1828 1821 1882 beati
1839 1827 2115 1898 martyris

450 1920 512 1974 in
541 1922 736 1974 locum
764 1935 983 1973 novum
1006 1921 1411 1986 reponeret,et
1436 1918 1508 1970 ad
1539 1917 1876 1985 petitionem
1908 1932 2114 1970 eorum

453 2024 520 2063 se
542 2010 925 2078 praepararet,
941 2006 1174 2060 oblatus
1189 2008 1281 2060 est
1302 2007 1353 2060 ei
1373 2006 1666 2072 infirmus,
1684 2004 1918 2075 quijam
1937 2006 2115 2076 longo

450 2100 713 2166 tempore
735 2095 1059 2149 vexabatur
1089 2111 1120 2148 a
1152 2093 1459 2164 febribus;
1487 2094 1617 2163 ipse
1639 2109 1782 2148 vero
1817 2110 1949 2147 cum
1966 2109 2118 2164 aqua

451 2185 761 2240 benedicta
784 2199 957 2254 quam
986 2184 1459 2238 sanctiﬁcaverat
1489 2199 1623 2236 eum
1654 2183 2035 2252 aspersisset,
2064 2185 2122 2236 et

452 2274 691 2346 signum
722 2273 923 2326 crucis
955 2271 1132 2326 fronti
1158 2270 1294 2342 ejus
1325 2271 1637 2341 afﬁxisset,
1662 2271 1739 2325 ita
1772 2287 1958 2325 sanus
1987 2269 2121 2325 effe-

453 2365 584 2416 ctus
616 2363 708 2415 est
736 2375 805 2414 ac
836 2360 888 2413 si
920 2375 1220 2430 nunquam
1252 2359 1644 2414 inﬁrmitatem
1675 2359 1994 2414 sensisset.
2035 2360 2119 2414 De

452 2450 655 2505 eadem
678 2465 829 2520 aqua
850 2448 1157 2502 benedicta
1191 2463 1581 2519 quoscunque
1612 2448 1892 2519 aspersit,
1918 2464 1950 2501 a
1979 2463 2121 2518 qua—

454 2553 686 2608 cunque
714 2537 1051 2591 infirmitate
1085 2536 1499 2590 detinebantur
1529 2536 1763 2591 sanitati
1792 2537 2068 2591 restituit.

525 2662 612 2716 10,
638 2662 781 2716 Cum
802 2661 983 2732 igitur
1003 2661 1075 2715 de
1098 2660 1452 2731 egressione
1469 2660 1604 2731 ejus
1628 2662 1778 2714 fama
1797 2661 2119 2731 audiretur,

455 2749 649 2805 factus
681 2753 774 2804 est
808 2750 1066 2820 undique
1095 2764 1430 2803 concursus
1463 2748 1688 2818 populi,
1718 2750 1818 2820 qui
1848 2749 2125 2804 dolebant

456 2843 515 2894 et
541 2839 900 2910 plangebant
927 2854 993 2892 se
1022 2837 1281 2909 relinqui
1313 2854 1346 2891 a
1376 2841 1535 2893 tanto
1566 2839 1759 2907 Patre,
1784 2838 1843 2891 in
1874 2838 2120 2892 tribula-

455 2928 614 2982 tione
646 2927 1038 2995 consolatore,
1071 2925 1129 2978 in
1164 2926 1435 2980 adversis
1476 2929 1838 2996 protectore;
1870 2942 2123 2999 eumque

455 3015 735 3087 lacrymis
768 3018 824 3069 et
854 3014 1090 3069 ﬂetibus
1121 3014 1606 3085 deprecabantur,
1632 3030 1706 3070 ne
1735 3029 1841 3070 eos
1873 3016 2125 3069 derelin-

2229 636 2365 708 ejus
2395 635 2720 691 honorifice
2750 637 2810 689 in
2837 635 3086 690 basilica
3107 636 3267 691 Beati
3297 636 3528 690 Martini
3556 636 3745 690 ibidem
3764 641 3837 689 est

2227 724 2626 790 reconditum;
2664 725 2764 779 ubi
2814 724 2887 778 ad
2938 724 3265 778 sanctitatis
3297 723 3431 795 ejus
3460 723 3835 789 testimonium,

2227 813 2299 866 ad
2329 812 2588 867 tumbam
2621 813 2775 884 ejus,
2815 816 3093 883 operante
3128 812 3268 879 Deo,
3311 813 3660 866 creberrime
3696 812 3835 866 mira-

2228 902 2357 955 cula
2382 901 2562 955 multa
2598 902 2759 956 fiunt.
2804 901 2940 971 Sed,
2978 917 3051 956 ne
3081 901 3385 955 videamur
3414 901 3675 973 ingerere
3703 900 3835 954 fasti-

2227 990 2407 1057 dium,
2434 991 2485 1043 si
2516 1006 2622 1061 per
2653 991 2891 1060 singula
2920 990 3349 1058 discurramus,
3374 1005 3449 1043 ex
3477 989 3689 1057 ordine,
3714 1005 3838 1058 prae-

2227 1078 2523 1132 termissis
2557 1079 2775 1143 multis,
2804 1094 2990 1148 pauca
3024 1094 3304 1132 conemur
3334 1077 3642 1147 explicare.

2298 1165 2385 1221 11.
2410 1167 2594 1238 Virgo
2623 1168 2892 1237 quaedam
2921 1183 2955 1221 a
2984 1167 3176 1221 tribus
3209 1167 3580 1221 daemonibus
3599 1181 3841 1236 possessa

2224 1255 2554 1323 tenebatur,
2576 1256 2675 1326 qui
2705 1255 2763 1309 in
2792 1258 3014 1309 tantum
3046 1270 3174 1309 eam
3205 1255 3497 1309 vexabant
3530 1253 3673 1324 quod
3701 1255 3840 1308 etiam

2225 1348 2444 1397 mutam
2472 1344 2867 1398 reddiderant.
2895 1344 3075 1398 Ducta
3109 1348 3201 1398 est
3230 1359 3334 1413 per
3356 1343 3535 1398 multa
3557 1346 3844 1397 sanctorum

2226 1431 2377 1501 loca,
2409 1434 2474 1486 ut
2505 1434 2814 1487 sanitatem
2838 1436 3244 1503 recuperaret;
3269 1436 3326 1487 et
3341 1432 3627 1487 daemonia
3653 1431 3845 1485 tandem

2226 1537 2586 1591 responsum
2609 1522 2897 1576 dederunt
2922 1522 3077 1592 quod
3112 1524 3184 1576 ab
3216 1523 3477 1577 obsesso
3508 1535 3736 1590 corpore
3755 1536 3845 1573 non

2226 1610 2674 1680 egrederentur,
2699 1610 2815 1665 nisi
2834 1610 2907 1664 ad
2932 1625 3151 1681 corpus
3172 1611 3328 1665 beati
3344 1610 3640 1664 Anastasii
3655 1607 3845 1663 confes-

2228 1699 2387 1751 soris
2421 1698 2743 1769 supradicti
2776 1698 3227 1755 deducerentur.
3256 1699 3363 1763 Qui
3399 1714 3543 1770 ergo
3571 1713 3689 1752 eam
3707 1697 3848 1751 duce-

2228 1785 2369 1839 bant
2386 1786 2661 1841 dixcrunt
2682 1788 2831 1842 intra
2849 1804 2915 1843 se
2932 1787 3028 1843 ubi
3051 1788 3406 1855 invenirent,
3422 1790 3478 1841 et
3500 1786 3853 1857 requisicrunt

2146 1878 2197 1941 Β
2234 1875 2428 1929 locum
2478 1877 2536 1928 in
2568 1891 2684 1946 quo
2716 1877 2907 1930 sancti
2957 1892 3176 1946 corpus
3229 1877 3661 1947 requiesceret;
3698 1873 3851 1928 adhuc

2230 1964 2386 2018 enim
2417 1965 2847 2036 ignorabatnra
2870 1964 3142 2034 pluribus
3171 1964 3328 2035 quod
3360 1965 3435 2018 de
3466 1962 3674 2017 mundo
3702 1976 3853 2031 nuper

2231 2054 2570 2125 niigrasset.
2603 2053 2747 2107 Cum
2778 2068 2925 2125 ergo
2955 2053 3265 2107 audissent
3295 2053 3456 2125 quod
3486 2053 3557 2107 ad
3590 2051 3852 2107 basilicam

2228 2142 2384 2196 beati
2434 2142 2668 2195 Martini
2713 2141 2955 2196 Devotis
3005 2144 3170 2196 esset
3214 2141 3613 2210 reconditum,
3654 2140 3852 2211 ligatam

2231 2247 2365 2285 cum
2415 2229 2658 2284 funibus
2708 2230 2846 2284 illuc
2886 2230 3275 2285 deduxerunt.
3323 2229 3553 2295 Quibus
3596 2230 3664 2282 ad
3696 2228 3854 2282 locum

2230 2318 2840 2389 appopinquantihus,
2888 2319 3191 2374 daemones
3231 2318 3630 2373 vociferantes
3675 2318 3856 2371 clama-

2230 2408 2369 2462 bant
2395 2423 2407 2461 :
2438 2406 2559 2460 Cur
2586 2423 2698 2461 nos
2729 2407 3019 2477 incendis,
3054 2408 3376 2462 Anastasi‘?
3408 2423 3583 2462 cessa
3616 2405 3854 2471 cruciari,

2231 2499 2287 2550 et
2307 2496 2634 2567 exibimus;
2661 2511 2836 2550 cessa
2856 2495 3174 2567 ﬂagellare,
3197 2500 3253 2550 et
3275 2497 3346 2550 ab
3371 2497 3627 2552 obsesso
3650 2508 3854 2563 corpore

2231 2585 2602 2639 recedemus.
2621 2584 2734 2639 Per
2766 2585 2943 2639 multa
2968 2600 3216 2655 corpora
3248 2588 3593 2640 sanctorum
3622 2583 3761 2637 ducti
3781 2597 3857 2634 su-

2230 2689 2384 2741 mus,
2420 2675 2477 2727 et
2506 2689 2537 2726 a
2568 2674 2728 2727 nullo
2773 2674 2860 2727 sic
2901 2673 3173 2744 ﬂagellati
3208 2674 3611 2742 recessimus;
3643 2676 3697 2726 tu
3723 2669 3857 2724 solus

2230 2778 2343 2816 nos
2374 2762 2664 2831 incendis,
2684 2766 2746 2815 tu
2778 2762 2946 2816 solus
2971 2761 3279 2830 cruciaris,
3303 2766 3362 2815 tu
3389 2761 3560 2815 solus
3589 2774 3754 2815 noces
3780 2773 3857 2811 no-

2229 2851 2348 2905 bis.
2373 2851 2699 2905 Trahentes
2722 2866 2867 2921 ergo
2889 2866 3016 2904 eam
3054 2868 3185 2905 cum
3205 2852 3485 2905 manibus
3510 2852 3569 2905 in
3590 2848 3858 2904 ecclesiam

2235 2940 2611 3009 impulerunt,
2646 2943 2703 2994 et
2724 2939 2897 3010 juxta
2925 2940 3185 2993 tumbam
3212 2939 3363 2993 beati
3400 2938 3756 2994 confessoris
3781 2951 3859 2989 ex-

2231 3028 2564 3082 tenderunt.
2580 3027 2798 3082 Omnes
2817 3032 3010 3081 autem
3027 3028 3124 3099 qui
3145 3028 3392 3082 aderant
3410 3044 3572 3100 genu
3595 3029 3736 3081 tlexo
3756 3040 3860 3079 cum

456 3109 664 3175 queret
687 3120 837 3173 quos
859 3103 1063 3158 fovere
1086 3106 1496 3173 consueverat,
1523 3119 1673 3173 quos
1704 3103 1917 3173 pabulo
1940 3104 2107 3158 divin:

2234 3116 2510 3186 lacrymis
2545 3116 3014 3186 deprecabantur
3045 3120 3106 3170 ut
3136 3116 3295 3171 Deus
3324 3117 3673 3188 dignaretur
3691 3117 3861 3167 osten-

454 3193 625 3247 verbi
650 3192 982 3246 refocillare
1011 3208 1128 3246 non
1160 3192 1655 3263 neglexerat.Sed
1678 3193 1769 3246 vir
1794 3193 1920 3261 Dei,
1947 3191 2122 3263 cujus

456 3282 684 3336 laboris
714 3297 948 3335 merces
975 3281 1098 3351 jam
1130 3281 1411 3349 instabat,
1456 3287 1516 3335 ut
1565 3297 1669 3351 per
1699 3281 2121 3349 obedientiam,

460 3371 616 3424 sicut
646 3385 830 3440 supra
859 3370 1136 3435 diximus,
1172 3369 1306 3440 ejus
1350 3373 1725 3424 accresceret
1755 3385 1992 3437 corona,
2026 3384 2124 3423 re-

458 3459 693 3525 vocanti
715 3473 781 3511 se
803 3457 962 3511 Patri
994 3473 1104 3512 suo
1134 3458 1331 3511 abbati
1361 3457 1604 3512 obedire
1621 3457 1884 3526 volebat;
1906 3473 2015 3511 nec
2038 3459 2125 3511 in—

454 3546 704 3601 ﬁrmitas
738 3545 1012 3612 febrium,
1039 3561 1152 3615 qua
1186 3546 1445 3617 graviter
1471 3545 1858 3610 detinebatur,
1886 3562 2019 3600 eum
2050 3546 2124 3601 ab

452 3633 573 3688 hoc
586 3648 869 3687 revocare
888 3636 1130 3702 poterat.
1156 3633 1296 3687 Post
1315 3633 1729 3687 allocutionem
1742 3650 1887 3705 ergo
1910 3635 2124 3689 divinm

454 3720 873 3775 admonitionis
923 3726 979 3774 et
1022 3720 1448 3775 exhortationis
1495 3722 1815 3790 recedens,
1858 3723 2125 3791 pervenit

455 3824 650 3880 usque
679 3809 752 3863 ad
779 3810 994 3876 locum,
1015 3825 1191 3879 quem
1223 3810 1479 3864 Dcvotas
1510 3810 1825 3880 appellant,
1853 3812 1979 3880 ubi,
1999 3811 2120 3882 jam

457 3898 860 3953 invalescente
914 3899 1245 3953 inﬁrmitate
1294 3898 1586 3968 febrium,
1637 3900 1814 3969 coepit
1861 3902 2125 3971 graviter

459 3992 771 4059 mgrotare,
806 3987 866 4041 in
894 3990 1115 4042 tantum
1153 3991 1213 4041 ut
1246 3987 1357 4041 hoc
1387 3988 1592 4041 morbo
1626 3991 1825 4042 certus
1855 3992 2019 4043 esset
2050 3989 2121 4041 de

457 4076 728 4145 corporis
761 4075 856 4130 sui
884 4075 1265 4130 resolutione.
1288 4076 1456 4130 Unde
1475 4092 1607 4131 cum
1632 4077 1703 4130 ad
1734 4076 2122 4147 mitigandum

457 4164 748 4232 dolorem,
781 4163 1206 4235 aliquantulum
1253 4168 1564 4236 rogaretur
1609 4166 1924 4235 quiescere
1955 4170 2011 4219 et
2050 4165 2123 4217 ad

458 4253 937 4324 refrigerandum
968 4268 1034 4308 se
1064 4253 1360 4317 balneare,
1397 4255 1514 4308 sibi
1553 4254 1867 4325 abnegavit
1897 4255 2122 4307 uirum-

458 4358 594 4413 que,
620 4341 999 4412 subjungens
1026 4344 1199 4396 etiam
1231 4343 1386 4411 quia,
1417 4359 1489 4396 ex
1520 4359 1636 4412 quo
1669 4343 2124 4403 conversionem

2233 3206 2372 3260 dere
2394 3205 2725 3259 astantibus
2758 3205 3031 3260 virtutem
3066 3221 3192 3259 suae
3225 3206 3579 3274 clementia},
3605 3209 3655 3260 et
3677 3203 3740 3258 ad
3766 3206 3859 3256 tes-

2232 3293 2537 3349 timonium
2587 3294 2915 3348 sanctitatis
2975 3296 3069 3348 sui
3129 3294 3507 3349 confessoris
3561 3294 3864 3365 dignaretur

2234 3383 2392 3436 illam
2414 3383 2688 3437 liberare.
2706 3383 2816 3436 Vix
2840 3383 3164 3438 orationem
3196 3384 3657 3452 compleverant,
3680 3384 3731 3435 et
3749 3392 3861 3434 ecce

2234 3472 2537 3526 daemones
2587 3472 2659 3525 ab
2716 3471 2815 3525 illa
2860 3471 3055 3541 puetla
3106 3472 3414 3541 exierunt;
3457 3485 3711 3545 surgens
3751 3482 3865 3523 vero

2234 3563 2397 3614 recte
2427 3559 2799 3630 loquebatur,
2827 3564 2883 3615 et
2905 3550 3208 3614 liberatam
3240 3575 3308 3615 se
3337 3560 3589 3632 nihique
3609 3558 3737 3614 mali
3759 3572 3865 3627 per-

2231 3652 2348 3719 peti
2382 3649 2725 3703 testabatur.

2306 3735 2392 3791 12.
2436 3738 2650 3791 Mulier
2677 3738 2871 3807 etiam,
2904 3754 3039 3808 quae
3084 3741 3310 3808 septem
3342 3741 3520 3793 annis
3550 3739 3609 3793 in
3640 3736 3865 3793 caecitate

2234 3829 2672 3894 permanserat,
2717 3843 2850 3880 cum
2893 3826 3033 3880 illuc
3084 3826 3479 3882 deduceretur
3511 3834 3565 3882 et
3596 3831 3725 3898 post
3755 3840 3866 3895 per-

2234 3918 2399 3968 actas
2418 3915 2655 3985 vigilias
2674 3917 2867 3969 noctis
2886 3917 3069 3969 staret
3100 3918 3231 3970 ante
3260 3916 3525 3970 tumbam
3546 3914 3727 3971 sancti
3746 3912 3866 3967 Con-

2235 4001 2509 4071 fessoris,
2538 4019 2671 4056 cum
2692 4005 2751 4057 in
2776 4004 2905 4073 ipsa
2925 4004 3318 4058 celebratione
3342 4003 3728 4077 Evangelium
3744 4003 3870 4072 lege-

2238 4093 2425 4160 retur,
2477 4092 2673 4145 visum
2724 4092 2967 4162 recepit.
3010 4091 3256 4157 Quidam
3301 4109 3445 4147 vero
3498 4093 3742 4147 clericus
3790 4088 3869 4159 qui

2237 4179 2517 4248 plirenesi
2552 4180 2872 4248 laborabat,
2893 4181 2962 4234 ad
2986 4182 3253 4235 eumdem
3272 4181 3471 4235 locum
3495 4182 3773 4236 deductus
3800 4179 3871 4231 cst

2237 4268 2460 4322 catenis
2484 4270 2765 4322 astrictus
2791 4272 2844 4322 et
2862 4268 3127 4339 funibus,
3147 4271 3217 4323 ad
3241 4272 3706 4340 recuperandam
3735 4266 3870 4321 sani-

2238 4360 2430 4410 tatem.
2474 4358 2582 4410 Hic
2614 4359 2847 4427 quoties
2880 4360 3055 4412 motio
3087 4359 3322 4415 cerebri
3352 4359 3447 4412 sui
3479 4358 3801 4425 accidebat,
3830 4352 3870 4405 si

459 4431 845 4485 monasticam
878 4433 1148 4498 noverat,
1192 4431 1351 4484 nullo
1395 4431 1605 4485 balneo
1647 4447 1795 4484 usus
1829 4434 1979 4520 erat.
2015 4446 2123 4484 nec
2156 4448 2204 4506 ι)
2238 4462 2409 4516 quem
2441 4447 2705 4515 arripere
2735 4449 2984 4516 poterat,
3011 4447 3286 4501 dentibus
3317 4452 3372 4501 ει
3402 4448 3706 4520 unguibus
3726 4449 3872 4498 θαι-ο.

458 4521 636 4575 etiam
666 4520 736 4572 ad
771 4520 1079 4572 lavandum
1103 4520 1287 4587 pedes
1315 4523 1411 4574 aut
1434 4522 1605 4588 caput
1626 4535 1835 4588 aquam
1859 4519 2120 4573 dederat.

459 4608 565 4663 Sui
593 4608 775 4679 igitur
825 4608 998 4660 stadii
1049 4622 1231 4661 cursu
1275 4611 1700 4676 consummato,
1734 4610 2125 4676 percepturus

453 4695 706 4767 justitiaa
756 4711 1034 4749 coronam
1066 4696 1125 4747 in
1158 4697 1458 4749 consortio
1498 4699 1873 4764 sanctorum,
1922 4711 2126 4750 mona-

461 4784 632 4853 chus,
659 4784 921 4854 ercmita,
943 4787 1000 4839 et
1030 4783 1362 4853 confessor,
1388 4801 1507 4837 xvn
1540 4783 1834 4839 Kalendas
1867 4784 2126 4838 Novem-

2238 4535 2469 4604 ctabat;
2504 4535 2601 4604 qui
2645 4551 2777 4588 cum
2819 4537 3008 4588 tribus
3043 4536 3264 4606 vigiliis
3296 4541 3428 4590 ante
3458 4537 3716 4590 tumbam
3744 4529 3872 4587 beati

2237 4624 2610 4677 confessoris
2633 4624 2919 4695 degisset,
2952 4626 3260 4678 sanitatem
3292 4627 3541 4695 recepit,
3574 4631 3633 4679 et
3661 4625 3798 4677 liber
3815 4618 3872 4671 ab

2236 4713 2394 4767 omni
2422 4712 2703 4781 phrenesi
2725 4714 2998 4782 recessit,
3023 4729 3133 4768 nec
3153 4717 3361 4783 postea
3382 4712 3607 4784 aliquid
3639 4710 3872 4782 pristinae

2235 4801 2589 4857 inﬁrmitatis
2619 4801 2919 4857 sustinuit.

1203 5016 1719 5197 ΔΡΡΕΝΙΠΧ
1800 5018 1929 5198 All
2023 5019 2107 5197 Vl

2234 5019 2352 5196 lli
2447 5019 2534 5198 S.
2630 5018 3161 5198 ANASTASII

749 5324 929 5411 DE
1006 5323 1856 5417 INVENTIONE
1937 5325 2621 5417 CORPORIS
2697 5328 2803 5416 S.
2870 5324 3602 5418 ANASTASII

532 5521 623 5578 13.
643 5521 883 5593 Notum,
897 5524 1276 5581 manifestum
1290 5529 1347 5582 et
1364 5529 1785 5599 certissimum,
1802 5528 2129 5583 secundum

464 5612 812 5669 relationem
829 5613 943 5668 ﬁde
965 5614 1278 5685 dignorum
1302 5630 1618 5687 procerum
1638 5617 1751 5672 loci
1773 5616 1962 5672 sancti
1985 5616 2131 5671 Mar-

2239 5528 2343 5583 tini
2375 5529 2447 5584 de
2477 5527 2569 5584 Ias
2591 5528 2867 5600 Devotas,
2892 5530 2988 5584 est
3006 5528 3164 5601 quod
3186 5543 3404 5599 corpus
3434 5526 3625 5583 sancti
3656 5522 3876 5580 Anasta-

2240 5617 2335 5689 sii,
2370 5618 2527 5691 quod
2556 5617 2669 5674 fuit
2694 5618 2963 5692 ignotum
2992 5622 3050 5674 et
3076 5618 3353 5675 inscitum
3379 5617 3484 5674 ubi
3503 5616 3757 5690 jecebat,
3782 5607 3873 5665 fuit

535 5727 612 5806 (3)
642 5729 757 5787 Hic
787 5729 1002 5787 desunt
1028 5728 1252 5805 aliquot
1280 5731 1463 5789 verba
1493 5750 1626 5806 quae
1657 5733 1778 5808 legi
1807 5749 1922 5790 non
1963 5735 2298 5806 potuerunt.
