3978 6178
172 298 322 365 mV

770 293 837 355 S.
868 290 1322 357 ANASTASII
1357 291 1777 357 EPISTOLA
1806 294 1921 357 AD
1951 294 2430 361 GERALDUM
2463 297 2901 365 ABBATEM.

3424 304 3546 366 434

165 496 455 565 revelatum,
476 511 548 548 vn
569 494 860 550 Kalendas
884 493 1420 565 Julii,permodum
1439 493 1538 566 qui
1564 495 1766 566 sequi-
1796 479 1852 535 Α
1880 500 2113 551 nerunt.
2147 495 2219 550 Et
2248 498 2458 551 iterum
2489 513 2610 552 vox
2654 500 2725 553 de
2751 500 2899 555 cmlo
2931 469 3121 557 eidem
3150 503 3381 558 devotae
3409 518 3544 558 mu-

162 591 251 641 tur.
280 584 396 639 Fuit
437 584 695 655 quaedam
742 584 955 639 mulier
1000 583 1212 638 devota
1257 582 1396 637 dicti
1446 583 1581 653 loci,
1632 599 1766 653 quae

162 676 330 746 plures
350 673 571 744 vigilias
594 673 653 727 in
672 673 918 727 basilica
940 672 1136 726 Sancti
1162 672 1396 726 Martini
1420 671 1689 740 faciebat,
1710 675 1767 727 et

159 780 252 818 vox
269 763 332 817 de
358 763 497 817 cmlo
526 762 640 816 sibi
671 762 933 816 dicebat:
960 761 1023 815 In
1055 762 1186 815 loco
1220 761 1317 815 ubi
1349 776 1510 829 oras,
1544 776 1762 829 corpus

157 866 267 907 esse
294 852 463 905 sancti
483 851 781 905 Anastasii
804 851 985 917 scias,
1021 854 1079 904 et
1099 851 1281 921 jacet.
1316 848 1387 903 Et
1418 850 1531 904 hoc
1554 848 1761 917 semel,

154 939 371 995 secundo
398 943 452 994 et
470 939 638 994 tertio
663 939 781 993 sibi
805 938 1031 992 indixit.
1059 939 1378 1007 Propterea
1398 940 1526 1007 ipsa
1550 953 1766 992 secura

153 1029 207 1083 de
244 1028 603 1096 revelatione,
639 1027 848 1081 indixit
880 1027 1293 1081 sacerdotibus
1323 1031 1380 1081 et
1416 1026 1654 1081 clericis
1695 1042 1765 1080 ac

152 1115 437 1171 senioribus
465 1114 606 1171 dicti
633 1116 750 1170 loci
772 1116 892 1185 qui,
926 1132 1062 1169 cum
1091 1115 1404 1169 devotione
1436 1119 1493 1169 et
1524 1115 1762 1183 fiducia,

153 1206 304 1259 locum
322 1203 414 1259 ubi
432 1205 576 1259 dixit
615 1204 908 1275 profunde
937 1204 1251 1274 foderunt;
1298 1204 1408 1258 sed
1440 1219 1559 1259 non
1593 1204 1764 1258 inve-

793 1567 1908 1679 S.ANA$TASH

1442 1791 1573 1858 AD
1657 1789 2195 1859 GERALDUM
2278 1789 2600 1856 ABBAT
2610 1791 2773 1858 ΕΜ.

894 1791 1361 1860 EPISTOLA

1878 584 2010 638 lieri
2041 585 2191 638 dixit
2237 586 2394 657 quod
2441 586 2709 641 foderant
2756 588 3107 657 profundius
3151 592 3422 645 eumdem
3450 593 3543 648 lo-

1877 688 2031 741 cum,
2064 677 2121 728 et
2150 680 2419 729 sanctum
2451 691 2669 743 corpus
2716 677 3069 732 invenirent.
3113 678 3184 732 Et
3213 680 3292 733 ita
3323 679 3542 736 factum

1876 761 2003 830 fuit,
2039 765 2095 816 et
2126 762 2478 817 invenerunt
2499 767 2766 818 sanctum
2792 781 3045 836 corpus;
3078 766 3150 821 de
3172 767 3348 838 cujus
3379 785 3545 824 reve-

1872 850 2085 904 latione
2116 850 2175 905 in
2207 852 2549 921 supradicto
2569 852 2698 906 loco
2728 852 2837 907 fuit
2858 870 3072 927 magna
3093 855 3460 928 solemnitas,
3482 860 3540 913 et

1871 938 1934 991 ﬁt
1979 939 2258 1008 quotidie,
2294 940 2451 994 etde
2481 940 2925 996 circumvinicis
2960 943 3109 998 locis
3156 943 3232 998 ad
3278 946 3545 1001 eamdem

1872 1028 2301 1081 solemnitatem
2357 1028 2568 1082 devote
2614 1031 2988 1099 conveniunt,
3042 1032 3114 1085 ad
3168 1032 3452 1088 honorem
3488 1038 3546 1088 et

1873 1116 2148 1169 decorem
2180 1115 2453 1185 ejusdem
2485 1116 2855 1173 confessoris
2887 1123 2944 1173 et
2964 1121 3241 1175 monachi
3267 1122 3540 1193 magistri

1874 1204 2063 1257 sancti
2095 1204 2417 1275 Anastasii,
2452 1206 2629 1276 cujus
2661 1207 2854 1260 anima
2881 1208 3225 1277 paradisum
3246 1211 3538 1281 possidet.

2054 1566 2845 1676 MONACHI

915 1957 1017 2021 De
1043 1958 1315 2021 veritate
1342 1959 1641 2040 corporis
1682 1961 1745 2019 et
1773 1954 2122 2038 sanguinis
2161 1954 2417 2017 Christi
2446 1955 2738 2020 Domini.

426 2136 598 2208 (Opp.
635 2136 969 2192 Lanfranci
997 2136 1136 2192 edit.
1169 2136 1368 2191 domni
1397 2136 1578 2191 Luem
1606 2135 1937 2207 D'Acherii,
1968 2152 2107 2212 pag.
2140 2138 2230 2209 21,
2264 2138 2326 2193 in
2353 2140 2477 2195 not.
2509 2138 2582 2193 ad
2613 2137 2807 2194 Vitam
2836 2137 3206 2210 Lanfranci.)

195 2396 409 2452 Domino
436 2397 727 2454 (ἔδει.ωο
744 2398 943 2453 abbati
962 2398 1101 2452 olim
1122 2397 1261 2460 filio,
1288 2412 1467 2467 nunc,
1492 2396 1614 2452 Deo
1634 2412 1767 2467 pro-
1795 2376 1850 2438 Β
1882 2396 2102 2452 visibili
2127 2413 2260 2468 quas
2295 2396 2586 2466 videntur,
2611 2397 2901 2452 secretius
2931 2398 3144 2453 virtute
3180 2399 3378 2455 divina
3400 2417 3540 2458 care

141 2485 268 2554 pitio,
299 2488 619 2542 venerabili
650 2488 833 2557 Patri,
866 2487 1052 2542 frater
1082 2487 1475 2555 ANAB‘I‘ASIUS,
1508 2486 1762 2556 Domini,

143 2574 215 2643 qui
240 2578 338 2643 est,
368 2576 524 2646 quod
556 2577 761 2630 habet.

194 2663 261 2717 De
273 2679 505 2734 corpore
520 2668 580 2719 et
597 2665 895 2737 sanguine
916 2662 1182 2734 Dominij
1192 2664 1397 2719 ussisti
1408 2664 1767 2733 ,venerande

142 2748 295 2819 Pater,
332 2756 391 2807 ut
419 2753 714 2825 quidquid
745 2754 1010 2824 parvitas
1049 2768 1180 2807 mea
1220 2753 1416 2822 sentit,
1460 2754 1575 2807 imo
1608 2752 1767 2823 quod

145 2840 323 2911 credit,
371 2843 675 2897 sanctitati
708 2846 928 2896 vestrae
950 2841 1270 2912 patefaciat
1302 2857 1315 2897 :
1348 2841 1478 2896 haec
1507 2842 1768 2895 breviter

138 2943 217 2995 pro
234 2930 448 2985 modulo
470 2947 630 2999 meo,
658 2930 825 2985 salva
848 2930 983 2986 ﬁdei
1004 2931 1276 3000 puritate,
1294 2929 1765 3002 accipiat.Crcdo

138 3024 532 3074 sacrosanctum
582 3035 808 3089 corpus
857 3019 1227 3073 Dominicum
1272 3019 1430 3089 quod
1480 3019 1538 3072 in
1574 3017 1767 3072 ‘altari

135 3106 346 3173 quotidie
374 3124 447 3162 ex
494 3108 835 3163 sacerdotis
884 3106 1082 3162 ofticio
1132 3112 1554 3177 consecratur,
1609 3107 1763 3162 omni

139 3199 401 3251 exsecrata
415 3197 811 3265 dubitatione,
835 3210 1035 3250 veram
1061 3196 1194 3267 ejus
1213 3211 1452 3251 carnem
1475 3210 1615 3251 esse
1630 3211 1765 3268 quae

138 3296 275 3349 passa
302 3287 474 3340 estin
508 3301 737 3355 cruce;
791 3288 850 3339 et
877 3301 1083 3339 verum
1114 3285 1248 3356 ejus
1281 3285 1633 3356 sanguinem
1663 3287 1765 3356 qui

137 3374 343 3426 manavit
371 3389 441 3428 ex
471 3375 687 3442 latere,
721 3377 786 3429 ut
833 3374 1070 3429 Veritas
1113 3374 1245 3444 ipsa
1276 3377 1528 3428 testatur
1561 3390 1574 3429 :
1612 3373 1766 3429 Caro

136 3473 250 3529 mea,
268 3461 550 3533 inquiens,
585 3478 734 3519 vere
751 3468 844 3518 est
861 3463 1050 3533 cibus,
1081 3469 1140 3518 et
1160 3463 1409 3535 sanguis
1430 3477 1595 3517 meus
1621 3478 1765 3518 vere

139 3554 379 3619 estpotus.
395 3552 477 3606 Et
490 3553 596 3624 qui
606 3550 919 3607 manducet
935 3567 1176 3606 carnem
1186 3558 1462 3619 meam,et
1475 3551 1632 3605 bibit
1644 3566 1763 3606 me-

1880 2488 2282 2553 consecratur,
2316 2490 2607 2557 quatenus
2652 2485 2761 2539 hoc
2794 2485 2872 2539 sit
2902 2486 3149 2541 interius
3180 2489 3239 2542 in
3269 2489 3538 2561 veritate,

1877 2576 2035 2646 quod
2066 2575 2327 2628 creditur
2344 2574 2477 2628 ﬁdei
2496 2574 2730 2628 virtute.
2748 2573 2968 2644 Figura
2991 2578 3202 2644 autem,
3224 2576 3361 2631 dum
3382 2578 3539 2633 aliud

1875 2664 2228 2735 intelligitur
2257 2679 2433 2733 quam
2458 2663 2615 2733 quod
2642 2663 2777 2716 visu
2799 2664 3094 2733 corporali
3116 2667 3172 2718 et
3193 2668 3374 2736 gustu
3395 2682 3539 2721 sen-

1873 2754 2031 2808 titur.
2051 2752 2276 2822 Quippe
2303 2767 2435 2805 cum
2462 2754 2672 2823 Agnus
2696 2750 2801 2804 Dei
2829 2750 3105 2807 Christus
3139 2753 3241 2824 qui
3268 2753 3326 2807 in
3342 2755 3538 2810 Patris

1872 2841 2115 2896 dextera
2138 2841 2446 2911 gloriatur,
2472 2838 2827 2911 quiquejam
2850 2856 2968 2894 non
2989 2842 3258 2909 moritur,
3290 2845 3345 2896 et
3364 2857 3531 2897 mors

1872 2930 1954 2983 illi
1985 2929 2134 2984 ultra
2166 2945 2279 2983 non
2301 2929 2720 2997 dominabitur,
2741 2929 2815 2982 ob
2840 2944 2967 2982 sum
2989 2930 3290 2998 passionis
3310 2946 3537 2986 memo-

1870 3020 2016 3073 riam
2064 3019 2123 3072 in
2163 3017 2445 3088 mysterio
2485 3020 2662 3071 tantm
2711 3017 3131 3071 immolationis
3180 3018 3534 3073 immolatur.

1870 3107 2027 3178 Ergo
2059 3108 2193 3176 post
2224 3106 2363 3159 tanti
2382 3106 2643 3175 mystcrii
2663 3105 3193 3173 consecrationem,
3220 3106 3309 3158 sic
3330 3120 3536 3160 veram

1871 3194 2163 3250 Dominici
2193 3195 2462 3263 corporis
2486 3193 2922 3247 Eucharistiam
2947 3208 3038 3247 me
3061 3192 3240 3247 credo
3271 3208 3530 3265 sumere,

1871 3288 1935 3338 ut
1951 3287 2144 3338 tamen
2166 3283 2327 3337 nullo
2346 3282 2519 3336 modo
2542 3297 2756 3352 negem
2770 3282 2828 3334 in
2847 3281 3038 3352 ﬁgura
3059 3280 3153 3334 vel
3166 3284 3538 3338 sacramento

1862 3389 2031 3428 resse.
2058 3371 2334 3442 Alioquin
2350 3371 2403 3424 si
2424 3371 2653 3441 absque
2671 3372 3063 3439 sacramento,
3089 3369 3181 3423 vel
3205 3370 3414 3440 figura,
3429 3371 3538 3426 Dei

1871 3462 2107 3532 Agnum
2149 3460 2426 3515 dentibus
2462 3459 2661 3514 vorari
2691 3458 3024 3526 crederem,
3057 3458 3115 3511 in
3144 3473 3443 3530 magnum,
3476 3461 3541 3514 ut

1873 3551 1952 3604 ait
1971 3550 2147 3604 Pater
2163 3549 2563 3620 Augustinus,
2590 3547 2823 3601 facinus
2854 3548 3238 3602 incurrerem.
3260 3546 3439 3618 Atqui
3466 3563 3536 3603 eo

135 3652 203 3689 um
228 3621 570 3710 sanguinein,
603 3642 667 3695 in
682 3656 776 3696 me
804 3646 1002 3696 manet
1032 3647 1090 3695 et
1125 3656 1233 3711 ego
1268 3640 1330 3694 in
1372 3656 1442 3695 eo
1470 3640 1658 3709 (Joan.
1677 3657 1759 3709 vr,
1794 3621 1846 3684 Ο
1874 3639 2117 3693 uberius
2134 3639 2382 3692 veritate
2402 3637 2587 3705 fruor,
2622 3652 2739 3706 quo
2767 3635 3002 3705 plenius
3020 3635 3291 3707 ﬁguram,
3310 3636 3405 3689 vel
3434 3651 3537 3690 sa-

133 3722 212 3792 5'2;
236 3727 405 3784 Math.
430 3747 597 3799 xxvn,
638 3727 736 3794 26;
769 3730 959 3783 Marc.
987 3744 1108 3794 xxv,
1147 3728 1258 3798 22).
1298 3729 1386 3782 Ad
1429 3728 1760 3798 discipulos

140 3828 240 3869 cum
259 3833 453 3885 panem
475 3819 814 3888 porrigeret
838 3835 850 3873 :
873 3818 998 3872 Hoc
1015 3823 1107 3872 est
1130 3833 1343 3888 corpus
1379 3833 1588 3885 meum,
1614 3816 1765 3888 quod

130 3917 214 3969 pro
226 3905 376 3961 vobis
390 3907 815 3975 tradetudLuc
828 3907 1198 3975 xxn,l9).llis
1212 3904 1764 3977 igitur,ethujusce-

136 3992 259 4046 modi
294 3996 486 4051 verbis
511 3997 841 4051 Dominicis
862 3996 1035 4050 ﬁdem
1048 3997 1343 4065 praebens,
1365 3994 1522 4049 sicut
1537 3994 1761 4048 nullum

134 4093 312 4150 corpus
332 4084 484 4139 aliud
506 4101 620 4155 pro
634 4087 838 4139 nostra
855 4085 1044 4139 salute
1062 4084 1338 4138 traditum
1355 4086 1576 4152 printer
1586 4098 1760 4137 suum

132 4170 248 4236 scio,
269 4171 339 4225 ita
358 4178 439 4242 ut,
452 4172 747 4244 praefatus
766 4188 920 4243 sum,
937 4168 1157 4226 nullam
1180 4172 1313 4243 ejus
1332 4173 1506 4226 aliam
1523 4186 1760 4226 carnem

132 4270 271 4324 quam
293 4276 419 4330 quae
441 4265 578 4316 nata
600 4264 694 4314 est
719 4260 793 4315 de
824 4260 1009 4314 Maria
1043 4261 1308 4332 Virgine,
1342 4262 1401 4313 et
1431 4260 1762 4314 resurrexit

133 4342 187 4398 de
211 4348 484 4419 sepulcro,
508 4348 859 4403 manducari
872 4348 930 4403 in
946 4349 1366 4403 remissionem
1384 4350 1761 4418 peccatorum

132 4434 270 4489 credo
294 4452 305 4490 :
325 4452 515 4509 neque
533 4438 718 4492 alium
736 4438 1089 4509 sanguinem
1111 4437 1254 4505 bibi,
1278 4451 1457 4507 quam
1489 4437 1590 4506 qui
1612 4451 1759 4506 pro-

130 4517 261 4577 ﬂuxit
284 4524 351 4579 de
369 4526 505 4598 ejus
537 4528 722 4581 latere
744 4514 860 4581 non
881 4525 1106 4581 dubito.
1140 4525 1248 4591 Qui
1282 4540 1426 4580 vero
1456 4527 1762 4580 autumant

135 4607 248 4664 illud
265 4618 390 4683 post
423 4615 939 4670 consecrationem
967 4629 1181 4685 panem
1199 4628 1337 4668 esse
1357 4614 1754 4685 materialiter,

136 4700 181 4749 et
203 4713 400 4771 corpus
424 4704 659 4758 Domini
683 4703 1013 4775 figuraliter
1033 4704 1275 4773 tantum,
1308 4705 1365 4756 et
1387 4718 1504 4757 non
1525 4702 1756 4757 veraci-

136 4787 221 4854 ter,
251 4793 507 4847 carnales
530 4791 850 4846 carnaliter
876 4791 1200 4862 sapientes,
1228 4805 1344 4845 non
1379 4807 1586 4861 parum
1617 4806 1755 4846 con-

1875 3728 2235 3781 cramentum
2278 3726 2502 3794 inesse,
2550 3725 2880 3779 illustrante
2911 3728 3116 3778 sancto
3165 3723 3405 3795 Spiritu,
3440 3725 3534 3779 in-

1873 3820 2059 3870 tueor.
2080 3816 2451 3886 Haecitaque,
2466 3813 2810 3868 beatissime
2834 3814 3164 3884 Pater,quze
3183 3813 3335 3883 dico,
3360 3829 3535 3884 quam

1872 3904 2145 3973 pluribus
2177 3905 2518 3957 sanctorum
2536 3903 2778 3955 Patrum
2809 3902 2984 3955 dictis
3016 3901 3400 3956 devotissime
3430 3901 3536 3955 ful-

1875 3993 2075 4060 cirem,
2100 3992 2180 4061 ni,
2209 3990 2610 4061 fateor,hujus
2631 3990 2898 4060 epistolae
2920 3990 3311 4059 prolixitatem
3332 3990 3536 4045 formi-

1873 4080 2093 4135 darem.
2115 4080 2248 4133 Tria
2269 4078 2641 4134 solummodo
2664 4078 3016 4132 eximiorum
3034 4079 3342 4133 doctorum
3362 4080 3534 4134 testi-

1872 4169 2068 4223 monia
2088 4168 2377 4233 inseram;
2411 4168 2704 4238 quatenus
2727 4166 2900 4221 vobis
2920 4165 3284 4219 satisfaciam
3316 4182 3408 4222 me
3435 4166 3532 4222 vel

1872 4257 2086 4327 optime
2116 4255 2383 4324 credere,
2417 4255 2516 4330 vel.
2545 4255 2750 4309 solerti
2788 4253 3090 4325 vigilantia
3107 4256 3163 4307 et
3194 4255 3398 4323 sagaci
3425 4270 3534 4325 per

1871 4344 2188 4417 quisitione
2235 4344 2365 4398 haec
2413 4344 2765 4415 indagasse,
2800 4343 3085 4412 cautaque
3127 4341 3531 4413 intelligentiae

1871 4436 2037 4489 lance
2066 4447 2379 4504 pensasse.
2412 4431 2804 4486 Beatissimus
2833 4445 3086 4502 namque
3106 4428 3436 4502 Cyprianus
3458 4430 3532 4484 ad

1870 4523 2169 4594 populum,
2202 4522 2263 4575 in
2293 4536 2362 4576 eo
2395 4536 2572 4590 opere
2602 4518 2702 4574 ubi
2722 4519 2795 4574 de
2817 4519 2930 4575 hoc
2950 4518 3158 4590 sapido
3188 4518 3406 4591 gaudio
3434 4519 3529 4575 lo-

1868 4612 2069 4684 quitur
2103 4628 2114 4666 :
2148 4610 2273 4666 Hoc
2291 4610 2560 4681 accipite,
2586 4608 2793 4680 inquit,
2814 4608 2877 4662 in
2891 4623 3066 4680 pane,
3092 4606 3531 4680 quodpependit

1870 4700 1933 4755 in
1953 4700 2144 4772 ligno;
2178 4705 2237 4753 et
2265 4699 2375 4754 bac
2396 4698 2648 4770 accipite
2672 4697 2733 4751 in
2764 4696 2968 4763 calice,
2999 4696 3151 4769 quod
3168 4696 3432 4750 manavit
3454 4710 3535 4750 ex

1868 4788 2082 4844 latere.
2117 4788 2225 4843 Hm
2252 4787 2459 4842 eadem
2488 4786 2675 4842 verba
2717 4788 2775 4841 et
2800 4801 2981 4840 sensa
3011 4786 3294 4857 egregius
3325 4783 3533 4839 doctor

136 4874 201 4926 ira
220 4875 373 4933 ﬁdem
394 4880 790 4951 desipiunt,co
812 4881 968 4952 quod
982 4880 1173 4952 magis
1195 4880 1323 4934 suis
1342 4880 1753 4951 corporalibus
1782 4876 1838 4937 D
1870 4878 2243 4949 Augustinus
2260 4877 2319 4929 in
2335 4876 2712 4931 sermonibus
2725 4874 2797 4928 ad
2814 4873 3141 4943 neophytos
3164 4874 3396 4927 locutus
3414 4873 3527 4927 est.

139 4963 291 5019 oculis
310 4982 478 5038 quam
500 4969 767 5023 veritatis
789 4969 1262 5024 attestationibus
1292 4970 1559 5023 credunt.
1587 4968 1753 5034 Quod

141 5054 296 5108 autem
316 5058 479 5125 panis
496 5060 558 5112 et
577 5072 740 5127 caro,
767 5059 1220 5127 sacramentum,
1246 5058 1338 5112 vel
1360 5056 1573 5128 ﬁgura,
1597 5060 1755 5112 tanta

141 5146 461 5201 consecratio
491 5146 724 5214 dicitur,
744 5161 860 5200 non
893 5146 1086 5201 solum
1109 5160 1224 5200 non
1247 5146 1525 5216 reprobo,
1545 5161 1754 5200 verum

142 5226 278 5282 etiam
294 5232 418 5288 ﬁdei
445 5236 671 5289 ratione
691 5235 1003 5306 colligens,
1039 5234 1327 5289 catholica
1348 5234 1671 5303 amplector
1698 5238 1755 5289 et

143 5320 378 5386 approbo.
405 5323 624 5378 Panem
664 5338 913 5395 namque
945 5323 1270 5378 orthodoxe
1307 5324 1421 5378 dici
1450 5338 1623 5378 nemo
1654 5323 1753 5393 qui

144 5406 291 5468 probe
317 5412 463 5482 sapit
492 5412 735 5481 dubitat,
768 5427 903 5466 cum
932 5412 1138 5467 eadem
1161 5412 1393 5467 Veritas
1415 5412 1571 5466 dicat
1595 5411 1756 5483 :Ego

146 5506 242 5547 sum
266 5500 425 5567 panis
476 5502 663 5572 vivus,
698 5501 796 5573 qui
824 5501 898 5556 de
929 5500 1074 5556 caelo
1121 5501 1426 5558 descendi.
1466 5500 1539 5555 Et
1578 5501 1756 5572 panis

148 5594 278 5647 quem
295 5603 394 5658 ego
410 5589 799 5659 dedero,caro
808 5606 937 5646 mea
961 5595 1053 5646 est
1063 5606 1178 5662 pro
1196 5590 1401 5645 mundi
1427 5590 1545 5644 vita
1562 5589 1751 5661 (Joan.

145 5680 207 5737 Vl,
230 5671 325 5742 51).
353 5678 791 5737 Sacramentum
809 5694 976 5750 vero,
1010 5681 1147 5754 quia
1177 5679 1291 5736 sub
1324 5694 1524 5738 carum
1555 5678 1754 5754 specie

1867 4964 2119 5022 Sanctus
2152 4981 2292 5021 vero
2312 4964 2666 5020 Ambrosius
2687 4964 2744 5016 in
2762 4978 2831 5017 eo
2852 4962 3002 5017 libro
3021 4976 3195 5033 quem
3226 4961 3296 5015 de
3308 4961 3528 5017 Sacra-

1866 5054 2082 5110 mentis
2113 5053 2312 5123 edidit,
2344 5054 2427 5107 ait
2451 5068 2464 5108 :
2494 5053 2638 5118 Quia
2668 5051 2796 5123 ipsa
2815 5055 2907 5106 est
2929 5066 3069 5105 caro
3092 5049 3326 5105 Christi
3342 5050 3404 5104 in
3425 5066 3527 5106 sa-

1865 5148 2188 5213 cramento,
2218 5147 2281 5198 et
2304 5157 2568 5214 sangms,
2585 5157 2710 5213 quae
2735 5140 2796 5193 in
2819 5154 2996 5194 cruce
3023 5139 3324 5211 pependit,
3349 5146 3409 5195 et
3427 5138 3531 5195 ﬂu-

1864 5233 1955 5286 xit
1977 5248 2009 5286 e
2032 5231 2241 5298 latere,
2262 5236 2323 5285 et
2345 5247 2469 5303 quae
2490 5246 2568 5285 ex
2598 5228 2842 5301 Virgine
2854 5227 3050 5282 Maria
3069 5234 3316 5300 sumpta,
3333 5233 3391 5284 et
3412 5243 3526 5285 non

1865 5320 2001 5389 alia,
2034 5319 2240 5390 inquit,
2272 5319 2381 5373 sed
2417 5320 2566 5390 ipsa.
2600 5316 2774 5385 Ecce,
2827 5316 2999 5371 Pater
3035 5315 3304 5388 Geralde,
3337 5317 3527 5373 habes

1864 5407 2253 5464 veracissima
2289 5405 2814 5461 veracissimorum
2852 5405 3207 5462 testimonia.
3241 5406 3303 5461 Si
3331 5409 3527 5462 autem

1864 5503 1921 5553 te
1949 5497 2106 5553 scire
2155 5497 2406 5551 delectat
2454 5495 2748 5566 quomodo
2793 5495 2892 5549 alii
2932 5496 3142 5549 Patres
3176 5496 3364 5551 nostri
3394 5496 3526 5551 haec

1865 5588 2069 5642 eadem
2116 5585 2440 5641 sentientes
2473 5584 2871 5652 concordent;
2908 5601 3108 5657 quaere
3139 5601 3273 5657 quae
3311 5583 3524 5640 beatus

1868 5675 2128 5733 Hilarius
2158 5675 2217 5730 in
2250 5676 2457 5731 octavo
2486 5673 2639 5729 libro
2669 5673 2743 5728 de
2774 5673 3075 5732 Trimitate
3105 5673 3473 5730 commendat
3506 5685 3520 5723 :
