4008 6172
438 270 557 332 435

438 486 572 541 quas
585 486 654 525 os
668 486 912 525 aureum
932 486 1080 541 papa
1108 470 1436 541 Gregorius
1460 471 1517 523 in
1548 470 1928 540 Dialogorum
1947 469 2098 524 libro

439 562 647 630 quarto
679 560 1015 629 conﬁrmat;
1054 576 1186 629 qua:
1223 559 1640 612 sanctissimus
1672 558 1925 628 Cyrillus
1958 573 2100 611 cen-

437 652 560 702 tum
592 649 1017 718 quinquaginta
1047 649 1147 717 qui
1195 648 1253 700 in
1285 647 1520 716 Epheso
1570 650 1707 703 sunt
1753 648 2101 718 congregati

438 737 719 806 praedicat
753 754 763 790 :
798 752 929 805 quae
961 752 1212 806 magnus
1245 736 1363 789 Leo
1397 751 1543 805 papa
1574 737 1634 789 in
1666 750 1942 788 sermone
1974 750 2103 804 sep-

437 825 564 877 timi
595 825 819 879 mensis
848 825 1105 893 disputat
1132 843 1144 889 ;
1192 840 1323 894 quae
1370 825 1585 878 divinae
1626 824 1778 893 legis
1810 824 2101 893 interpres

440 914 836 983 Hieronymus
866 914 923 965 in
943 915 1310 981 expositione
1346 912 1532 965 Exodi
1566 913 1902 981 pronuntiat
1927 928 1941 979 ;
1966 928 2100 981 quae

438 1003 798 1055 venerabilis
845 1002 1003 1054 Beda
1060 1002 1116 1053 in
1164 1017 1440 1054 sermone
1491 1016 1601 1054 suo
1637 1001 1911 1065 ventilat;
1965 1017 2099 1071 quae

438 1092 802 1144 Paschasius
845 1090 936 1142 vir
984 1090 1310 1143 catholicus
1361 1090 1432 1143 de
1483 1090 1689 1143 eodem
1722 1093 2097 1142 sacramento

432 1180 732 1248 clariﬁcat,
769 1194 902 1249 qum
942 1179 999 1230 in
1030 1178 1180 1232 libro
1217 1179 1288 1231 de
1322 1178 1538 1232 Verbis
1577 1177 1837 1245 Domini,
1875 1194 2008 1247 quae
2038 1177 2098 1230 in

426 1268 794 1337 expositione
824 1268 1069 1320 Joannis
1093 1267 1477 1337 evangelistae
1497 1281 1772 1319 sermone
1795 1266 2095 1335 vigesimo

428 1360 616 1425 sexto,
652 1372 784 1426 qum
815 1357 873 1408 in
906 1356 1109 1409 Natale
1141 1356 1541 1421 Innocentum,
1574 1371 1706 1424 quas
1730 1355 1788 1407 in
1821 1356 1996 1422 epist,
2026 1354 2093 1407 ad

432 1444 801 1499 Bonifacium
817 1445 1186 1513 episcopum,
1219 1445 1431 1513 qumin
1462 1444 1611 1496 libro
1634 1447 1840 1513 quarto
1875 1444 1945 1495 de
1968 1442 2099 1496 doc-

427 1534 580 1586 trina
611 1533 966 1601 Christiana,
1000 1536 1055 1585 et
1103 1548 1234 1602 quae
1267 1532 1325 1584 in
1354 1531 1651 1601 trigesimi
1700 1530 1853 1584 tertii
1884 1530 2097 1599 psalmi

426 1623 591 1677 titulo
622 1622 942 1691 praedictus
969 1622 1147 1675 Pater
1170 1620 1541 1691 Allgl‘."‘if‘.".3
1567 1619 1956 1673 examinando
1980 1618 2099 1672 dis-

1395 270 1459 331 S.
1500 268 1956 335 ANSELMUS
1990 269 2401 334 LUCENSIS
2433 269 2921 336 EPISCOPUS.

3732 281 3830 344 436

2125 453 2182 513 Α
2208 472 2388 537 putat,
2424 469 2896 541 disputandoque
2918 471 3209 527 examinat
3243 489 3253 527 :
3278 473 3341 528 si
3359 474 3667 546 diligenter
3692 491 3833 547 qum-

2208 558 2407 625 sieris,
2451 558 2722 613 invenies
2752 560 2960 629 procul
2993 561 3192 628 dubio,
3226 565 3288 616 ut
3317 562 3457 631 dixi,
3490 579 3689 618 omnes
3719 581 3835 619 con-

2208 646 2471 711 cordare,
2509 651 2564 701 et
2594 648 2932 703 nullatenus
2965 649 3331 704 discordare.
3370 652 3600 706 Revera
3628 653 3751 723 quia
3775 655 3836 710 ab

2206 735 2474 788 ubertate
2519 734 2732 790 domus
2765 737 2997 791 Domini
3047 738 3446 809 inebriantur,
3480 740 3624 793 nihil
3653 740 3840 796 mirum

2206 823 2257 876 si
2290 824 2493 877 eadem
2538 826 2741 878 sancte
2788 828 2845 879 et
2890 843 3036 895 pure
3081 827 3299 881 mellito
3332 831 3567 898 gutture
3597 834 3839 885 eructare

2206 912 2556 981 gloriantur.
2593 911 2885 968 Caaterum
2917 930 3099 984 super
3124 914 3242 984 his,
3276 932 3409 986 quae
3439 921 3515 985 te,
3554 916 3737 986 Pater,
3757 919 3842 988 ju-

2203 1000 2377 1054 bente
2411 1017 2517 1070 pro
2550 1017 2677 1055 mea
2710 1002 3225 1073 quantulacunque
3249 1003 3604 1073 facultatula,
3630 1011 3841 1075 pectore

2204 1089 2377 1158 pleno
2410 1088 2661 1159 ﬁduciae,
2687 1090 2827 1158 dixi,
2854 1091 3175 1145 humilliter
3191 1092 3443 1146 obsecro
3463 1108 3584 1147 non
3603 1095 3841 1166 mireris,

2204 1178 2254 1230 si
2288 1179 2529 1248 garrula
2569 1178 3075 1234 Aristotelicorum
3123 1181 3217 1235 vel
3247 1179 3723 1251 Cripsippeorum
3753 1200 3840 1236 ar-

2204 1269 2480 1337 gumenta
2526 1268 2828 1336 trutinare,
2877 1268 2968 1322 vel
3035 1284 3107 1323 ex
3137 1268 3375 1323 ﬂumine
3425 1269 3705 1325 Tullianae
3732 1272 3842 1326 elo-

2202 1355 2459 1425 quentia:
2491 1355 2747 1409 rivulum
2780 1356 3021 1425 ducere,
3052 1372 3170 1410 non
3203 1357 3522 1427 perpendis
3556 1374 3569 1412 :
3604 1358 3708 1413 sed
3735 1375 3843 1415 me-

2203 1445 2396 1497 mento
2428 1443 2564 1513 quia
2597 1444 2944 1513 simpliciter
2973 1444 3202 1499 fructus
3232 1446 3530 1516 carpimus
3561 1447 3620 1499 in
3652 1447 3843 1502 divinas

2203 1530 2436 1601 paginae
2468 1531 2721 1601 hortulo,
2749 1547 2999 1603 quorum
3029 1532 3261 1589 radices
3285 1534 3545 1605 gloriose
3564 1535 3698 1589 ﬁxm
3726 1538 3847 1590 sunt

2203 1620 2261 1672 in
2295 1619 2463 1673 coelo.
2498 1619 2659 1673 Vale.

1744 2032 1919 2076 ANNO
1961 2031 2192 2076 DOMINI
2220 2028 2520 2075 MLXXXV.

851 2204 1970 2382 SANCTUS
2108 2138 3424 2385 ANSELMUS

1685 2513 2095 2577 LUCENSIS

2136 2514 2628 2581 EPISCOPUS.

1246 2756 1626 2867 NOTITIA
1680 2792 2192 2861 HISTORICA
2237 2794 2358 2863 ET
2407 2795 3015 2871 LITTERARIA.

1336 2961 1625 3041 (Oudin.,
1667 2959 1998 3022 Comment
2027 2957 2109 3019 de
2138 2955 2390 3041 Script.
2423 2961 2646 3028 eccles.
2680 2962 2762 3043 II,
2798 2963 2966 3045 740.)

489 3183 550 3237 S.
583 3180 903 3235 Anselmus
928 3178 1219 3232 Lucensis
1251 3176 1591 3245 episcopus,
1616 3173 1806 3242 patria
1825 3171 2088 3224 Mantua-

420 3273 633 3341 nus,de
647 3287 762 3342 quo
774 3284 948 3339 parce
969 3266 1281 3321 admodum
1294 3263 1641 3318 Guillelmus
1660 3261 1857 3315 Cavus
1872 3259 1926 3312 in
1949 3258 2093 3311 His-

421 3363 573 3416 toria
611 3360 980 3431 Scriptorum
1013 3354 1569 3416 ecclesiasticarum,
1587 3352 1659 3404 ad
1694 3365 1911 3403 annum
1941 3348 2099 3407 1071,

426 3466 564 3521 pag.
588 3447 713 3503 617.
731 3448 839 3500 Hic
853 3447 926 3500 ab
947 3444 1278 3499 Alexandro
1293 3457 1440 3511 papa
1453 3440 1736 3505 secundo,
1763 3454 1916 3491 anno
1940 3436 2098 3504 1078,

422 3536 719 3592 Lucensis
760 3535 819 3587 in
856 3534 1072 3587 Tuscia
1094 3534 1412 3601 episcopus
1449 3530 1661 3597 factus,
1695 3533 1751 3581 et
1767 3527 1839 3580 ad
1885 3526 2101 3580 Henri-

423 3642 556 3680 cum
570 3640 776 3695 regem
791 3624 862 3677 ad
876 3622 1378 3676 conﬁrmationem
1390 3618 1816 3688 impetrandam
1850 3614 2097 3673 missus;

433 3732 465 3768 a
486 3729 601 3785 quo
623 3712 1028 3765 investituram
1045 3726 1154 3779 per
1168 3710 1446 3762 annulum
1466 3710 1521 3761 et
1537 3706 1811 3761 baculum
1835 3707 2101 3775 pastora-

425 3804 542 3858 lem
567 3802 812 3872 accepit.
831 3801 965 3853 Mox
988 3814 1128 3852 vero
1158 3798 1295 3851 facti
1317 3797 1654 3866 pmnitentia
1676 3796 1889 3849 ductus
1910 3794 2098 3847 bacu-

422 3893 547 3947 lum
564 3888 1219 3960 deposuit,et,abdicato
1239 3884 1684 3956 episcopatu,ad
1702 3884 2097 3939 Cluniacense

432 3980 857 4035 monasterium
876 3977 1150 4044 secessit,
1175 3976 1362 4029 donec
1383 3991 1415 4027 a
1439 3974 1730 4045 Gregorio
1762 3973 1866 4025 VII
1896 3974 1967 4027 ad
1992 3972 2097 4026 Ec-

428 4070 631 4125 clesiae
668 4069 936 4139 regimen
985 4069 1320 4133 revocatus,
1371 4079 1523 4117 anno
1573 4061 1713 4117 1073
1756 4061 2092 4131 episcopale

425 4174 644 4213 munus
669 4156 919 4226 repetiit.
963 4156 1134 4209 Anno
1156 4154 1294 4210 1077
1327 4170 1356 4206 a
1387 4152 1673 4223 Gregorio
1705 4153 1776 4205 ad
1808 4151 2089 4205 Mediola-

425 4262 648 4302 nenses
677 4262 793 4300 una
823 4260 956 4299 cum
977 4244 1229 4299 Geraldo
1260 4243 1541 4313 episcopo
1572 4242 1831 4297 Ostiensi
1855 4241 2088 4311 legatus

426 4338 538 4403 est,
574 4338 637 4389 ut
664 4350 769 4389 eos
794 4334 1081 4388 Ecclesiae
1106 4333 1386 4387 Romanae
1419 4332 1629 4385 uniret.
1668 4334 1836 4384 Anno
1856 4329 1995 4384 1084
2015 4329 2088 4383 ab

422 4422 630 4480 cedem
646 4421 1141 4494 Gregorio,cujus
1164 4424 1365 4491 partes
1398 4424 1597 4475 contra
1615 4420 1932 4474 Henricum
1948 4420 2085 4489 imp.

424 4529 659 4568 summo
681 4512 857 4565 animi
875 4511 1074 4565 studio
1098 4511 1568 4580 sempertutatus
1591 4513 1702 4577 est,
1717 4510 1887 4563 vices
1908 4507 2089 4579 legati

422 4620 531 4675 per
562 4602 783 4656 Italiam
831 4600 1074 4669 accepit,
1118 4603 1180 4653 ut
1210 4615 1416 4654 omnes
1446 4600 1519 4652 ab
1559 4598 1911 4667 imperatore
1940 4595 2088 4650 deﬁ-

427 4693 653 4745 cientes
687 4691 745 4744 in
788 4688 1077 4743 Ecclesiae
1108 4689 1398 4759 gremium
1429 4688 1738 4757 reciperet.
1783 4687 1864 4740 Ita
1894 4685 2089 4740 Cavus

424 4781 556 4835 loco
588 4781 783 4834 citato.
805 4778 909 4831 Vir
940 4778 1247 4833 sanctitate
1270 4776 1602 4831 etdoctrina
1626 4777 1823 4831 clarus
1839 4776 2086 4845 scilicet,

424 4870 721 4925 maximus
750 4866 1022 4939 Gregorii
1055 4867 1154 4920 VII
1191 4867 1406 4920 summi
1441 4865 1738 4936 pontificis
1773 4866 1984 4933 fautor,
2016 4864 2088 4919 de

427 4974 543 5028 quo
554 4957 951 5013 Bellarminus
974 4960 1029 5010 et
1047 4955 1324 5009 Labbeus
1340 4955 1399 5008 in
1413 4955 1565 5009 libro
1584 4954 1672 5009 De
1688 4953 2089 5025 scriptoribus

426 5046 877 5111 ecclesiasticis;
893 5046 1109 5116 quibus
1123 5044 1272 5098 addo
1290 5044 1347 5097 in
1362 5043 1560 5098 multis
1574 5043 1880 5098 codicibus
1892 5059 2087 5097 manu-

426 5134 667 5203 scriptis
699 5134 996 5205 insignem
1018 5133 1241 5188 ascribi
1260 5131 1342 5185 illi
1365 5132 1783 5187 Collectionem
1804 5147 2085 5187 canonum

440 5222 1015 5291 ecclesiasticarum,
1050 5238 1225 5292 quam
1274 5221 1461 5276 habes
1507 5222 1971 5290 manuscriptam
2026 5222 2086 5275 in

419 5311 777 5365 bibliotheca
799 5311 993 5365 Sancti
1032 5311 1305 5365 Germani
1337 5310 1722 5378 Parisiensis,
1753 5311 1923 5364 codd.
1956 5310 2081 5379 765,

421 5400 547 5468 766,
585 5399 645 5453 in
698 5399 881 5469 Regia
925 5399 1145 5452 Gallica
1194 5404 1250 5453 et
1291 5401 1348 5452 in
1392 5400 1714 5453 Barberina
1764 5395 1988 5466 Romae,
2023 5402 2086 5454 ut

424 5488 603 5542 tradit
623 5487 956 5556 Stephanus
984 5487 1253 5542 Baluzius
1291 5490 1348 5541 in
1371 5487 1658 5557 opusculo
1692 5487 1778 5540 De
1807 5488 2085 5541 emenda-

428 5579 587 5632 tione
622 5575 912 5640 Gratiani,
940 5576 1094 5629 edito
1118 5576 1366 5630 Parisiis
1390 5578 1447 5629 in
1470 5577 1545 5642 8°,
1578 5591 1729 5628 anno
1754 5574 1908 5643 1672,
1934 5576 2087 5644 apud

425 5667 811 5722 Franciscum
851 5665 1110 5739 Muguet.
1152 5666 1219 5720 Et
1255 5666 1367 5719 hoc
1396 5667 1511 5719 tam
1552 5667 1610 5718 in
1641 5664 1981 5734 praefatione
2014 5667 2085 5719 ad

423 5759 706 5815 lectorem
744 5772 914 5829 num,
957 5753 1022 5809 19
1063 5771 1239 5827 quam
1277 5756 1453 5811 etiam
1482 5756 1540 5810 in
1585 5755 1741 5811 notis
1772 5769 1907 5826 pag.
1955 5754 2079 5825 641,

2120 3147 2173 3210 Β
2203 3186 2352 3240 quas
2382 3172 3146 3251 legito.Promiserathujus
3158 3177 3537 3235 Collectionis
3550 3181 3865 3236 editionem

2206 3260 2265 3313 in
2278 3260 2599 3334 Spicilegio
2618 3279 2729 3321 suo
2743 3266 2936 3321 domin
2946 3284 3016 3322 us
3037 3268 3098 3323 S.
3123 3268 3317 3324 Lucas
3330 3270 3869 3342 Dacherius,quam

2207 3365 2323 3405 non
2355 3352 2646 3423 praestitit,
2671 3355 2943 3425 opinatus
2966 3357 3169 3412 forsan
3188 3374 3318 3414 eam
3340 3375 3457 3413 non
3477 3360 3781 3429 pertinere
3801 3357 3869 3411 ad

2206 3439 2553 3496 Anselmum
2575 3443 2927 3500 Lucensem.
2954 3446 3082 3502 Hoc
3096 3451 3289 3502 autem
3306 3464 3477 3518 opus,
3497 3448 3573 3503 ob
3606 3448 3868 3503 rationes

2207 3544 2239 3581 a
2272 3529 2505 3586 Baluzio
2546 3534 2772 3603 allatas,
2807 3534 2946 3588 olim
2972 3535 3116 3589 mihi
3145 3536 3454 3591 videbatur
3481 3552 3626 3591 esse
3656 3535 3869 3591 Hilde-

2208 3618 2371 3671 berti
2396 3619 2859 3677 Cenomanensis
2880 3625 3156 3694 episcOpi,
3184 3624 3359 3695 cujus
3380 3626 3759 3695 temporibus
3779 3640 3871 3693 op-

2207 3707 2343 3761 time
2377 3711 2677 3780 convenit,
2727 3712 2827 3782 qui
2857 3715 3120 3767 tentasse
3150 3713 3370 3784 aliquid
3402 3714 3596 3768 simile
3630 3715 3869 3785 legitur,

2206 3800 2261 3850 et
2291 3799 2389 3867 qui
2411 3799 2482 3852 ad
2507 3799 2727 3853 calcem
2750 3801 2948 3871 operis
2970 3803 3064 3856 sui
3084 3803 3268 3872 potuit
3281 3802 3581 3873 adjecisse
3608 3804 3871 3859 Decreta

2204 3884 2395 3957 aliqua
2426 3886 2757 3942 Innocentii
2786 3890 3050 3959 secundi,
3085 3907 3217 3962 quas
3247 3891 3307 3945 in
3328 3892 3635 3963 aliquibus
3661 3906 3876 3946 manu-

2203 3975 2446 4045 scriptis
2475 3975 2548 4029 ad
2579 3976 2800 4031 calcem
2845 3978 3025 4049 hujus
3054 3978 3431 4035 Collectionis
3460 3981 3871 4035 invenientur.

2201 4062 2419 4117 Verum
2441 4106 2454 4127 ,
2488 4067 2834 4135 argumento
2866 4066 3076 4121 melius
3115 4082 3395 4138 expenso,
3442 4067 3878 4124 Collectionem

2199 4150 2349 4205 hanc
2362 4152 2735 4221 postmodum
2753 4154 3035 4210 Anselmo
3050 4156 3308 4211 Lucensi
3322 4157 3608 4227 episcopo
3629 4158 3877 4228 dignam

2196 4254 2653 4310 germanamque
2690 4241 2960 4311 opinatus
2989 4258 3160 4309 sum;
3193 4247 3315 4298 tum
3363 4245 3497 4316 quia
3557 4246 3685 4301 hoc
3727 4261 3882 4316 opus

2193 4329 2497 4396 Anselmo,
2539 4329 2795 4384 maximo
2824 4330 3096 4402 Gregorii
3143 4332 3244 4386 VII
3282 4332 3607 4403 defensori,
3647 4348 3881 4389 conve-

2195 4415 2413 4484 niebat,
2445 4420 2566 4471 tum
2588 4418 2725 4487 quia
2755 4418 2849 4473 his
2869 4421 3236 4490 temporibus
3269 4422 3326 4474 in
3345 4422 3505 4476 Italia
3536 4424 3719 4478 multi
3751 4422 3884 4477 col-

2194 4503 2546 4559 lectionibus
2599 4521 2889 4561 canonum
2928 4507 3223 4579 ejusmodi
3273 4510 3671 4565 concinandis
3707 4527 3886 4565 vaca-

2193 4592 2368 4661 bant,
2413 4596 2476 4647 ut
2506 4594 2830 4649 Deusdedit
2872 4600 2930 4650 et
2969 4596 3298 4670 Gregorius
3330 4598 3653 4668 presbyter
3684 4616 3701 4669 ς
3756 4603 3885 4654 tum

2196 4682 2449 4753 denique
2482 4683 2616 4752 quia
2665 4684 2964 4739 invenitur
3010 4686 3108 4739 illa
3148 4686 3208 4741 in
3252 4702 3400 4742 mss.
3447 4686 3781 4742 codicibus
3814 4688 3886 4740 ad

2196 4770 2459 4825 Anselmi
2484 4770 2664 4842 hujus
2701 4774 2930 4827 iactatam
2951 4775 3481 4829 accedentibus.lta
3513 4775 3684 4830 enim
3706 4776 3888 4830 Balu-

2195 4859 2321 4913 zius
2358 4862 2609 4914 testatur
2655 4860 2714 4915 in
2744 4860 3088 4930 praefatione
3136 4879 3245 4917 sua
3286 4864 3358 4917 ad
3388 4864 3890 4920 emendationem

2194 4947 2476 5017 Gratiani,
2497 4963 2605 5003 seu
2626 4948 2698 5002 ad
2733 4952 3281 5006 commentationem
3312 4951 3599 5006 librorum
3625 4953 3889 5008 Antonii

2115 4997 2168 5061 ο
2194 4997 2524 5107 magis;
2532 4997 3057 5094 ὸὲἓὲιὲᾗᾶἓῖίᾘὶιῖ
3065 4997 3895 5109 ὲὶῖιὶἶὲηἲξέιἰἷιὲιῖἷὸ.ἀῖίἰῖιῖᾦ

2191 5141 2304 5198 ego
2322 5141 2509 5196 nuper
2554 5125 2839 5196 codicem,
2876 5142 3131 5198 eumque
3149 5129 3429 5197 optimum
3442 5132 3498 5183 et
3518 5131 3894 5201 antiquissi-

2188 5230 2368 5282 mum,
2400 5214 2689 5269 beneficio
2720 5216 2919 5283 optimi
2963 5216 3410 5288 doctissimique
3458 5218 3570 5271 viri
3639 5219 3888 5275 domini

2187 5304 2366 5358 Lucae
2393 5303 2666 5358 Dacherii
2694 5308 2904 5359 nactus
2936 5321 3067 5359 sum
3090 5321 3161 5359 ex
3181 5306 3537 5361 bibliotheca
3565 5312 3895 5363 monaste-

2187 5392 2258 5446 rii
2289 5391 2485 5446 Sancti
2514 5391 2788 5447 Germani
2820 5393 3196 5464 Parisiensis,
3214 5395 3273 5448 in
3302 5411 3417 5465 quo
3431 5409 3632 5465 neque
3664 5397 3897 5453 titulus

2186 5483 2380 5535 tamen
2429 5482 2587 5535 ullus
2643 5483 2854 5549 exstat,
2913 5497 3106 5553 neque
3165 5498 3378 5537 nomen
3427 5484 3740 5539 auctoris.
3782 5485 3899 5539 Hic

2189 5573 2379 5623 autem
2411 5569 2562 5623 liber
2589 5570 2662 5623 iis
2695 5586 2845 5639 quos
2878 5571 3023 5624 vidit
3054 5572 3345 5625 Antonius
3378 5572 3785 5643 Augustinus
3820 5590 3903 5630 ex

2193 5673 2261 5711 eo
2317 5660 2579 5727 praestat,
2638 5659 2793 5727 quod
2826 5659 2898 5712 ad
2943 5662 3171 5715 aetatem
3202 5658 3470 5715 Anselmi
3516 5662 3802 5733 accedit,
3842 5667 3903 5719 et
