  <div class='ocr_page' id='page_1' title='image "/cluster/home/n/w/nwhite01/storage/ocr_20150623/149/hvd.32044054760079/224.png"; bbox 0 0 4008 6172; ppageno 0'>
   <div class='ocr_carea' id='block_1_1' title="bbox 190 288 292 351">
    <p class='ocr_par' dir='ltr' id='par_1_1' title="bbox 190 288 292 351">
     <span class='ocr_line' id='line_1_1' title="bbox 190 288 292 351; baseline 0 0"><span class='ocrx_word' id='word_1_1' title='bbox 190 288 292 351; x_wconf 75' lang='grc'>43³1</span> 
     </span>
    </p>
   </div>
   <div class='ocr_carea' id='block_1_2' title="bbox 1415 236 2290 347">
    <p class='ocr_par' dir='ltr' id='par_1_2' title="bbox 1415 236 2290 347">
     <span class='ocr_line' id='line_1_2' title="bbox 1415 236 2290 347; baseline 0.006 -6"><span class='ocrx_word' id='word_1_2' title='bbox 1415 278 1766 342; x_wconf 83' lang='lat' dir='ltr'>NOTITIA</span> <span class='ocrx_word' id='word_1_3' title='bbox 1808 236 2290 347; x_wconf 74' lang='lat' dir='ltr'>HISTORICA.</span> 
     </span>
    </p>
   </div>
   <div class='ocr_carea' id='block_1_3' title="bbox 3453 290 3575 355">
    <p class='ocr_par' dir='ltr' id='par_1_3' title="bbox 3453 290 3575 355">
     <span class='ocr_line' id='line_1_3' title="bbox 3453 290 3575 355; baseline 0.025 -3"><span class='ocrx_word' id='word_1_4' title='bbox 3453 290 3575 355; x_wconf 84' lang='lat'>438</span> 
     </span>
    </p>
   </div>
   <div class='ocr_carea' id='block_1_4' title="bbox 179 470 3576 563">
    <p class='ocr_par' dir='ltr' id='par_1_4' title="bbox 179 470 3576 563">
     <span class='ocr_line' id='line_1_4' title="bbox 179 470 3576 563; baseline 0.001 -19"><span class='ocrx_word' id='word_1_5' title='bbox 179 489 313 546; x_wconf 88' lang='lat' dir='ltr'>nulla</span> <span class='ocrx_word' id='word_1_6' title='bbox 338 488 393 541; x_wconf 90' lang='lat' dir='ltr'>in</span> <span class='ocrx_word' id='word_1_7' title='bbox 419 486 524 540; x_wconf 89' lang='lat' dir='ltr'>isto</span> <span class='ocrx_word' id='word_1_8' title='bbox 554 486 802 539; x_wconf 88' lang='lat' dir='ltr'>Decreta</span> <span class='ocrx_word' id='word_1_9' title='bbox 831 483 1173 555; x_wconf 85' lang='lat' dir='ltr'>pontiﬁcum</span> <span class='ocrx_word' id='word_1_10' title='bbox 1214 484 1610 538; x_wconf 82' lang='lat' dir='ltr'>Romanorum</span> <span class='ocrx_word' id='word_1_11' title='bbox 1643 496 1787 536; x_wconf 90' lang='lat' dir='ltr'>con-</span> <span class='ocrx_word' id='word_1_12' title='bbox 1817 470 1869 535; x_wconf 64' lang='grc' dir='ltr'><strong>Α</strong></span> <span class='ocrx_word' id='word_1_13' title='bbox 1912 483 2183 538; x_wconf 80' lang='lat' dir='ltr'>canonici</span> <span class='ocrx_word' id='word_1_14' title='bbox 2209 499 2363 539; x_wconf 90' lang='lat' dir='ltr'>anno</span> <span class='ocrx_word' id='word_1_15' title='bbox 2393 482 2553 555; x_wconf 82' lang='grc'>1580,</span> <span class='ocrx_word' id='word_1_16' title='bbox 2591 487 2816 556; x_wconf 80' lang='lat' dir='ltr'>Romae,</span> <span class='ocrx_word' id='word_1_17' title='bbox 2851 489 2912 544; x_wconf 90' lang='lat' dir='ltr'>in</span> <span class='ocrx_word' id='word_1_18' title='bbox 2942 491 3172 547; x_wconf 61' lang='lat' dir='ltr'>aedibus</span> <span class='ocrx_word' id='word_1_19' title='bbox 3213 492 3419 563; x_wconf 81' lang='lat' dir='ltr'>Papuli</span> <span class='ocrx_word' id='word_1_20' title='bbox 3450 493 3576 548; x_wconf 81' lang='lat' dir='ltr'>Ro-</span> 
     </span>
    </p>
   </div>
   <div class='ocr_carea' id='block_1_5' title="bbox 176 566 1786 646">
    <p class='ocr_par' dir='ltr' id='par_1_5' title="bbox 176 566 1786 646">
     <span class='ocr_line' id='line_1_5' title="bbox 176 566 1786 646; baseline -0.006 -12"><span class='ocrx_word' id='word_1_21' title='bbox 176 580 449 643; x_wconf 85' lang='lat' dir='ltr'>tineantur,</span> <span class='ocrx_word' id='word_1_22' title='bbox 478 566 575 646; x_wconf 77' lang='lat' dir='ltr'>qui</span> <span class='ocrx_word' id='word_1_23' title='bbox 603 577 736 644; x_wconf 90' lang='lat' dir='ltr'>post</span> <span class='ocrx_word' id='word_1_24' title='bbox 765 590 983 628; x_wconf 87' lang='lat' dir='ltr'>annum</span> <span class='ocrx_word' id='word_1_25' title='bbox 1015 572 1154 628; x_wconf 87' lang='grc'>1086</span> <span class='ocrx_word' id='word_1_26' title='bbox 1174 571 1557 643; x_wconf 82' lang='lat' dir='ltr'>apostolicam</span> <span class='ocrx_word' id='word_1_27' title='bbox 1582 571 1786 627; x_wconf 84' lang='lat' dir='ltr'>sedem</span> 
     </span>
    </p>
   </div>
   <div class='ocr_carea' id='block_1_6' title="bbox 175 660 1787 733">
    <p class='ocr_par' dir='ltr' id='par_1_6' title="bbox 175 660 1787 733">
     <span class='ocr_line' id='line_1_6' title="bbox 175 660 1787 733; baseline -0.004 -11"><span class='ocrx_word' id='word_1_28' title='bbox 175 667 463 722; x_wconf 87' lang='lat' dir='ltr'>tenuerunt.</span> <span class='ocrx_word' id='word_1_29' title='bbox 483 664 624 718; x_wconf 89' lang='lat' dir='ltr'>Item</span> <span class='ocrx_word' id='word_1_30' title='bbox 651 662 808 717; x_wconf 85' lang='lat' dir='ltr'>aliud</span> <span class='ocrx_word' id='word_1_31' title='bbox 841 663 1135 733; x_wconf 76' lang='lat' dir='ltr'>ejusmodi</span> <span class='ocrx_word' id='word_1_32' title='bbox 1166 678 1316 732; x_wconf 91' lang='lat' dir='ltr'>opus</span> <span class='ocrx_word' id='word_1_33' title='bbox 1346 677 1460 716; x_wconf 89' lang='lat' dir='ltr'>ms.</span> <span class='ocrx_word' id='word_1_34' title='bbox 1486 661 1547 715; x_wconf 93' lang='lat' dir='ltr'>in</span> <span class='ocrx_word' id='word_1_35' title='bbox 1576 660 1787 715; x_wconf 88' lang='lat' dir='ltr'>biblio-</span> 
     </span>
    </p>
   </div>
   <div class='ocr_carea' id='block_1_7' title="bbox 173 750 1791 823">
    <p class='ocr_par' dir='ltr' id='par_1_7' title="bbox 173 750 1791 823">
     <span class='ocr_line' id='line_1_7' title="bbox 173 750 1791 823; baseline -0.004 -14"><span class='ocrx_word' id='word_1_36' title='bbox 173 756 312 809; x_wconf 84' lang='lat' dir='ltr'>theca</span> <span class='ocrx_word' id='word_1_37' title='bbox 344 751 538 823; x_wconf 81' lang='lat' dir='ltr'>Regia,</span> <span class='ocrx_word' id='word_1_38' title='bbox 573 751 747 822; x_wconf 83' lang='lat' dir='ltr'>cujus</span> <span class='ocrx_word' id='word_1_39' title='bbox 780 751 968 805; x_wconf 83' lang='lat' dir='ltr'>codex</span> <span class='ocrx_word' id='word_1_40' title='bbox 997 766 1116 806; x_wconf 91' lang='lat' dir='ltr'>non</span> <span class='ocrx_word' id='word_1_41' title='bbox 1146 750 1461 805; x_wconf 83' lang='lat' dir='ltr'>admodum</span> <span class='ocrx_word' id='word_1_42' title='bbox 1486 752 1679 817; x_wconf 90' lang='lat' dir='ltr'>vetus,</span> <span class='ocrx_word' id='word_1_43' title='bbox 1706 752 1791 803; x_wconf 90' lang='lat' dir='ltr'>ut-</span> 
     </span>
    </p>
   </div>
   <div class='ocr_carea' id='block_1_8' title="bbox 174 838 1789 914">
    <p class='ocr_par' dir='ltr' id='par_1_8' title="bbox 174 838 1789 914">
     <span class='ocr_line' id='line_1_8' title="bbox 174 838 1789 914; baseline -0.004 -17"><span class='ocrx_word' id='word_1_44' title='bbox 174 846 284 914; x_wconf 88' lang='lat' dir='ltr'>pote</span> <span class='ocrx_word' id='word_1_45' title='bbox 309 842 553 910; x_wconf 86' lang='lat' dir='ltr'>scriptus</span> <span class='ocrx_word' id='word_1_46' title='bbox 575 840 883 909; x_wconf 77' lang='lat' dir='ltr'>superiore</span> <span class='ocrx_word' id='word_1_47' title='bbox 907 842 1127 893; x_wconf 88' lang='lat' dir='ltr'>tantum</span> <span class='ocrx_word' id='word_1_48' title='bbox 1144 839 1389 908; x_wconf 79' lang='lat' dir='ltr'>saeculo,</span> <span class='ocrx_word' id='word_1_49' title='bbox 1405 838 1562 910; x_wconf 91' lang='lat' dir='ltr'>quod</span> <span class='ocrx_word' id='word_1_50' title='bbox 1594 843 1789 892; x_wconf 89' lang='lat' dir='ltr'>tamen</span> 
     </span>
    </p>
   </div>
   <div class='ocr_carea' id='block_1_9' title="bbox 173 927 1789 1001">
    <p class='ocr_par' dir='ltr' id='par_1_9' title="bbox 173 927 1789 1001">
     <span class='ocr_line' id='line_1_9' title="bbox 173 927 1789 1001; baseline -0.004 -14"><span class='ocrx_word' id='word_1_51' title='bbox 173 949 231 987; x_wconf 83' lang='lat' dir='ltr'>ex</span> <span class='ocrx_word' id='word_1_52' title='bbox 256 930 560 1001; x_wconf 76' lang='lat' dir='ltr'>antiquiore</span> <span class='ocrx_word' id='word_1_53' title='bbox 589 929 955 998; x_wconf 87' lang='lat' dir='ltr'>descriptum</span> <span class='ocrx_word' id='word_1_54' title='bbox 995 943 1135 983; x_wconf 90' lang='lat' dir='ltr'>esse</span> <span class='ocrx_word' id='word_1_55' title='bbox 1184 930 1434 981; x_wconf 90' lang='lat' dir='ltr'>constat.</span> <span class='ocrx_word' id='word_1_56' title='bbox 1483 927 1547 987; x_wconf 85' lang='lat' dir='ltr'><strong>In</strong></span> <span class='ocrx_word' id='word_1_57' title='bbox 1598 928 1789 981; x_wconf 87' lang='lat' dir='ltr'>fronte</span> 
     </span>
    </p>
   </div>
   <div class='ocr_carea' id='block_1_10' title="bbox 172 1016 1791 1090">
    <p class='ocr_par' dir='ltr' id='par_1_10' title="bbox 172 1016 1791 1090">
     <span class='ocr_line' id='line_1_10' title="bbox 172 1016 1791 1090; baseline -0.004 -15"><span class='ocrx_word' id='word_1_58' title='bbox 172 1023 427 1090; x_wconf 87' lang='lat' dir='ltr'>ponuntur</span> <span class='ocrx_word' id='word_1_59' title='bbox 440 1017 718 1071; x_wconf 86' lang='lat' dir='ltr'>nonnulla</span> <span class='ocrx_word' id='word_1_60' title='bbox 741 1018 812 1072; x_wconf 89' lang='lat' dir='ltr'>de</span> <span class='ocrx_word' id='word_1_61' title='bbox 832 1018 1004 1071; x_wconf 88' lang='lat' dir='ltr'>modo</span> <span class='ocrx_word' id='word_1_62' title='bbox 1028 1016 1365 1071; x_wconf 72' lang='lat' dir='ltr'>celebrandi</span> <span class='ocrx_word' id='word_1_63' title='bbox 1396 1016 1650 1084; x_wconf 87' lang='lat' dir='ltr'>concilii,</span> <span class='ocrx_word' id='word_1_64' title='bbox 1669 1020 1791 1069; x_wconf 90' lang='lat' dir='ltr'>tum</span> 
     </span>
    </p>
   </div>
   <div class='ocr_carea' id='block_1_11' title="bbox 171 1104 1792 1180">
    <p class='ocr_par' dir='ltr' id='par_1_11' title="bbox 171 1104 1792 1180">
     <span class='ocr_line' id='line_1_11' title="bbox 171 1104 1792 1180; baseline -0.002 -17"><span class='ocrx_word' id='word_1_65' title='bbox 171 1112 342 1180; x_wconf 81' lang='lat' dir='ltr'>postea</span> <span class='ocrx_word' id='word_1_66' title='bbox 372 1107 638 1178; x_wconf 77' lang='lat' dir='ltr'>sequitur</span> <span class='ocrx_word' id='word_1_67' title='bbox 667 1108 725 1160; x_wconf 91' lang='lat' dir='ltr'>in</span> <span class='ocrx_word' id='word_1_68' title='bbox 770 1107 903 1161; x_wconf 92' lang='lat' dir='ltr'>loco</span> <span class='ocrx_word' id='word_1_69' title='bbox 951 1106 1138 1160; x_wconf 77' lang='lat' dir='ltr'>tituli:</span> <span class='ocrx_word' id='word_1_70' title='bbox 1188 1105 1404 1176; x_wconf 77' lang='lat' dir='ltr'>Incipit</span> <span class='ocrx_word' id='word_1_71' title='bbox 1452 1104 1792 1175; x_wconf 89' lang='lat' dir='ltr'>capitulatio</span> 
     </span>
    </p>
   </div>
   <div class='ocr_carea' id='block_1_12' title="bbox 171 1193 1796 1267">
    <p class='ocr_par' dir='ltr' id='par_1_12' title="bbox 171 1193 1796 1267">
     <span class='ocr_line' id='line_1_12' title="bbox 171 1193 1796 1267; baseline -0.003 -16"><span class='ocrx_word' id='word_1_72' title='bbox 171 1198 420 1252; x_wconf 85' lang='lat' dir='ltr'>librorum</span> <span class='ocrx_word' id='word_1_73' title='bbox 433 1211 577 1267; x_wconf 88' lang='lat' dir='ltr'>quos</span> <span class='ocrx_word' id='word_1_74' title='bbox 598 1195 808 1249; x_wconf 88' lang='lat' dir='ltr'>beatus</span> <span class='ocrx_word' id='word_1_75' title='bbox 823 1194 1145 1249; x_wconf 85' lang='lat' dir='ltr'>Anselmus</span> <span class='ocrx_word' id='word_1_76' title='bbox 1164 1194 1456 1248; x_wconf 82' lang='lat' dir='ltr'>Lucensis</span> <span class='ocrx_word' id='word_1_77' title='bbox 1485 1193 1796 1264; x_wconf 75' lang='lat' dir='ltr'>epiSCOpus</span> 
     </span>
    </p>
   </div>
   <div class='ocr_carea' id='block_1_13' title="bbox 171 1280 1796 1356">
    <p class='ocr_par' dir='ltr' id='par_1_13' title="bbox 171 1280 1796 1356">
     <span class='ocr_line' id='line_1_13' title="bbox 171 1280 1796 1356; baseline -0.004 -15"><span class='ocrx_word' id='word_1_78' title='bbox 171 1287 228 1341; x_wconf 84' lang='lat' dir='ltr'>de</span> <span class='ocrx_word' id='word_1_79' title='bbox 254 1284 628 1356; x_wconf 64' lang='lat' dir='ltr'>coaequalibus</span> <span class='ocrx_word' id='word_1_80' title='bbox 652 1283 850 1338; x_wconf 79' lang='lat' dir='ltr'>causis</span> <span class='ocrx_word' id='word_1_81' title='bbox 873 1282 1142 1355; x_wconf 86' lang='lat' dir='ltr'>singulos</span> <span class='ocrx_word' id='word_1_82' title='bbox 1173 1284 1234 1336; x_wconf 91' lang='lat' dir='ltr'>in</span> <span class='ocrx_word' id='word_1_83' title='bbox 1267 1283 1375 1337; x_wconf 91' lang='lat' dir='ltr'>hoc</span> <span class='ocrx_word' id='word_1_84' title='bbox 1409 1281 1697 1336; x_wconf 85' lang='lat' dir='ltr'>volumine</span> <span class='ocrx_word' id='word_1_85' title='bbox 1717 1280 1796 1334; x_wconf 90' lang='lat' dir='ltr'>li-</span> 
     </span>
    </p>
   </div>
   <div class='ocr_carea' id='block_1_14' title="bbox 170 1371 1794 1444">
    <p class='ocr_par' dir='ltr' id='par_1_14' title="bbox 170 1371 1794 1444">
     <span class='ocr_line' id='line_1_14' title="bbox 170 1371 1794 1444; baseline -0.004 -15"><span class='ocrx_word' id='word_1_86' title='bbox 170 1374 627 1444; x_wconf 83' lang='lat' dir='ltr'>broscomposuit.</span> <span class='ocrx_word' id='word_1_87' title='bbox 642 1372 714 1426; x_wconf 89' lang='lat' dir='ltr'>Et</span> <span class='ocrx_word' id='word_1_88' title='bbox 730 1372 903 1442; x_wconf 88' lang='lat' dir='ltr'>paulo</span> <span class='ocrx_word' id='word_1_89' title='bbox 922 1372 1103 1426; x_wconf 84' lang='lat' dir='ltr'>infra:</span> <span class='ocrx_word' id='word_1_90' title='bbox 1130 1371 1347 1443; x_wconf 79' lang='lat' dir='ltr'>Incipit</span> <span class='ocrx_word' id='word_1_91' title='bbox 1378 1371 1716 1425; x_wconf 78' lang='lat' dir='ltr'>authentica</span> <span class='ocrx_word' id='word_1_92' title='bbox 1736 1376 1794 1424; x_wconf 89' lang='lat' dir='ltr'>et</span> 
     </span>
    </p>
   </div>
   <div class='ocr_carea' id='block_1_15' title="bbox 170 1460 1793 1533">
    <p class='ocr_par' dir='ltr' id='par_1_15' title="bbox 170 1460 1793 1533">
     <span class='ocr_line' id='line_1_15' title="bbox 170 1460 1793 1533; baseline -0.004 -15"><span class='ocrx_word' id='word_1_93' title='bbox 170 1463 537 1533; x_wconf 82' lang='lat' dir='ltr'>compendiosa</span> <span class='ocrx_word' id='word_1_94' title='bbox 578 1460 862 1516; x_wconf 88' lang='lat' dir='ltr'>Collectio</span> <span class='ocrx_word' id='word_1_95' title='bbox 886 1460 1231 1532; x_wconf 86' lang='lat' dir='ltr'>regularum</span> <span class='ocrx_word' id='word_1_96' title='bbox 1272 1467 1331 1514; x_wconf 90' lang='lat' dir='ltr'>et</span> <span class='ocrx_word' id='word_1_97' title='bbox 1360 1461 1793 1515; x_wconf 77' lang='lat' dir='ltr'>sententiarum</span> 
     </span>
    </p>
   </div>
   <div class='ocr_carea' id='block_1_16' title="bbox 166 1547 1791 1619">
    <p class='ocr_par' dir='ltr' id='par_1_16' title="bbox 166 1547 1791 1619">
     <span class='ocr_line' id='line_1_16' title="bbox 166 1547 1791 1619; baseline -0.004 -14"><span class='ocrx_word' id='word_1_98' title='bbox 166 1557 458 1605; x_wconf 83' lang='lat' dir='ltr'>sanctorum</span> <span class='ocrx_word' id='word_1_99' title='bbox 500 1550 774 1619; x_wconf 87' lang='lat' dir='ltr'>Patrum,</span> <span class='ocrx_word' id='word_1_100' title='bbox 811 1554 869 1604; x_wconf 89' lang='lat' dir='ltr'>et</span> <span class='ocrx_word' id='word_1_101' title='bbox 911 1548 1364 1604; x_wconf 86' lang='lat' dir='ltr'>auctorabilium</span> <span class='ocrx_word' id='word_1_102' title='bbox 1391 1547 1791 1615; x_wconf 87' lang='lat' dir='ltr'>conciliorum,</span> 
     </span>
    </p>
   </div>
   <div class='ocr_carea' id='block_1_17' title="bbox 168 1636 1797 1710">
    <p class='ocr_par' dir='ltr' id='par_1_17' title="bbox 168 1636 1797 1710">
     <span class='ocr_line' id='line_1_17' title="bbox 168 1636 1797 1710; baseline -0.002 -17"><span class='ocrx_word' id='word_1_103' title='bbox 168 1640 292 1693; x_wconf 81' lang='lat' dir='ltr'>facta</span> <span class='ocrx_word' id='word_1_104' title='bbox 320 1646 582 1710; x_wconf 85' lang='lat' dir='ltr'>tempore</span> <span class='ocrx_word' id='word_1_105' title='bbox 614 1638 897 1710; x_wconf 80' lang='lat' dir='ltr'>Gregorii</span> <span class='ocrx_word' id='word_1_106' title='bbox 932 1638 1304 1692; x_wconf 78' lang='lat' dir='ltr'>sanctissimi</span> <span class='ocrx_word' id='word_1_107' title='bbox 1327 1652 1511 1708; x_wconf 75' lang='lat' dir='ltr'>papae,</span> <span class='ocrx_word' id='word_1_108' title='bbox 1559 1653 1590 1689; x_wconf 90' lang='lat' dir='ltr'>a</span> <span class='ocrx_word' id='word_1_109' title='bbox 1621 1636 1797 1690; x_wconf 86' lang='lat' dir='ltr'>beato</span> 
     </span>
    </p>
   </div>
   <div class='ocr_carea' id='block_1_18' title="bbox 172 1724 1799 1799">
    <p class='ocr_par' dir='ltr' id='par_1_18' title="bbox 172 1724 1799 1799">
     <span class='ocr_line' id='line_1_18' title="bbox 172 1724 1799 1799; baseline -0.003 -17"><span class='ocrx_word' id='word_1_110' title='bbox 172 1728 418 1783; x_wconf 84' lang='lat' dir='ltr'>Anselmo</span> <span class='ocrx_word' id='word_1_111' title='bbox 446 1729 725 1799; x_wconf 83' lang='lat' dir='ltr'>episcopo</span> <span class='ocrx_word' id='word_1_112' title='bbox 754 1727 1025 1791; x_wconf 87' lang='lat' dir='ltr'>Lucensi,</span> <span class='ocrx_word' id='word_1_113' title='bbox 1045 1727 1173 1797; x_wconf 78' lang='lat' dir='ltr'>eius</span> <span class='ocrx_word' id='word_1_114' title='bbox 1196 1724 1478 1796; x_wconf 88' lang='lat' dir='ltr'>diligenti</span> <span class='ocrx_word' id='word_1_115' title='bbox 1496 1725 1799 1778; x_wconf 79' lang='lat' dir='ltr'>imitatore</span> 
     </span>
    </p>
   </div>
   <div class='ocr_carea' id='block_1_19' title="bbox 170 1814 1879 1907">
    <p class='ocr_par' dir='ltr' id='par_1_19' title="bbox 170 1814 1879 1907">
     <span class='ocr_line' id='line_1_19' title="bbox 170 1814 1879 1907; baseline -0.003 -37"><span class='ocrx_word' id='word_1_116' title='bbox 170 1825 215 1871; x_wconf 82' lang='lat' dir='ltr'>et</span> <span class='ocrx_word' id='word_1_117' title='bbox 226 1817 512 1888; x_wconf 85' lang='lat' dir='ltr'>discipulo,</span> <span class='ocrx_word' id='word_1_118' title='bbox 532 1816 977 1889; x_wconf 81' lang='lat' dir='ltr'>cujusjussionc</span> <span class='ocrx_word' id='word_1_119' title='bbox 990 1823 1047 1870; x_wconf 91' lang='lat' dir='ltr'>et</span> <span class='ocrx_word' id='word_1_120' title='bbox 1060 1821 1361 1886; x_wconf 75' lang='lat' dir='ltr'>praecepto</span> <span class='ocrx_word' id='word_1_121' title='bbox 1374 1814 1800 1868; x_wconf 86' lang='lat' dir='ltr'>desideranter</span> <span class='ocrx_word' id='word_1_122' title='bbox 1828 1844 1879 1907; x_wconf 83' lang='grc' dir='ltr'>Β</span> 
     </span>
    </p>
   </div>
   <div class='ocr_carea' id='block_1_20' title="bbox 168 1902 1799 1976">
    <p class='ocr_par' dir='ltr' id='par_1_20' title="bbox 168 1902 1799 1976">
     <span class='ocr_line' id='line_1_20' title="bbox 168 1902 1799 1976; baseline -0.002 -15"><span class='ocrx_word' id='word_1_123' title='bbox 168 1923 459 1962; x_wconf 86' lang='lat' dir='ltr'>consumma</span> <span class='ocrx_word' id='word_1_124' title='bbox 470 1907 561 1959; x_wconf 81' lang='lat' dir='ltr'>vit</span> <span class='ocrx_word' id='word_1_125' title='bbox 574 1906 682 1959; x_wconf 84' lang='lat' dir='ltr'>[mc</span> <span class='ocrx_word' id='word_1_126' title='bbox 694 1905 1119 1976; x_wconf 73' lang='lat' dir='ltr'>apus.Denique</span> <span class='ocrx_word' id='word_1_127' title='bbox 1134 1905 1192 1957; x_wconf 92' lang='lat' dir='ltr'>in</span> <span class='ocrx_word' id='word_1_128' title='bbox 1207 1904 1392 1958; x_wconf 79' lang='lat' dir='ltr'>veteri</span> <span class='ocrx_word' id='word_1_129' title='bbox 1407 1902 1610 1957; x_wconf 85' lang='lat' dir='ltr'>codice</span> <span class='ocrx_word' id='word_1_130' title='bbox 1625 1902 1799 1957; x_wconf 86' lang='lat' dir='ltr'>istius</span> 
     </span>
    </p>
   </div>
   <div class='ocr_carea' id='block_1_21' title="bbox 166 1991 1800 2065">
    <p class='ocr_par' dir='ltr' id='par_1_21' title="bbox 166 1991 1800 2065">
     <span class='ocr_line' id='line_1_21' title="bbox 166 1991 1800 2065; baseline -0.004 -15"><span class='ocrx_word' id='word_1_131' title='bbox 166 1994 636 2065; x_wconf 87' lang='lat' dir='ltr'>Collectionis,cuj</span> <span class='ocrx_word' id='word_1_132' title='bbox 648 2010 718 2048; x_wconf 91' lang='lat' dir='ltr'>us</span> <span class='ocrx_word' id='word_1_133' title='bbox 732 1994 1062 2064; x_wconf 81' lang='lat' dir='ltr'>exemplum</span> <span class='ocrx_word' id='word_1_134' title='bbox 1076 1993 1135 2046; x_wconf 90' lang='lat' dir='ltr'>in</span> <span class='ocrx_word' id='word_1_135' title='bbox 1148 1991 1503 2047; x_wconf 86' lang='lat' dir='ltr'>bibliotheca</span> <span class='ocrx_word' id='word_1_136' title='bbox 1520 1991 1800 2045; x_wconf 81' lang='lat' dir='ltr'>Barbari-</span> 
     </span>
    </p>
   </div>
   <div class='ocr_carea' id='block_1_22' title="bbox 165 2081 1799 2153">
    <p class='ocr_par' dir='ltr' id='par_1_22' title="bbox 165 2081 1799 2153">
     <span class='ocr_line' id='line_1_22' title="bbox 165 2081 1799 2153; baseline -0.003 -14"><span class='ocrx_word' id='word_1_137' title='bbox 165 2086 294 2139; x_wconf 82' lang='lat' dir='ltr'>naad</span> <span class='ocrx_word' id='word_1_138' title='bbox 306 2089 433 2153; x_wconf 92' lang='lat' dir='ltr'>etc.,</span> <span class='ocrx_word' id='word_1_139' title='bbox 450 2085 733 2152; x_wconf 89' lang='lat' dir='ltr'>missum,</span> <span class='ocrx_word' id='word_1_140' title='bbox 749 2082 903 2137; x_wconf 90' lang='lat' dir='ltr'>idem</span> <span class='ocrx_word' id='word_1_141' title='bbox 926 2082 1254 2135; x_wconf 87' lang='lat' dir='ltr'>Dacherius</span> <span class='ocrx_word' id='word_1_142' title='bbox 1277 2081 1512 2134; x_wconf 86' lang='lat' dir='ltr'>Baluzio</span> <span class='ocrx_word' id='word_1_143' title='bbox 1533 2096 1799 2134; x_wconf 89' lang='lat' dir='ltr'>commu-</span> 
     </span>
    </p>
   </div>
   <div class='ocr_carea' id='block_1_23' title="bbox 164 2171 1798 2242">
    <p class='ocr_par' dir='ltr' id='par_1_23' title="bbox 164 2171 1798 2242">
     <span class='ocr_line' id='line_1_23' title="bbox 164 2171 1798 2242; baseline -0.002 -15"><span class='ocrx_word' id='word_1_144' title='bbox 164 2176 364 2241; x_wconf 86' lang='lat' dir='ltr'>nicavit,</span> <span class='ocrx_word' id='word_1_145' title='bbox 389 2175 521 2229; x_wconf 70' lang='lat' dir='ltr'>haec</span> <span class='ocrx_word' id='word_1_146' title='bbox 548 2174 610 2226; x_wconf 91' lang='lat' dir='ltr'>in</span> <span class='ocrx_word' id='word_1_147' title='bbox 632 2172 797 2227; x_wconf 89' lang='lat' dir='ltr'>titulo</span> <span class='ocrx_word' id='word_1_148' title='bbox 820 2173 1038 2241; x_wconf 89' lang='lat' dir='ltr'>scripta</span> <span class='ocrx_word' id='word_1_149' title='bbox 1065 2176 1364 2242; x_wconf 72' lang='lat' dir='ltr'>sunt,qute</span> <span class='ocrx_word' id='word_1_150' title='bbox 1389 2172 1605 2224; x_wconf 90' lang='lat' dir='ltr'>librum</span> <span class='ocrx_word' id='word_1_151' title='bbox 1636 2171 1798 2225; x_wconf 91' lang='lat' dir='ltr'>illum</span> 
     </span>
    </p>
   </div>
   <div class='ocr_carea' id='block_1_24' title="bbox 165 2258 1800 2331">
    <p class='ocr_par' dir='ltr' id='par_1_24' title="bbox 165 2258 1800 2331">
     <span class='ocr_line' id='line_1_24' title="bbox 165 2258 1800 2331; baseline -0.003 -14"><span class='ocrx_word' id='word_1_152' title='bbox 165 2263 412 2317; x_wconf 72' lang='lat' dir='ltr'>Anselmo</span> <span class='ocrx_word' id='word_1_153' title='bbox 448 2263 716 2316; x_wconf 83' lang='lat' dir='ltr'>Lucensi</span> <span class='ocrx_word' id='word_1_154' title='bbox 755 2264 1036 2331; x_wconf 87' lang='lat' dir='ltr'>episcopo</span> <span class='ocrx_word' id='word_1_155' title='bbox 1067 2259 1427 2331; x_wconf 88' lang='lat' dir='ltr'>adjudicant.</span> <span class='ocrx_word' id='word_1_156' title='bbox 1456 2258 1524 2312; x_wconf 92' lang='lat' dir='ltr'><strong>In</strong></span> <span class='ocrx_word' id='word_1_157' title='bbox 1568 2260 1800 2313; x_wconf 87' lang='lat' dir='ltr'>nomine</span> 
     </span>
    </p>
   </div>
   <div class='ocr_carea' id='block_1_25' title="bbox 174 2346 1802 2420">
    <p class='ocr_par' dir='ltr' id='par_1_25' title="bbox 174 2346 1802 2420">
     <span class='ocr_line' id='line_1_25' title="bbox 174 2346 1802 2420; baseline -0.002 -16"><span class='ocrx_word' id='word_1_158' title='bbox 174 2351 455 2406; x_wconf 79' lang='lat' dir='ltr'>Trinitatis</span> <span class='ocrx_word' id='word_1_159' title='bbox 468 2356 702 2406; x_wconf 69' lang='lat' dir='ltr'>sanctae</span> <span class='ocrx_word' id='word_1_160' title='bbox 724 2356 783 2404; x_wconf 89' lang='lat' dir='ltr'>et</span> <span class='ocrx_word' id='word_1_161' title='bbox 796 2350 927 2403; x_wconf 72' lang='lat' dir='ltr'>indi</span> <span class='ocrx_word' id='word_1_162' title='bbox 938 2350 1145 2419; x_wconf 74' lang='lat' dir='ltr'>viduae,</span> <span class='ocrx_word' id='word_1_163' title='bbox 1162 2348 1370 2420; x_wconf 88' lang='lat' dir='ltr'>incipit</span> <span class='ocrx_word' id='word_1_164' title='bbox 1384 2348 1522 2401; x_wconf 87' lang='lat' dir='ltr'>hinc</span> <span class='ocrx_word' id='word_1_165' title='bbox 1538 2346 1802 2402; x_wconf 80' lang='lat' dir='ltr'>feliciter</span> 
     </span>
    </p>
   </div>
   <div class='ocr_carea' id='block_1_26' title="bbox 165 2435 1795 2510">
    <p class='ocr_par' dir='ltr' id='par_1_26' title="bbox 165 2435 1795 2510">
     <span class='ocr_line' id='line_1_26' title="bbox 165 2435 1795 2510; baseline -0.001 -20"><span class='ocrx_word' id='word_1_166' title='bbox 165 2440 314 2493; x_wconf 84' lang='lat' dir='ltr'>istius</span> <span class='ocrx_word' id='word_1_167' title='bbox 331 2439 477 2493; x_wconf 83' lang='lat' dir='ltr'>libri</span> <span class='ocrx_word' id='word_1_168' title='bbox 487 2440 715 2507; x_wconf 88' lang='lat' dir='ltr'>series,</span> <span class='ocrx_word' id='word_1_169' title='bbox 735 2453 901 2510; x_wconf 86' lang='lat' dir='ltr'>quem</span> <span class='ocrx_word' id='word_1_170' title='bbox 924 2443 1167 2491; x_wconf 88' lang='lat' dir='ltr'>sanctus</span> <span class='ocrx_word' id='word_1_171' title='bbox 1184 2438 1245 2490; x_wconf 89' lang='lat' dir='ltr'>in</span> <span class='ocrx_word' id='word_1_172' title='bbox 1268 2436 1441 2490; x_wconf 83' lang='lat' dir='ltr'>Italia</span> <span class='ocrx_word' id='word_1_173' title='bbox 1458 2435 1795 2501; x_wconf 87' lang='lat' dir='ltr'>Anselmus,</span> 
     </span>
    </p>
   </div>
   <div class='ocr_carea' id='block_1_27' title="bbox 166 2524 1803 2600">
    <p class='ocr_par' dir='ltr' id='par_1_27' title="bbox 166 2524 1803 2600">
     <span class='ocr_line' id='line_1_27' title="bbox 166 2524 1803 2600; baseline -0.003 -17"><span class='ocrx_word' id='word_1_174' title='bbox 166 2529 344 2600; x_wconf 84' lang='lat' dir='ltr'>quique</span> <span class='ocrx_word' id='word_1_175' title='bbox 367 2526 655 2599; x_wconf 80' lang='lat' dir='ltr'>pontifex</span> <span class='ocrx_word' id='word_1_176' title='bbox 680 2527 935 2581; x_wconf 64' lang='lat' dir='ltr'>Lucanae</span> <span class='ocrx_word' id='word_1_177' title='bbox 956 2526 1069 2580; x_wconf 76' lang='lat' dir='ltr'>fuit</span> <span class='ocrx_word' id='word_1_178' title='bbox 1092 2524 1401 2588; x_wconf 67' lang='lat' dir='ltr'>Ecclesiae,</span> <span class='ocrx_word' id='word_1_179' title='bbox 1425 2524 1519 2578; x_wconf 85' lang='lat' dir='ltr'>vir</span> <span class='ocrx_word' id='word_1_180' title='bbox 1534 2525 1803 2595; x_wconf 81' lang='lat' dir='ltr'>prudens</span> 
     </span>
    </p>
   </div>
   <div class='ocr_carea' id='block_1_28' title="bbox 167 2613 1804 2684">
    <p class='ocr_par' dir='ltr' id='par_1_28' title="bbox 167 2613 1804 2684">
     <span class='ocr_line' id='line_1_28' title="bbox 167 2613 1804 2684; baseline -0.001 -15"><span class='ocrx_word' id='word_1_181' title='bbox 167 2631 218 2669; x_wconf 82' lang='lat' dir='ltr'>ac</span> <span class='ocrx_word' id='word_1_182' title='bbox 228 2616 633 2684; x_wconf 81' lang='lat' dir='ltr'>catholicus,in</span> <span class='ocrx_word' id='word_1_183' title='bbox 649 2614 883 2670; x_wconf 81' lang='lat' dir='ltr'>Christi</span> <span class='ocrx_word' id='word_1_184' title='bbox 893 2613 1011 2669; x_wconf 79' lang='lat' dir='ltr'>fide</span> <span class='ocrx_word' id='word_1_185' title='bbox 1024 2614 1320 2682; x_wconf 78' lang='lat' dir='ltr'>fervidus,</span> <span class='ocrx_word' id='word_1_186' title='bbox 1338 2614 1562 2684; x_wconf 85' lang='lat' dir='ltr'>cerpsit</span> <span class='ocrx_word' id='word_1_187' title='bbox 1585 2629 1664 2667; x_wconf 80' lang='lat' dir='ltr'>ex</span> <span class='ocrx_word' id='word_1_188' title='bbox 1685 2618 1804 2668; x_wconf 90' lang='lat' dir='ltr'>toto</span> 
     </span>
    </p>
   </div>
   <div class='ocr_carea' id='block_1_29' title="bbox 165 2702 1805 2773">
    <p class='ocr_par' dir='ltr' id='par_1_29' title="bbox 165 2702 1805 2773">
     <span class='ocr_line' id='line_1_29' title="bbox 165 2702 1805 2773; baseline -0.002 -14"><span class='ocrx_word' id='word_1_189' title='bbox 165 2721 411 2760; x_wconf 85' lang='lat' dir='ltr'>canonum</span> <span class='ocrx_word' id='word_1_190' title='bbox 442 2711 503 2760; x_wconf 91' lang='lat' dir='ltr'>et</span> <span class='ocrx_word' id='word_1_191' title='bbox 548 2704 799 2758; x_wconf 84' lang='lat' dir='ltr'>Patrum</span> <span class='ocrx_word' id='word_1_192' title='bbox 838 2708 1174 2757; x_wconf 89' lang='lat' dir='ltr'>sanctorum</span> <span class='ocrx_word' id='word_1_193' title='bbox 1220 2718 1486 2773; x_wconf 85' lang='lat' dir='ltr'>corpore.</span> <span class='ocrx_word' id='word_1_194' title='bbox 1521 2702 1805 2771; x_wconf 87' lang='lat' dir='ltr'>Opinatur</span> 
     </span>
    </p>
   </div>
   <div class='ocr_carea' id='block_1_30' title="bbox 166 2792 1802 2863">
    <p class='ocr_par' dir='ltr' id='par_1_30' title="bbox 166 2792 1802 2863">
     <span class='ocr_line' id='line_1_30' title="bbox 166 2792 1802 2863; baseline -0.002 -16"><span class='ocrx_word' id='word_1_195' title='bbox 166 2793 464 2863; x_wconf 84' lang='lat' dir='ltr'>Stephanus</span> <span class='ocrx_word' id='word_1_196' title='bbox 488 2792 774 2847; x_wconf 87' lang='lat' dir='ltr'>Baluzius</span> <span class='ocrx_word' id='word_1_197' title='bbox 797 2792 1001 2846; x_wconf 87' lang='lat' dir='ltr'>fallere</span> <span class='ocrx_word' id='word_1_198' title='bbox 1017 2792 1271 2862; x_wconf 90' lang='lat' dir='ltr'>titulum,</span> <span class='ocrx_word' id='word_1_199' title='bbox 1288 2807 1357 2845; x_wconf 88' lang='lat' dir='ltr'>ac</span> <span class='ocrx_word' id='word_1_200' title='bbox 1382 2795 1540 2845; x_wconf 91' lang='lat' dir='ltr'>certe</span> <span class='ocrx_word' id='word_1_201' title='bbox 1558 2792 1802 2844; x_wconf 90' lang='lat' dir='ltr'>multum</span> 
     </span>
    </p>
   </div>
   <div class='ocr_carea' id='block_1_31' title="bbox 165 2878 1802 2952">
    <p class='ocr_par' dir='ltr' id='par_1_31' title="bbox 165 2878 1802 2952">
     <span class='ocr_line' id='line_1_31' title="bbox 165 2878 1802 2952; baseline -0.001 -18"><span class='ocrx_word' id='word_1_202' title='bbox 165 2882 546 2952; x_wconf 81' lang='lat' dir='ltr'>interpolatum</span> <span class='ocrx_word' id='word_1_203' title='bbox 581 2896 722 2936; x_wconf 90' lang='lat' dir='ltr'>esse</span> <span class='ocrx_word' id='word_1_204' title='bbox 746 2880 902 2934; x_wconf 88' lang='lat' dir='ltr'>hunc</span> <span class='ocrx_word' id='word_1_205' title='bbox 921 2879 1234 2949; x_wconf 90' lang='lat' dir='ltr'>librum,ut</span> <span class='ocrx_word' id='word_1_206' title='bbox 1264 2882 1420 2933; x_wconf 90' lang='lat' dir='ltr'>recte</span> <span class='ocrx_word' id='word_1_207' title='bbox 1445 2880 1517 2932; x_wconf 89' lang='lat' dir='ltr'>ab</span> <span class='ocrx_word' id='word_1_208' title='bbox 1550 2878 1802 2933; x_wconf 86' lang='lat' dir='ltr'>Antonio</span> 
     </span>
    </p>
   </div>
   <div class='ocr_carea' id='block_1_32' title="bbox 167 2967 1804 3042">
    <p class='ocr_par' dir='ltr' id='par_1_32' title="bbox 167 2967 1804 3042">
     <span class='ocr_line' id='line_1_32' title="bbox 167 2967 1804 3042; baseline -0.002 -19"><span class='ocrx_word' id='word_1_209' title='bbox 167 2972 464 3042; x_wconf 78' lang='lat' dir='ltr'>Augustino</span> <span class='ocrx_word' id='word_1_210' title='bbox 496 2970 846 3025; x_wconf 87' lang='lat' dir='ltr'>adnotatum</span> <span class='ocrx_word' id='word_1_211' title='bbox 876 2971 987 3039; x_wconf 89' lang='lat' dir='ltr'>est,</span> <span class='ocrx_word' id='word_1_212' title='bbox 1013 2968 1148 3038; x_wconf 74' lang='lat' dir='ltr'>quia</span> <span class='ocrx_word' id='word_1_213' title='bbox 1181 2968 1300 3021; x_wconf 91' lang='lat' dir='ltr'>illic</span> <span class='ocrx_word' id='word_1_214' title='bbox 1330 2967 1583 3038; x_wconf 87' lang='lat' dir='ltr'>plurima</span> <span class='ocrx_word' id='word_1_215' title='bbox 1614 2967 1804 3022; x_wconf 90' lang='lat' dir='ltr'>conti-</span> 
     </span>
    </p>
   </div>
   <div class='ocr_carea' id='block_1_33' title="bbox 164 3056 1798 3129">
    <p class='ocr_par' dir='ltr' id='par_1_33' title="bbox 164 3056 1798 3129">
     <span class='ocr_line' id='line_1_33' title="bbox 164 3056 1798 3129; baseline -0.002 -17"><span class='ocrx_word' id='word_1_216' title='bbox 164 3064 347 3114; x_wconf 86' lang='lat' dir='ltr'>nentur</span> <span class='ocrx_word' id='word_1_217' title='bbox 368 3059 603 3115; x_wconf 83' lang='lat' dir='ltr'>Urbani</span> <span class='ocrx_word' id='word_1_218' title='bbox 620 3058 670 3111; x_wconf 90' lang='lat' dir='ltr'>ll</span> <span class='ocrx_word' id='word_1_219' title='bbox 700 3061 757 3113; x_wconf 89' lang='lat' dir='ltr'>et</span> <span class='ocrx_word' id='word_1_220' title='bbox 773 3058 1147 3129; x_wconf 89' lang='lat' dir='ltr'>sequentium</span> <span class='ocrx_word' id='word_1_221' title='bbox 1168 3057 1514 3127; x_wconf 82' lang='lat' dir='ltr'>pontificum</span> <span class='ocrx_word' id='word_1_222' title='bbox 1544 3056 1798 3124; x_wconf 89' lang='lat' dir='ltr'>decreta,</span> 
     </span>
    </p>
   </div>
   <div class='ocr_carea' id='block_1_34' title="bbox 165 3144 1801 3221">
    <p class='ocr_par' dir='ltr' id='par_1_34' title="bbox 165 3144 1801 3221">
     <span class='ocr_line' id='line_1_34' title="bbox 165 3144 1801 3221; baseline -0.001 -21"><span class='ocrx_word' id='word_1_223' title='bbox 165 3163 384 3221; x_wconf 75' lang='lat' dir='ltr'>quorum</span> <span class='ocrx_word' id='word_1_224' title='bbox 414 3164 548 3203; x_wconf 71' lang='lat' dir='ltr'>aevo</span> <span class='ocrx_word' id='word_1_225' title='bbox 578 3147 901 3201; x_wconf 84' lang='lat' dir='ltr'>Anselmus</span> <span class='ocrx_word' id='word_1_226' title='bbox 932 3148 1134 3201; x_wconf 84' lang='lat' dir='ltr'>vivere</span> <span class='ocrx_word' id='word_1_227' title='bbox 1165 3144 1611 3209; x_wconf 88' lang='lat' dir='ltr'>desierat.Quin</span> <span class='ocrx_word' id='word_1_228' title='bbox 1630 3145 1801 3199; x_wconf 90' lang='lat' dir='ltr'>etiam</span> 
     </span>
    </p>
   </div>
   <div class='ocr_carea' id='block_1_35' title="bbox 164 3235 1805 3308">
    <p class='ocr_par' dir='ltr' id='par_1_35' title="bbox 164 3235 1805 3308">
     <span class='ocr_line' id='line_1_35' title="bbox 164 3235 1805 3308; baseline -0.001 -19"><span class='ocrx_word' id='word_1_229' title='bbox 164 3237 315 3291; x_wconf 84' lang='lat' dir='ltr'>multa</span> <span class='ocrx_word' id='word_1_230' title='bbox 330 3242 464 3292; x_wconf 89' lang='lat' dir='ltr'>sunt</span> <span class='ocrx_word' id='word_1_231' title='bbox 477 3253 621 3308; x_wconf 83' lang='lat' dir='ltr'>quae</span> <span class='ocrx_word' id='word_1_232' title='bbox 635 3238 785 3291; x_wconf 89' lang='lat' dir='ltr'>hanc</span> <span class='ocrx_word' id='word_1_233' title='bbox 798 3235 1217 3291; x_wconf 89' lang='lat' dir='ltr'>Collectionem</span> <span class='ocrx_word' id='word_1_234' title='bbox 1232 3236 1514 3289; x_wconf 89' lang='lat' dir='ltr'>Anselmo</span> <span class='ocrx_word' id='word_1_235' title='bbox 1545 3235 1805 3289; x_wconf 88' lang='lat' dir='ltr'>Lucensi</span> 
     </span>
    </p>
   </div>
   <div class='ocr_carea' id='block_1_36' title="bbox 166 3322 1805 3397">
    <p class='ocr_par' dir='ltr' id='par_1_36' title="bbox 166 3322 1805 3397">
     <span class='ocr_line' id='line_1_36' title="bbox 166 3322 1805 3397; baseline -0.002 -18"><span class='ocrx_word' id='word_1_236' title='bbox 166 3328 417 3397; x_wconf 88' lang='lat' dir='ltr'>episcopo</span> <span class='ocrx_word' id='word_1_237' title='bbox 439 3326 792 3396; x_wconf 87' lang='lat' dir='ltr'>abjudicare</span> <span class='ocrx_word' id='word_1_238' title='bbox 813 3325 1108 3379; x_wconf 88' lang='lat' dir='ltr'>videntur.</span> <span class='ocrx_word' id='word_1_239' title='bbox 1140 3325 1338 3377; x_wconf 86' lang='lat' dir='ltr'>Primo</span> <span class='ocrx_word' id='word_1_240' title='bbox 1367 3322 1686 3377; x_wconf 87' lang='lat' dir='ltr'>auctoritas</span> <span class='ocrx_word' id='word_1_241' title='bbox 1706 3338 1805 3376; x_wconf 88' lang='lat' dir='ltr'>ve-</span> 
     </span>
    </p>
   </div>
   <div class='ocr_carea' id='block_1_37' title="bbox 167 3412 1804 3486">
    <p class='ocr_par' dir='ltr' id='par_1_37' title="bbox 167 3412 1804 3486">
     <span class='ocr_line' id='line_1_37' title="bbox 167 3412 1804 3486; baseline -0.001 -19"><span class='ocrx_word' id='word_1_242' title='bbox 167 3417 282 3468; x_wconf 91' lang='lat' dir='ltr'>tusti</span> <span class='ocrx_word' id='word_1_243' title='bbox 304 3415 623 3484; x_wconf 84' lang='lat' dir='ltr'>scriptoris</span> <span class='ocrx_word' id='word_1_244' title='bbox 658 3414 809 3468; x_wconf 71' lang='lat' dir='ltr'>Vitae</span> <span class='ocrx_word' id='word_1_245' title='bbox 830 3414 1092 3486; x_wconf 84' lang='lat' dir='ltr'>ejusdem</span> <span class='ocrx_word' id='word_1_246' title='bbox 1112 3413 1386 3467; x_wconf 84' lang='lat' dir='ltr'>Anselmi</span> <span class='ocrx_word' id='word_1_247' title='bbox 1403 3428 1434 3465; x_wconf 90' lang='lat' dir='ltr'>a</span> <span class='ocrx_word' id='word_1_248' title='bbox 1456 3412 1804 3466; x_wconf 84' lang='lat' dir='ltr'>Sebastiano</span> 
     </span>
    </p>
   </div>
   <div class='ocr_carea' id='block_1_38' title="bbox 166 3501 1804 3575">
    <p class='ocr_par' dir='ltr' id='par_1_38' title="bbox 166 3501 1804 3575">
     <span class='ocr_line' id='line_1_38' title="bbox 166 3501 1804 3575; baseline -0.001 -19"><span class='ocrx_word' id='word_1_249' title='bbox 166 3503 543 3575; x_wconf 83' lang='lat' dir='ltr'>Tenguagelio</span> <span class='ocrx_word' id='word_1_250' title='bbox 579 3503 797 3571; x_wconf 88' lang='lat' dir='ltr'>editus,</span> <span class='ocrx_word' id='word_1_251' title='bbox 828 3504 929 3572; x_wconf 87' lang='lat' dir='ltr'>qui</span> <span class='ocrx_word' id='word_1_252' title='bbox 961 3502 1401 3557; x_wconf 88' lang='lat' dir='ltr'>lucubrationes</span> <span class='ocrx_word' id='word_1_253' title='bbox 1433 3501 1704 3572; x_wconf 83' lang='lat' dir='ltr'>magistri</span> <span class='ocrx_word' id='word_1_254' title='bbox 1736 3517 1804 3555; x_wconf 89' lang='lat' dir='ltr'>ac</span> 
     </span>
    </p>
   </div>
   <div class='ocr_carea' id='block_1_39' title="bbox 168 3591 1810 3661">
    <p class='ocr_par' dir='ltr' id='par_1_39' title="bbox 168 3591 1810 3661">
     <span class='ocr_line' id='line_1_39' title="bbox 168 3591 1810 3661; baseline -0.001 -18"><span class='ocrx_word' id='word_1_255' title='bbox 168 3592 356 3646; x_wconf 89' lang='lat' dir='ltr'>domini</span> <span class='ocrx_word' id='word_1_256' title='bbox 368 3595 464 3647; x_wconf 89' lang='lat' dir='ltr'>sui</span> <span class='ocrx_word' id='word_1_257' title='bbox 480 3592 1060 3661; x_wconf 88' lang='lat' dir='ltr'>recensens,nullam</span> <span class='ocrx_word' id='word_1_258' title='bbox 1073 3592 1451 3646; x_wconf 86' lang='lat' dir='ltr'>Collectionis</span> <span class='ocrx_word' id='word_1_259' title='bbox 1466 3591 1641 3645; x_wconf 87' lang='lat' dir='ltr'>istius</span> <span class='ocrx_word' id='word_1_260' title='bbox 1655 3605 1810 3643; x_wconf 87' lang='lat' dir='ltr'>men-</span> 
     </span>
    </p>
   </div>
   <div class='ocr_carea' id='block_1_40' title="bbox 166 3680 1806 3750">
    <p class='ocr_par' dir='ltr' id='par_1_40' title="bbox 166 3680 1806 3750">
     <span class='ocr_line' id='line_1_40' title="bbox 166 3680 1806 3750; baseline -0.001 -18"><span class='ocrx_word' id='word_1_261' title='bbox 166 3682 355 3736; x_wconf 90' lang='lat' dir='ltr'>tionem</span> <span class='ocrx_word' id='word_1_262' title='bbox 387 3682 562 3750; x_wconf 85' lang='lat' dir='ltr'>facit;</span> <span class='ocrx_word' id='word_1_263' title='bbox 598 3698 713 3735; x_wconf 90' lang='lat' dir='ltr'>non</span> <span class='ocrx_word' id='word_1_264' title='bbox 745 3680 1104 3748; x_wconf 83' lang='lat' dir='ltr'>emissurus,</span> <span class='ocrx_word' id='word_1_265' title='bbox 1131 3684 1191 3734; x_wconf 92' lang='lat' dir='ltr'>ut</span> <span class='ocrx_word' id='word_1_266' title='bbox 1224 3681 1473 3747; x_wconf 89' lang='lat' dir='ltr'>videtur,</span> <span class='ocrx_word' id='word_1_267' title='bbox 1510 3683 1627 3733; x_wconf 85' lang='lat' dir='ltr'>tam</span> <span class='ocrx_word' id='word_1_268' title='bbox 1659 3695 1806 3747; x_wconf 72' lang='lat' dir='ltr'>prae-</span> 
     </span>
    </p>
   </div>
   <div class='ocr_carea' id='block_1_41' title="bbox 168 3767 1808 3840">
    <p class='ocr_par' dir='ltr' id='par_1_41' title="bbox 168 3767 1808 3840">
     <span class='ocr_line' id='line_1_41' title="bbox 168 3767 1808 3840; baseline -0.001 -20"><span class='ocrx_word' id='word_1_269' title='bbox 168 3769 360 3823; x_wconf 86' lang='lat' dir='ltr'>clarum</span> <span class='ocrx_word' id='word_1_270' title='bbox 390 3786 573 3840; x_wconf 80' lang='lat' dir='ltr'>Opus,</span> <span class='ocrx_word' id='word_1_271' title='bbox 611 3771 663 3823; x_wconf 88' lang='lat' dir='ltr'>si</span> <span class='ocrx_word' id='word_1_272' title='bbox 695 3774 814 3823; x_wconf 88' lang='lat' dir='ltr'>tum</span> <span class='ocrx_word' id='word_1_273' title='bbox 860 3768 1008 3821; x_wconf 84' lang='lat' dir='ltr'>fama</span> <span class='ocrx_word' id='word_1_274' title='bbox 1059 3768 1276 3822; x_wconf 88' lang='lat' dir='ltr'>fuisset</span> <span class='ocrx_word' id='word_1_275' title='bbox 1315 3768 1705 3838; x_wconf 89' lang='lat' dir='ltr'>compositum</span> <span class='ocrx_word' id='word_1_276' title='bbox 1735 3767 1808 3819; x_wconf 88' lang='lat' dir='ltr'>ab</span> 
     </span>
    </p>
   </div>
   <div class='ocr_carea' id='block_1_42' title="bbox 169 3855 1808 3933">
    <p class='ocr_par' dir='ltr' id='par_1_42' title="bbox 169 3855 1808 3933">
     <span class='ocr_line' id='line_1_42' title="bbox 169 3855 1808 3933; baseline -0.001 -24"><span class='ocrx_word' id='word_1_277' title='bbox 169 3858 419 3913; x_wconf 83' lang='lat' dir='ltr'>Anselmo</span> <span class='ocrx_word' id='word_1_278' title='bbox 452 3860 675 3913; x_wconf 88' lang='lat' dir='ltr'>fuisse.</span> <span class='ocrx_word' id='word_1_279' title='bbox 711 3857 931 3911; x_wconf 90' lang='lat' dir='ltr'>Deinde</span> <span class='ocrx_word' id='word_1_280' title='bbox 976 3856 1327 3933; x_wconf 82' lang='lat' dir='ltr'>Sigebertus</span> <span class='ocrx_word' id='word_1_281' title='bbox 1359 3855 1808 3911; x_wconf 91' lang='lat' dir='ltr'>Gemblacensis</span> 
     </span>
    </p>
   </div>
   <div class='ocr_carea' id='block_1_43' title="bbox 170 3945 1810 4017">
    <p class='ocr_par' dir='ltr' id='par_1_43' title="bbox 170 3945 1810 4017">
     <span class='ocr_line' id='line_1_43' title="bbox 170 3945 1810 4017; baseline -0.002 -17"><span class='ocrx_word' id='word_1_282' title='bbox 170 3949 512 4016; x_wconf 84' lang='lat' dir='ltr'>monachus,</span> <span class='ocrx_word' id='word_1_283' title='bbox 568 3949 783 4002; x_wconf 88' lang='lat' dir='ltr'>horum</span> <span class='ocrx_word' id='word_1_284' title='bbox 828 3954 1155 4017; x_wconf 87' lang='lat' dir='ltr'>temporum</span> <span class='ocrx_word' id='word_1_285' title='bbox 1201 3948 1494 4017; x_wconf 87' lang='lat' dir='ltr'>scriptor,</span> <span class='ocrx_word' id='word_1_286' title='bbox 1556 3946 1693 4000; x_wconf 90' lang='lat' dir='ltr'>dum</span> <span class='ocrx_word' id='word_1_287' title='bbox 1752 3945 1810 3998; x_wconf 89' lang='lat' dir='ltr'>in</span> 
     </span>
    </p>
   </div>
   <div class='ocr_carea' id='block_1_44' title="bbox 168 4034 1812 4107">
    <p class='ocr_par' dir='ltr' id='par_1_44' title="bbox 168 4034 1812 4107">
     <span class='ocr_line' id='line_1_44' title="bbox 168 4034 1812 4107; baseline -0.002 -18"><span class='ocrx_word' id='word_1_288' title='bbox 168 4035 437 4093; x_wconf 81' lang='lat' dir='ltr'>Chronico</span> <span class='ocrx_word' id='word_1_289' title='bbox 466 4043 527 4091; x_wconf 88' lang='lat' dir='ltr'>et</span> <span class='ocrx_word' id='word_1_290' title='bbox 559 4038 622 4091; x_wconf 93' lang='lat' dir='ltr'>in</span> <span class='ocrx_word' id='word_1_291' title='bbox 645 4037 795 4091; x_wconf 88' lang='lat' dir='ltr'>libro</span> <span class='ocrx_word' id='word_1_292' title='bbox 826 4036 915 4091; x_wconf 90' lang='lat' dir='ltr'>De</span> <span class='ocrx_word' id='word_1_293' title='bbox 944 4036 1343 4107; x_wconf 86' lang='lat' dir='ltr'>scriptoribus</span> <span class='ocrx_word' id='word_1_294' title='bbox 1381 4034 1812 4090; x_wconf 83' lang='lat' dir='ltr'>ecclesiasticis</span> 
     </span>
    </p>
   </div>
   <div class='ocr_carea' id='block_1_45' title="bbox 167 4123 1812 4194">
    <p class='ocr_par' dir='ltr' id='par_1_45' title="bbox 167 4123 1812 4194">
     <span class='ocr_line' id='line_1_45' title="bbox 167 4123 1812 4194; baseline 0 -18"><span class='ocrx_word' id='word_1_295' title='bbox 167 4131 447 4180; x_wconf 87' lang='lat' dir='ltr'>enumerat</span> <span class='ocrx_word' id='word_1_296' title='bbox 477 4128 672 4181; x_wconf 87' lang='lat' dir='ltr'>libros</span> <span class='ocrx_word' id='word_1_297' title='bbox 706 4126 777 4180; x_wconf 89' lang='lat' dir='ltr'>ab</span> <span class='ocrx_word' id='word_1_298' title='bbox 809 4126 1091 4181; x_wconf 87' lang='lat' dir='ltr'>Anselmo</span> <span class='ocrx_word' id='word_1_299' title='bbox 1115 4126 1499 4194; x_wconf 89' lang='lat' dir='ltr'>compositos,</span> <span class='ocrx_word' id='word_1_300' title='bbox 1521 4125 1592 4178; x_wconf 92' lang='lat' dir='ltr'>de</span> <span class='ocrx_word' id='word_1_301' title='bbox 1623 4123 1812 4177; x_wconf 88' lang='lat' dir='ltr'>Colle-</span> 
     </span>
    </p>
   </div>
   <div class='ocr_carea' id='block_1_46' title="bbox 166 4212 1812 4285">
    <p class='ocr_par' dir='ltr' id='par_1_46' title="bbox 166 4212 1812 4285">
     <span class='ocr_line' id='line_1_46' title="bbox 166 4212 1812 4285; baseline 0 -19"><span class='ocrx_word' id='word_1_302' title='bbox 166 4213 333 4270; x_wconf 88' lang='lat' dir='ltr'>ctione</span> <span class='ocrx_word' id='word_1_303' title='bbox 361 4217 473 4269; x_wconf 85' lang='lat' dir='ltr'>ista</span> <span class='ocrx_word' id='word_1_304' title='bbox 510 4230 588 4270; x_wconf 90' lang='lat' dir='ltr'>ne</span> <span class='ocrx_word' id='word_1_305' title='bbox 621 4215 866 4269; x_wconf 83' lang='lat' dir='ltr'>verbum</span> <span class='ocrx_word' id='word_1_306' title='bbox 896 4214 1133 4285; x_wconf 88' lang='lat' dir='ltr'>quidem</span> <span class='ocrx_word' id='word_1_307' title='bbox 1156 4213 1337 4268; x_wconf 90' lang='lat' dir='ltr'>ullum</span> <span class='ocrx_word' id='word_1_308' title='bbox 1368 4213 1523 4268; x_wconf 86' lang='lat' dir='ltr'>fecit.</span> <span class='ocrx_word' id='word_1_309' title='bbox 1548 4212 1812 4282; x_wconf 89' lang='lat' dir='ltr'>Denique</span> 
     </span>
    </p>
   </div>
   <div class='ocr_carea' id='block_1_47' title="bbox 169 4300 1813 4374">
    <p class='ocr_par' dir='ltr' id='par_1_47' title="bbox 169 4300 1813 4374">
     <span class='ocr_line' id='line_1_47' title="bbox 169 4300 1813 4374; baseline 0.001 -21"><span class='ocrx_word' id='word_1_310' title='bbox 169 4301 531 4373; x_wconf 89' lang='lat' dir='ltr'>Trithemius,</span> <span class='ocrx_word' id='word_1_311' title='bbox 566 4305 667 4374; x_wconf 87' lang='lat' dir='ltr'>qui</span> <span class='ocrx_word' id='word_1_312' title='bbox 698 4306 783 4357; x_wconf 88' lang='lat' dir='ltr'>tot</span> <span class='ocrx_word' id='word_1_313' title='bbox 811 4304 1001 4357; x_wconf 89' lang='lat' dir='ltr'>libros</span> <span class='ocrx_word' id='word_1_314' title='bbox 1033 4303 1277 4370; x_wconf 89' lang='lat' dir='ltr'>viderat,</span> <span class='ocrx_word' id='word_1_315' title='bbox 1310 4317 1429 4356; x_wconf 91' lang='lat' dir='ltr'>non</span> <span class='ocrx_word' id='word_1_316' title='bbox 1466 4301 1610 4355; x_wconf 90' lang='lat' dir='ltr'>vidit</span> <span class='ocrx_word' id='word_1_317' title='bbox 1642 4300 1813 4354; x_wconf 89' lang='lat' dir='ltr'>istam</span> 
     </span>
    </p>
   </div>
   <div class='ocr_carea' id='block_1_48' title="bbox 169 4389 1812 4448">
    <p class='ocr_par' dir='ltr' id='par_1_48' title="bbox 169 4389 1812 4448">
     <span class='ocr_line' id='line_1_48' title="bbox 169 4389 1812 4448; baseline -0.001 -4"><span class='ocrx_word' id='word_1_318' title='bbox 169 4390 568 4448; x_wconf 68' lang='lat' dir='ltr'>(lollectionem</span> <span class='ocrx_word' id='word_1_319' title='bbox 632 4408 922 4447; x_wconf 88' lang='lat' dir='ltr'>canonum</span> <span class='ocrx_word' id='word_1_320' title='bbox 982 4394 1039 4445; x_wconf 88' lang='lat' dir='ltr'>et</span> <span class='ocrx_word' id='word_1_321' title='bbox 1093 4391 1467 4445; x_wconf 87' lang='lat' dir='ltr'>decretorum</span> <span class='ocrx_word' id='word_1_322' title='bbox 1532 4389 1812 4444; x_wconf 87' lang='lat' dir='ltr'>Anselmo</span> 
     </span>
    </p>
   </div>
   <div class='ocr_carea' id='block_1_49' title="bbox 172 4479 1815 4551">
    <p class='ocr_par' dir='ltr' id='par_1_49' title="bbox 172 4479 1815 4551">
     <span class='ocr_line' id='line_1_49' title="bbox 172 4479 1815 4551; baseline 0.001 -20"><span class='ocrx_word' id='word_1_323' title='bbox 172 4480 408 4535; x_wconf 86' lang='lat' dir='ltr'>Lucensi</span> <span class='ocrx_word' id='word_1_324' title='bbox 436 4484 725 4551; x_wconf 89' lang='lat' dir='ltr'>episcopo</span> <span class='ocrx_word' id='word_1_325' title='bbox 753 4481 1055 4547; x_wconf 90' lang='lat' dir='ltr'>tributam,</span> <span class='ocrx_word' id='word_1_326' title='bbox 1073 4495 1204 4533; x_wconf 91' lang='lat' dir='ltr'>cum</span> <span class='ocrx_word' id='word_1_327' title='bbox 1236 4479 1416 4533; x_wconf 90' lang='lat' dir='ltr'>altum</span> <span class='ocrx_word' id='word_1_328' title='bbox 1438 4479 1509 4533; x_wconf 89' lang='lat' dir='ltr'>de</span> <span class='ocrx_word' id='word_1_329' title='bbox 1539 4495 1609 4534; x_wconf 92' lang='lat' dir='ltr'>ea</span> <span class='ocrx_word' id='word_1_330' title='bbox 1638 4479 1815 4533; x_wconf 89' lang='lat' dir='ltr'>silen-</span> 
     </span>
    </p>
   </div>
   <div class='ocr_carea' id='block_1_50' title="bbox 171 4562 1888 4641">
    <p class='ocr_par' dir='ltr' id='par_1_50' title="bbox 171 4562 1888 4641">
     <span class='ocr_line' id='line_1_50' title="bbox 171 4562 1888 4641; baseline 0.001 -19"><span class='ocrx_word' id='word_1_331' title='bbox 171 4569 294 4624; x_wconf 88' lang='lat' dir='ltr'>tium</span> <span class='ocrx_word' id='word_1_332' title='bbox 323 4571 477 4641; x_wconf 89' lang='lat' dir='ltr'>apud</span> <span class='ocrx_word' id='word_1_333' title='bbox 511 4572 681 4624; x_wconf 88' lang='lat' dir='ltr'>illum</span> <span class='ocrx_word' id='word_1_334' title='bbox 721 4570 818 4623; x_wconf 86' lang='lat' dir='ltr'>sit.</span> <span class='ocrx_word' id='word_1_335' title='bbox 858 4569 991 4624; x_wconf 87' lang='lat' dir='ltr'>Non</span> <span class='ocrx_word' id='word_1_336' title='bbox 1042 4572 1316 4623; x_wconf 86' lang='lat' dir='ltr'>senserat</span> <span class='ocrx_word' id='word_1_337' title='bbox 1361 4569 1477 4623; x_wconf 89' lang='lat' dir='ltr'>ista</span> <span class='ocrx_word' id='word_1_338' title='bbox 1524 4574 1815 4623; x_wconf 85' lang='lat' dir='ltr'>momenta</span> <span class='ocrx_word' id='word_1_339' title='bbox 1839 4562 1888 4624; x_wconf 85' lang='grc' dir='ltr'>Ι)</span> 
     </span>
    </p>
   </div>
   <div class='ocr_carea' id='block_1_51' title="bbox 173 4658 1813 4728">
    <p class='ocr_par' dir='ltr' id='par_1_51' title="bbox 173 4658 1813 4728">
     <span class='ocr_line' id='line_1_51' title="bbox 173 4658 1813 4728; baseline 0.001 -18"><span class='ocrx_word' id='word_1_340' title='bbox 173 4659 443 4714; x_wconf 79' lang='lat' dir='ltr'>Antonius</span> <span class='ocrx_word' id='word_1_341' title='bbox 500 4658 918 4728; x_wconf 79' lang='lat' dir='ltr'>Augustinus,</span> <span class='ocrx_word' id='word_1_342' title='bbox 981 4661 1038 4712; x_wconf 86' lang='lat' dir='ltr'>et</span> <span class='ocrx_word' id='word_1_343' title='bbox 1089 4660 1288 4712; x_wconf 86' lang='lat' dir='ltr'>tamen</span> <span class='ocrx_word' id='word_1_344' title='bbox 1353 4658 1467 4712; x_wconf 90' lang='lat' dir='ltr'>huc</span> <span class='ocrx_word' id='word_1_345' title='bbox 1531 4658 1813 4711; x_wconf 90' lang='lat' dir='ltr'>inclinare</span> 
     </span>
    </p>
   </div>
   <div class='ocr_carea' id='block_1_52' title="bbox 176 4746 1817 4816">
    <p class='ocr_par' dir='ltr' id='par_1_52' title="bbox 176 4746 1817 4816">
     <span class='ocr_line' id='line_1_52' title="bbox 176 4746 1817 4816; baseline 0.002 -19"><span class='ocrx_word' id='word_1_346' title='bbox 176 4746 322 4802; x_wconf 88' lang='lat' dir='ltr'>visus</span> <span class='ocrx_word' id='word_1_347' title='bbox 352 4751 465 4816; x_wconf 84' lang='lat' dir='ltr'>est,</span> <span class='ocrx_word' id='word_1_348' title='bbox 503 4752 566 4802; x_wconf 91' lang='lat' dir='ltr'>ut</span> <span class='ocrx_word' id='word_1_349' title='bbox 594 4746 1015 4801; x_wconf 88' lang='lat' dir='ltr'>Collectionem</span> <span class='ocrx_word' id='word_1_350' title='bbox 1048 4747 1222 4800; x_wconf 89' lang='lat' dir='ltr'>istam</span> <span class='ocrx_word' id='word_1_351' title='bbox 1260 4761 1376 4800; x_wconf 92' lang='lat' dir='ltr'>non</span> <span class='ocrx_word' id='word_1_352' title='bbox 1407 4750 1636 4816; x_wconf 86' lang='lat' dir='ltr'>putaret</span> <span class='ocrx_word' id='word_1_353' title='bbox 1678 4761 1817 4801; x_wconf 91' lang='lat' dir='ltr'>esse</span> 
     </span>
    </p>
   </div>
   <div class='ocr_carea' id='block_1_53' title="bbox 176 4835 1813 4907">
    <p class='ocr_par' dir='ltr' id='par_1_53' title="bbox 176 4835 1813 4907">
     <span class='ocr_line' id='line_1_53' title="bbox 176 4835 1813 4907; baseline 0.001 -19"><span class='ocrx_word' id='word_1_354' title='bbox 176 4836 446 4904; x_wconf 80' lang='lat' dir='ltr'>Anselmi;</span> <span class='ocrx_word' id='word_1_355' title='bbox 478 4837 749 4907; x_wconf 83' lang='lat' dir='ltr'>adeoque</span> <span class='ocrx_word' id='word_1_356' title='bbox 782 4835 1186 4907; x_wconf 86' lang='lat' dir='ltr'>conjecturam</span> <span class='ocrx_word' id='word_1_357' title='bbox 1206 4835 1346 4889; x_wconf 90' lang='lat' dir='ltr'>fecit</span> <span class='ocrx_word' id='word_1_358' title='bbox 1376 4836 1447 4889; x_wconf 89' lang='lat' dir='ltr'>de</span> <span class='ocrx_word' id='word_1_359' title='bbox 1472 4835 1813 4890; x_wconf 85' lang='lat' dir='ltr'>Hildeberto</span> 
     </span>
    </p>
   </div>
   <div class='ocr_carea' id='block_1_54' title="bbox 177 4922 1819 4996">
    <p class='ocr_par' dir='ltr' id='par_1_54' title="bbox 177 4922 1819 4996">
     <span class='ocr_line' id='line_1_54' title="bbox 177 4922 1819 4996; baseline 0.001 -19"><span class='ocrx_word' id='word_1_360' title='bbox 177 4922 613 4994; x_wconf 85' lang='lat' dir='ltr'>Geuomanensi,</span> <span class='ocrx_word' id='word_1_361' title='bbox 661 4940 835 4996; x_wconf 84' lang='lat' dir='ltr'>quem</span> <span class='ocrx_word' id='word_1_362' title='bbox 885 4927 1117 4979; x_wconf 87' lang='lat' dir='ltr'>constat</span> <span class='ocrx_word' id='word_1_363' title='bbox 1163 4923 1357 4978; x_wconf 90' lang='lat' dir='ltr'>simile</span> <span class='ocrx_word' id='word_1_364' title='bbox 1416 4923 1638 4993; x_wconf 88' lang='lat' dir='ltr'>aliquid</span> <span class='ocrx_word' id='word_1_365' title='bbox 1682 4923 1819 4978; x_wconf 89' lang='lat' dir='ltr'>olim</span> 
     </span>
    </p>
   </div>
   <div class='ocr_carea' id='block_1_55' title="bbox 176 5016 507 5070">
    <p class='ocr_par' dir='ltr' id='par_1_55' title="bbox 176 5016 507 5070">
     <span class='ocr_line' id='line_1_55' title="bbox 176 5016 507 5070; baseline 0 -5"><span class='ocrx_word' id='word_1_366' title='bbox 176 5016 440 5070; x_wconf 86' lang='lat' dir='ltr'>tentasse.</span> <span class='ocrx_word' id='word_1_367' title='bbox 476 5035 507 5065; x_wconf 71' lang='grc' dir='ltr'>ι»</span> 
     </span>
    </p>
   </div>
   <div class='ocr_carea' id='block_1_56' title="bbox 238 5102 1824 5173">
    <p class='ocr_par' dir='ltr' id='par_1_56' title="bbox 238 5102 1824 5173">
     <span class='ocr_line' id='line_1_56' title="bbox 238 5102 1824 5173; baseline -0.001 -18"><span class='ocrx_word' id='word_1_368' title='bbox 238 5102 375 5158; x_wconf 73' lang='lat' dir='ltr'>Hmc</span> <span class='ocrx_word' id='word_1_369' title='bbox 406 5102 691 5158; x_wconf 85' lang='lat' dir='ltr'>Baluzius</span> <span class='ocrx_word' id='word_1_370' title='bbox 721 5104 782 5157; x_wconf 89' lang='lat' dir='ltr'>in</span> <span class='ocrx_word' id='word_1_371' title='bbox 810 5104 1141 5173; x_wconf 78' lang='lat' dir='ltr'>prefatione</span> <span class='ocrx_word' id='word_1_372' title='bbox 1170 5104 1243 5157; x_wconf 88' lang='lat' dir='ltr'>ad</span> <span class='ocrx_word' id='word_1_373' title='bbox 1274 5102 1592 5157; x_wconf 85' lang='lat' dir='ltr'>Antonium</span> <span class='ocrx_word' id='word_1_374' title='bbox 1622 5102 1824 5173; x_wconf 85' lang='lat' dir='ltr'>Augu-</span> 
     </span>
    </p>
   </div>
   <div class='ocr_carea' id='block_1_57' title="bbox 180 5189 1823 5262">
    <p class='ocr_par' dir='ltr' id='par_1_57' title="bbox 180 5189 1823 5262">
     <span class='ocr_line' id='line_1_57' title="bbox 180 5189 1823 5262; baseline 0 -19"><span class='ocrx_word' id='word_1_375' title='bbox 180 5192 377 5246; x_wconf 86' lang='lat' dir='ltr'>stinum</span> <span class='ocrx_word' id='word_1_376' title='bbox 408 5192 499 5247; x_wconf 85' lang='lat' dir='ltr'>De</span> <span class='ocrx_word' id='word_1_377' title='bbox 534 5191 945 5245; x_wconf 88' lang='lat' dir='ltr'>emendatione</span> <span class='ocrx_word' id='word_1_378' title='bbox 979 5191 1275 5262; x_wconf 87' lang='lat' dir='ltr'>Gratiani,</span> <span class='ocrx_word' id='word_1_379' title='bbox 1289 5208 1450 5246; x_wconf 90' lang='lat' dir='ltr'>num.</span> <span class='ocrx_word' id='word_1_380' title='bbox 1477 5189 1562 5245; x_wconf 92' lang='grc'>19.</span> <span class='ocrx_word' id='word_1_381' title='bbox 1596 5190 1710 5244; x_wconf 85' lang='lat' dir='ltr'>Sed</span> <span class='ocrx_word' id='word_1_382' title='bbox 1735 5207 1823 5243; x_wconf 90' lang='lat' dir='ltr'>ar-</span> 
     </span>
    </p>
   </div>
   <div class='ocr_carea' id='block_1_58' title="bbox 184 5279 1828 5351">
    <p class='ocr_par' dir='ltr' id='par_1_58' title="bbox 184 5279 1828 5351">
     <span class='ocr_line' id='line_1_58' title="bbox 184 5279 1828 5351; baseline -0.001 -19"><span class='ocrx_word' id='word_1_383' title='bbox 184 5284 436 5346; x_wconf 75' lang='lat' dir='ltr'>gumenta</span> <span class='ocrx_word' id='word_1_384' title='bbox 466 5282 582 5333; x_wconf 87' lang='lat' dir='ltr'>ista</span> <span class='ocrx_word' id='word_1_385' title='bbox 616 5281 852 5333; x_wconf 88' lang='lat' dir='ltr'>omnino</span> <span class='ocrx_word' id='word_1_386' title='bbox 882 5281 1159 5351; x_wconf 84' lang='lat' dir='ltr'>negativa</span> <span class='ocrx_word' id='word_1_387' title='bbox 1192 5284 1349 5349; x_wconf 89' lang='lat' dir='ltr'>sunt,</span> <span class='ocrx_word' id='word_1_388' title='bbox 1370 5296 1503 5350; x_wconf 65' lang='lat' dir='ltr'>qum</span> <span class='ocrx_word' id='word_1_389' title='bbox 1526 5279 1671 5333; x_wconf 90' lang='lat' dir='ltr'>nihil</span> <span class='ocrx_word' id='word_1_390' title='bbox 1696 5295 1828 5332; x_wconf 89' lang='lat' dir='ltr'>con-</span> 
     </span>
    </p>
   </div>
   <div class='ocr_carea' id='block_1_59' title="bbox 184 5365 1823 5439">
    <p class='ocr_par' dir='ltr' id='par_1_59' title="bbox 184 5365 1823 5439">
     <span class='ocr_line' id='line_1_59' title="bbox 184 5365 1823 5439; baseline 0.002 -22"><span class='ocrx_word' id='word_1_391' title='bbox 184 5365 397 5423; x_wconf 87' lang='lat' dir='ltr'>cludere</span> <span class='ocrx_word' id='word_1_392' title='bbox 428 5371 716 5439; x_wconf 87' lang='lat' dir='ltr'>possunt:</span> <span class='ocrx_word' id='word_1_393' title='bbox 740 5369 992 5423; x_wconf 81' lang='lat' dir='ltr'>maxime</span> <span class='ocrx_word' id='word_1_394' title='bbox 1015 5385 1148 5423; x_wconf 92' lang='lat' dir='ltr'>cum</span> <span class='ocrx_word' id='word_1_395' title='bbox 1166 5370 1372 5439; x_wconf 90' lang='lat' dir='ltr'>plures</span> <span class='ocrx_word' id='word_1_396' title='bbox 1391 5384 1423 5424; x_wconf 92' lang='lat' dir='ltr'>e</span> <span class='ocrx_word' id='word_1_397' title='bbox 1440 5372 1642 5424; x_wconf 89' lang='lat' dir='ltr'>contra</span> <span class='ocrx_word' id='word_1_398' title='bbox 1676 5382 1823 5421; x_wconf 89' lang='lat' dir='ltr'>mss.</span> 
     </span>
    </p>
   </div>
   <div class='ocr_carea' id='block_1_60' title="bbox 186 5456 1825 5525">
    <p class='ocr_par' dir='ltr' id='par_1_60' title="bbox 186 5456 1825 5525">
     <span class='ocr_line' id='line_1_60' title="bbox 186 5456 1825 5525; baseline 0.001 -17"><span class='ocrx_word' id='word_1_399' title='bbox 186 5456 403 5511; x_wconf 85' lang='lat' dir='ltr'>codices</span> <span class='ocrx_word' id='word_1_400' title='bbox 433 5460 671 5511; x_wconf 83' lang='lat' dir='ltr'>exstent</span> <span class='ocrx_word' id='word_1_401' title='bbox 700 5457 758 5509; x_wconf 92' lang='lat' dir='ltr'>in</span> <span class='ocrx_word' id='word_1_402' title='bbox 782 5457 943 5511; x_wconf 88' lang='lat' dir='ltr'>Italia</span> <span class='ocrx_word' id='word_1_403' title='bbox 971 5460 1025 5511; x_wconf 91' lang='lat' dir='ltr'>et</span> <span class='ocrx_word' id='word_1_404' title='bbox 1046 5456 1370 5525; x_wconf 86' lang='lat' dir='ltr'>Gallia,ubi</span> <span class='ocrx_word' id='word_1_405' title='bbox 1389 5458 1516 5511; x_wconf 83' lang='lat' dir='ltr'>haec</span> <span class='ocrx_word' id='word_1_406' title='bbox 1544 5456 1825 5510; x_wconf 89' lang='lat' dir='ltr'>Collectio</span> 
     </span>
    </p>
   </div>
   <div class='ocr_carea' id='block_1_61' title="bbox 186 5544 1833 5616">
    <p class='ocr_par' dir='ltr' id='par_1_61' title="bbox 186 5544 1833 5616">
     <span class='ocr_line' id='line_1_61' title="bbox 186 5544 1833 5616; baseline 0.001 -19"><span class='ocrx_word' id='word_1_407' title='bbox 186 5558 453 5599; x_wconf 83' lang='lat' dir='ltr'>canonum</span> <span class='ocrx_word' id='word_1_408' title='bbox 476 5546 762 5599; x_wconf 80' lang='lat' dir='ltr'>Anselmo</span> <span class='ocrx_word' id='word_1_409' title='bbox 785 5546 1041 5600; x_wconf 87' lang='lat' dir='ltr'>Lucensi</span> <span class='ocrx_word' id='word_1_410' title='bbox 1055 5545 1341 5616; x_wconf 90' lang='lat' dir='ltr'>episcopo</span> <span class='ocrx_word' id='word_1_411' title='bbox 1356 5546 1575 5600; x_wconf 90' lang='lat' dir='ltr'>diserte</span> <span class='ocrx_word' id='word_1_412' title='bbox 1589 5544 1833 5599; x_wconf 85' lang='lat' dir='ltr'>ascribi-</span> 
     </span>
    </p>
   </div>
   <div class='ocr_carea' id='block_1_62' title="bbox 187 5634 1831 5707">
    <p class='ocr_par' dir='ltr' id='par_1_62' title="bbox 187 5634 1831 5707">
     <span class='ocr_line' id='line_1_62' title="bbox 187 5634 1831 5707; baseline 0.004 -24"><span class='ocrx_word' id='word_1_413' title='bbox 187 5635 287 5685; x_wconf 88' lang='lat' dir='ltr'>tur.</span> <span class='ocrx_word' id='word_1_414' title='bbox 310 5635 383 5689; x_wconf 88' lang='lat' dir='ltr'>Ut</span> <span class='ocrx_word' id='word_1_415' title='bbox 413 5634 575 5689; x_wconf 87' lang='lat' dir='ltr'>cnim</span> <span class='ocrx_word' id='word_1_416' title='bbox 592 5636 884 5690; x_wconf 62' lang='lat' dir='ltr'>testantur</span> <span class='ocrx_word' id='word_1_417' title='bbox 896 5636 994 5707; x_wconf 90' lang='lat' dir='ltr'>qui</span> <span class='ocrx_word' id='word_1_418' title='bbox 1016 5636 1403 5691; x_wconf 88' lang='lat' dir='ltr'>emendarunt</span> <span class='ocrx_word' id='word_1_419' title='bbox 1421 5634 1647 5706; x_wconf 87' lang='lat' dir='ltr'>Corpus</span> <span class='ocrx_word' id='word_1_420' title='bbox 1664 5634 1831 5706; x_wconf 82' lang='lat' dir='ltr'>juris</span> 
     </span>
    </p>
   </div>
   <div class='ocr_carea' id='block_1_63' title="bbox 1910 571 3573 646">
    <p class='ocr_par' dir='ltr' id='par_1_63' title="bbox 1910 571 3573 646">
     <span class='ocr_line' id='line_1_63' title="bbox 1910 571 3573 646; baseline 0.008 -21"><span class='ocrx_word' id='word_1_421' title='bbox 1910 573 2063 625; x_wconf 90' lang='lat' dir='ltr'>mani</span> <span class='ocrx_word' id='word_1_422' title='bbox 2093 571 2272 642; x_wconf 85' lang='lat' dir='ltr'>jussu</span> <span class='ocrx_word' id='word_1_423' title='bbox 2303 572 2576 645; x_wconf 82' lang='lat' dir='ltr'>Gregorii</span> <span class='ocrx_word' id='word_1_424' title='bbox 2607 575 2771 646; x_wconf 87' lang='lat' dir='ltr'><strong>XIII,</strong></span> <span class='ocrx_word' id='word_1_425' title='bbox 2805 577 3205 635; x_wconf 90' lang='lat' dir='ltr'>voluminibus</span> <span class='ocrx_word' id='word_1_426' title='bbox 3244 582 3278 634; x_wconf 88' lang='lat'><strong>3</strong></span> <span class='ocrx_word' id='word_1_427' title='bbox 3329 583 3389 635; x_wconf 90' lang='lat' dir='ltr'>in</span> <span class='ocrx_word' id='word_1_428' title='bbox 3432 581 3573 638; x_wconf 88' lang='lat' dir='ltr'>folio</span> 
     </span>
    </p>
   </div>
   <div class='ocr_carea' id='block_1_64' title="bbox 1912 660 3574 740">
    <p class='ocr_par' dir='ltr' id='par_1_64' title="bbox 1912 660 3574 740">
     <span class='ocr_line' id='line_1_64' title="bbox 1912 660 3574 740; baseline 0.006 -26"><span class='ocrx_word' id='word_1_429' title='bbox 1912 676 2064 716; x_wconf 87' lang='lat' dir='ltr'>anno</span> <span class='ocrx_word' id='word_1_430' title='bbox 2096 660 2234 717; x_wconf 76' lang='lat'>1582</span> <span class='ocrx_word' id='word_1_431' title='bbox 2264 661 2647 733; x_wconf 89' lang='lat' dir='ltr'>impressum,</span> <span class='ocrx_word' id='word_1_432' title='bbox 2665 664 2815 719; x_wconf 91' lang='lat' dir='ltr'>inter</span> <span class='ocrx_word' id='word_1_433' title='bbox 2836 681 2984 720; x_wconf 87' lang='lat' dir='ltr'>mss.</span> <span class='ocrx_word' id='word_1_434' title='bbox 3001 668 3239 722; x_wconf 91' lang='lat' dir='ltr'>codices</span> <span class='ocrx_word' id='word_1_435' title='bbox 3263 671 3481 740; x_wconf 88' lang='lat' dir='ltr'>quibus</span> <span class='ocrx_word' id='word_1_436' title='bbox 3498 670 3574 724; x_wconf 91' lang='lat' dir='ltr'>ad</span> 
     </span>
    </p>
   </div>
   <div class='ocr_carea' id='block_1_65' title="bbox 1914 750 3570 830">
    <p class='ocr_par' dir='ltr' id='par_1_65' title="bbox 1914 750 3570 830">
     <span class='ocr_line' id='line_1_65' title="bbox 1914 750 3570 830; baseline 0.007 -28"><span class='ocrx_word' id='word_1_437' title='bbox 1914 750 2065 804; x_wconf 90' lang='lat' dir='ltr'>hanc</span> <span class='ocrx_word' id='word_1_438' title='bbox 2096 751 2563 806; x_wconf 86' lang='lat' dir='ltr'>emendationem</span> <span class='ocrx_word' id='word_1_439' title='bbox 2590 755 2765 823; x_wconf 88' lang='lat' dir='ltr'>atque</span> <span class='ocrx_word' id='word_1_440' title='bbox 2798 755 3226 810; x_wconf 89' lang='lat' dir='ltr'>correctionem</span> <span class='ocrx_word' id='word_1_441' title='bbox 3273 758 3367 811; x_wconf 90' lang='lat' dir='ltr'>usi</span> <span class='ocrx_word' id='word_1_442' title='bbox 3410 762 3570 830; x_wconf 90' lang='lat' dir='ltr'>sunt,</span> 
     </span>
    </p>
   </div>
   <div class='ocr_carea' id='block_1_66' title="bbox 1913 839 3572 900">
    <p class='ocr_par' dir='ltr' id='par_1_66' title="bbox 1913 839 3572 900">
     <span class='ocr_line' id='line_1_66' title="bbox 1913 839 3572 900; baseline 0.004 -7"><span class='ocrx_word' id='word_1_443' title='bbox 1913 841 2148 893; x_wconf 85' lang='lat' dir='ltr'>exstant</span> <span class='ocrx_word' id='word_1_444' title='bbox 2168 839 2283 893; x_wconf 91' lang='lat' dir='ltr'>duo</span> <span class='ocrx_word' id='word_1_445' title='bbox 2303 856 2451 895; x_wconf 92' lang='lat' dir='ltr'>mss.</span> <span class='ocrx_word' id='word_1_446' title='bbox 2467 842 2707 896; x_wconf 90' lang='lat' dir='ltr'>codices</span> <span class='ocrx_word' id='word_1_447' title='bbox 2733 840 3114 898; x_wconf 84' lang='lat' dir='ltr'>Collectiouis</span> <span class='ocrx_word' id='word_1_448' title='bbox 3135 844 3427 900; x_wconf 89' lang='lat' dir='ltr'>Canouum</span> <span class='ocrx_word' id='word_1_449' title='bbox 3449 848 3572 900; x_wconf 86' lang='lat' dir='ltr'>An-</span> 
     </span>
    </p>
   </div>
   <div class='ocr_carea' id='block_1_67' title="bbox 1914 927 3575 1000">
    <p class='ocr_par' dir='ltr' id='par_1_67' title="bbox 1914 927 3575 1000">
     <span class='ocr_line' id='line_1_67' title="bbox 1914 927 3575 1000; baseline 0.005 -19"><span class='ocrx_word' id='word_1_450' title='bbox 1914 927 2088 982; x_wconf 89' lang='lat' dir='ltr'>selmi</span> <span class='ocrx_word' id='word_1_451' title='bbox 2101 929 2389 982; x_wconf 88' lang='lat' dir='ltr'>Lucensis</span> <span class='ocrx_word' id='word_1_452' title='bbox 2402 930 2680 999; x_wconf 75' lang='lat' dir='ltr'>episwpi,</span> <span class='ocrx_word' id='word_1_453' title='bbox 2699 946 2950 1000; x_wconf 88' lang='lat' dir='ltr'>quorum</span> <span class='ocrx_word' id='word_1_454' title='bbox 2970 948 3123 986; x_wconf 88' lang='lat' dir='ltr'>unus</span> <span class='ocrx_word' id='word_1_455' title='bbox 3138 933 3196 987; x_wconf 91' lang='lat' dir='ltr'>in</span> <span class='ocrx_word' id='word_1_456' title='bbox 3217 933 3575 989; x_wconf 86' lang='lat' dir='ltr'>bibliotheca</span> 
     </span>
    </p>
   </div>
   <div class='ocr_carea' id='block_1_68' title="bbox 1916 1016 3574 1091">
    <p class='ocr_par' dir='ltr' id='par_1_68' title="bbox 1916 1016 3574 1091">
     <span class='ocr_line' id='line_1_68' title="bbox 1916 1016 3574 1091; baseline 0.004 -22"><span class='ocrx_word' id='word_1_457' title='bbox 1916 1016 2195 1070; x_wconf 87' lang='lat' dir='ltr'>Vaticana</span> <span class='ocrx_word' id='word_1_458' title='bbox 2230 1020 2439 1083; x_wconf 86' lang='lat' dir='ltr'>exstat,</span> <span class='ocrx_word' id='word_1_459' title='bbox 2492 1018 2638 1071; x_wconf 90' lang='lat' dir='ltr'>alter</span> <span class='ocrx_word' id='word_1_460' title='bbox 2683 1020 2939 1074; x_wconf 87' lang='lat' dir='ltr'>hominis</span> <span class='ocrx_word' id='word_1_461' title='bbox 2990 1022 3204 1091; x_wconf 87' lang='lat' dir='ltr'>privati</span> <span class='ocrx_word' id='word_1_462' title='bbox 3253 1026 3309 1077; x_wconf 88' lang='lat' dir='ltr'>et</span> <span class='ocrx_word' id='word_1_463' title='bbox 3359 1024 3574 1077; x_wconf 88' lang='lat' dir='ltr'>eruditi</span> 
     </span>
    </p>
   </div>
   <div class='ocr_carea' id='block_1_69' title="bbox 1916 1105 3576 1179">
    <p class='ocr_par' dir='ltr' id='par_1_69' title="bbox 1916 1105 3576 1179">
     <span class='ocr_line' id='line_1_69' title="bbox 1916 1105 3576 1179; baseline 0.004 -20"><span class='ocrx_word' id='word_1_464' title='bbox 1916 1105 2158 1174; x_wconf 85' lang='lat' dir='ltr'>exstitit,</span> <span class='ocrx_word' id='word_1_465' title='bbox 2177 1105 2515 1176; x_wconf 71' lang='lat' dir='ltr'>Hieronymi</span> <span class='ocrx_word' id='word_1_466' title='bbox 2539 1108 2837 1177; x_wconf 84' lang='lat' dir='ltr'>Parisetti,</span> <span class='ocrx_word' id='word_1_467' title='bbox 2865 1125 3038 1179; x_wconf 90' lang='lat' dir='ltr'>quem</span> <span class='ocrx_word' id='word_1_468' title='bbox 3070 1111 3411 1165; x_wconf 72' lang='lat' dir='ltr'>Barberinaa</span> <span class='ocrx_word' id='word_1_469' title='bbox 3442 1127 3576 1165; x_wconf 87' lang='lat' dir='ltr'>cre-</span> 
     </span>
    </p>
   </div>
   <div class='ocr_carea' id='block_1_70' title="bbox 1916 1195 3577 1262">
    <p class='ocr_par' dir='ltr' id='par_1_70' title="bbox 1916 1195 3577 1262">
     <span class='ocr_line' id='line_1_70' title="bbox 1916 1195 3577 1262; baseline 0.005 -14"><span class='ocrx_word' id='word_1_470' title='bbox 1916 1195 2110 1248; x_wconf 91' lang='lat' dir='ltr'>dimus</span> <span class='ocrx_word' id='word_1_471' title='bbox 2141 1196 2482 1249; x_wconf 89' lang='lat' dir='ltr'>accessisse</span> <span class='ocrx_word' id='word_1_472' title='bbox 2511 1195 3090 1262; x_wconf 84' lang='lat' dir='ltr'>bibliothecae.Quod</span> <span class='ocrx_word' id='word_1_473' title='bbox 3112 1199 3163 1253; x_wconf 80' lang='lat' dir='ltr'>si</span> <span class='ocrx_word' id='word_1_474' title='bbox 3194 1200 3463 1254; x_wconf 77' lang='lat' dir='ltr'>nonnulli</span> <span class='ocrx_word' id='word_1_475' title='bbox 3483 1215 3577 1255; x_wconf 88' lang='lat' dir='ltr'>ca-</span> 
     </span>
    </p>
   </div>
   <div class='ocr_carea' id='block_1_71' title="bbox 1916 1283 3579 1359">
    <p class='ocr_par' dir='ltr' id='par_1_71' title="bbox 1916 1283 3579 1359">
     <span class='ocr_line' id='line_1_71' title="bbox 1916 1283 3579 1359; baseline 0.005 -23"><span class='ocrx_word' id='word_1_476' title='bbox 1916 1298 2104 1337; x_wconf 88' lang='lat' dir='ltr'>nones</span> <span class='ocrx_word' id='word_1_477' title='bbox 2134 1283 2193 1335; x_wconf 93' lang='lat' dir='ltr'>in</span> <span class='ocrx_word' id='word_1_478' title='bbox 2224 1284 2404 1338; x_wconf 90' lang='lat' dir='ltr'>certis</span> <span class='ocrx_word' id='word_1_479' title='bbox 2437 1300 2584 1338; x_wconf 89' lang='lat' dir='ltr'>mss.</span> <span class='ocrx_word' id='word_1_480' title='bbox 2621 1286 2929 1340; x_wconf 86' lang='lat' dir='ltr'>codicibus</span> <span class='ocrx_word' id='word_1_481' title='bbox 2970 1287 3154 1359; x_wconf 91' lang='lat' dir='ltr'>hujus</span> <span class='ocrx_word' id='word_1_482' title='bbox 3197 1288 3579 1344; x_wconf 89' lang='lat' dir='ltr'>Collectionis</span> 
     </span>
    </p>
   </div>
   <div class='ocr_carea' id='block_1_72' title="bbox 1919 1371 3577 1448">
    <p class='ocr_par' dir='ltr' id='par_1_72' title="bbox 1919 1371 3577 1448">
     <span class='ocr_line' id='line_1_72' title="bbox 1919 1371 3577 1448; baseline 0.004 -24"><span class='ocrx_word' id='word_1_483' title='bbox 1919 1371 2309 1441; x_wconf 90' lang='lat' dir='ltr'>inveniantur,</span> <span class='ocrx_word' id='word_1_484' title='bbox 2345 1374 2445 1443; x_wconf 89' lang='lat' dir='ltr'>qui</span> <span class='ocrx_word' id='word_1_485' title='bbox 2489 1375 2771 1429; x_wconf 90' lang='lat' dir='ltr'>Anselmo</span> <span class='ocrx_word' id='word_1_486' title='bbox 2803 1376 3170 1445; x_wconf 87' lang='lat' dir='ltr'>posteriores</span> <span class='ocrx_word' id='word_1_487' title='bbox 3218 1376 3396 1448; x_wconf 87' lang='lat' dir='ltr'>longe</span> <span class='ocrx_word' id='word_1_488' title='bbox 3436 1378 3577 1446; x_wconf 88' lang='lat' dir='ltr'>sint,</span> 
     </span>
    </p>
   </div>
   <div class='ocr_carea' id='block_1_73' title="bbox 1919 1459 3580 1537">
    <p class='ocr_par' dir='ltr' id='par_1_73' title="bbox 1919 1459 3580 1537">
     <span class='ocr_line' id='line_1_73' title="bbox 1919 1459 3580 1537; baseline 0.004 -25"><span class='ocrx_word' id='word_1_489' title='bbox 1919 1459 2049 1513; x_wconf 83' lang='lat' dir='ltr'>haec</span> <span class='ocrx_word' id='word_1_490' title='bbox 2081 1460 2428 1529; x_wconf 87' lang='lat' dir='ltr'>interpolata</span> <span class='ocrx_word' id='word_1_491' title='bbox 2460 1463 2600 1516; x_wconf 91' lang='lat' dir='ltr'>vitia</span> <span class='ocrx_word' id='word_1_492' title='bbox 2630 1466 2798 1533; x_wconf 89' lang='lat' dir='ltr'>sunt,</span> <span class='ocrx_word' id='word_1_493' title='bbox 2831 1479 2949 1518; x_wconf 90' lang='lat' dir='ltr'>non</span> <span class='ocrx_word' id='word_1_494' title='bbox 2979 1468 3327 1535; x_wconf 88' lang='lat' dir='ltr'>argumenta</span> <span class='ocrx_word' id='word_1_495' title='bbox 3377 1468 3580 1537; x_wconf 82' lang='lat' dir='ltr'>contra</span> 
     </span>
    </p>
   </div>
   <div class='ocr_carea' id='block_1_74' title="bbox 1918 1548 3580 1618">
    <p class='ocr_par' dir='ltr' id='par_1_74' title="bbox 1918 1548 3580 1618">
     <span class='ocr_line' id='line_1_74' title="bbox 1918 1548 3580 1618; baseline 0.005 -17"><span class='ocrx_word' id='word_1_496' title='bbox 1918 1548 2266 1603; x_wconf 83' lang='lat' dir='ltr'>Anselmum</span> <span class='ocrx_word' id='word_1_497' title='bbox 2298 1550 2510 1618; x_wconf 87' lang='lat' dir='ltr'>valida,</span> <span class='ocrx_word' id='word_1_498' title='bbox 2545 1552 2794 1606; x_wconf 82' lang='lat' dir='ltr'>maxime</span> <span class='ocrx_word' id='word_1_499' title='bbox 2826 1568 2958 1607; x_wconf 91' lang='lat' dir='ltr'>cum</span> <span class='ocrx_word' id='word_1_500' title='bbox 2989 1553 3132 1607; x_wconf 91' lang='lat' dir='ltr'>nulli</span> <span class='ocrx_word' id='word_1_501' title='bbox 3164 1570 3424 1609; x_wconf 89' lang='lat' dir='ltr'>canones</span> <span class='ocrx_word' id='word_1_502' title='bbox 3452 1553 3580 1609; x_wconf 82' lang='lat' dir='ltr'>An-</span> 
     </span>
    </p>
   </div>
   <div class='ocr_carea' id='block_1_75' title="bbox 1922 1638 3579 1712">
    <p class='ocr_par' dir='ltr' id='par_1_75' title="bbox 1922 1638 3579 1712">
     <span class='ocr_line' id='line_1_75' title="bbox 1922 1638 3579 1712; baseline 0.005 -22"><span class='ocrx_word' id='word_1_503' title='bbox 1922 1638 2109 1691; x_wconf 89' lang='lat' dir='ltr'>selmo</span> <span class='ocrx_word' id='word_1_504' title='bbox 2139 1638 2505 1707; x_wconf 89' lang='lat' dir='ltr'>posteriores</span> <span class='ocrx_word' id='word_1_505' title='bbox 2536 1640 2911 1695; x_wconf 87' lang='lat' dir='ltr'>inveniantur</span> <span class='ocrx_word' id='word_1_506' title='bbox 2940 1643 2999 1695; x_wconf 91' lang='lat' dir='ltr'>in</span> <span class='ocrx_word' id='word_1_507' title='bbox 3031 1643 3467 1712; x_wconf 87' lang='lat' dir='ltr'>antiquissimis</span> <span class='ocrx_word' id='word_1_508' title='bbox 3481 1659 3579 1698; x_wconf 89' lang='lat' dir='ltr'>co-</span> 
     </span>
    </p>
   </div>
   <div class='ocr_carea' id='block_1_76' title="bbox 1922 1726 3582 1785">
    <p class='ocr_par' dir='ltr' id='par_1_76' title="bbox 1922 1726 3582 1785">
     <span class='ocr_line' id='line_1_76' title="bbox 1922 1726 3582 1785; baseline 0.002 -4"><span class='ocrx_word' id='word_1_509' title='bbox 1922 1726 2157 1781; x_wconf 88' lang='lat' dir='ltr'>dicibus</span> <span class='ocrx_word' id='word_1_510' title='bbox 2187 1729 2247 1781; x_wconf 58' lang='grc' dir='ltr'>ὃ.</span> <span class='ocrx_word' id='word_1_511' title='bbox 2282 1727 2552 1781; x_wconf 86' lang='lat' dir='ltr'>Germani</span> <span class='ocrx_word' id='word_1_512' title='bbox 2576 1728 3357 1785; x_wconf 82' lang='lat' dir='ltr'>Parisiensis.Hildebertus</span> <span class='ocrx_word' id='word_1_513' title='bbox 3388 1735 3582 1785; x_wconf 90' lang='lat' dir='ltr'>autem</span> 
     </span>
    </p>
   </div>
   <div class='ocr_carea' id='block_1_77' title="bbox 1920 1815 3581 1889">
    <p class='ocr_par' dir='ltr' id='par_1_77' title="bbox 1920 1815 3581 1889">
     <span class='ocr_line' id='line_1_77' title="bbox 1920 1815 3581 1889; baseline 0.002 -19"><span class='ocrx_word' id='word_1_514' title='bbox 1920 1815 2384 1870; x_wconf 85' lang='lat' dir='ltr'>Cenomanensis</span> <span class='ocrx_word' id='word_1_515' title='bbox 2432 1816 2752 1885; x_wconf 90' lang='lat' dir='ltr'>episcopus</span> <span class='ocrx_word' id='word_1_516' title='bbox 2800 1820 3061 1871; x_wconf 89' lang='lat' dir='ltr'>tentasse</span> <span class='ocrx_word' id='word_1_517' title='bbox 3119 1818 3337 1889; x_wconf 90' lang='lat' dir='ltr'>aliquid</span> <span class='ocrx_word' id='word_1_518' title='bbox 3388 1820 3581 1876; x_wconf 90' lang='lat' dir='ltr'>simile</span> 
     </span>
    </p>
   </div>
   <div class='ocr_carea' id='block_1_78' title="bbox 1923 1904 3584 1977">
    <p class='ocr_par' dir='ltr' id='par_1_78' title="bbox 1923 1904 3584 1977">
     <span class='ocr_line' id='line_1_78' title="bbox 1923 1904 3584 1977; baseline 0.002 -20"><span class='ocrx_word' id='word_1_519' title='bbox 1923 1904 2197 1968; x_wconf 86' lang='lat' dir='ltr'>creditur,</span> <span class='ocrx_word' id='word_1_520' title='bbox 2216 1905 2351 1974; x_wconf 86' lang='lat' dir='ltr'>quia</span> <span class='ocrx_word' id='word_1_521' title='bbox 2385 1904 2537 1958; x_wconf 89' lang='lat' dir='ltr'>inter</span> <span class='ocrx_word' id='word_1_522' title='bbox 2551 1904 2604 1975; x_wconf 88' lang='lat' dir='ltr'>ej</span> <span class='ocrx_word' id='word_1_523' title='bbox 2615 1921 2684 1959; x_wconf 92' lang='lat' dir='ltr'>us</span> <span class='ocrx_word' id='word_1_524' title='bbox 2697 1906 2981 1974; x_wconf 87' lang='lat' dir='ltr'>epistolas</span> <span class='ocrx_word' id='word_1_525' title='bbox 3004 1907 3300 1961; x_wconf 87' lang='lat' dir='ltr'>invenitur</span> <span class='ocrx_word' id='word_1_526' title='bbox 3313 1908 3584 1977; x_wconf 57' lang='lat' dir='ltr'>quadam</span> 
     </span>
    </p>
   </div>
   <div class='ocr_carea' id='block_1_79' title="bbox 1921 1991 3587 2062">
    <p class='ocr_par' dir='ltr' id='par_1_79' title="bbox 1921 1991 3587 2062">
     <span class='ocr_line' id='line_1_79' title="bbox 1921 1991 3587 2062; baseline 0.002 -15"><span class='ocrx_word' id='word_1_527' title='bbox 1921 1991 2189 2062; x_wconf 75' lang='lat' dir='ltr'>praefatio</span> <span class='ocrx_word' id='word_1_528' title='bbox 2221 1993 2279 2045; x_wconf 92' lang='lat' dir='ltr'>in</span> <span class='ocrx_word' id='word_1_529' title='bbox 2310 1991 2729 2048; x_wconf 91' lang='lat' dir='ltr'>Collectionem</span> <span class='ocrx_word' id='word_1_530' title='bbox 2778 2011 3069 2049; x_wconf 86' lang='lat' dir='ltr'>canonum</span> <span class='ocrx_word' id='word_1_531' title='bbox 3119 2012 3193 2049; x_wconf 82' lang='lat' dir='ltr'>cx</span> <span class='ocrx_word' id='word_1_532' title='bbox 3240 1996 3488 2051; x_wconf 88' lang='lat' dir='ltr'>concilis</span> <span class='ocrx_word' id='word_1_533' title='bbox 3528 1999 3587 2050; x_wconf 86' lang='lat' dir='ltr'>et</span> 
     </span>
    </p>
   </div>
   <div class='ocr_carea' id='block_1_80' title="bbox 1923 2082 3587 2153">
    <p class='ocr_par' dir='ltr' id='par_1_80' title="bbox 1923 2082 3587 2153">
     <span class='ocr_line' id='line_1_80' title="bbox 1923 2082 3587 2153; baseline 0.002 -18"><span class='ocrx_word' id='word_1_534' title='bbox 1923 2083 2146 2135; x_wconf 88' lang='lat' dir='ltr'>sanctis</span> <span class='ocrx_word' id='word_1_535' title='bbox 2176 2082 2476 2149; x_wconf 86' lang='lat' dir='ltr'>Patribus,</span> <span class='ocrx_word' id='word_1_536' title='bbox 2495 2099 2669 2152; x_wconf 90' lang='lat' dir='ltr'>quam</span> <span class='ocrx_word' id='word_1_537' title='bbox 2694 2083 2763 2136; x_wconf 89' lang='lat' dir='ltr'>ad</span> <span class='ocrx_word' id='word_1_538' title='bbox 2788 2083 2981 2152; x_wconf 91' lang='lat' dir='ltr'>ipsum</span> <span class='ocrx_word' id='word_1_539' title='bbox 3004 2084 3295 2153; x_wconf 86' lang='lat' dir='ltr'>pertinere</span> <span class='ocrx_word' id='word_1_540' title='bbox 3319 2084 3587 2139; x_wconf 90' lang='lat' dir='ltr'>nonnulli</span> 
     </span>
    </p>
   </div>
   <div class='ocr_carea' id='block_1_81' title="bbox 1924 2170 3586 2239">
    <p class='ocr_par' dir='ltr' id='par_1_81' title="bbox 1924 2170 3586 2239">
     <span class='ocr_line' id='line_1_81' title="bbox 1924 2170 3586 2239; baseline 0.002 -16"><span class='ocrx_word' id='word_1_541' title='bbox 1924 2171 2142 2239; x_wconf 83' lang='lat' dir='ltr'>Opinati</span> <span class='ocrx_word' id='word_1_542' title='bbox 2183 2173 2339 2224; x_wconf 91' lang='lat' dir='ltr'>sunt.</span> <span class='ocrx_word' id='word_1_543' title='bbox 2376 2170 2592 2225; x_wconf 89' lang='lat' dir='ltr'>Verum</span> <span class='ocrx_word' id='word_1_544' title='bbox 2637 2172 2735 2224; x_wconf 92' lang='lat' dir='ltr'>illa</span> <span class='ocrx_word' id='word_1_545' title='bbox 2784 2172 3003 2226; x_wconf 89' lang='lat' dir='ltr'>nullam</span> <span class='ocrx_word' id='word_1_546' title='bbox 3056 2188 3187 2226; x_wconf 90' lang='lat' dir='ltr'>cum</span> <span class='ocrx_word' id='word_1_547' title='bbox 3240 2173 3586 2227; x_wconf 88' lang='lat' dir='ltr'>Hildeberto</span> 
     </span>
    </p>
   </div>
   <div class='ocr_carea' id='block_1_82' title="bbox 1926 2260 3588 2330">
    <p class='ocr_par' dir='ltr' id='par_1_82' title="bbox 1926 2260 3588 2330">
     <span class='ocr_line' id='line_1_82' title="bbox 1926 2260 3588 2330; baseline 0.002 -18"><span class='ocrx_word' id='word_1_548' title='bbox 1926 2260 2351 2313; x_wconf 85' lang='lat' dir='ltr'>conuexionem</span> <span class='ocrx_word' id='word_1_549' title='bbox 2385 2260 2580 2327; x_wconf 90' lang='lat' dir='ltr'>habet,</span> <span class='ocrx_word' id='word_1_550' title='bbox 2612 2264 2823 2330; x_wconf 87' lang='lat' dir='ltr'>estque</span> <span class='ocrx_word' id='word_1_551' title='bbox 2856 2261 3121 2329; x_wconf 74' lang='lat' dir='ltr'>praefatio</span> <span class='ocrx_word' id='word_1_552' title='bbox 3146 2260 3346 2315; x_wconf 89' lang='lat' dir='ltr'>Ivonis</span> <span class='ocrx_word' id='word_1_553' title='bbox 3367 2261 3588 2315; x_wconf 88' lang='lat' dir='ltr'>Carno-</span> 
     </span>
    </p>
   </div>
   <div class='ocr_carea' id='block_1_83' title="bbox 1925 2348 3587 2418">
    <p class='ocr_par' dir='ltr' id='par_1_83' title="bbox 1925 2348 3587 2418">
     <span class='ocr_line' id='line_1_83' title="bbox 1925 2348 3587 2418; baseline 0.002 -18"><span class='ocrx_word' id='word_1_554' title='bbox 1925 2348 2114 2401; x_wconf 91' lang='lat' dir='ltr'>tensis</span> <span class='ocrx_word' id='word_1_555' title='bbox 2146 2348 2411 2417; x_wconf 90' lang='lat' dir='ltr'>episcopi</span> <span class='ocrx_word' id='word_1_556' title='bbox 2440 2348 2499 2400; x_wconf 89' lang='lat' dir='ltr'>in</span> <span class='ocrx_word' id='word_1_557' title='bbox 2530 2364 2704 2401; x_wconf 88' lang='lat' dir='ltr'>suum</span> <span class='ocrx_word' id='word_1_558' title='bbox 2729 2349 3066 2418; x_wconf 90' lang='lat' dir='ltr'>Decretum,</span> <span class='ocrx_word' id='word_1_559' title='bbox 3095 2365 3229 2418; x_wconf 59' lang='lat' dir='ltr'>quae</span> <span class='ocrx_word' id='word_1_560' title='bbox 3252 2354 3472 2402; x_wconf 90' lang='lat' dir='ltr'>temere</span> <span class='ocrx_word' id='word_1_561' title='bbox 3492 2349 3587 2403; x_wconf 90' lang='lat' dir='ltr'>vel</span> 
     </span>
    </p>
   </div>
   <div class='ocr_carea' id='block_1_84' title="bbox 1927 2436 3585 2506">
    <p class='ocr_par' dir='ltr' id='par_1_84' title="bbox 1927 2436 3585 2506">
     <span class='ocr_line' id='line_1_84' title="bbox 1927 2436 3585 2506; baseline 0 -18"><span class='ocrx_word' id='word_1_562' title='bbox 1927 2436 2165 2490; x_wconf 87' lang='lat' dir='ltr'>fortuito</span> <span class='ocrx_word' id='word_1_563' title='bbox 2196 2436 2255 2489; x_wconf 92' lang='lat' dir='ltr'>in</span> <span class='ocrx_word' id='word_1_564' title='bbox 2288 2436 2613 2490; x_wconf 85' lang='lat' dir='ltr'>Hildeberti</span> <span class='ocrx_word' id='word_1_565' title='bbox 2647 2436 3027 2506; x_wconf 90' lang='lat' dir='ltr'>epistolas,in</span> <span class='ocrx_word' id='word_1_566' title='bbox 3049 2437 3406 2490; x_wconf 90' lang='lat' dir='ltr'>editionibus</span> <span class='ocrx_word' id='word_1_567' title='bbox 3438 2436 3585 2491; x_wconf 87' lang='lat' dir='ltr'>anti-</span> 
     </span>
    </p>
   </div>
   <div class='ocr_carea' id='block_1_85' title="bbox 1926 2525 2379 2595">
    <p class='ocr_par' dir='ltr' id='par_1_85' title="bbox 1926 2525 2379 2595">
     <span class='ocr_line' id='line_1_85' title="bbox 1926 2525 2379 2595; baseline 0 -17"><span class='ocrx_word' id='word_1_568' title='bbox 1926 2525 2082 2595; x_wconf 90' lang='lat' dir='ltr'>quis,</span> <span class='ocrx_word' id='word_1_569' title='bbox 2119 2526 2379 2594; x_wconf 90' lang='lat' dir='ltr'>irrepsit.</span> 
     </span>
    </p>
   </div>
   <div class='ocr_carea' id='block_1_86' title="bbox 1984 2613 3591 2682">
    <p class='ocr_par' dir='ltr' id='par_1_86' title="bbox 1984 2613 3591 2682">
     <span class='ocr_line' id='line_1_86' title="bbox 1984 2613 3591 2682; baseline 0.001 -16"><span class='ocrx_word' id='word_1_570' title='bbox 1984 2613 2283 2667; x_wconf 89' lang='lat' dir='ltr'>Habemus</span> <span class='ocrx_word' id='word_1_571' title='bbox 2296 2613 2625 2682; x_wconf 89' lang='lat' dir='ltr'>impressos</span> <span class='ocrx_word' id='word_1_572' title='bbox 2641 2613 2753 2666; x_wconf 91' lang='lat' dir='ltr'>sub</span> <span class='ocrx_word' id='word_1_573' title='bbox 2768 2613 3031 2667; x_wconf 86' lang='lat' dir='ltr'>Anselmi</span> <span class='ocrx_word' id='word_1_574' title='bbox 3048 2615 3282 2668; x_wconf 90' lang='lat' dir='ltr'>nomine</span> <span class='ocrx_word' id='word_1_575' title='bbox 3301 2614 3520 2668; x_wconf 89' lang='lat' dir='ltr'>Libros</span> <span class='ocrx_word' id='word_1_576' title='bbox 3531 2613 3591 2668; x_wconf 87' lang='lat' dir='ltr'>II</span> 
     </span>
    </p>
   </div>
   <div class='ocr_carea' id='block_1_87' title="bbox 1929 2700 3587 2773">
    <p class='ocr_par' dir='ltr' id='par_1_87' title="bbox 1929 2700 3587 2773">
     <span class='ocr_line' id='line_1_87' title="bbox 1929 2700 3587 2773; baseline -0.001 -15"><span class='ocrx_word' id='word_1_577' title='bbox 1929 2707 2134 2758; x_wconf 90' lang='lat' dir='ltr'>contra</span> <span class='ocrx_word' id='word_1_578' title='bbox 2172 2700 2519 2756; x_wconf 89' lang='lat' dir='ltr'>Guibertum</span> <span class='ocrx_word' id='word_1_579' title='bbox 2550 2703 2882 2773; x_wconf 88' lang='lat' dir='ltr'>autipapam</span> <span class='ocrx_word' id='word_1_580' title='bbox 2915 2707 2973 2755; x_wconf 89' lang='lat' dir='ltr'>et</span> <span class='ocrx_word' id='word_1_581' title='bbox 3004 2718 3289 2773; x_wconf 88' lang='lat' dir='ltr'>sequaces</span> <span class='ocrx_word' id='word_1_582' title='bbox 3325 2702 3452 2773; x_wconf 72' lang='lat' dir='ltr'>ejus</span> <span class='ocrx_word' id='word_1_583' title='bbox 3474 2717 3587 2772; x_wconf 89' lang='lat' dir='ltr'>pro</span> 
     </span>
    </p>
   </div>
   <div class='ocr_carea' id='block_1_88' title="bbox 1927 2790 3590 2863">
    <p class='ocr_par' dir='ltr' id='par_1_88' title="bbox 1927 2790 3590 2863">
     <span class='ocr_line' id='line_1_88' title="bbox 1927 2790 3590 2863; baseline -0.001 -16"><span class='ocrx_word' id='word_1_584' title='bbox 1927 2791 2278 2847; x_wconf 78' lang='lat' dir='ltr'>defensione</span> <span class='ocrx_word' id='word_1_585' title='bbox 2310 2790 2594 2862; x_wconf 84' lang='lat' dir='ltr'>Gregorii</span> <span class='ocrx_word' id='word_1_586' title='bbox 2622 2791 2723 2844; x_wconf 84' lang='lat' dir='ltr'>VII</span> <span class='ocrx_word' id='word_1_587' title='bbox 2737 2807 2921 2863; x_wconf 65' lang='lat' dir='ltr'>papw,</span> <span class='ocrx_word' id='word_1_588' title='bbox 2945 2793 3002 2844; x_wconf 90' lang='lat' dir='ltr'>et</span> <span class='ocrx_word' id='word_1_589' title='bbox 3035 2790 3407 2846; x_wconf 89' lang='lat' dir='ltr'>Collectanea</span> <span class='ocrx_word' id='word_1_590' title='bbox 3432 2806 3590 2863; x_wconf 70' lang='lat' dir='ltr'>quae-</span> 
     </span>
    </p>
   </div>
   <div class='ocr_carea' id='block_1_89' title="bbox 1929 2879 3589 2950">
    <p class='ocr_par' dir='ltr' id='par_1_89' title="bbox 1929 2879 3589 2950">
     <span class='ocr_line' id='line_1_89' title="bbox 1929 2879 3589 2950; baseline -0.002 -14"><span class='ocrx_word' id='word_1_591' title='bbox 1929 2880 2061 2936; x_wconf 87' lang='lat' dir='ltr'>dam</span> <span class='ocrx_word' id='word_1_592' title='bbox 2084 2879 2664 2949; x_wconf 79' lang='lat' dir='ltr'>seu,Sententiasex</span> <span class='ocrx_word' id='word_1_593' title='bbox 2689 2881 2878 2934; x_wconf 85' lang='lat' dir='ltr'>variis</span> <span class='ocrx_word' id='word_1_594' title='bbox 2899 2880 3242 2934; x_wconf 84' lang='lat' dir='ltr'>auctoribus</span> <span class='ocrx_word' id='word_1_595' title='bbox 3254 2882 3589 2950; x_wconf 84' lang='lat' dir='ltr'>congestas,</span> 
     </span>
    </p>
   </div>
   <div class='ocr_carea' id='block_1_90' title="bbox 1930 2967 3588 3041">
    <p class='ocr_par' dir='ltr' id='par_1_90' title="bbox 1930 2967 3588 3041">
     <span class='ocr_line' id='line_1_90' title="bbox 1930 2967 3588 3041; baseline -0.001 -18"><span class='ocrx_word' id='word_1_596' title='bbox 1930 2969 2142 3041; x_wconf 89' lang='lat' dir='ltr'>quibus</span> <span class='ocrx_word' id='word_1_597' title='bbox 2154 2969 2598 3023; x_wconf 86' lang='lat' dir='ltr'>demonstratur</span> <span class='ocrx_word' id='word_1_598' title='bbox 2609 2967 2901 3023; x_wconf 68' lang='lat' dir='ltr'>Ecclesiae</span> <span class='ocrx_word' id='word_1_599' title='bbox 2914 2967 3237 3023; x_wconf 78' lang='lat' dir='ltr'>facultates</span> <span class='ocrx_word' id='word_1_600' title='bbox 3250 2983 3362 3022; x_wconf 87' lang='lat' dir='ltr'>non</span> <span class='ocrx_word' id='word_1_601' title='bbox 3377 2983 3512 3023; x_wconf 89' lang='lat' dir='ltr'>esse</span> <span class='ocrx_word' id='word_1_602' title='bbox 3525 2968 3588 3021; x_wconf 90' lang='lat' dir='ltr'>in</span> 
     </span>
    </p>
   </div>
   <div class='ocr_carea' id='block_1_91' title="bbox 1922 3055 3589 3129">
    <p class='ocr_par' dir='ltr' id='par_1_91' title="bbox 1922 3055 3589 3129">
     <span class='ocr_line' id='line_1_91' title="bbox 1922 3055 3589 3129; baseline -0.001 -18"><span class='ocrx_word' id='word_1_603' title='bbox 1922 3062 2221 3129; x_wconf 87' lang='lat' dir='ltr'>potestate</span> <span class='ocrx_word' id='word_1_604' title='bbox 2250 3058 2418 3126; x_wconf 86' lang='lat' dir='ltr'>regis</span> <span class='ocrx_word' id='word_1_605' title='bbox 2447 3060 2544 3109; x_wconf 89' lang='lat' dir='ltr'>aut</span> <span class='ocrx_word' id='word_1_606' title='bbox 2580 3055 2841 3110; x_wconf 70' lang='lat' dir='ltr'>Caesaris</span> <span class='ocrx_word' id='word_1_607' title='bbox 2861 3075 2880 3121; x_wconf 84' lang='lat'>,-</span> <span class='ocrx_word' id='word_1_608' title='bbox 2907 3057 3060 3126; x_wconf 93' lang='lat' dir='ltr'>quod</span> <span class='ocrx_word' id='word_1_609' title='bbox 3094 3072 3244 3125; x_wconf 83' lang='lat' dir='ltr'>Opus</span> <span class='ocrx_word' id='word_1_610' title='bbox 3275 3059 3589 3126; x_wconf 89' lang='lat' dir='ltr'>utrumque</span> 
     </span>
    </p>
   </div>
   <div class='ocr_carea' id='block_1_92' title="bbox 1930 3143 3591 3216">
    <p class='ocr_par' dir='ltr' id='par_1_92' title="bbox 1930 3143 3591 3216">
     <span class='ocr_line' id='line_1_92' title="bbox 1930 3143 3591 3216; baseline -0.002 -16"><span class='ocrx_word' id='word_1_611' title='bbox 1930 3148 2123 3201; x_wconf 89' lang='lat' dir='ltr'>exstat</span> <span class='ocrx_word' id='word_1_612' title='bbox 2152 3145 2306 3214; x_wconf 90' lang='lat' dir='ltr'>apud</span> <span class='ocrx_word' id='word_1_613' title='bbox 2329 3144 2647 3197; x_wconf 86' lang='lat' dir='ltr'>Henricum</span> <span class='ocrx_word' id='word_1_614' title='bbox 2664 3144 2963 3198; x_wconf 89' lang='lat' dir='ltr'>Canisium</span> <span class='ocrx_word' id='word_1_615' title='bbox 2988 3145 3265 3216; x_wconf 69' lang='lat' dir='ltr'>Antiquae</span> <span class='ocrx_word' id='word_1_616' title='bbox 3287 3143 3591 3199; x_wconf 89' lang='lat' dir='ltr'>Lectionis</span> 
     </span>
    </p>
   </div>
   <div class='ocr_carea' id='block_1_93' title="bbox 1832 3200 3592 3303">
    <p class='ocr_par' dir='ltr' id='par_1_93' title="bbox 1832 3200 3592 3303">
     <span class='ocr_line' id='line_1_93' title="bbox 1832 3200 3592 3303; baseline -0.002 -14"><span class='ocrx_word' id='word_1_617' title='bbox 1832 3200 1884 3267; x_wconf 60' lang='grc' dir='ltr'>ο</span> <span class='ocrx_word' id='word_1_618' title='bbox 1929 3200 2070 3288; x_wconf 88' lang='lat' dir='ltr'>tom.</span> <span class='ocrx_word' id='word_1_619' title='bbox 2106 3200 2207 3301; x_wconf 61' lang='lat' dir='ltr'><strong>VI:</strong></span> <span class='ocrx_word' id='word_1_620' title='bbox 2236 3249 2372 3303; x_wconf 88' lang='lat' dir='ltr'>pag.</span> <span class='ocrx_word' id='word_1_621' title='bbox 2405 3229 2510 3285; x_wconf 88' lang='lat'>202</span> <span class='ocrx_word' id='word_1_622' title='bbox 2541 3236 2596 3285; x_wconf 92' lang='lat' dir='ltr'>et</span> <span class='ocrx_word' id='word_1_623' title='bbox 2627 3232 2749 3300; x_wconf 82' lang='lat'>235,</span> <span class='ocrx_word' id='word_1_624' title='bbox 2788 3238 2959 3302; x_wconf 79' lang='lat' dir='ltr'>atque</span> <span class='ocrx_word' id='word_1_625' title='bbox 2990 3233 3049 3286; x_wconf 90' lang='lat' dir='ltr'>in</span> <span class='ocrx_word' id='word_1_626' title='bbox 3080 3200 3444 3286; x_wconf 76' lang='lat' dir='ltr'>Bibliotheca</span> <span class='ocrx_word' id='word_1_627' title='bbox 3470 3232 3592 3286; x_wconf 84' lang='lat' dir='ltr'>Pa-</span> 
     </span>
    </p>
   </div>
   <div class='ocr_carea' id='block_1_94' title="bbox 1933 3320 3586 3391">
    <p class='ocr_par' dir='ltr' id='par_1_94' title="bbox 1933 3320 3586 3391">
     <span class='ocr_line' id='line_1_94' title="bbox 1933 3320 3586 3391; baseline -0.002 -14"><span class='ocrx_word' id='word_1_628' title='bbox 1933 3326 2086 3377; x_wconf 92' lang='lat' dir='ltr'>trum</span> <span class='ocrx_word' id='word_1_629' title='bbox 2118 3321 2393 3376; x_wconf 88' lang='lat' dir='ltr'>editionis</span> <span class='ocrx_word' id='word_1_630' title='bbox 2424 3321 2560 3374; x_wconf 89' lang='lat' dir='ltr'>anni</span> <span class='ocrx_word' id='word_1_631' title='bbox 2588 3320 2723 3376; x_wconf 88' lang='grc'>1677</span> <span class='ocrx_word' id='word_1_632' title='bbox 2753 3321 3177 3391; x_wconf 81' lang='lat' dir='ltr'>Lugdunensis</span> <span class='ocrx_word' id='word_1_633' title='bbox 3206 3324 3343 3374; x_wconf 89' lang='lat' dir='ltr'>tom.</span> <span class='ocrx_word' id='word_1_634' title='bbox 3379 3320 3586 3389; x_wconf 86' lang='lat' dir='ltr'><strong>XVIII,</strong></span> 
     </span>
    </p>
   </div>
   <div class='ocr_carea' id='block_1_95' title="bbox 1932 3408 3588 3482">
    <p class='ocr_par' dir='ltr' id='par_1_95' title="bbox 1932 3408 3588 3482">
     <span class='ocr_line' id='line_1_95' title="bbox 1932 3408 3588 3482; baseline -0.003 -16"><span class='ocrx_word' id='word_1_635' title='bbox 1932 3428 2070 3482; x_wconf 81' lang='lat' dir='ltr'>pag.</span> <span class='ocrx_word' id='word_1_636' title='bbox 2100 3409 2222 3465; x_wconf 87' lang='lat'>602.</span> <span class='ocrx_word' id='word_1_637' title='bbox 2261 3410 2474 3464; x_wconf 87' lang='lat' dir='ltr'>Verum</span> <span class='ocrx_word' id='word_1_638' title='bbox 2504 3410 2716 3464; x_wconf 87' lang='lat' dir='ltr'>eruditi</span> <span class='ocrx_word' id='word_1_639' title='bbox 2749 3410 3005 3463; x_wconf 82' lang='lat' dir='ltr'>dehisce</span> <span class='ocrx_word' id='word_1_640' title='bbox 3036 3409 3218 3463; x_wconf 85' lang='lat' dir='ltr'>rebus</span> <span class='ocrx_word' id='word_1_641' title='bbox 3246 3408 3588 3479; x_wconf 89' lang='lat' dir='ltr'>judicandis</span> 
     </span>
    </p>
   </div>
   <div class='ocr_carea' id='block_1_96' title="bbox 1932 3496 3594 3568">
    <p class='ocr_par' dir='ltr' id='par_1_96' title="bbox 1932 3496 3594 3568">
     <span class='ocr_line' id='line_1_96' title="bbox 1932 3496 3594 3568; baseline -0.002 -14"><span class='ocrx_word' id='word_1_642' title='bbox 1932 3501 2129 3556; x_wconf 88' lang='lat' dir='ltr'>idonei</span> <span class='ocrx_word' id='word_1_643' title='bbox 2158 3501 2403 3553; x_wconf 89' lang='lat' dir='ltr'>censent</span> <span class='ocrx_word' id='word_1_644' title='bbox 2424 3503 2733 3568; x_wconf 88' lang='lat' dir='ltr'>utrumque</span> <span class='ocrx_word' id='word_1_645' title='bbox 2747 3498 3097 3567; x_wconf 89' lang='lat' dir='ltr'>opusculum</span> <span class='ocrx_word' id='word_1_646' title='bbox 3115 3498 3257 3551; x_wconf 90' lang='lat' dir='ltr'>nihil</span> <span class='ocrx_word' id='word_1_647' title='bbox 3277 3513 3415 3551; x_wconf 91' lang='lat' dir='ltr'>esse</span> <span class='ocrx_word' id='word_1_648' title='bbox 3433 3496 3594 3551; x_wconf 90' lang='lat' dir='ltr'>aliud</span> 
     </span>
    </p>
   </div>
   <div class='ocr_carea' id='block_1_97' title="bbox 1934 3586 3592 3661">
    <p class='ocr_par' dir='ltr' id='par_1_97' title="bbox 1934 3586 3592 3661">
     <span class='ocr_line' id='line_1_97' title="bbox 1934 3586 3592 3661; baseline -0.003 -18"><span class='ocrx_word' id='word_1_649' title='bbox 1934 3606 2107 3661; x_wconf 89' lang='lat' dir='ltr'>quam</span> <span class='ocrx_word' id='word_1_650' title='bbox 2155 3594 2434 3659; x_wconf 79' lang='lat' dir='ltr'>cxcerpta</span> <span class='ocrx_word' id='word_1_651' title='bbox 2485 3587 2748 3657; x_wconf 80' lang='lat' dir='ltr'>quaedam</span> <span class='ocrx_word' id='word_1_652' title='bbox 2796 3602 2869 3640; x_wconf 87' lang='lat' dir='ltr'>ex</span> <span class='ocrx_word' id='word_1_653' title='bbox 2911 3586 3270 3640; x_wconf 88' lang='lat' dir='ltr'>Collectionc</span> <span class='ocrx_word' id='word_1_654' title='bbox 3299 3600 3592 3639; x_wconf 88' lang='lat' dir='ltr'>canonum</span> 
     </span>
    </p>
   </div>
   <div class='ocr_carea' id='block_1_98' title="bbox 1935 3674 3590 3751">
    <p class='ocr_par' dir='ltr' id='par_1_98' title="bbox 1935 3674 3590 3751">
     <span class='ocr_line' id='line_1_98' title="bbox 1935 3674 3590 3751; baseline -0.004 -17"><span class='ocrx_word' id='word_1_655' title='bbox 1935 3678 2207 3749; x_wconf 87' lang='lat' dir='ltr'>ejusdem</span> <span class='ocrx_word' id='word_1_656' title='bbox 2258 3676 2540 3744; x_wconf 86' lang='lat' dir='ltr'>Anselmi,</span> <span class='ocrx_word' id='word_1_657' title='bbox 2589 3675 2821 3729; x_wconf 88' lang='lat' dir='ltr'>aliunde</span> <span class='ocrx_word' id='word_1_658' title='bbox 2870 3691 2901 3727; x_wconf 93' lang='lat' dir='ltr'>a</span> <span class='ocrx_word' id='word_1_659' title='bbox 2946 3674 3183 3728; x_wconf 84' lang='lat' dir='ltr'>Canisio</span> <span class='ocrx_word' id='word_1_660' title='bbox 3233 3675 3590 3751; x_wconf 81' lang='lat' dir='ltr'>comparata.</span> 
     </span>
    </p>
   </div>
   <div class='ocr_carea' id='block_1_99' title="bbox 1935 3762 3595 3822">
    <p class='ocr_par' dir='ltr' id='par_1_99' title="bbox 1935 3762 3595 3822">
     <span class='ocr_line' id='line_1_99' title="bbox 1935 3762 3595 3822; baseline -0.005 0"><span class='ocrx_word' id='word_1_661' title='bbox 1935 3768 2174 3822; x_wconf 87' lang='lat' dir='ltr'>Certum</span> <span class='ocrx_word' id='word_1_662' title='bbox 2191 3766 2343 3819; x_wconf 89' lang='lat' dir='ltr'>enim</span> <span class='ocrx_word' id='word_1_663' title='bbox 2359 3764 2576 3818; x_wconf 89' lang='lat' dir='ltr'>esthoc</span> <span class='ocrx_word' id='word_1_664' title='bbox 2597 3763 3028 3818; x_wconf 89' lang='lat' dir='ltr'>Collectaneum</span> <span class='ocrx_word' id='word_1_665' title='bbox 3051 3780 3157 3817; x_wconf 89' lang='lat' dir='ltr'>seu</span> <span class='ocrx_word' id='word_1_666' title='bbox 3176 3762 3595 3818; x_wconf 79' lang='lat' dir='ltr'>Collectionem</span> 
     </span>
    </p>
   </div>
   <div class='ocr_carea' id='block_1_100' title="bbox 1937 3850 3597 3924">
    <p class='ocr_par' dir='ltr' id='par_1_100' title="bbox 1937 3850 3597 3924">
     <span class='ocr_line' id='line_1_100' title="bbox 1937 3850 3597 3924; baseline -0.004 -14"><span class='ocrx_word' id='word_1_667' title='bbox 1937 3871 2217 3911; x_wconf 80' lang='lat' dir='ltr'>canonum</span> <span class='ocrx_word' id='word_1_668' title='bbox 2250 3870 2388 3907; x_wconf 90' lang='lat' dir='ltr'>esse</span> <span class='ocrx_word' id='word_1_669' title='bbox 2420 3853 2633 3907; x_wconf 89' lang='lat' dir='ltr'>factam</span> <span class='ocrx_word' id='word_1_670' title='bbox 2663 3853 2737 3907; x_wconf 88' lang='lat' dir='ltr'>ab</span> <span class='ocrx_word' id='word_1_671' title='bbox 2771 3852 3053 3907; x_wconf 86' lang='lat' dir='ltr'>Anselmo</span> <span class='ocrx_word' id='word_1_672' title='bbox 3084 3854 3143 3905; x_wconf 91' lang='lat' dir='ltr'>in</span> <span class='ocrx_word' id='word_1_673' title='bbox 3175 3852 3423 3924; x_wconf 86' lang='lat' dir='ltr'>gratiam</span> <span class='ocrx_word' id='word_1_674' title='bbox 3452 3850 3597 3904; x_wconf 89' lang='lat' dir='ltr'>Gre-</span> 
     </span>
    </p>
   </div>
   <div class='ocr_carea' id='block_1_101' title="bbox 1937 3939 3597 4017">
    <p class='ocr_par' dir='ltr' id='par_1_101' title="bbox 1937 3939 3597 4017">
     <span class='ocr_line' id='line_1_101' title="bbox 1937 3939 3597 4017; baseline -0.005 -17"><span class='ocrx_word' id='word_1_675' title='bbox 1937 3945 2092 4017; x_wconf 84' lang='lat' dir='ltr'>gorii</span> <span class='ocrx_word' id='word_1_676' title='bbox 2124 3959 2288 4013; x_wconf 64' lang='lat' dir='ltr'>papae</span> <span class='ocrx_word' id='word_1_677' title='bbox 2320 3942 2423 3994; x_wconf 90' lang='lat' dir='ltr'>VII</span> <span class='ocrx_word' id='word_1_678' title='bbox 2446 3944 2646 3995; x_wconf 85' lang='lat' dir='ltr'>contra</span> <span class='ocrx_word' id='word_1_679' title='bbox 2669 3941 3014 3996; x_wconf 90' lang='lat' dir='ltr'>Guibertum</span> <span class='ocrx_word' id='word_1_680' title='bbox 3032 3942 3383 4010; x_wconf 88' lang='lat' dir='ltr'>antipapam,</span> <span class='ocrx_word' id='word_1_681' title='bbox 3400 3939 3597 3994; x_wconf 89' lang='lat' dir='ltr'>illius-</span> 
     </span>
    </p>
   </div>
   <div class='ocr_carea' id='block_1_102' title="bbox 1939 4030 3599 4104">
    <p class='ocr_par' dir='ltr' id='par_1_102' title="bbox 1939 4030 3599 4104">
     <span class='ocr_line' id='line_1_102' title="bbox 1939 4030 3599 4104; baseline -0.003 -17"><span class='ocrx_word' id='word_1_682' title='bbox 1939 4050 2052 4104; x_wconf 90' lang='lat' dir='ltr'>que</span> <span class='ocrx_word' id='word_1_683' title='bbox 2084 4032 2408 4087; x_wconf 89' lang='lat' dir='ltr'>sententias</span> <span class='ocrx_word' id='word_1_684' title='bbox 2439 4046 2513 4084; x_wconf 86' lang='lat' dir='ltr'>ex</span> <span class='ocrx_word' id='word_1_685' title='bbox 2545 4030 2972 4083; x_wconf 88' lang='lat' dir='ltr'>vetustioribus</span> <span class='ocrx_word' id='word_1_686' title='bbox 3001 4031 3365 4097; x_wconf 87' lang='lat' dir='ltr'>auctoribus,</span> <span class='ocrx_word' id='word_1_687' title='bbox 3392 4032 3599 4083; x_wconf 86' lang='lat' dir='ltr'>contra</span> 
     </span>
    </p>
   </div>
   <div class='ocr_carea' id='block_1_103' title="bbox 1944 4117 3598 4186">
    <p class='ocr_par' dir='ltr' id='par_1_103' title="bbox 1944 4117 3598 4186">
     <span class='ocr_line' id='line_1_103' title="bbox 1944 4117 3598 4186; baseline -0.002 -10"><span class='ocrx_word' id='word_1_688' title='bbox 1944 4121 2226 4176; x_wconf 67' lang='lat' dir='ltr'>Ecclesiae</span> <span class='ocrx_word' id='word_1_689' title='bbox 2255 4120 2546 4173; x_wconf 84' lang='lat' dir='ltr'>bonorum</span> <span class='ocrx_word' id='word_1_690' title='bbox 2577 4120 2633 4170; x_wconf 91' lang='lat' dir='ltr'>et</span> <span class='ocrx_word' id='word_1_691' title='bbox 2666 4117 3006 4171; x_wconf 86' lang='lat' dir='ltr'>facultatum</span> <span class='ocrx_word' id='word_1_692' title='bbox 3030 4121 3598 4186; x_wconf 88' lang='lat' dir='ltr'>occupatores,esse</span> 
     </span>
    </p>
   </div>
   <div class='ocr_carea' id='block_1_104' title="bbox 1942 4206 3598 4276">
    <p class='ocr_par' dir='ltr' id='par_1_104' title="bbox 1942 4206 3598 4276">
     <span class='ocr_line' id='line_1_104' title="bbox 1942 4206 3598 4276; baseline -0.003 -11"><span class='ocrx_word' id='word_1_693' title='bbox 1942 4209 2518 4264; x_wconf 83' lang='lat' dir='ltr'>collectas.Possunt</span> <span class='ocrx_word' id='word_1_694' title='bbox 2550 4209 2743 4260; x_wconf 88' lang='lat' dir='ltr'>autem</span> <span class='ocrx_word' id='word_1_695' title='bbox 2774 4206 2933 4260; x_wconf 90' lang='lat' dir='ltr'>nullo</span> <span class='ocrx_word' id='word_1_696' title='bbox 2965 4206 3202 4276; x_wconf 91' lang='lat' dir='ltr'>negotio</span> <span class='ocrx_word' id='word_1_697' title='bbox 3235 4206 3493 4275; x_wconf 87' lang='lat' dir='ltr'>experiri</span> <span class='ocrx_word' id='word_1_698' title='bbox 3521 4222 3598 4260; x_wconf 90' lang='lat' dir='ltr'>an</span> 
     </span>
    </p>
   </div>
   <div class='ocr_carea' id='block_1_105' title="bbox 1940 4294 3599 4367">
    <p class='ocr_par' dir='ltr' id='par_1_105' title="bbox 1940 4294 3599 4367">
     <span class='ocr_line' id='line_1_105' title="bbox 1940 4294 3599 4367; baseline -0.003 -15"><span class='ocrx_word' id='word_1_699' title='bbox 1940 4299 2070 4352; x_wconf 86' lang='lat' dir='ltr'>haec</span> <span class='ocrx_word' id='word_1_700' title='bbox 2086 4295 2426 4367; x_wconf 87' lang='lat' dir='ltr'>conjectura</span> <span class='ocrx_word' id='word_1_701' title='bbox 2444 4312 2582 4350; x_wconf 90' lang='lat' dir='ltr'>vera</span> <span class='ocrx_word' id='word_1_702' title='bbox 2606 4295 2701 4364; x_wconf 89' lang='lat' dir='ltr'>sit,</span> <span class='ocrx_word' id='word_1_703' title='bbox 2718 4294 2935 4364; x_wconf 88' lang='lat' dir='ltr'>quibus</span> <span class='ocrx_word' id='word_1_704' title='bbox 2957 4294 3172 4347; x_wconf 91' lang='lat' dir='ltr'>adsunt</span> <span class='ocrx_word' id='word_1_705' title='bbox 3186 4294 3382 4364; x_wconf 90' lang='lat' dir='ltr'>aliqua</span> <span class='ocrx_word' id='word_1_706' title='bbox 3396 4308 3599 4348; x_wconf 88' lang='lat' dir='ltr'>exem-</span> 
     </span>
    </p>
   </div>
   <div class='ocr_carea' id='block_1_106' title="bbox 1940 4382 3596 4457">
    <p class='ocr_par' dir='ltr' id='par_1_106' title="bbox 1940 4382 3596 4457">
     <span class='ocr_line' id='line_1_106' title="bbox 1940 4382 3596 4457; baseline -0.004 -15"><span class='ocrx_word' id='word_1_707' title='bbox 1940 4387 2126 4457; x_wconf 88' lang='lat' dir='ltr'>plaria</span> <span class='ocrx_word' id='word_1_708' title='bbox 2139 4401 2286 4439; x_wconf 90' lang='lat' dir='ltr'>mss.</span> <span class='ocrx_word' id='word_1_709' title='bbox 2301 4384 2681 4438; x_wconf 88' lang='lat' dir='ltr'>Collectionis</span> <span class='ocrx_word' id='word_1_710' title='bbox 2696 4398 2985 4437; x_wconf 89' lang='lat' dir='ltr'>canonum</span> <span class='ocrx_word' id='word_1_711' title='bbox 2999 4382 3263 4436; x_wconf 88' lang='lat' dir='ltr'>Anselmi</span> <span class='ocrx_word' id='word_1_712' title='bbox 3278 4382 3596 4452; x_wconf 90' lang='lat' dir='ltr'>Lucensis,</span> 
     </span>
    </p>
   </div>
   <div class='ocr_carea' id='block_1_107' title="bbox 1942 4471 3602 4547">
    <p class='ocr_par' dir='ltr' id='par_1_107' title="bbox 1942 4471 3602 4547">
     <span class='ocr_line' id='line_1_107' title="bbox 1942 4471 3602 4547; baseline -0.005 -15"><span class='ocrx_word' id='word_1_713' title='bbox 1942 4493 2075 4532; x_wconf 89' lang='lat' dir='ltr'>cum</span> <span class='ocrx_word' id='word_1_714' title='bbox 2106 4476 2322 4547; x_wconf 90' lang='lat' dir='ltr'>quibus</span> <span class='ocrx_word' id='word_1_715' title='bbox 2357 4474 2485 4528; x_wconf 63' lang='lat' dir='ltr'>hinc</span> <span class='ocrx_word' id='word_1_716' title='bbox 2515 4473 2800 4543; x_wconf 89' lang='lat' dir='ltr'>opuscula</span> <span class='ocrx_word' id='word_1_717' title='bbox 2832 4471 3127 4542; x_wconf 89' lang='lat' dir='ltr'>impressa</span> <span class='ocrx_word' id='word_1_718' title='bbox 3158 4471 3415 4527; x_wconf 88' lang='lat' dir='ltr'>conferri</span> <span class='ocrx_word' id='word_1_719' title='bbox 3461 4486 3602 4541; x_wconf 90' lang='lat' dir='ltr'>pos-</span> 
     </span>
    </p>
   </div>
   <div class='ocr_carea' id='block_1_108' title="bbox 1942 4568 2099 4621">
    <p class='ocr_par' dir='ltr' id='par_1_108' title="bbox 1942 4568 2099 4621">
     <span class='ocr_line' id='line_1_108' title="bbox 1942 4568 2099 4621; baseline -0.013 0"><span class='ocrx_word' id='word_1_720' title='bbox 1942 4568 2099 4621; x_wconf 64' lang='lat' dir='ltr'>sunt</span> 
     </span>
    </p>
   </div>
   <div class='ocr_carea' id='block_1_109' title="bbox 2015 4650 3603 4723">
    <p class='ocr_par' dir='ltr' id='par_1_109' title="bbox 2015 4650 3603 4723">
     <span class='ocr_line' id='line_1_109' title="bbox 2015 4650 3603 4723; baseline -0.001 -16"><span class='ocrx_word' id='word_1_721' title='bbox 2015 4655 2078 4707; x_wconf 92' lang='lat' dir='ltr'><strong>In</strong></span> <span class='ocrx_word' id='word_1_722' title='bbox 2092 4652 2408 4723; x_wconf 67' lang='lat' dir='ltr'>utrumque</span> <span class='ocrx_word' id='word_1_723' title='bbox 2431 4666 2581 4722; x_wconf 92' lang='lat' dir='ltr'>opus</span> <span class='ocrx_word' id='word_1_724' title='bbox 2596 4650 2795 4706; x_wconf 90' lang='lat' dir='ltr'>retulit</span> <span class='ocrx_word' id='word_1_725' title='bbox 2815 4651 3139 4707; x_wconf 82' lang='lat' dir='ltr'>Anselmus</span> <span class='ocrx_word' id='word_1_726' title='bbox 3162 4652 3443 4722; x_wconf 89' lang='lat' dir='ltr'>epistolas</span> <span class='ocrx_word' id='word_1_727' title='bbox 3456 4667 3603 4722; x_wconf 86' lang='lat' dir='ltr'>sup-</span> 
     </span>
    </p>
   </div>
   <div class='ocr_carea' id='block_1_110' title="bbox 1944 4740 3608 4815">
    <p class='ocr_par' dir='ltr' id='par_1_110' title="bbox 1944 4740 3608 4815">
     <span class='ocr_line' id='line_1_110' title="bbox 1944 4740 3608 4815; baseline -0.002 -18"><span class='ocrx_word' id='word_1_728' title='bbox 1944 4744 2241 4815; x_wconf 89' lang='lat' dir='ltr'>posititias</span> <span class='ocrx_word' id='word_1_729' title='bbox 2270 4742 2483 4796; x_wconf 92' lang='lat' dir='ltr'>Isidori</span> <span class='ocrx_word' id='word_1_730' title='bbox 2507 4741 2871 4795; x_wconf 87' lang='lat' dir='ltr'>Mercatoris.</span> <span class='ocrx_word' id='word_1_731' title='bbox 2907 4741 3121 4795; x_wconf 67' lang='lat' dir='ltr'>Libro:</span> <span class='ocrx_word' id='word_1_732' title='bbox 3152 4741 3446 4796; x_wconf 88' lang='lat' dir='ltr'>adversus</span> <span class='ocrx_word' id='word_1_733' title='bbox 3467 4740 3608 4795; x_wconf 88' lang='lat' dir='ltr'>Gui-</span> 
     </span>
    </p>
   </div>
   <div class='ocr_carea' id='block_1_111' title="bbox 1944 4830 3606 4901">
    <p class='ocr_par' dir='ltr' id='par_1_111' title="bbox 1944 4830 3606 4901">
     <span class='ocr_line' id='line_1_111' title="bbox 1944 4830 3606 4901; baseline -0.003 -13"><span class='ocrx_word' id='word_1_734' title='bbox 1944 4835 2174 4888; x_wconf 90' lang='lat' dir='ltr'>bertum</span> <span class='ocrx_word' id='word_1_735' title='bbox 2195 4832 2529 4901; x_wconf 87' lang='lat' dir='ltr'>antipapam</span> <span class='ocrx_word' id='word_1_736' title='bbox 2557 4832 2745 4884; x_wconf 89' lang='lat' dir='ltr'>testes</span> <span class='ocrx_word' id='word_1_737' title='bbox 2773 4831 3024 4884; x_wconf 86' lang='lat' dir='ltr'>advocat</span> <span class='ocrx_word' id='word_1_738' title='bbox 3063 4831 3290 4899; x_wconf 90' lang='lat' dir='ltr'>pseudo</span> <span class='ocrx_word' id='word_1_739' title='bbox 3332 4830 3606 4884; x_wconf 91' lang='lat' dir='ltr'>Clemen-</span> 
     </span>
    </p>
   </div>
   <div class='ocr_carea' id='block_1_112' title="bbox 1944 4918 3606 4989">
    <p class='ocr_par' dir='ltr' id='par_1_112' title="bbox 1944 4918 3606 4989">
     <span class='ocr_line' id='line_1_112' title="bbox 1944 4918 3606 4989; baseline -0.002 -14"><span class='ocrx_word' id='word_1_740' title='bbox 1944 4927 2083 4989; x_wconf 87' lang='lat' dir='ltr'>tem,</span> <span class='ocrx_word' id='word_1_741' title='bbox 2118 4921 2289 4989; x_wconf 89' lang='lat' dir='ltr'>epist.</span> <span class='ocrx_word' id='word_1_742' title='bbox 2321 4921 2392 4984; x_wconf 85' lang='lat'><strong>3;</strong></span> <span class='ocrx_word' id='word_1_743' title='bbox 2442 4919 2669 4988; x_wconf 89' lang='lat' dir='ltr'>pseudo</span> <span class='ocrx_word' id='word_1_744' title='bbox 2719 4919 2908 4986; x_wconf 88' lang='lat' dir='ltr'>Pium,</span> <span class='ocrx_word' id='word_1_745' title='bbox 2953 4919 3129 4989; x_wconf 90' lang='lat' dir='ltr'>epist.</span> <span class='ocrx_word' id='word_1_746' title='bbox 3178 4919 3230 4986; x_wconf 87' lang='grc'>1,</span> <span class='ocrx_word' id='word_1_747' title='bbox 3284 4921 3340 4972; x_wconf 91' lang='lat' dir='ltr'>et</span> <span class='ocrx_word' id='word_1_748' title='bbox 3376 4918 3606 4988; x_wconf 87' lang='lat' dir='ltr'>pseudo</span> 
     </span>
    </p>
   </div>
   <div class='ocr_carea' id='block_1_113' title="bbox 1945 5006 3605 5078">
    <p class='ocr_par' dir='ltr' id='par_1_113' title="bbox 1945 5006 3605 5078">
     <span class='ocr_line' id='line_1_113' title="bbox 1945 5006 3605 5078; baseline -0.002 -13"><span class='ocrx_word' id='word_1_749' title='bbox 1945 5009 2269 5065; x_wconf 86' lang='lat' dir='ltr'>Fabianum</span> <span class='ocrx_word' id='word_1_750' title='bbox 2313 5008 2485 5078; x_wconf 89' lang='lat' dir='ltr'>epist.</span> <span class='ocrx_word' id='word_1_751' title='bbox 2537 5006 2589 5063; x_wconf 86' lang='lat'>3.</span> <span class='ocrx_word' id='word_1_752' title='bbox 2640 5007 2818 5061; x_wconf 88' lang='lat' dir='ltr'>Libro</span> <span class='ocrx_word' id='word_1_753' title='bbox 2869 5007 2934 5075; x_wconf 90' lang='lat'>2,</span> <span class='ocrx_word' id='word_1_754' title='bbox 2988 5007 3215 5076; x_wconf 90' lang='lat' dir='ltr'>pseudo</span> <span class='ocrx_word' id='word_1_755' title='bbox 3263 5006 3605 5077; x_wconf 89' lang='lat' dir='ltr'>Callistum,</span> 
     </span>
    </p>
   </div>
   <div class='ocr_carea' id='block_1_114' title="bbox 1946 5095 3610 5169">
    <p class='ocr_par' dir='ltr' id='par_1_114' title="bbox 1946 5095 3610 5169">
     <span class='ocr_line' id='line_1_114' title="bbox 1946 5095 3610 5169; baseline -0.001 -16"><span class='ocrx_word' id='word_1_756' title='bbox 1946 5098 2124 5169; x_wconf 88' lang='lat' dir='ltr'>epist.</span> <span class='ocrx_word' id='word_1_757' title='bbox 2200 5098 2271 5165; x_wconf 79' lang='lat' dir='ltr'>l;</span> <span class='ocrx_word' id='word_1_758' title='bbox 2319 5095 2546 5166; x_wconf 88' lang='lat' dir='ltr'>pseudo</span> <span class='ocrx_word' id='word_1_759' title='bbox 2577 5095 2956 5166; x_wconf 86' lang='lat' dir='ltr'>Stephanum,</span> <span class='ocrx_word' id='word_1_760' title='bbox 3019 5096 3194 5164; x_wconf 90' lang='lat' dir='ltr'>epist.</span> <span class='ocrx_word' id='word_1_761' title='bbox 3239 5095 3317 5162; x_wconf 87' lang='lat'>2;</span> <span class='ocrx_word' id='word_1_762' title='bbox 3378 5096 3610 5166; x_wconf 88' lang='lat' dir='ltr'>pseudo</span> 
     </span>
    </p>
   </div>
   <div class='ocr_carea' id='block_1_115' title="bbox 1950 5182 3608 5254">
    <p class='ocr_par' dir='ltr' id='par_1_115' title="bbox 1950 5182 3608 5254">
     <span class='ocr_line' id='line_1_115' title="bbox 1950 5182 3608 5254; baseline 0.001 -14"><span class='ocrx_word' id='word_1_763' title='bbox 1950 5186 2375 5253; x_wconf 89' lang='lat' dir='ltr'>Marcellinum,</span> <span class='ocrx_word' id='word_1_764' title='bbox 2410 5185 2581 5254; x_wconf 90' lang='lat' dir='ltr'>epist.</span> <span class='ocrx_word' id='word_1_765' title='bbox 2623 5182 2676 5237; x_wconf 85' lang='lat'>2.</span> <span class='ocrx_word' id='word_1_766' title='bbox 2708 5184 2852 5239; x_wconf 87' lang='lat' dir='ltr'>Item</span> <span class='ocrx_word' id='word_1_767' title='bbox 2883 5184 2941 5237; x_wconf 91' lang='lat' dir='ltr'>in</span> <span class='ocrx_word' id='word_1_768' title='bbox 2970 5183 3394 5240; x_wconf 88' lang='lat' dir='ltr'>Collectionem</span> <span class='ocrx_word' id='word_1_769' title='bbox 3425 5202 3608 5242; x_wconf 89' lang='lat' dir='ltr'>cano-</span> 
     </span>
    </p>
   </div>
   <div class='ocr_carea' id='block_1_116' title="bbox 1951 5268 3611 5345">
    <p class='ocr_par' dir='ltr' id='par_1_116' title="bbox 1951 5268 3611 5345">
     <span class='ocr_line' id='line_1_116' title="bbox 1951 5268 3611 5345; baseline 0.001 -16"><span class='ocrx_word' id='word_1_770' title='bbox 1951 5293 2090 5329; x_wconf 89' lang='lat' dir='ltr'>num</span> <span class='ocrx_word' id='word_1_771' title='bbox 2118 5275 2401 5345; x_wconf 88' lang='lat' dir='ltr'>epistolas</span> <span class='ocrx_word' id='word_1_772' title='bbox 2435 5273 2555 5327; x_wconf 86' lang='lat' dir='ltr'>fere</span> <span class='ocrx_word' id='word_1_773' title='bbox 2586 5268 2792 5327; x_wconf 86' lang='lat' dir='ltr'>omnes</span> <span class='ocrx_word' id='word_1_774' title='bbox 2815 5273 3039 5341; x_wconf 88' lang='lat' dir='ltr'>pseudo</span> <span class='ocrx_word' id='word_1_775' title='bbox 3074 5274 3289 5328; x_wconf 90' lang='lat' dir='ltr'>Isidori</span> <span class='ocrx_word' id='word_1_776' title='bbox 3318 5275 3377 5329; x_wconf 91' lang='lat' dir='ltr'>in</span> <span class='ocrx_word' id='word_1_777' title='bbox 3406 5278 3611 5345; x_wconf 89' lang='lat' dir='ltr'>partes</span> 
     </span>
    </p>
   </div>
   <div class='ocr_carea' id='block_1_117' title="bbox 1951 5362 3614 5432">
    <p class='ocr_par' dir='ltr' id='par_1_117' title="bbox 1951 5362 3614 5432">
     <span class='ocr_line' id='line_1_117' title="bbox 1951 5362 3614 5432; baseline 0.001 -14"><span class='ocrx_word' id='word_1_778' title='bbox 1951 5362 2570 5432; x_wconf 90' lang='lat' dir='ltr'>discerptasinseruit.</span> <span class='ocrx_word' id='word_1_779' title='bbox 2588 5362 2781 5416; x_wconf 87' lang='lat' dir='ltr'>Verba</span> <span class='ocrx_word' id='word_1_780' title='bbox 2804 5365 2941 5416; x_wconf 88' lang='lat' dir='ltr'>sunt</span> <span class='ocrx_word' id='word_1_781' title='bbox 2964 5363 3297 5418; x_wconf 89' lang='lat' dir='ltr'>doctissimi</span> <span class='ocrx_word' id='word_1_782' title='bbox 3319 5364 3614 5420; x_wconf 89' lang='lat' dir='ltr'>Blondelli</span> 
     </span>
    </p>
   </div>
   <div class='ocr_carea' id='block_1_118' title="bbox 1950 5450 3612 5525">
    <p class='ocr_par' dir='ltr' id='par_1_118' title="bbox 1950 5450 3612 5525">
     <span class='ocr_line' id='line_1_118' title="bbox 1950 5450 3612 5525; baseline 0.002 -19"><span class='ocrx_word' id='word_1_783' title='bbox 1950 5453 2013 5506; x_wconf 91' lang='lat' dir='ltr'>in</span> <span class='ocrx_word' id='word_1_784' title='bbox 2039 5451 2491 5522; x_wconf 86' lang='lat' dir='ltr'>Prolegomenis</span> <span class='ocrx_word' id='word_1_785' title='bbox 2538 5450 2761 5522; x_wconf 85' lang='lat' dir='ltr'>pseudo</span> <span class='ocrx_word' id='word_1_786' title='bbox 2809 5451 3049 5519; x_wconf 86' lang='lat' dir='ltr'>Isidori,</span> <span class='ocrx_word' id='word_1_787' title='bbox 3087 5468 3213 5522; x_wconf 90' lang='lat' dir='ltr'>cap.</span> <span class='ocrx_word' id='word_1_788' title='bbox 3246 5451 3333 5522; x_wconf 85' lang='grc'>18,</span> <span class='ocrx_word' id='word_1_789' title='bbox 3367 5469 3504 5525; x_wconf 86' lang='lat' dir='ltr'>pag.</span> <span class='ocrx_word' id='word_1_790' title='bbox 3518 5452 3612 5511; x_wconf 87' lang='lat'>98.</span> 
     </span>
    </p>
   </div>
   <div class='ocr_carea' id='block_1_119' title="bbox 1953 5540 3608 5614">
    <p class='ocr_par' dir='ltr' id='par_1_119' title="bbox 1953 5540 3608 5614">
     <span class='ocr_line' id='line_1_119' title="bbox 1953 5540 3608 5614; baseline 0.001 -17"><span class='ocrx_word' id='word_1_791' title='bbox 1953 5542 2185 5611; x_wconf 89' lang='lat' dir='ltr'>Scripta</span> <span class='ocrx_word' id='word_1_792' title='bbox 2222 5541 2333 5593; x_wconf 90' lang='lat' dir='ltr'>alia</span> <span class='ocrx_word' id='word_1_793' title='bbox 2364 5540 2634 5610; x_wconf 86' lang='lat' dir='ltr'>ejusdem</span> <span class='ocrx_word' id='word_1_794' title='bbox 2664 5540 2846 5595; x_wconf 89' lang='lat' dir='ltr'>refert</span> <span class='ocrx_word' id='word_1_795' title='bbox 2876 5541 3168 5597; x_wconf 90' lang='lat' dir='ltr'>Baronius</span> <span class='ocrx_word' id='word_1_796' title='bbox 3199 5542 3273 5595; x_wconf 89' lang='lat' dir='ltr'>ad</span> <span class='ocrx_word' id='word_1_797' title='bbox 3318 5558 3413 5597; x_wconf 87' lang='lat' dir='ltr'>an.</span> <span class='ocrx_word' id='word_1_798' title='bbox 3446 5542 3608 5614; x_wconf 84' lang='grc'>1086,</span> 
     </span>
    </p>
   </div>
   <div class='ocr_carea' id='block_1_120' title="bbox 1956 5629 3614 5704">
    <p class='ocr_par' dir='ltr' id='par_1_120' title="bbox 1956 5629 3614 5704">
     <span class='ocr_line' id='line_1_120' title="bbox 1956 5629 3614 5704; baseline 0.001 -17"><span class='ocrx_word' id='word_1_799' title='bbox 1956 5648 2071 5704; x_wconf 91' lang='lat' dir='ltr'>quo</span> <span class='ocrx_word' id='word_1_800' title='bbox 2102 5629 2423 5686; x_wconf 86' lang='lat' dir='ltr'>Anselmus</span> <span class='ocrx_word' id='word_1_801' title='bbox 2453 5630 2544 5683; x_wconf 89' lang='lat' dir='ltr'>est</span> <span class='ocrx_word' id='word_1_802' title='bbox 2573 5632 2865 5699; x_wconf 88' lang='lat' dir='ltr'>mortuus,</span> <span class='ocrx_word' id='word_1_803' title='bbox 2900 5645 2973 5685; x_wconf 84' lang='lat' dir='ltr'>ex</span> <span class='ocrx_word' id='word_1_804' title='bbox 3000 5646 3288 5701; x_wconf 78' lang='lat' dir='ltr'>anonymo</span> <span class='ocrx_word' id='word_1_805' title='bbox 3318 5631 3417 5686; x_wconf 92' lang='lat' dir='ltr'>illo</span> <span class='ocrx_word' id='word_1_806' title='bbox 3465 5632 3614 5688; x_wconf 65' lang='lat' dir='ltr'>Vitta</span> 
     </span>
    </p>
   </div>
  </div>
