3978 6178
478 289 600 353 439

1447 289 1514 351 s.
1557 278 2016 351 ANSBLMUS
2062 270 2472 351 Lunensis
2518 286 2984 352 EPISCOPUS
3750 288 3842 360 λιιι)

485 488 619 560 ejus
637 488 953 559 scriptore,
978 489 1079 558 qui
1108 487 1576 558 poenitentiarius
1598 486 1759 541 illius
1777 485 1904 554 fuit,
1931 488 1987 541 et
2005 499 2143 539 ver-
2164 462 2214 531 Α
2242 487 2413 554 ptum
2441 485 2757 555 invenitur,
2789 484 2930 541 illud
2965 500 3136 541 omne
3169 486 3468 558 probatur.
3497 487 3753 552 Quantum
3788 494 3844 547 ad

482 578 578 631 bis
608 578 844 648 quidem
874 576 1094 646 ipsius:
1122 577 1222 630 Ex
1238 575 1438 630 multis
1458 582 1516 629 et
1535 575 1803 629 diversis
1822 574 2133 629 sanctissi-

483 681 708 719 morum
738 666 986 718 Patrum
1012 663 1402 719 voluminibus
1421 680 1590 717 unum
1609 663 1944 734 compilavit
1967 678 2143 717 cano-

487 756 751 808 nicarum
782 754 1213 808 sententiarum
1246 768 1357 807 non
1388 753 1673 807 modicum
1703 768 1932 823 corpus.
1977 752 2141 819 Item,

488 843 930 912 Apologeticum
957 859 1124 894 unum
1149 858 1227 895 ex
1247 841 1514 896 diversis
1534 847 1868 895 Sanctorum
1896 841 2144 894 Patrum

496 930 887 984 voluminibus
916 931 1271 1000 compilavit,
1305 931 1517 1003 quibus
1544 930 1782 984 Domini
1805 946 1972 1001 papae
2002 945 2145 983 scn-

492 1020 736 1072 tentiam
770 1025 829 1072 ct
862 1020 1142 1073 universa
1177 1019 1304 1090 ejus
1335 1018 1488 1072 facta
1519 1026 1690 1090 atque
1716 1025 2012 1089 praecepta
2045 1034 2145 1072 ca-

493 1108 724 1161 nonicis
777 1106 1145 1161 defenderet.
1200 1107 1554 1162 rationibus.
1624 1107 1845 1163 Multos
1910 1106 2148 1161 libellos

482 1197 750 1268 propriis
796 1196 1068 1250 manibus
1114 1196 1503 1267 conscripsit,
1555 1198 1615 1250 in
1665 1197 2148 1250 Lamentationes

486 1282 763 1340 Jeremiaa
783 1285 1183 1339 dulcissunam
1216 1284 1362 1339 fecit
1402 1285 1872 1356 Expositionem.
1902 1283 2147 1338 Psalte-

486 1374 641 1427 rium
671 1389 891 1445 quoque
921 1380 1132 1445 rogatu
1170 1372 1677 1428 benedictissimce
1719 1372 2027 1427 Muthildaa
2056 1371 2147 1425 lu-

489 1462 895 1517 culentissima
925 1464 1216 1533 exposuit,
1248 1461 1527 1516 breviter
1556 1461 1808 1532 quidem,
1842 1461 1953 1515 sed
1985 1460 2147 1515 utili-

491 1557 605 1618 ter,
643 1566 822 1622 usque
850 1550 926 1604 ad
952 1550 1116 1604 illum
1164 1552 1368 1615 Iocum,
1406 1550 1828 1604 Benediximus
1869 1549 2045 1603 vobis
2089 1549 2149 1604 in

488 1640 725 1694 nomine
756 1639 1007 1705 Domini,
1053 1639 1143 1693 ibi
1171 1639 1460 1711 siquidem
1483 1639 1906 1709 qui-positionem
1927 1637 2146 1692 linivit.

560 1728 624 1781 In
653 1728 855 1782 ultima
886 1728 1139 1781 editione
1168 1728 1438 1781 maximae
1469 1728 1749 1782 Veterum
1784 1728 2022 1781 Patrum
2053 1727 2148 1780 Bi-

2258 575 2542 644 opuscula
2574 568 2685 628 alia
2707 575 2815 629 tria
2843 576 2915 630 de
2934 576 3152 646 quibus
3183 591 3382 646 supra,
3404 577 3603 632 horum
3632 581 3845 635 meminit

2256 663 2547 717 Antonius
2578 663 2946 718 Possevinus
2977 679 3051 719 ex
3070 665 3581 743 ms.Mantuanoiu
3602 667 3851 739 Apparatu

2252 762 2442 819 sacro,
2477 753 2659 806 verbo
2690 752 3011 807 Anselmus
3040 754 3417 822 Mantuanus,
3440 755 3628 823 tom.1,
3656 758 3847 827 pag.86.

2253 840 2530 895 Attribuit
2559 841 2654 894 illa
2685 842 2916 913 primus
2946 841 3011 897 S.
3043 842 3329 897 Anselmo
3353 843 3603 898 Lucensi
3630 845 3853 917 episcOpo

2255 930 2448 982 Lucas
2483 928 2823 1001 Wadingus
2875 932 2933 985 in
2977 931 3234 986 editione
3279 932 3490 1001 citata,
3541 944 3664 1002 quae
3703 936 3852 987 tamen

2253 1020 2422 1071 antea
2453 1019 2726 1073 attributa
2756 1018 2991 1074 fuerant
3037 1019 3103 1074 S.
3137 1020 3574 1075 Bonaventurae
3615 1021 3855 1075 Ecclesiae

2255 1106 2504 1176 doctori,
2538 1106 2611 1159 ad
2641 1108 2863 1161 calcem
2885 1109 3159 1178 opusculi
3190 1110 3347 1180 quod
3375 1109 3652 1164 Stimulos
3678 1112 3855 1165 amoris

2252 1194 2617 1264 inscribitur,
2652 1200 2818 1265 parte
2847 1213 2931 1265 ιιι,
2968 1212 3096 1266 cap.
3131 1197 3200 1252 16
3228 1200 3285 1251 et
3316 1197 3722 1268 sequentibus,
3750 1213 3856 1270 pag.

2251 1282 2357 1336 235
2386 1272 2444 1337 et
2473 1285 2866 1354 sequentibus
2896 1284 3173 1340 editionis
3213 1286 3574 1340 Parisiensis
3600 1287 3725 1341 anni
3751 1286 3857 1341 1641

2256 1371 2316 1424 in
2379 1371 2476 1425 fol.
2539 1373 2691 1442 apud
2742 1373 3050 1428 Nicolaum
3104 1374 3420 1428 Wivenais
3486 1375 3576 1428 via
3621 1374 3859 1429 Cithara:

2255 1460 2528 1530 quamvis
2559 1461 2620 1515 in
2649 1461 2905 1516 editione
2933 1462 3157 1517 Veneta
3198 1463 3337 1517 anni
3384 1460 3544 1532 1611,
3593 1463 3728 1533 apud
3764 1464 3861 1518 hae-

2253 1547 2429 1602 redes
2458 1548 2805 1620 Hieronymi
2834 1549 3018 1620 Scoti,
3041 1566 3160 1606 non
3183 1554 3560 1621 compareant
3586 1552 3643 1605 in
3661 1554 3861 1605 tractatu

2252 1635 2313 1691 S.
2346 1637 2776 1693 Bouaventurae
2808 1640 2908 1709 qui
2939 1627 3230 1695 Stimulus
3251 1640 3478 1695 amoris
3496 1637 3862 1704 dicitur.Quis-

2252 1726 2388 1796 quis
2419 1741 2596 1795 porro
2625 1727 2719 1781 vel
2738 1728 3091 1783 monoculus
3114 1729 3311 1797 fuerit,
3338 1732 3748 1799 tractatumque
3764 1728 3864 1782 Sti-

485 1816 823 1885 bliothecae,
857 1815 1244 1887 Lugdunensi
1263 1816 1400 1870 anni
1421 1815 1556 1869 1677
1579 1816 1732 1886 apud
1764 1816 2144 1884 Anissonios,
2168 1836 2218 1900 Β
2251 1814 2395 1868 muli
2418 1814 2639 1869 amoris
2659 1815 3238 1872 Bonaventurianum
3250 1816 3865 1887 vellevioculopercur-

491 1904 647 1958 edita
676 1905 789 1958 sub
820 1903 1010 1957 sancti
1026 1904 1293 1958 Anselmi
1312 1905 1606 1959 Lucensis
1623 1905 1893 1975 episcopi
1914 1905 2148 1959 nomine

495 1992 781 2062 Opuscula
813 2000 1062 2064 quatuor
1088 2009 1242 2063 quae,
1272 1996 1439 2048 antea
1468 2009 1501 2046 a
1531 1994 1692 2047 Luca
1723 1993 2022 2065 Wadingo
2046 2010 2149 2047 or-

491 2081 648 2134 dinis
662 2080 953 2134 Minorum
968 2080 1452 2153 historiographo
1468 2085 1523 2135 et
1534 2081 1981 2136 bibliothecario
1993 2083 2149 2136 circa

488 2185 705 2224 annum
736 2168 874 2224 1654
906 2170 1059 2223 edita
1089 2169 1323 2223 fuerant
1350 2171 1624 2240 primum,
1654 2170 1918 2224 dedicata
1950 2170 2147 2224 Marco

488 2257 742 2311 Antonio
774 2257 1131 2326 Franciotto,
1165 2258 1225 2313 S.
1262 2260 1331 2313 R.
1371 2257 1436 2311 E.
1471 2259 1757 2313 cardinali
1788 2262 1845 2314 et
1891 2259 2153 2313 Lucensi

488 2347 792 2416 episcopo,
818 2346 890 2400 de
921 2347 1139 2416 quibus
1155 2347 1284 2416 ipse
1298 2347 1494 2401 Lucas
1508 2347 1849 2419 Wadingus
1863 2348 1922 2400 in
1946 2346 2152 2418 Scrip-

494 2434 726 2489 toribus
746 2435 874 2490 0rd.
906 2435 1225 2506 Minorum,
1258 2450 1394 2507 pag.
1426 2434 1552 2491 240.
1588 2436 1729 2491 Haec
1761 2440 1954 2491 autem
1983 2440 2148 2491 sunt:

486 2523 915 2594 Expositiones
934 2525 994 2577 in
1012 2522 1350 2579 Orationem
1364 2525 1749 2594 Dominicam,
1766 2526 1827 2578 in
1840 2524 2156 2581 Salutatio-

489 2626 622 2665 nem
656 2611 1005 2683 angelicam,
1037 2613 1171 2667 Ave
1201 2614 1419 2683 Maria,
1453 2614 1515 2667 in
1537 2614 1934 2684 Antiphonem
1968 2613 2152 2668 Salve

490 2699 742 2770 Regina,
776 2715 909 2770 qum
930 2703 1087 2755 torno
1120 2701 1340 2754 XXVII
1370 2714 1478 2755 seu
1516 2701 1931 2771 Supplemento
1963 2701 2146 2774 hujus

491 2788 899 2855 Bibliothecae,
932 2805 1067 2860 pag.
1099 2788 1205 2844 436
1233 2791 1289 2843 et
1310 2790 1719 2860 sequentibus,
1740 2806 1874 2844 cum
1892 2791 2145 2845 Medita-

496 2876 756 2930 tionibus
770 2878 1039 2931 metricis
1050 2878 1124 2932 de
1133 2879 1327 2949 gestis
1338 2879 1574 2932 Domini
1586 2880 1779 2932 nostri
1791 2880 1933 2934 Jesu
1947 2879 2149 2934 Chris-

495 2965 701 3035 ti,quae
722 2966 1042 3034 incipiunt:
1064 2966 1294 3021 Desere
1311 2967 1960 3037 jam,anima,lcctulum
1990 2984 2148 3041 sopo-

490 3054 600 3119 ris,
621 3058 731 3108 etc.
745 3053 1109 3124 Opusculum
1124 3074 1162 3125 ι,
1178 3057 1240 3110 in
1260 3055 1599 3111 Orationem
1614 3057 1995 3123 Dominicam,
2014 3058 2151 3112 inci-

493 3143 795 3214 pit,Patcr
806 3150 1031 3215 noster,
1050 3146 1224 3216 quies
1244 3146 1306 3199 in
1322 3145 1506 3212 caelis,
1532 3145 1877 3201 Oimmensa
1899 3146 2151 3202 clemen-

2250 1904 2417 1973 rerit,
2452 1903 2710 1959 inveniet
2739 1906 3029 1974 opuscula
3052 1906 3184 1960 haec
3208 1906 3319 1960 tria
3342 1921 3484 1961 esse
3506 1920 3713 1960 merum
3730 1920 3865 1958 assu-

2253 1995 2533 2061 mentum,
2566 1992 2639 2047 ab
2684 1993 2921 2047 indocto
2969 1994 3377 2050 Franciscano
3424 1994 3615 2065 aliquo
3653 1993 3866 2047 additum

2255 2080 2394 2134 huic
2427 2082 2611 2151 operi,
2646 2097 2779 2135 cum
2810 2097 2927 2152 quo
2973 2083 3194 2137 nullam
3241 2083 3425 2138 habet
3471 2083 3865 2149 conuexionem,

2256 2168 2474 2223 nullam
2507 2171 2955 2224 consonantiam
2980 2189 2995 2236 ;
3035 2171 3190 2226 unde
3220 2171 3500 2225 laciniam
3528 2184 3660 2225 esse
3686 2184 3867 2224 meram

2258 2257 2453 2328 quivis
2475 2258 2740 2327 prudens
2754 2274 2870 2314 non
2887 2259 3268 2314 inficiabitur.
3285 2259 3536 2314 Tantum
3557 2264 3719 2330 porro
3735 2257 3869 2313 abest

2257 2349 2320 2399 ut
2351 2346 2478 2400 haec
2512 2346 2803 2417 opuscula
2831 2348 2924 2401 vel
2948 2347 3229 2402 Anselmo
3247 2348 3342 2402 vel
3367 2347 3770 2403 Bonaventurai
3788 2345 3867 2398 ho-

2257 2448 2463 2489 norem
2491 2434 2748 2505 aliquem
2781 2434 3113 2507 famamque
3145 2435 3358 2491 atferre
3388 2436 3637 2507 possint,
3683 2433 3804 2505 quin
3841 2448 3865 2486 e

2258 2526 2464 2577 contra
2514 2523 2759 2595 indigna
2806 2524 3042 2578 omnino
3102 2524 3222 2579 sint
3266 2540 3405 2595 quin
3465 2524 3636 2579 tantis
3678 2527 3868 2591 tamque

2258 2612 2546 2683 gravibus
2580 2613 2666 2681 (ut
2691 2613 2918 2682 volunt)
2937 2611 3228 2667 Ecclesiae
3255 2613 3601 2668 doctoribus
3621 2610 3869 2666 ascriban-

2258 2704 2375 2754 tur.
2395 2699 2541 2755 Sunt
2563 2701 2718 2755 enim
2748 2702 3020 2771 anonymi
3044 2700 3360 2772 cujusdam
3382 2700 3642 2768 infantis,
3657 2697 3866 2763 ridiculi,

2258 2789 2632 2860 insanientis,
2664 2792 2721 2844 et
2742 2790 2799 2842 in
2823 2789 3319 2861 expressionibus
3337 2790 3472 2845 suis
3494 2791 3569 2843 ita
3589 2788 3757 2855 bardi,
3778 2787 3868 2840 imo

2260 2877 2560 2947 impudici,
2592 2880 2655 2931 ut
2676 2878 2854 2932 mirer
2881 2878 3177 2950 quomodo
3208 2879 3409 2934 Lucas
3440 2878 3774 2951 Wadingus,
3799 2873 3869 2925 vir

2260 2965 2518 3036 alioquin
2531 2966 2797 3021 eruditus
2815 2970 2871 3021 et
2891 2967 3173 3036 prudens,
3190 2968 3479 3023 Anselmo
3500 2966 3740 3022 Lucensi
3772 2962 3868 3032 epi—

2261 3068 2445 3124 scopo
2493 3055 2811 3110 attribuere
2860 3055 2961 3110 illa
3006 3071 3193 3111 ausus
3243 3055 3441 3111 fuerit.
3479 3055 3602 3110 Nec
3634 3048 3870 3124 opuscula

2259 3143 2556 3213 ejusmodi
2587 3144 2871 3213 inscripta
2899 3143 2970 3197 ad
3000 3142 3157 3198 aliud
3178 3143 3394 3215 juvant
3415 3160 3590 3216 quam
3616 3147 3676 3198 ut
3693 3154 3867 3213 graves

494 3190 622 3214 ι’““7“
661 3190 775 3197 ’⁸⁷⁷⁸
806 3190 993 3199 ⁸⁵⁴ν⁵¹⁷ν⁵
1017 3190 1031 3215 ἲ
1051 3190 1076 3216 Ὶ
1090 3190 1141 3199 ”“’
1158 3190 1221 3199 """
1244 3190 1303 3199 ⁶’⁹
1322 3190 1506 3212 νυνι-ἰν
1535 3190 1569 3199 ν
1591 3190 1874 3201 ’⁸⁸⁸⁸⁸⁸ν¹¹⁹“’¹
1899 3190 2124 3202 ν⁸ν⁸⁸⁵ν⁶⁸
2263 3190 2556 3213 “Ι“““”“’⁸““⁷““
2588 3190 2871 3213 “““”““’““Γ“”
2900 3190 2970 3197 “”“
3001 3190 3157 3198 ““““’”’
3178 3190 3251 3215 d"
3269 3190 3393 3198 “’“““”
3418 3190 3590 3216 Ὶ“⁵”’“’“
3622 3190 3675 3198 "'
3693 3190 3782 3213 0'"
3800 3190 3803 3191 ⁷
3823 3190 3835 3193 ⁷

494 3234 601 3288 tia!
616 3231 1839 3305 Oineii‘abilisbenignitas,etc.Secundum
1855 3239 1914 3290 in
1928 3236 2156 3290 Saluta-
2179 3190 2234 3259 ϐ
2261 3230 2550 3286 Ecclesiae
2573 3232 2898 3302 scriptores
2919 3235 3217 3303 exponant
3238 3233 3614 3303 contemptui,
3632 3227 3869 3287 irrisioni-

492 3323 710 3377 tionem
735 3322 1093 3393 angelicam;
1115 3324 1334 3393 incipit,
1362 3324 1495 3378 Ave
1518 3324 1736 3393 Maria,
1759 3324 1956 3395 gratia
1973 3324 2153 3395 plena
2258 3321 2396 3389 bus,
2412 3321 2739 3376 doctrinam
2765 3321 3153 3377 orthodoxam
3178 3337 3247 3377 ac
3268 3339 3479 3393 puram
3502 3317 3868 3381 incertitudini,

490 3410 775 3465 Dominus
806 3416 1036 3465 tecum:
1076 3410 1229 3481 Tibi,
1260 3412 1507 3467 Domine
1544 3413 1721 3479 Deus,
1759 3412 1995 3482 gratias
2021 3428 2147 3482 ago,
2261 3408 3495 3482 mysteriaScripturaruminsolentissimis
3520 3412 3805 3466 verborum
3820 3416 3887 3458 ac'

492 3499 1699 3571 etc.Tertium,MeditatiomAntiphonem
1711 3500 1906 3555 SALVE
1922 3502 2153 3556 Rasum
2254 3498 2640 3570 jocositatum
2669 3500 3161 3556 obscenitatibus.
3187 3501 3319 3556 Jam
3338 3501 3646 3557 videamus
3674 3513 3738 3553 ex
3754 3493 3871 3565 ipsis

490 3586 723 3656 incipit:
749 3587 848 3641 Ad
878 3587 1247 3641 salutandam
1276 3587 1509 3642 beatam
1529 3588 1786 3643 Mariam
1826 3588 2149 3661 Virginem,
2263 3588 2680 3657 opusculorum
2712 3589 2915 3644 verbis
2946 3590 3123 3661 quam
3170 3589 3506 3658 absurdus,
3556 3584 3869 3657 imprudens,

486 3675 683 3746 primo
711 3674 900 3729 debes
926 3676 1394 3747 magnitudinem
1424 3676 1573 3749 ejus,
1605 3681 1717 3731 etc.
1735 3676 2038 3745 Quartum,
2066 3678 2154 3733 De
2261 3676 2377 3731 imo
2408 3677 2788 3732 insaniensin
2806 3677 3300 3747 expressionibus
3318 3678 3450 3733 suis
3476 3678 3573 3732 hic
3597 3684 3872 3743 anonymus

496 3762 703 3818 Gestis
730 3762 968 3840 Domini
995 3764 1190 3817 nostri
1218 3765 1363 3820 Jesu
1397 3764 1648 3835 Christi,
1682 3768 1743 3820 ut
1790 3781 1993 3836 supra,
2035 3769 2149 3821 etc.

491 3851 782 3916 Quantum
811 3852 883 3906 ad
913 3856 1182 3923 quartum
1204 3853 1318 3907 hoc
1341 3855 1692 3923 opusculum
1713 3854 1802 3909 De
1821 3855 2015 3926 gestis
2035 3871 2151 3911 me-

493 3939 672 3994 tricis
699 3940 938 3995 Domini
964 3942 1159 3995 nostri
1188 3941 1331 3997 Jesu
1356 3942 1608 4013 Christi,
1640 3943 1898 4014 loquitur
1929 3944 2003 3998 de
2046 3944 2149 3999 illo

490 4027 794 4083 Arnoldus
823 4028 1007 4084 Wion
1036 4030 1455 4102 Martyrologio
1478 4031 1881 4103 Benedictino,
1899 4032 1971 4086 ad
1992 4032 2150 4087 diem

494 4115 563 4171 18
593 4117 809 4188 Martii,
840 4118 1122 4174 Anselmo
1153 4119 1413 4175 Lucensi
1441 4120 1723 4191 episcopo
1765 4136 2019 4190 sacram,
2052 4121 2151 4176 ubi

493 4208 549 4262 ei
574 4206 720 4261 illud
752 4208 1035 4263 attribuit.
1067 4208 1141 4263 At
1174 4209 1376 4263 Lucas
1411 4208 1773 4282 Wadingus,
1825 4210 1926 4281 qui
1971 4209 2151 4264 edidit

490 4296 636 4351 illud
665 4297 727 4351 in
755 4295 1131 4352 Bibliotheca
1171 4296 1285 4352 SS.
1320 4297 1567 4352 Patrum
1597 4298 1869 4352 editionis
1902 4299 2149 4352 Anisso-

491 4387 685 4442 nianaa
714 4384 1180 4458 Lugdumensis,
1210 4388 1369 4441 tomo
1402 4385 1643 4456 XXVII,
1681 4402 1816 4458 pag.
1850 4386 1975 4456 444,
2009 4385 2152 4441 illud

491 4476 570 4532 ita
602 4490 741 4529 esse
772 4475 1066 4529 inﬁmum
1087 4477 1266 4545 notat,
1283 4478 1345 4530 ut
1366 4476 1558 4530 sancti
1576 4475 1842 4530 Anselmi
1859 4475 2154 4530 Lucensis

2259 3763 2457 3819 fuerit.
2492 3765 2556 3818 In
2579 3765 2963 3836 Expositione
2985 3780 3168 3837 super
3191 3764 3539 3821 Orationem
3560 3760 3870 3820 Dominicam

2262 3853 2644 3908 subinitium:
2679 3854 2831 3920 Quid
2845 3854 2994 3909 mihi
3012 3854 3166 3909 ultra
3190 3855 3264 3909 de
3288 3857 3564 3911 terrenis
3581 3847 3873 3909 honoribus.

2262 3943 2361 4014 qui
2375 3957 2499 3997 sum
2513 3941 2672 3996 ﬁlius
2681 3942 2951 4015 Dei‘iMaj
2957 3958 3023 3997 us
3037 3943 3296 3999 dedecus
3308 3951 3472 3999 esset
3486 3943 3630 3998 mihi
3639 3941 3873 4012 appetere

2262 4036 2763 4103 quantumcunque
2790 4031 3070 4087 honorem
3086 4036 3589 4105 terrenum,quam
3601 4029 3714 4085 ﬁlio
3724 4021 3872 4095 impc-

2264 4119 2489 4175 ratoris
2500 4118 2736 4174 latrinae
2748 4117 3025 4175 ofﬁcium.
3056 4118 3210 4185 Quid
3219 4121 3368 4175 mihi
3386 4120 3542 4177 ultra
3563 4120 3634 4176 de
3656 4109 3877 4172 terrenis

2265 4206 2327 4262 di
2336 4207 2503 4261 vitiis
2525 4208 2623 4279 qui
2642 4223 2749 4278 reg
2759 4207 3048 4262 uiaeterni
3062 4223 3190 4262 sum
3205 4208 3405 4264 haeres
3418 4208 3447 4263 .9
3468 4201 3873 4282 Ignominiosius

2264 4301 2425 4350 esset
2455 4295 2603 4349 mihi
2614 4296 2688 4352 de
2700 4302 3203 4369 quantumcunque
3218 4297 3452 4368 magnis
3462 4296 3695 4353 divitiis
3710 4298 3871 4346 terre-

2264 4385 2360 4438 nis
2386 4399 2618 4456 curarc,
2635 4400 2801 4456 quam
2816 4385 3279 4457 primogenitum
3300 4383 3680 4457 imperatoris
3692 4381 3758 4436 de
3770 4376 3873 4432 limo

2262 4471 2709 4546 equorum-Quid
2721 4473 2854 4527 istis
2867 4473 3406 4544 comparationibus
3418 4461 3868 4530 insulsius?Haud

493 4564 758 4634 episcopi
787 4579 1002 4618 nomen
1032 4579 1147 4617 non
1178 4566 1491 4618 mereatur.
1514 4564 1640 4618 Hoc
1662 4579 1843 4618 unum
1862 4563 2007 4617 mihi
2028 4579 2156 4619 cer-
2184 4551 2234 4612 Β
2261 4562 2505 4618 dubium
2537 4562 2678 4635 quin
2709 4562 2983 4617 latrinam
3028 4561 3235 4633 oleret,
3268 4563 3371 4634 qui
3410 4563 3635 4617 latrinw
3683 4572 3744 4612 ac
3778 4549 3873 4607 ﬁmi

490 4657 635 4723 tum,
670 4652 865 4707 omnia
895 4652 1009 4706 ista
1029 4655 1213 4707 metra
1244 4652 1373 4707 sive
1396 4653 1680 4706 Anselmo
1703 4653 1965 4707 Lucensi
1994 4653 2154 4707 attri-

492 4744 767 4811 buantur,
793 4742 923 4795 sive
939 4739 1222 4795 Anselmo
1242 4740 1652 4796 Cantuariensi
1679 4741 2151 4813 archiepiscopo,

493 4834 623 4888 sive
660 4830 957 4886 Bernardo
988 4829 1179 4885 Clarae
1216 4829 1397 4883 Vallis
1424 4829 1641 4900 abbati,
1665 4833 1726 4885 ut
1746 4830 1859 4884 alia
1875 4830 2043 4901 plura
2064 4845 2157 4885 eo-

490 4937 625 4977 rum
656 4920 939 4991 operibus
961 4920 1239 4989 immista,
1257 4934 1396 4974 esse
1420 4934 1600 4989 opera
1621 4919 1830 4974 saeculi
1849 4936 1955 4973 xm
1971 4918 2065 4973 vel
2083 4918 2156 4973 ad

494 5025 790 5065 summum
821 5010 1029 5064 saeculi
1058 5026 1141 5063 xu
1172 5010 1567 5063 senescentis.
1598 5008 1998 5078 Praeterea,ut
2013 5008 2157 5063 sub-

483 5098 686 5170 jungit
715 5097 899 5168 hujus
931 5097 1150 5151 ultimae
1172 5096 1450 5152 editionis
1472 5096 1855 5152 Bibliothecae
1870 5096 2149 5152 Veterum

489 5188 733 5241 Patrum
763 5185 1062 5254 collector,
1091 5184 1204 5240 hoc
1237 5201 1386 5256 opus
1417 5185 1670 5240 continet
1696 5186 1876 5241 multa
1905 5186 2147 5259 indigna

492 5276 626 5329 viro
658 5275 848 5345 gravi,
883 5274 1078 5343 qualis
1120 5275 1441 5329 Anselmus
1494 5274 1785 5329 Lucensis
1827 5276 2146 5346 episcopus

490 5364 621 5419 fuit.
650 5361 932 5427 Quamvis
962 5364 1156 5416 autem
1188 5364 1483 5418 Arnoldus
1514 5364 1693 5419 Wion
1722 5367 1973 5419 metrum
1993 5364 2149 5419 istud

491 5453 553 5507 in
585 5464 759 5507 suum
790 5448 1289 5522 Martyrologium
1318 5453 1657 5522 inseruerit,
1691 5453 1824 5507 inde
1858 5456 2050 5507 tamen
2073 5454 2154 5506 in-

495 5542 732 5613 signius
762 5554 880 5593 non
911 5544 1021 5607 est,
1059 5555 1191 5593 cum
1245 5540 1412 5595 aliter
1458 5541 1651 5596 oleant
1698 5557 1841 5596 sues
1886 5544 1942 5595 et
1989 5542 2156 5596 aliter

494 5646 711 5687 canes:
743 5644 856 5685 nec
886 5628 1165 5683 anteriori
1207 5630 1431 5685 saeculo
1451 5671 1465 5697 ,
1499 5630 1785 5702 quidquid
1818 5630 2155 5685 manuscri—

2261 4666 2546 4722 equorum
2578 4650 2870 4705 insuetum
2897 4650 3178 4705 Patribus
3210 4651 3702 4721 comparationem
3730 4653 3873 4710 repe-

2259 4741 2435 4795 tebat.
2469 4740 2631 4794 Tunc
2663 4742 2897 4809 postea:
2924 4738 2971 4793 Ο
3002 4738 3391 4807 exsultatio,o
3412 4735 3875 4799 admiratio,ome-

2262 4828 2515 4885 dullaris
2541 4827 2877 4898 modulatio,
2904 4828 3035 4900 quia
3064 4827 3257 4882 Pater
3297 4841 3464 4882 meus
3511 4842 3580 4882 es
3622 4821 3716 4878 tu!
3754 4812 3873 4882 Quid

2264 4917 2653 4987 expressione
2674 4917 2788 4971 ista
2812 4915 3126 4989 nugacius,
3146 4914 3193 4970 Ο
3213 4900 3876 4971 medullarismodulatio.’

2263 5005 2411 5071 Qnid
2441 5020 2559 5059 Vox
2585 5006 2718 5075 ista,
2733 5003 3122 5060 medullaris?
3142 5020 3321 5075 quam
3340 5000 3575 5058 Latina!
3600 5012 3759 5073 quam
3773 4989 3871 5048 exi-

2262 5094 2378 5148 mie
2398 5092 2625 5166 junctae
2655 5108 2859 5163 voces,
2896 5092 2944 5147 0
2969 5091 3322 5147 medullaris
3352 5084 3697 5147 modulatio!
3727 5077 3874 5149 Quasi

2263 5182 2578 5239 modulatio
2608 5182 2704 5238 vel
2724 5183 2784 5237 in
2805 5181 3060 5237 medulla
3078 5181 3173 5251 sit,
3198 5181 3294 5235 vel
3316 5195 3390 5235 ex
3413 5180 3640 5235 ossium
3659 5167 3870 5230 medulla

2262 5268 2571 5343 procedat!
2597 5270 2829 5325 Siccine
2860 5270 3253 5342 loquebantur
3283 5269 3475 5323 sancti
3506 5268 3721 5330 Patres,
3743 5254 3873 5331 judi-

2265 5360 2357 5415 cio
2390 5375 2628 5432 graves,
2664 5359 3056 5430 expressione
3103 5358 3257 5429 puri,
3309 5357 3425 5411 fide
3474 5352 3722 5427 integri?
3761 5348 3874 5437 licet

2263 5450 2559 5520 aliquanto
2589 5452 2725 5518 post
2749 5465 2760 5503 :
2789 5449 2950 5502 Mira
2981 5447 3268 5519 dignatio,
3302 5445 3652 5517 dignissima
3681 5433 3870 5526 Christi

2265 5538 2556 5592 habitatio
2576 5539 2637 5591 in
2656 5537 2861 5592 nobis!
2881 5538 3013 5609 Ego
3032 5535 3402 5591 ﬁcdissimus
3418 5532 3597 5588 simul
3608 5536 3663 5586 et
3690 5524 3873 5581 abomi'

2265 5626 2485 5682 nabilis
2501 5633 2874 5698 peccatorum
2894 5626 3138 5694 latrina,
3180 5623 3342 5680 valeo
3373 5636 3509 5679 esse
3541 5637 3616 5679 ex
3632 5619 3871 5673 immensa
