  <div class='ocr_page' id='page_1' title='image "/cluster/home/n/w/nwhite01/storage/ocr_20150623/149/hvd.32044054760079/226.png"; bbox 0 0 3978 6178; ppageno 0'>
   <div class='ocr_carea' id='block_1_1' title="bbox 167 313 262 377">
    <p class='ocr_par' dir='ltr' id='par_1_1' title="bbox 167 313 262 377">
     <span class='ocr_line' id='line_1_1' title="bbox 167 313 262 377; baseline -0.042 0"><span class='ocrx_word' id='word_1_1' title='bbox 167 313 262 377; x_wconf 76' lang='grc'><strong>441</strong></span> 
     </span>
    </p>
   </div>
   <div class='ocr_carea' id='block_1_2' title="bbox 1407 308 2270 374">
    <p class='ocr_par' dir='ltr' id='par_1_2' title="bbox 1407 308 2270 374">
     <span class='ocr_line' id='line_1_2' title="bbox 1407 308 2270 374; baseline -0.002 -1"><span class='ocrx_word' id='word_1_2' title='bbox 1407 308 1756 373; x_wconf 84' lang='grc' dir='ltr'><strong>ΝΟΤΙΤΙΑ</strong></span> <span class='ocrx_word' id='word_1_3' title='bbox 1788 310 2131 374; x_wconf 87' lang='lat' dir='ltr'><strong>HISTORI</strong></span> <span class='ocrx_word' id='word_1_4' title='bbox 2142 310 2270 374; x_wconf 86' lang='lat' dir='ltr'><strong>CA.</strong></span> 
     </span>
    </p>
   </div>
   <div class='ocr_carea' id='block_1_3' title="bbox 3433 317 3552 379">
    <p class='ocr_par' dir='ltr' id='par_1_3' title="bbox 3433 317 3552 379">
     <span class='ocr_line' id='line_1_3' title="bbox 3433 317 3552 379; baseline -0.008 0"><span class='ocrx_word' id='word_1_5' title='bbox 3433 317 3552 379; x_wconf 73' lang='lat'><strong>442</strong></span> 
     </span>
    </p>
   </div>
   <div class='ocr_carea' id='block_1_4' title="bbox 170 497 3559 588">
    <p class='ocr_par' dir='ltr' id='par_1_4' title="bbox 170 497 3559 588">
     <span class='ocr_line' id='line_1_4' title="bbox 170 497 3559 588; baseline 0.001 -20"><span class='ocrx_word' id='word_1_6' title='bbox 170 512 454 568; x_wconf 84' lang='lat' dir='ltr'><strong>clementia</strong></span> <span class='ocrx_word' id='word_1_7' title='bbox 482 511 593 565; x_wconf 72' lang='lat' dir='ltr'><strong>De:</strong></span> <span class='ocrx_word' id='word_1_8' title='bbox 616 512 726 566; x_wconf 86' lang='lat' dir='ltr'><strong>mei</strong></span> <span class='ocrx_word' id='word_1_9' title='bbox 760 511 1204 567; x_wconf 89' lang='lat' dir='ltr'><strong>tabernaculum</strong></span> <span class='ocrx_word' id='word_1_10' title='bbox 1223 528 1372 584; x_wconf 67' lang='lat' dir='ltr'><strong>ejus.</strong></span> <span class='ocrx_word' id='word_1_11' title='bbox 1400 511 1554 567; x_wconf 83' lang='lat' dir='ltr'><strong>Ecce</strong></span> <span class='ocrx_word' id='word_1_12' title='bbox 1586 513 1794 567; x_wconf 83' lang='lat' dir='ltr'><strong>iterum</strong></span> <span class='ocrx_word' id='word_1_13' title='bbox 1825 497 2012 579; x_wconf 58' lang='lat' dir='ltr'><strong>Aest,</strong></span> <span class='ocrx_word' id='word_1_14' title='bbox 2045 529 2160 585; x_wconf 93' lang='lat' dir='ltr'><strong>quo</strong></span> <span class='ocrx_word' id='word_1_15' title='bbox 2193 513 2386 584; x_wconf 89' lang='lat' dir='ltr'><strong>magis</strong></span> <span class='ocrx_word' id='word_1_16' title='bbox 2439 513 2689 568; x_wconf 82' lang='lat' dir='ltr'><strong>barbare</strong></span> <span class='ocrx_word' id='word_1_17' title='bbox 2722 517 2777 568; x_wconf 92' lang='lat' dir='ltr'><strong>et</strong></span> <span class='ocrx_word' id='word_1_18' title='bbox 2806 515 3035 570; x_wconf 86' lang='lat' dir='ltr'><strong>insulse</strong></span> <span class='ocrx_word' id='word_1_19' title='bbox 3067 518 3320 587; x_wconf 87' lang='lat' dir='ltr'><strong>quisque</strong></span> <span class='ocrx_word' id='word_1_20' title='bbox 3351 517 3559 588; x_wconf 87' lang='lat' dir='ltr'><strong>loque-</strong></span> 
     </span>
    </p>
   </div>
   <div class='ocr_carea' id='block_1_5' title="bbox 163 600 1795 672">
    <p class='ocr_par' dir='ltr' id='par_1_5' title="bbox 163 600 1795 672">
     <span class='ocr_line' id='line_1_5' title="bbox 163 600 1795 672; baseline 0.001 -18"><span class='ocrx_word' id='word_1_21' title='bbox 163 616 461 670; x_wconf 77' lang='lat' dir='ltr'><strong>anonymus</strong></span> <span class='ocrx_word' id='word_1_22' title='bbox 489 600 560 653; x_wconf 91' lang='lat' dir='ltr'><strong>ad</strong></span> <span class='ocrx_word' id='word_1_23' title='bbox 584 600 778 654; x_wconf 83' lang='lat' dir='ltr'><strong>fimum</strong></span> <span class='ocrx_word' id='word_1_24' title='bbox 801 604 857 655; x_wconf 90' lang='lat' dir='ltr'><strong>et</strong></span> <span class='ocrx_word' id='word_1_25' title='bbox 884 602 1170 668; x_wconf 79' lang='lat' dir='ltr'><strong>latrinam,</strong></span> <span class='ocrx_word' id='word_1_26' title='bbox 1193 619 1366 671; x_wconf 88' lang='lat' dir='ltr'><strong>quam</strong></span> <span class='ocrx_word' id='word_1_27' title='bbox 1393 603 1489 656; x_wconf 88' lang='lat' dir='ltr'><strong>vix</strong></span> <span class='ocrx_word' id='word_1_28' title='bbox 1505 603 1795 672; x_wconf 73' lang='lat' dir='ltr'><strong>tantisper</strong></span> 
     </span>
    </p>
   </div>
   <div class='ocr_carea' id='block_1_6' title="bbox 166 689 1795 762">
    <p class='ocr_par' dir='ltr' id='par_1_6' title="bbox 166 689 1795 762">
     <span class='ocr_line' id='line_1_6' title="bbox 166 689 1795 762; baseline 0.001 -19"><span class='ocrx_word' id='word_1_29' title='bbox 166 689 460 760; x_wconf 83' lang='lat' dir='ltr'><strong>abjecerat,</strong></span> <span class='ocrx_word' id='word_1_30' title='bbox 475 693 537 742; x_wconf 93' lang='lat' dir='ltr'><strong>ut</strong></span> <span class='ocrx_word' id='word_1_31' title='bbox 555 705 691 744; x_wconf 85' lang='lat' dir='ltr'><strong>vere</strong></span> <span class='ocrx_word' id='word_1_32' title='bbox 706 692 1186 744; x_wconf 88' lang='lat' dir='ltr'><strong>stercoranistam</strong></span> <span class='ocrx_word' id='word_1_33' title='bbox 1201 691 1616 762; x_wconf 89' lang='lat' dir='ltr'><strong>appellaverim</strong></span> <span class='ocrx_word' id='word_1_34' title='bbox 1640 691 1795 744; x_wconf 91' lang='lat' dir='ltr'><strong>hunc</strong></span> 
     </span>
    </p>
   </div>
   <div class='ocr_carea' id='block_1_7' title="bbox 174 777 1793 849">
    <p class='ocr_par' dir='ltr' id='par_1_7' title="bbox 174 777 1793 849">
     <span class='ocr_line' id='line_1_7' title="bbox 174 777 1793 849; baseline 0.001 -18"><span class='ocrx_word' id='word_1_35' title='bbox 174 794 522 847; x_wconf 71' lang='lat' dir='ltr'><strong>anonymum,</strong></span> <span class='ocrx_word' id='word_1_36' title='bbox 543 777 642 848; x_wconf 86' lang='lat' dir='ltr'><strong>qui</strong></span> <span class='ocrx_word' id='word_1_37' title='bbox 665 784 779 832; x_wconf 88' lang='lat' dir='ltr'><strong>tam</strong></span> <span class='ocrx_word' id='word_1_38' title='bbox 797 795 956 849; x_wconf 65' lang='lat' dir='ltr'><strong>saepe</strong></span> <span class='ocrx_word' id='word_1_39' title='bbox 972 779 1087 833; x_wconf 87' lang='lat' dir='ltr'><strong>iimi</strong></span> <span class='ocrx_word' id='word_1_40' title='bbox 1103 783 1159 834; x_wconf 92' lang='lat' dir='ltr'><strong>et</strong></span> <span class='ocrx_word' id='word_1_41' title='bbox 1180 781 1404 834; x_wconf 84' lang='lat' dir='ltr'><strong>latrinae</strong></span> <span class='ocrx_word' id='word_1_42' title='bbox 1428 781 1793 834; x_wconf 79' lang='lat' dir='ltr'><strong>recordatur.</strong></span> 
     </span>
    </p>
   </div>
   <div class='ocr_carea' id='block_1_8' title="bbox 164 866 1797 938">
    <p class='ocr_par' dir='ltr' id='par_1_8' title="bbox 164 866 1797 938">
     <span class='ocr_line' id='line_1_8' title="bbox 164 866 1797 938; baseline 0.002 -19"><span class='ocrx_word' id='word_1_43' title='bbox 164 866 379 919; x_wconf 75' lang='lat' dir='ltr'><strong>latinitas</strong></span> <span class='ocrx_word' id='word_1_44' title='bbox 402 881 542 919; x_wconf 89' lang='lat' dir='ltr'><strong>vero</strong></span> <span class='ocrx_word' id='word_1_45' title='bbox 576 871 894 935; x_wconf 88' lang='lat' dir='ltr'><strong>suppetunt</strong></span> <span class='ocrx_word' id='word_1_46' title='bbox 923 867 1216 937; x_wconf 79' lang='lat' dir='ltr'><strong>ejusmodi</strong></span> <span class='ocrx_word' id='word_1_47' title='bbox 1249 869 1675 938; x_wconf 82' lang='lat' dir='ltr'><strong>expressiones</strong></span> <span class='ocrx_word' id='word_1_48' title='bbox 1694 869 1797 922; x_wconf 87' lang='lat' dir='ltr'><strong>ab-</strong></span> 
     </span>
    </p>
   </div>
   <div class='ocr_carea' id='block_1_9' title="bbox 152 955 1794 1028">
    <p class='ocr_par' dir='ltr' id='par_1_9' title="bbox 152 955 1794 1028">
     <span class='ocr_line' id='line_1_9' title="bbox 152 955 1794 1028; baseline 0.003 -21"><span class='ocrx_word' id='word_1_49' title='bbox 152 955 324 1024; x_wconf 64' lang='lat' dir='ltr'><strong>jecte.</strong></span> <span class='ocrx_word' id='word_1_50' title='bbox 339 955 628 1022; x_wconf 69' lang='lat' dir='ltr'><strong>ridiculae,</strong></span> <span class='ocrx_word' id='word_1_51' title='bbox 649 957 909 1024; x_wconf 60' lang='lat' dir='ltr'><strong>rustica,</strong></span> <span class='ocrx_word' id='word_1_52' title='bbox 929 957 1262 1027; x_wconf 64' lang='lat' dir='ltr'><strong>impudicae,</strong></span> <span class='ocrx_word' id='word_1_53' title='bbox 1284 974 1415 1028; x_wconf 71' lang='lat' dir='ltr'><strong>quae</strong></span> <span class='ocrx_word' id='word_1_54' title='bbox 1433 957 1622 1012; x_wconf 89' lang='lat' dir='ltr'><strong>virum</strong></span> <span class='ocrx_word' id='word_1_55' title='bbox 1641 959 1794 1012; x_wconf 89' lang='lat' dir='ltr'><strong>hunc</strong></span> 
     </span>
    </p>
   </div>
   <div class='ocr_carea' id='block_1_10' title="bbox 156 1041 1794 1118">
    <p class='ocr_par' dir='ltr' id='par_1_10' title="bbox 156 1041 1794 1118">
     <span class='ocr_line' id='line_1_10' title="bbox 156 1041 1794 1118; baseline 0.003 -24"><span class='ocrx_word' id='word_1_56' title='bbox 156 1043 318 1096; x_wconf 83' lang='lat' dir='ltr'><strong>fuisse</strong></span> <span class='ocrx_word' id='word_1_57' title='bbox 362 1041 1096 1116; x_wconf 84' lang='lat' dir='ltr'><strong>modicissimumingenio</strong></span> <span class='ocrx_word' id='word_1_58' title='bbox 1128 1049 1183 1100; x_wconf 92' lang='lat' dir='ltr'><strong>et</strong></span> <span class='ocrx_word' id='word_1_59' title='bbox 1207 1047 1443 1118; x_wconf 89' lang='lat' dir='ltr'><strong>eloquio</strong></span> <span class='ocrx_word' id='word_1_60' title='bbox 1473 1047 1794 1101; x_wconf 88' lang='lat' dir='ltr'><strong>barbarum</strong></span> 
     </span>
    </p>
   </div>
   <div class='ocr_carea' id='block_1_11' title="bbox 155 1131 1794 1207">
    <p class='ocr_par' dir='ltr' id='par_1_11' title="bbox 155 1131 1794 1207">
     <span class='ocr_line' id='line_1_11' title="bbox 155 1131 1794 1207; baseline 0.003 -24"><span class='ocrx_word' id='word_1_61' title='bbox 155 1131 395 1200; x_wconf 84' lang='lat' dir='ltr'><strong>produnt.</strong></span> <span class='ocrx_word' id='word_1_62' title='bbox 429 1131 597 1202; x_wconf 82' lang='lat' dir='ltr'><strong>Lege</strong></span> <span class='ocrx_word' id='word_1_63' title='bbox 621 1133 734 1185; x_wconf 88' lang='lat' dir='ltr'><strong>ista</strong></span> <span class='ocrx_word' id='word_1_64' title='bbox 764 1134 1048 1202; x_wconf 90' lang='lat' dir='ltr'><strong>opuscula</strong></span> <span class='ocrx_word' id='word_1_65' title='bbox 1070 1133 1180 1188; x_wconf 82' lang='lat' dir='ltr'><strong>tria</strong></span> <span class='ocrx_word' id='word_1_66' title='bbox 1213 1151 1224 1188; x_wconf 89' lang='lat'>:</span> <span class='ocrx_word' id='word_1_67' title='bbox 1262 1135 1708 1207; x_wconf 83' lang='lat' dir='ltr'><strong>Expositionem</strong></span> <span class='ocrx_word' id='word_1_68' title='bbox 1732 1136 1794 1188; x_wconf 91' lang='lat' dir='ltr'><strong>in</strong></span> 
     </span>
    </p>
   </div>
   <div class='ocr_carea' id='block_1_12' title="bbox 160 1218 1795 1296">
    <p class='ocr_par' dir='ltr' id='par_1_12' title="bbox 160 1218 1795 1296">
     <span class='ocr_line' id='line_1_12' title="bbox 160 1218 1795 1296; baseline 0.005 -25"><span class='ocrx_word' id='word_1_69' title='bbox 160 1218 468 1273; x_wconf 73' lang='lat' dir='ltr'><strong>Orationem</strong></span> <span class='ocrx_word' id='word_1_70' title='bbox 499 1219 891 1288; x_wconf 83' lang='lat' dir='ltr'><strong>Dominicam,</strong></span> <span class='ocrx_word' id='word_1_71' title='bbox 909 1221 1336 1278; x_wconf 79' lang='lat' dir='ltr'><strong>Salutationem</strong></span> <span class='ocrx_word' id='word_1_72' title='bbox 1366 1224 1711 1296; x_wconf 77' lang='lat' dir='ltr'><strong>angelicam,</strong></span> <span class='ocrx_word' id='word_1_73' title='bbox 1735 1230 1795 1279; x_wconf 90' lang='lat' dir='ltr'><strong>et</strong></span> 
     </span>
    </p>
   </div>
   <div class='ocr_carea' id='block_1_13' title="bbox 155 1308 1791 1383">
    <p class='ocr_par' dir='ltr' id='par_1_13' title="bbox 155 1308 1791 1383">
     <span class='ocr_line' id='line_1_13' title="bbox 155 1308 1791 1383; baseline 0.004 -23"><span class='ocrx_word' id='word_1_74' title='bbox 155 1308 550 1377; x_wconf 81' lang='lat' dir='ltr'><strong>Antiphonam:</strong></span> <span class='ocrx_word' id='word_1_75' title='bbox 601 1309 798 1364; x_wconf 73' lang='lat' dir='ltr'><strong>SALVE</strong></span> <span class='ocrx_word' id='word_1_76' title='bbox 830 1312 1082 1381; x_wconf 58' lang='lat' dir='ltr'><strong>Rnoma,</strong></span> <span class='ocrx_word' id='word_1_77' title='bbox 1107 1327 1248 1366; x_wconf 88' lang='lat' dir='ltr'><strong>esse</strong></span> <span class='ocrx_word' id='word_1_78' title='bbox 1279 1314 1602 1383; x_wconf 89' lang='lat' dir='ltr'><strong>inscriptas</strong></span> <span class='ocrx_word' id='word_1_79' title='bbox 1638 1313 1791 1368; x_wconf 86' lang='lat' dir='ltr'><strong>Con-</strong></span> 
     </span>
    </p>
   </div>
   <div class='ocr_carea' id='block_1_14' title="bbox 161 1396 1790 1472">
    <p class='ocr_par' dir='ltr' id='par_1_14' title="bbox 161 1396 1790 1472">
     <span class='ocr_line' id='line_1_14' title="bbox 161 1396 1790 1472; baseline 0.005 -26"><span class='ocrx_word' id='word_1_80' title='bbox 161 1396 630 1467; x_wconf 84' lang='lat' dir='ltr'><strong>templationes,et</strong></span> <span class='ocrx_word' id='word_1_81' title='bbox 644 1398 971 1468; x_wconf 84' lang='lat' dir='ltr'><strong>impressas</strong></span> <span class='ocrx_word' id='word_1_82' title='bbox 987 1400 1174 1454; x_wconf 83' lang='lat' dir='ltr'><strong>fuisse</strong></span> <span class='ocrx_word' id='word_1_83' title='bbox 1188 1415 1340 1454; x_wconf 90' lang='lat' dir='ltr'><strong>anno</strong></span> <span class='ocrx_word' id='word_1_84' title='bbox 1355 1401 1790 1472; x_wconf 70' lang='lat' dir='ltr'><strong>1521,Parisiis,</strong></span> 
     </span>
    </p>
   </div>
   <div class='ocr_carea' id='block_1_15' title="bbox 158 1484 1789 1561">
    <p class='ocr_par' dir='ltr' id='par_1_15' title="bbox 158 1484 1789 1561">
     <span class='ocr_line' id='line_1_15' title="bbox 158 1484 1789 1561; baseline 0.004 -25"><span class='ocrx_word' id='word_1_85' title='bbox 158 1484 270 1553; x_wconf 61' lang='lat' dir='ltr'><strong>ini,</strong></span> <span class='ocrx_word' id='word_1_86' title='bbox 314 1485 425 1539; x_wconf 85' lang='lat' dir='ltr'><strong>sub</strong></span> <span class='ocrx_word' id='word_1_87' title='bbox 465 1488 713 1540; x_wconf 88' lang='lat' dir='ltr'><strong>nomine</strong></span> <span class='ocrx_word' id='word_1_88' title='bbox 759 1489 1027 1558; x_wconf 78' lang='lat' dir='ltr'><strong>magistri</strong></span> <span class='ocrx_word' id='word_1_89' title='bbox 1062 1489 1296 1542; x_wconf 79' lang='lat' dir='ltr'><strong>Martini</strong></span> <span class='ocrx_word' id='word_1_90' title='bbox 1340 1489 1413 1544; x_wconf 89' lang='lat' dir='ltr'><strong>de</strong></span> <span class='ocrx_word' id='word_1_91' title='bbox 1464 1489 1789 1561; x_wconf 87' lang='lat' dir='ltr'><strong>Magistris,</strong></span> 
     </span>
    </p>
   </div>
   <div class='ocr_carea' id='block_1_16' title="bbox 155 1573 1793 1649">
    <p class='ocr_par' dir='ltr' id='par_1_16' title="bbox 155 1573 1793 1649">
     <span class='ocr_line' id='line_1_16' title="bbox 155 1573 1793 1649; baseline 0.005 -24"><span class='ocrx_word' id='word_1_92' title='bbox 155 1573 382 1626; x_wconf 83' lang='lat' dir='ltr'><strong>doctoris</strong></span> <span class='ocrx_word' id='word_1_93' title='bbox 430 1575 721 1646; x_wconf 78' lang='lat' dir='ltr'><strong>theologi,</strong></span> <span class='ocrx_word' id='word_1_94' title='bbox 757 1577 910 1646; x_wconf 80' lang='lat' dir='ltr'><strong>typis</strong></span> <span class='ocrx_word' id='word_1_95' title='bbox 959 1577 1168 1632; x_wconf 78' lang='lat' dir='ltr'><strong>Jodoci</strong></span> <span class='ocrx_word' id='word_1_96' title='bbox 1199 1577 1366 1632; x_wconf 89' lang='lat' dir='ltr'><strong>Badii</strong></span> <span class='ocrx_word' id='word_1_97' title='bbox 1404 1578 1684 1649; x_wconf 80' lang='lat' dir='ltr'><strong>Ascrisii,</strong></span> <span class='ocrx_word' id='word_1_98' title='bbox 1721 1578 1793 1634; x_wconf 91' lang='lat' dir='ltr'><strong>de</strong></span> 
     </span>
    </p>
   </div>
   <div class='ocr_carea' id='block_1_17' title="bbox 154 1661 1364 1737">
    <p class='ocr_par' dir='ltr' id='par_1_17' title="bbox 154 1661 1364 1737">
     <span class='ocr_line' id='line_1_17' title="bbox 154 1661 1364 1737; baseline 0.007 -24"><span class='ocrx_word' id='word_1_99' title='bbox 154 1676 245 1731; x_wconf 86' lang='lat' dir='ltr'><strong>quo</strong></span> <span class='ocrx_word' id='word_1_100' title='bbox 273 1661 589 1732; x_wconf 86' lang='lat' dir='ltr'><strong>loquemur</strong></span> <span class='ocrx_word' id='word_1_101' title='bbox 616 1663 691 1718; x_wconf 90' lang='lat' dir='ltr'><strong>ad</strong></span> <span class='ocrx_word' id='word_1_102' title='bbox 721 1680 938 1719; x_wconf 87' lang='lat' dir='ltr'><strong>annum</strong></span> <span class='ocrx_word' id='word_1_103' title='bbox 970 1665 1110 1721; x_wconf 76' lang='grc'>1460</span> <span class='ocrx_word' id='word_1_104' title='bbox 1139 1671 1364 1737; x_wconf 87' lang='lat' dir='ltr'><strong>postea.</strong></span> 
     </span>
    </p>
   </div>
   <div class='ocr_carea' id='block_1_18' title="bbox 205 1749 1798 1829">
    <p class='ocr_par' dir='ltr' id='par_1_18' title="bbox 205 1749 1798 1829">
     <span class='ocr_line' id='line_1_18' title="bbox 205 1749 1798 1829; baseline 0.008 -27"><span class='ocrx_word' id='word_1_105' title='bbox 205 1749 317 1803; x_wconf 81' lang='lat' dir='ltr'><strong>Jam</strong></span> <span class='ocrx_word' id='word_1_106' title='bbox 332 1752 601 1822; x_wconf 81' lang='lat' dir='ltr'><strong>accedat,</strong></span> <span class='ocrx_word' id='word_1_107' title='bbox 618 1769 753 1823; x_wconf 63' lang='lat' dir='ltr'><strong>quae</strong></span> <span class='ocrx_word' id='word_1_108' title='bbox 768 1755 944 1826; x_wconf 82' lang='lat' dir='ltr'><strong>nugis</strong></span> <span class='ocrx_word' id='word_1_109' title='bbox 959 1754 1207 1809; x_wconf 83' lang='lat' dir='ltr'><strong>inferior</strong></span> <span class='ocrx_word' id='word_1_110' title='bbox 1221 1773 1338 1810; x_wconf 88' lang='lat' dir='ltr'><strong>non</strong></span> <span class='ocrx_word' id='word_1_111' title='bbox 1351 1759 1462 1825; x_wconf 90' lang='lat' dir='ltr'><strong>est,</strong></span> <span class='ocrx_word' id='word_1_112' title='bbox 1481 1757 1798 1829; x_wconf 80' lang='lat' dir='ltr'><strong>Expositio</strong></span> 
     </span>
    </p>
   </div>
   <div class='ocr_carea' id='block_1_19' title="bbox 1901 606 2082 657">
    <p class='ocr_par' dir='ltr' id='par_1_19' title="bbox 1901 606 2082 657">
     <span class='ocr_line' id='line_1_19' title="bbox 1901 606 2082 657; baseline 0 -1"><span class='ocrx_word' id='word_1_113' title='bbox 1901 606 2082 657; x_wconf 88' lang='lat' dir='ltr'><strong>retur.</strong></span> 
     </span>
    </p>
   </div>
   <div class='ocr_carea' id='block_1_20' title="bbox 1971 690 3558 767">
    <p class='ocr_par' dir='ltr' id='par_1_20' title="bbox 1971 690 3558 767">
     <span class='ocr_line' id='line_1_20' title="bbox 1971 690 3558 767; baseline 0.003 -23"><span class='ocrx_word' id='word_1_114' title='bbox 1971 690 2334 760; x_wconf 88' lang='lat' dir='ltr'><strong>Opusculum</strong></span> <span class='ocrx_word' id='word_1_115' title='bbox 2354 693 2586 746; x_wconf 90' lang='lat' dir='ltr'><strong>tertium</strong></span> <span class='ocrx_word' id='word_1_116' title='bbox 2601 692 3109 764; x_wconf 74' lang='lat' dir='ltr'><strong>Mcditatio&#39;super</strong></span> <span class='ocrx_word' id='word_1_117' title='bbox 3125 694 3292 748; x_wconf 86' lang='lat' dir='ltr'><strong>salve</strong></span> <span class='ocrx_word' id='word_1_118' title='bbox 3311 695 3558 767; x_wconf 80' lang='lat' dir='ltr'><strong>Regina,</strong></span> 
     </span>
    </p>
   </div>
   <div class='ocr_carea' id='block_1_21' title="bbox 1904 780 3562 855">
    <p class='ocr_par' dir='ltr' id='par_1_21' title="bbox 1904 780 3562 855">
     <span class='ocr_line' id='line_1_21' title="bbox 1904 780 3562 855; baseline 0.004 -24"><span class='ocrx_word' id='word_1_119' title='bbox 1904 795 2022 832; x_wconf 86' lang='lat' dir='ltr'><strong>non</strong></span> <span class='ocrx_word' id='word_1_120' title='bbox 2054 783 2167 832; x_wconf 91' lang='lat' dir='ltr'><strong>tam</strong></span> <span class='ocrx_word' id='word_1_121' title='bbox 2188 781 2378 850; x_wconf 91' lang='lat' dir='ltr'><strong>primo</strong></span> <span class='ocrx_word' id='word_1_122' title='bbox 2405 780 2744 852; x_wconf 87' lang='lat' dir='ltr'><strong>evulgatum</strong></span> <span class='ocrx_word' id='word_1_123' title='bbox 2774 782 2846 835; x_wconf 89' lang='lat' dir='ltr'><strong>ab</strong></span> <span class='ocrx_word' id='word_1_124' title='bbox 2880 783 3037 835; x_wconf 89' lang='lat' dir='ltr'><strong>Luca</strong></span> <span class='ocrx_word' id='word_1_125' title='bbox 3062 782 3358 853; x_wconf 59' lang='lat' dir='ltr'><strong>\N’adingo</strong></span> <span class='ocrx_word' id='word_1_126' title='bbox 3389 801 3562 855; x_wconf 89' lang='lat' dir='ltr'><strong>quam</strong></span> 
     </span>
    </p>
   </div>
   <div class='ocr_carea' id='block_1_22' title="bbox 1905 868 3565 926">
    <p class='ocr_par' dir='ltr' id='par_1_22' title="bbox 1905 868 3565 926">
     <span class='ocr_line' id='line_1_22' title="bbox 1905 868 3565 926; baseline 0.003 -7"><span class='ocrx_word' id='word_1_127' title='bbox 1905 868 2114 922; x_wconf 90' lang='lat' dir='ltr'><strong>iterum</strong></span> <span class='ocrx_word' id='word_1_128' title='bbox 2163 869 2403 922; x_wconf 90' lang='lat' dir='ltr'><strong>editum.</strong></span> <span class='ocrx_word' id='word_1_129' title='bbox 2439 868 2684 923; x_wconf 88' lang='lat' dir='ltr'><strong>Constat</strong></span> <span class='ocrx_word' id='word_1_130' title='bbox 2728 870 2884 924; x_wconf 90' lang='lat' dir='ltr'><strong>enim</strong></span> <span class='ocrx_word' id='word_1_131' title='bbox 2928 870 3078 924; x_wconf 88' lang='lat' dir='ltr'><strong>hanc</strong></span> <span class='ocrx_word' id='word_1_132' title='bbox 3129 872 3565 926; x_wconf 79' lang='lat' dir='ltr'><strong>meditationem</strong></span> 
     </span>
    </p>
   </div>
   <div class='ocr_carea' id='block_1_23' title="bbox 1904 954 3564 1029">
    <p class='ocr_par' dir='ltr' id='par_1_23' title="bbox 1904 954 3564 1029">
     <span class='ocr_line' id='line_1_23' title="bbox 1904 954 3564 1029; baseline 0.002 -20"><span class='ocrx_word' id='word_1_133' title='bbox 1904 954 2109 1010; x_wconf 88' lang='lat' dir='ltr'><strong>haberi</strong></span> <span class='ocrx_word' id='word_1_134' title='bbox 2157 957 2211 1010; x_wconf 90' lang='lat' dir='ltr'><strong>in</strong></span> <span class='ocrx_word' id='word_1_135' title='bbox 2235 957 2512 1012; x_wconf 89' lang='lat' dir='ltr'><strong>omnibus</strong></span> <span class='ocrx_word' id='word_1_136' title='bbox 2557 957 2725 1013; x_wconf 85' lang='lat' dir='ltr'><strong>firme</strong></span> <span class='ocrx_word' id='word_1_137' title='bbox 2757 959 3115 1023; x_wconf 87' lang='lat' dir='ltr'><strong>editionibus</strong></span> <span class='ocrx_word' id='word_1_138' title='bbox 3144 960 3398 1029; x_wconf 89' lang='lat' dir='ltr'><strong>Operum</strong></span> <span class='ocrx_word' id='word_1_139' title='bbox 3445 960 3564 1013; x_wconf 92' lang='lat' dir='ltr'><strong>divi</strong></span> 
     </span>
    </p>
   </div>
   <div class='ocr_carea' id='block_1_24' title="bbox 1906 1045 3566 1114">
    <p class='ocr_par' dir='ltr' id='par_1_24' title="bbox 1906 1045 3566 1114">
     <span class='ocr_line' id='line_1_24' title="bbox 1906 1045 3566 1114; baseline 0.002 -16"><span class='ocrx_word' id='word_1_140' title='bbox 1906 1045 2212 1114; x_wconf 87' lang='lat' dir='ltr'><strong>Bcrnardi,</strong></span> <span class='ocrx_word' id='word_1_141' title='bbox 2250 1047 2322 1099; x_wconf 90' lang='lat' dir='ltr'><strong>ab</strong></span> <span class='ocrx_word' id='word_1_142' title='bbox 2353 1051 2506 1100; x_wconf 78' lang='lat' dir='ltr'><strong>anno</strong></span> <span class='ocrx_word' id='word_1_143' title='bbox 2545 1045 2678 1102; x_wconf 79' lang='lat'><strong>1556</strong></span> <span class='ocrx_word' id='word_1_144' title='bbox 2720 1047 2791 1100; x_wconf 88' lang='lat' dir='ltr'><strong>ad</strong></span> <span class='ocrx_word' id='word_1_145' title='bbox 2833 1062 3049 1100; x_wconf 91' lang='lat' dir='ltr'><strong>annum</strong></span> <span class='ocrx_word' id='word_1_146' title='bbox 3083 1046 3238 1102; x_wconf 77' lang='grc'>1640.</span> <span class='ocrx_word' id='word_1_147' title='bbox 3265 1047 3379 1102; x_wconf 90' lang='lat' dir='ltr'><strong>Sed</strong></span> <span class='ocrx_word' id='word_1_148' title='bbox 3410 1047 3566 1102; x_wconf 90' lang='lat' dir='ltr'><strong>illam</strong></span> 
     </span>
    </p>
   </div>
   <div class='ocr_carea' id='block_1_25' title="bbox 1906 1133 3565 1208">
    <p class='ocr_par' dir='ltr' id='par_1_25' title="bbox 1906 1133 3565 1208">
     <span class='ocr_line' id='line_1_25' title="bbox 1906 1133 3565 1208; baseline 0.004 -23"><span class='ocrx_word' id='word_1_149' title='bbox 1906 1133 2140 1187; x_wconf 87' lang='lat' dir='ltr'><strong>tandem</strong></span> <span class='ocrx_word' id='word_1_150' title='bbox 2184 1135 2262 1188; x_wconf 92' lang='lat' dir='ltr'><strong>ita</strong></span> <span class='ocrx_word' id='word_1_151' title='bbox 2301 1135 2642 1203; x_wconf 85' lang='lat' dir='ltr'><strong>absurdam,</strong></span> <span class='ocrx_word' id='word_1_152' title='bbox 2703 1136 2996 1190; x_wconf 89' lang='lat' dir='ltr'><strong>indoctam</strong></span> <span class='ocrx_word' id='word_1_153' title='bbox 3057 1139 3230 1206; x_wconf 88' lang='lat' dir='ltr'><strong>atque</strong></span> <span class='ocrx_word' id='word_1_154' title='bbox 3275 1152 3565 1208; x_wconf 89' lang='lat' dir='ltr'><strong>nugacem</strong></span> 
     </span>
    </p>
   </div>
   <div class='ocr_carea' id='block_1_26' title="bbox 1907 1221 3564 1294">
    <p class='ocr_par' dir='ltr' id='par_1_26' title="bbox 1907 1221 3564 1294">
     <span class='ocr_line' id='line_1_26' title="bbox 1907 1221 3564 1294; baseline 0.003 -19"><span class='ocrx_word' id='word_1_155' title='bbox 1907 1236 2046 1275; x_wconf 88' lang='lat' dir='ltr'><strong>esse</strong></span> <span class='ocrx_word' id='word_1_156' title='bbox 2069 1221 2280 1291; x_wconf 88' lang='lat' dir='ltr'><strong>visam,</strong></span> <span class='ocrx_word' id='word_1_157' title='bbox 2313 1228 2374 1276; x_wconf 89' lang='lat' dir='ltr'><strong>ut</strong></span> <span class='ocrx_word' id='word_1_158' title='bbox 2393 1224 2450 1276; x_wconf 90' lang='lat' dir='ltr'><strong>in</strong></span> <span class='ocrx_word' id='word_1_159' title='bbox 2474 1223 2694 1277; x_wconf 91' lang='lat' dir='ltr'><strong>ultimis</strong></span> <span class='ocrx_word' id='word_1_160' title='bbox 2713 1225 3053 1278; x_wconf 90' lang='lat' dir='ltr'><strong>eorumdem</strong></span> <span class='ocrx_word' id='word_1_161' title='bbox 3072 1224 3328 1294; x_wconf 89' lang='lat' dir='ltr'><strong>Operum</strong></span> <span class='ocrx_word' id='word_1_162' title='bbox 3361 1226 3564 1280; x_wconf 90' lang='lat' dir='ltr'><strong>editio-</strong></span> 
     </span>
    </p>
   </div>
   <div class='ocr_carea' id='block_1_27' title="bbox 1907 1309 3566 1384">
    <p class='ocr_par' dir='ltr' id='par_1_27' title="bbox 1907 1309 3566 1384">
     <span class='ocr_line' id='line_1_27' title="bbox 1907 1309 3566 1384; baseline 0.004 -22"><span class='ocrx_word' id='word_1_163' title='bbox 1907 1309 2086 1363; x_wconf 90' lang='lat' dir='ltr'><strong>nibus</strong></span> <span class='ocrx_word' id='word_1_164' title='bbox 2143 1312 2215 1364; x_wconf 87' lang='lat' dir='ltr'><strong>ab</strong></span> <span class='ocrx_word' id='word_1_165' title='bbox 2265 1311 2492 1366; x_wconf 83' lang='lat' dir='ltr'><strong>Joanne</strong></span> <span class='ocrx_word' id='word_1_166' title='bbox 2556 1313 2813 1367; x_wconf 90' lang='lat' dir='ltr'><strong>Merlane</strong></span> <span class='ocrx_word' id='word_1_167' title='bbox 2854 1313 3460 1384; x_wconf 59' lang='lat' dir='ltr'><strong>HorstioiGcrmano,</strong></span> <span class='ocrx_word' id='word_1_168' title='bbox 3509 1318 3566 1368; x_wconf 91' lang='lat' dir='ltr'><strong>et</strong></span> 
     </span>
    </p>
   </div>
   <div class='ocr_carea' id='block_1_28' title="bbox 1907 1399 3564 1467">
    <p class='ocr_par' dir='ltr' id='par_1_28' title="bbox 1907 1399 3564 1467">
     <span class='ocr_line' id='line_1_28' title="bbox 1907 1399 3564 1467; baseline 0.003 -16"><span class='ocrx_word' id='word_1_169' title='bbox 1907 1399 2134 1452; x_wconf 81' lang='lat' dir='ltr'><strong>Joanne</strong></span> <span class='ocrx_word' id='word_1_170' title='bbox 2167 1399 2506 1454; x_wconf 84' lang='lat' dir='ltr'><strong>Mabillonio</strong></span> <span class='ocrx_word' id='word_1_171' title='bbox 2528 1401 2714 1467; x_wconf 88' lang='lat' dir='ltr'><strong>Gallo,</strong></span> <span class='ocrx_word' id='word_1_172' title='bbox 2748 1401 2897 1455; x_wconf 90' lang='lat' dir='ltr'><strong>viris</strong></span> <span class='ocrx_word' id='word_1_173' title='bbox 2923 1402 3214 1456; x_wconf 87' lang='lat' dir='ltr'><strong>ambobus</strong></span> <span class='ocrx_word' id='word_1_174' title='bbox 3245 1405 3302 1455; x_wconf 90' lang='lat' dir='ltr'><strong>et</strong></span> <span class='ocrx_word' id='word_1_175' title='bbox 3319 1402 3564 1456; x_wconf 90' lang='lat' dir='ltr'><strong>eruditis</strong></span> 
     </span>
    </p>
   </div>
   <div class='ocr_carea' id='block_1_29' title="bbox 1907 1487 3561 1560">
    <p class='ocr_par' dir='ltr' id='par_1_29' title="bbox 1907 1487 3561 1560">
     <span class='ocr_line' id='line_1_29' title="bbox 1907 1487 3561 1560; baseline 0.003 -21"><span class='ocrx_word' id='word_1_176' title='bbox 1907 1489 1964 1540; x_wconf 90' lang='lat' dir='ltr'><strong>et</strong></span> <span class='ocrx_word' id='word_1_177' title='bbox 1981 1487 2224 1557; x_wconf 90' lang='lat' dir='ltr'><strong>criticis,</strong></span> <span class='ocrx_word' id='word_1_178' title='bbox 2263 1489 2336 1542; x_wconf 89' lang='lat' dir='ltr'><strong>ab</strong></span> <span class='ocrx_word' id='word_1_179' title='bbox 2365 1489 2661 1558; x_wconf 91' lang='lat' dir='ltr'><strong>Operibus</strong></span> <span class='ocrx_word' id='word_1_180' title='bbox 2683 1490 3066 1544; x_wconf 88' lang='lat' dir='ltr'><strong>Bernardinis</strong></span> <span class='ocrx_word' id='word_1_181' title='bbox 3097 1492 3430 1560; x_wconf 87' lang='lat' dir='ltr'><strong>proscripta</strong></span> <span class='ocrx_word' id='word_1_182' title='bbox 3466 1491 3561 1544; x_wconf 87' lang='lat' dir='ltr'><strong>sit.</strong></span> 
     </span>
    </p>
   </div>
   <div class='ocr_carea' id='block_1_30' title="bbox 1906 1574 3565 1650">
    <p class='ocr_par' dir='ltr' id='par_1_30' title="bbox 1906 1574 3565 1650">
     <span class='ocr_line' id='line_1_30' title="bbox 1906 1574 3565 1650; baseline 0.002 -21"><span class='ocrx_word' id='word_1_183' title='bbox 1906 1574 2031 1640; x_wconf 91' lang='lat' dir='ltr'><strong>Quo</strong></span> <span class='ocrx_word' id='word_1_184' title='bbox 2061 1591 2238 1645; x_wconf 90' lang='lat' dir='ltr'><strong>porro</strong></span> <span class='ocrx_word' id='word_1_185' title='bbox 2290 1577 2448 1646; x_wconf 93' lang='lat' dir='ltr'><strong>jure,</strong></span> <span class='ocrx_word' id='word_1_186' title='bbox 2483 1594 2616 1648; x_wconf 68' lang='lat' dir='ltr'><strong>quae</strong></span> <span class='ocrx_word' id='word_1_187' title='bbox 2665 1579 2905 1650; x_wconf 84' lang='lat' dir='ltr'><strong>indigna</strong></span> <span class='ocrx_word' id='word_1_188' title='bbox 2956 1579 3257 1633; x_wconf 88' lang='lat' dir='ltr'><strong>Bernardo</strong></span> <span class='ocrx_word' id='word_1_189' title='bbox 3307 1579 3436 1631; x_wconf 88' lang='lat' dir='ltr'><strong>visa</strong></span> <span class='ocrx_word' id='word_1_190' title='bbox 3475 1582 3565 1633; x_wconf 91' lang='lat' dir='ltr'><strong>est</strong></span> 
     </span>
    </p>
   </div>
   <div class='ocr_carea' id='block_1_31' title="bbox 1907 1663 3564 1737">
    <p class='ocr_par' dir='ltr' id='par_1_31' title="bbox 1907 1663 3564 1737">
     <span class='ocr_line' id='line_1_31' title="bbox 1907 1663 3564 1737; baseline 0.002 -21"><span class='ocrx_word' id='word_1_191' title='bbox 1907 1663 2224 1736; x_wconf 89' lang='lat' dir='ltr'><strong>Meditatio,</strong></span> <span class='ocrx_word' id='word_1_192' title='bbox 2245 1665 2301 1718; x_wconf 91' lang='lat' dir='ltr'><strong>in</strong></span> <span class='ocrx_word' id='word_1_193' title='bbox 2319 1665 2454 1736; x_wconf 91' lang='lat' dir='ltr'><strong>jura</strong></span> <span class='ocrx_word' id='word_1_194' title='bbox 2486 1682 2816 1737; x_wconf 85' lang='lat' dir='ltr'><strong>nomenque</strong></span> <span class='ocrx_word' id='word_1_195' title='bbox 2839 1668 3104 1722; x_wconf 77' lang='lat' dir='ltr'><strong>Anselmi</strong></span> <span class='ocrx_word' id='word_1_196' title='bbox 3136 1668 3431 1722; x_wconf 89' lang='lat' dir='ltr'><strong>Lucensis</strong></span> <span class='ocrx_word' id='word_1_197' title='bbox 3444 1667 3564 1737; x_wconf 90' lang='lat' dir='ltr'><strong>epi-</strong></span> 
     </span>
    </p>
   </div>
   <div class='ocr_carea' id='block_1_32' title="bbox 1907 1753 3564 1828">
    <p class='ocr_par' dir='ltr' id='par_1_32' title="bbox 1907 1753 3564 1828">
     <span class='ocr_line' id='line_1_32' title="bbox 1907 1753 3564 1828; baseline 0.002 -22"><span class='ocrx_word' id='word_1_198' title='bbox 1907 1753 2074 1822; x_wconf 89' lang='lat' dir='ltr'><strong>scopi</strong></span> <span class='ocrx_word' id='word_1_199' title='bbox 2107 1755 2383 1808; x_wconf 85' lang='lat' dir='ltr'><strong>transiit?</strong></span> <span class='ocrx_word' id='word_1_200' title='bbox 2431 1754 2492 1808; x_wconf 90' lang='lat' dir='ltr'><strong>Si</strong></span> <span class='ocrx_word' id='word_1_201' title='bbox 2521 1756 2822 1810; x_wconf 90' lang='lat' dir='ltr'><strong>Bernardo</strong></span> <span class='ocrx_word' id='word_1_202' title='bbox 2854 1757 3114 1828; x_wconf 82' lang='lat' dir='ltr'><strong>indigna,</strong></span> <span class='ocrx_word' id='word_1_203' title='bbox 3163 1772 3305 1828; x_wconf 85' lang='lat' dir='ltr'><strong>ergo</strong></span> <span class='ocrx_word' id='word_1_204' title='bbox 3338 1759 3394 1810; x_wconf 89' lang='lat' dir='ltr'><strong>et</strong></span> <span class='ocrx_word' id='word_1_205' title='bbox 3441 1759 3564 1809; x_wconf 84' lang='lat' dir='ltr'><strong>An-</strong></span> 
     </span>
    </p>
   </div>
   <div class='ocr_carea' id='block_1_33' title="bbox 151 1837 3567 1928">
    <p class='ocr_par' dir='ltr' id='par_1_33' title="bbox 151 1837 3567 1928">
     <span class='ocr_line' id='line_1_33' title="bbox 151 1837 3567 1928; baseline 0.002 -38"><span class='ocrx_word' id='word_1_206' title='bbox 151 1838 198 1889; x_wconf 88' lang='lat' dir='ltr'><strong>in</strong></span> <span class='ocrx_word' id='word_1_207' title='bbox 217 1837 642 1895; x_wconf 80' lang='lat' dir='ltr'><strong>Salutationem</strong></span> <span class='ocrx_word' id='word_1_208' title='bbox 659 1843 1130 1912; x_wconf 84' lang='lat' dir='ltr'><strong>angelicam,seu</strong></span> <span class='ocrx_word' id='word_1_209' title='bbox 1145 1845 1798 1918; x_wconf 85' lang='lat' dir='ltr'><strong>MeditatiosuperAve</strong></span> <span class='ocrx_word' id='word_1_210' title='bbox 1835 1867 1882 1928; x_wconf 80' lang='grc' dir='ltr'>Β</span> <span class='ocrx_word' id='word_1_211' title='bbox 1910 1842 2098 1896; x_wconf 84' lang='lat' dir='ltr'><strong>selmo</strong></span> <span class='ocrx_word' id='word_1_212' title='bbox 2131 1846 2247 1896; x_wconf 80' lang='lat' dir='ltr'><strong>tam</strong></span> <span class='ocrx_word' id='word_1_213' title='bbox 2268 1844 2528 1898; x_wconf 88' lang='lat' dir='ltr'><strong>Lucensi</strong></span> <span class='ocrx_word' id='word_1_214' title='bbox 2561 1847 2859 1915; x_wconf 89' lang='lat' dir='ltr'><strong>episcopo,</strong></span> <span class='ocrx_word' id='word_1_215' title='bbox 2887 1846 2981 1900; x_wconf 89' lang='lat' dir='ltr'><strong>cui</strong></span> <span class='ocrx_word' id='word_1_216' title='bbox 3013 1846 3206 1898; x_wconf 89' lang='lat' dir='ltr'><strong>Lucas</strong></span> <span class='ocrx_word' id='word_1_217' title='bbox 3230 1845 3567 1915; x_wconf 79' lang='lat' dir='ltr'><strong>Wadingus</strong></span> 
     </span>
    </p>
   </div>
   <div class='ocr_carea' id='block_1_34' title="bbox 152 1927 1795 2002">
    <p class='ocr_par' dir='ltr' id='par_1_34' title="bbox 152 1927 1795 2002">
     <span class='ocr_line' id='line_1_34' title="bbox 152 1927 1795 2002; baseline 0.007 -24"><span class='ocrx_word' id='word_1_218' title='bbox 152 1927 334 1981; x_wconf 68' lang='lat' dir='ltr'><strong>Maria.</strong></span> <span class='ocrx_word' id='word_1_219' title='bbox 377 1929 461 1983; x_wconf 87' lang='lat' dir='ltr'><strong>Ita</strong></span> <span class='ocrx_word' id='word_1_220' title='bbox 505 1932 777 2002; x_wconf 85' lang='lat' dir='ltr'><strong>loquitur</strong></span> <span class='ocrx_word' id='word_1_221' title='bbox 815 1933 928 1987; x_wconf 90' lang='lat' dir='ltr'><strong>sub</strong></span> <span class='ocrx_word' id='word_1_222' title='bbox 968 1933 1226 1990; x_wconf 87' lang='lat' dir='ltr'><strong>initium:</strong></span> <span class='ocrx_word' id='word_1_223' title='bbox 1265 1934 1375 1999; x_wconf 86' lang='lat' dir='ltr'><strong>Qui</strong></span> <span class='ocrx_word' id='word_1_224' title='bbox 1418 1936 1608 1990; x_wconf 86' lang='lat' dir='ltr'><strong>omnia</strong></span> <span class='ocrx_word' id='word_1_225' title='bbox 1655 1953 1795 1990; x_wconf 88' lang='lat' dir='ltr'><strong>con-</strong></span> 
     </span>
    </p>
   </div>
   <div class='ocr_carea' id='block_1_35' title="bbox 151 2021 1790 2095">
    <p class='ocr_par' dir='ltr' id='par_1_35' title="bbox 151 2021 1790 2095">
     <span class='ocr_line' id='line_1_35' title="bbox 151 2021 1790 2095; baseline 0.007 -28"><span class='ocrx_word' id='word_1_226' title='bbox 151 2030 334 2070; x_wconf 83' lang='lat' dir='ltr'><strong>servas</strong></span> <span class='ocrx_word' id='word_1_227' title='bbox 347 2025 404 2070; x_wconf 92' lang='lat' dir='ltr'><strong>et</strong></span> <span class='ocrx_word' id='word_1_228' title='bbox 417 2021 616 2089; x_wconf 87' lang='lat' dir='ltr'><strong>regis,</strong></span> <span class='ocrx_word' id='word_1_229' title='bbox 635 2026 696 2073; x_wconf 89' lang='lat' dir='ltr'><strong>et</strong></span> <span class='ocrx_word' id='word_1_230' title='bbox 710 2036 802 2075; x_wconf 90' lang='lat' dir='ltr'><strong>me</strong></span> <span class='ocrx_word' id='word_1_231' title='bbox 817 2021 1208 2077; x_wconf 79' lang='lat' dir='ltr'><strong>t&#39;wdissimam</strong></span> <span class='ocrx_word' id='word_1_232' title='bbox 1224 2025 1450 2079; x_wconf 89' lang='lat' dir='ltr'><strong>saniem</strong></span> <span class='ocrx_word' id='word_1_233' title='bbox 1466 2030 1524 2079; x_wconf 88' lang='lat' dir='ltr'><strong>et</strong></span> <span class='ocrx_word' id='word_1_234' title='bbox 1543 2024 1790 2095; x_wconf 89' lang='lat' dir='ltr'><strong>turpitu-</strong></span> 
     </span>
    </p>
   </div>
   <div class='ocr_carea' id='block_1_36' title="bbox 157 2104 1798 2184">
    <p class='ocr_par' dir='ltr' id='par_1_36' title="bbox 157 2104 1798 2184">
     <span class='ocr_line' id='line_1_36' title="bbox 157 2104 1798 2184; baseline 0.007 -29"><span class='ocrx_word' id='word_1_235' title='bbox 157 2104 324 2158; x_wconf 86' lang='lat' dir='ltr'><strong>dinem</strong></span> <span class='ocrx_word' id='word_1_236' title='bbox 338 2106 769 2170; x_wconf 78' lang='lat' dir='ltr'><strong>detestabilem</strong></span> <span class='ocrx_word' id='word_1_237' title='bbox 784 2116 841 2163; x_wconf 92' lang='lat' dir='ltr'><strong>et</strong></span> <span class='ocrx_word' id='word_1_238' title='bbox 857 2111 1291 2167; x_wconf 88' lang='lat' dir='ltr'><strong>abominatione</strong></span> <span class='ocrx_word' id='word_1_239' title='bbox 1297 2112 1552 2184; x_wconf 90' lang='lat' dir='ltr'><strong>plenum,</strong></span> <span class='ocrx_word' id='word_1_240' title='bbox 1570 2119 1628 2167; x_wconf 90' lang='lat' dir='ltr'><strong>et</strong></span> <span class='ocrx_word' id='word_1_241' title='bbox 1642 2114 1798 2168; x_wconf 90' lang='lat' dir='ltr'><strong>omni</strong></span> 
     </span>
    </p>
   </div>
   <div class='ocr_carea' id='block_1_37' title="bbox 162 2193 1797 2272">
    <p class='ocr_par' dir='ltr' id='par_1_37' title="bbox 162 2193 1797 2272">
     <span class='ocr_line' id='line_1_37' title="bbox 162 2193 1797 2272; baseline 0.007 -30"><span class='ocrx_word' id='word_1_242' title='bbox 162 2193 279 2260; x_wconf 83' lang='lat' dir='ltr'><strong>vita,</strong></span> <span class='ocrx_word' id='word_1_243' title='bbox 303 2195 416 2249; x_wconf 86' lang='lat' dir='ltr'><strong>imo</strong></span> <span class='ocrx_word' id='word_1_244' title='bbox 447 2199 726 2251; x_wconf 85' lang='lat' dir='ltr'><strong>essentia</strong></span> <span class='ocrx_word' id='word_1_245' title='bbox 749 2198 1074 2269; x_wconf 86' lang='lat' dir='ltr'><strong>indignum,</strong></span> <span class='ocrx_word' id='word_1_246' title='bbox 1099 2201 1378 2272; x_wconf 89' lang='lat' dir='ltr'><strong>dignatus</strong></span> <span class='ocrx_word' id='word_1_247' title='bbox 1401 2217 1466 2256; x_wconf 89' lang='lat' dir='ltr'><strong>es</strong></span> <span class='ocrx_word' id='word_1_248' title='bbox 1489 2207 1708 2255; x_wconf 89' lang='lat' dir='ltr'><strong>tantum</strong></span> <span class='ocrx_word' id='word_1_249' title='bbox 1721 2201 1797 2254; x_wconf 91' lang='lat' dir='ltr'><strong>i1-</strong></span> 
     </span>
    </p>
   </div>
   <div class='ocr_carea' id='block_1_38' title="bbox 153 2279 1798 2353">
    <p class='ocr_par' dir='ltr' id='par_1_38' title="bbox 153 2279 1798 2353">
     <span class='ocr_line' id='line_1_38' title="bbox 153 2279 1798 2353; baseline 0.007 -21"><span class='ocrx_word' id='word_1_250' title='bbox 153 2279 406 2353; x_wconf 86' lang='lat' dir='ltr'><strong>lustrare,</strong></span> <span class='ocrx_word' id='word_1_251' title='bbox 437 2291 499 2337; x_wconf 92' lang='lat' dir='ltr'><strong>ut</strong></span> <span class='ocrx_word' id='word_1_252' title='bbox 517 2286 710 2338; x_wconf 86' lang='lat' dir='ltr'><strong>sciam</strong></span> <span class='ocrx_word' id='word_1_253' title='bbox 735 2293 794 2340; x_wconf 90' lang='lat' dir='ltr'><strong>te</strong></span> <span class='ocrx_word' id='word_1_254' title='bbox 805 2294 1053 2343; x_wconf 88' lang='lat' dir='ltr'><strong>matrem</strong></span> <span class='ocrx_word' id='word_1_255' title='bbox 1066 2289 1322 2344; x_wconf 73' lang='lat' dir='ltr'><strong>habere:</strong></span> <span class='ocrx_word' id='word_1_256' title='bbox 1349 2291 1533 2344; x_wconf 78' lang='lat' dir='ltr'><strong>ethoc</strong></span> <span class='ocrx_word' id='word_1_257' title='bbox 1546 2291 1692 2344; x_wconf 77' lang='lat' dir='ltr'><strong>milii</strong></span> <span class='ocrx_word' id='word_1_258' title='bbox 1703 2290 1798 2343; x_wconf 89' lang='lat' dir='ltr'><strong>in-</strong></span> 
     </span>
    </p>
   </div>
   <div class='ocr_carea' id='block_1_39' title="bbox 151 2367 1802 2450">
    <p class='ocr_par' dir='ltr' id='par_1_39' title="bbox 151 2367 1802 2450">
     <span class='ocr_line' id='line_1_39' title="bbox 151 2367 1802 2450; baseline 0.008 -30"><span class='ocrx_word' id='word_1_259' title='bbox 151 2367 476 2438; x_wconf 87' lang='lat' dir='ltr'><strong>dignissimo</strong></span> <span class='ocrx_word' id='word_1_260' title='bbox 492 2377 877 2444; x_wconf 83' lang='lat' dir='ltr'><strong>concessisti,</strong></span> <span class='ocrx_word' id='word_1_261' title='bbox 888 2382 947 2430; x_wconf 87' lang='lat' dir='ltr'><strong>ut</strong></span> <span class='ocrx_word' id='word_1_262' title='bbox 959 2377 1374 2450; x_wconf 89' lang='lat' dir='ltr'><strong>ipsampossim</strong></span> <span class='ocrx_word' id='word_1_263' title='bbox 1389 2385 1446 2434; x_wconf 87' lang='lat' dir='ltr'><strong>et</strong></span> <span class='ocrx_word' id='word_1_264' title='bbox 1460 2379 1701 2434; x_wconf 85' lang='lat' dir='ltr'><strong>audeam</strong></span> <span class='ocrx_word' id='word_1_265' title='bbox 1715 2395 1802 2433; x_wconf 89' lang='lat' dir='ltr'><strong>sa-</strong></span> 
     </span>
    </p>
   </div>
   <div class='ocr_carea' id='block_1_40' title="bbox 156 2455 1802 2539">
    <p class='ocr_par' dir='ltr' id='par_1_40' title="bbox 156 2455 1802 2539">
     <span class='ocr_line' id='line_1_40' title="bbox 156 2455 1802 2539; baseline 0.01 -32"><span class='ocrx_word' id='word_1_266' title='bbox 156 2455 344 2513; x_wconf 88' lang='lat' dir='ltr'><strong>lutare.</strong></span> <span class='ocrx_word' id='word_1_267' title='bbox 361 2460 507 2516; x_wconf 66' lang='lat' dir='ltr'><strong>Haec</strong></span> <span class='ocrx_word' id='word_1_268' title='bbox 523 2462 812 2533; x_wconf 88' lang='lat' dir='ltr'><strong>loquendi</strong></span> <span class='ocrx_word' id='word_1_269' title='bbox 836 2465 981 2519; x_wconf 88' lang='lat' dir='ltr'><strong>ratio</strong></span> <span class='ocrx_word' id='word_1_270' title='bbox 997 2467 1314 2521; x_wconf 90' lang='lat' dir='ltr'><strong>oletvirum</strong></span> <span class='ocrx_word' id='word_1_271' title='bbox 1334 2469 1658 2539; x_wconf 87' lang='lat' dir='ltr'><strong>abreptum,</strong></span> <span class='ocrx_word' id='word_1_272' title='bbox 1694 2468 1802 2523; x_wconf 89' lang='lat' dir='ltr'><strong>sed</strong></span> 
     </span>
    </p>
   </div>
   <div class='ocr_carea' id='block_1_41' title="bbox 156 2549 1800 2623">
    <p class='ocr_par' dir='ltr' id='par_1_41' title="bbox 156 2549 1800 2623">
     <span class='ocr_line' id='line_1_41' title="bbox 156 2549 1800 2623; baseline 0.009 -26"><span class='ocrx_word' id='word_1_273' title='bbox 156 2549 332 2601; x_wconf 71' lang='lat' dir='ltr'><strong>saeculi</strong></span> <span class='ocrx_word' id='word_1_274' title='bbox 349 2567 468 2621; x_wconf 77' lang='lat' dir='ltr'><strong>xxv,</strong></span> <span class='ocrx_word' id='word_1_275' title='bbox 485 2552 598 2606; x_wconf 88' lang='lat' dir='ltr'><strong>ubi</strong></span> <span class='ocrx_word' id='word_1_276' title='bbox 622 2556 1048 2623; x_wconf 85' lang='lat' dir='ltr'><strong>expressiones</strong></span> <span class='ocrx_word' id='word_1_277' title='bbox 1068 2557 1200 2612; x_wconf 60' lang='lat' dir='ltr'><strong>ista:</strong></span> <span class='ocrx_word' id='word_1_278' title='bbox 1231 2559 1528 2613; x_wconf 75' lang='lat' dir='ltr'><strong>ecstaticaa</strong></span> <span class='ocrx_word' id='word_1_279' title='bbox 1543 2558 1720 2614; x_wconf 89' lang='lat' dir='ltr'><strong>simul</strong></span> <span class='ocrx_word' id='word_1_280' title='bbox 1742 2561 1800 2614; x_wconf 90' lang='lat' dir='ltr'><strong>et</strong></span> 
     </span>
    </p>
   </div>
   <div class='ocr_carea' id='block_1_42' title="bbox 145 2636 1797 2719">
    <p class='ocr_par' dir='ltr' id='par_1_42' title="bbox 145 2636 1797 2719">
     <span class='ocr_line' id='line_1_42' title="bbox 145 2636 1797 2719; baseline 0.009 -33"><span class='ocrx_word' id='word_1_281' title='bbox 145 2636 362 2692; x_wconf 73' lang='lat' dir='ltr'><strong>rusticae</strong></span> <span class='ocrx_word' id='word_1_282' title='bbox 389 2644 577 2694; x_wconf 84' lang='lat' dir='ltr'><strong>erant</strong></span> <span class='ocrx_word' id='word_1_283' title='bbox 590 2642 958 2698; x_wconf 88' lang='lat' dir='ltr'><strong>admirationi</strong></span> <span class='ocrx_word' id='word_1_284' title='bbox 979 2651 1036 2700; x_wconf 90' lang='lat' dir='ltr'><strong>et</strong></span> <span class='ocrx_word' id='word_1_285' title='bbox 1056 2648 1212 2700; x_wconf 92' lang='lat' dir='ltr'><strong>usui.</strong></span> <span class='ocrx_word' id='word_1_286' title='bbox 1235 2647 1544 2702; x_wconf 89' lang='lat' dir='ltr'><strong>Habebant</strong></span> <span class='ocrx_word' id='word_1_287' title='bbox 1560 2647 1797 2719; x_wconf 89' lang='lat' dir='ltr'><strong>quidem</strong></span> 
     </span>
    </p>
   </div>
   <div class='ocr_carea' id='block_1_43' title="bbox 149 2726 1798 2806">
    <p class='ocr_par' dir='ltr' id='par_1_43' title="bbox 149 2726 1798 2806">
     <span class='ocr_line' id='line_1_43' title="bbox 149 2726 1798 2806; baseline 0.008 -30"><span class='ocrx_word' id='word_1_288' title='bbox 149 2726 340 2795; x_wconf 84' lang='lat' dir='ltr'><strong>antiqui</strong></span> <span class='ocrx_word' id='word_1_289' title='bbox 358 2728 540 2783; x_wconf 86' lang='lat' dir='ltr'><strong>Eccle</strong></span> <span class='ocrx_word' id='word_1_290' title='bbox 553 2731 664 2784; x_wconf 62' lang='lat' dir='ltr'><strong>sia:</strong></span> <span class='ocrx_word' id='word_1_291' title='bbox 677 2731 889 2786; x_wconf 86' lang='lat' dir='ltr'><strong>Patres</strong></span> <span class='ocrx_word' id='word_1_292' title='bbox 907 2735 1254 2802; x_wconf 79' lang='lat' dir='ltr'><strong>profundam</strong></span> <span class='ocrx_word' id='word_1_293' title='bbox 1269 2736 1674 2806; x_wconf 89' lang='lat' dir='ltr'><strong>humilitatem,</strong></span> <span class='ocrx_word' id='word_1_294' title='bbox 1689 2736 1798 2790; x_wconf 91' lang='lat' dir='ltr'><strong>sed</strong></span> 
     </span>
    </p>
   </div>
   <div class='ocr_carea' id='block_1_44' title="bbox 150 2817 1797 2894">
    <p class='ocr_par' dir='ltr' id='par_1_44' title="bbox 150 2817 1797 2894">
     <span class='ocr_line' id='line_1_44' title="bbox 150 2817 1797 2894; baseline 0.009 -30"><span class='ocrx_word' id='word_1_295' title='bbox 150 2825 294 2880; x_wconf 86' lang='lat' dir='ltr'><strong>quam</strong></span> <span class='ocrx_word' id='word_1_296' title='bbox 306 2817 536 2884; x_wconf 88' lang='lat' dir='ltr'><strong>pruden</strong></span> <span class='ocrx_word' id='word_1_297' title='bbox 551 2819 806 2874; x_wconf 89' lang='lat' dir='ltr'><strong>tioribus</strong></span> <span class='ocrx_word' id='word_1_298' title='bbox 821 2823 1021 2876; x_wconf 78' lang='lat' dir='ltr'><strong>verbis</strong></span> <span class='ocrx_word' id='word_1_299' title='bbox 1040 2839 1108 2876; x_wconf 89' lang='lat' dir='ltr'><strong>ac</strong></span> <span class='ocrx_word' id='word_1_300' title='bbox 1126 2823 1394 2878; x_wconf 89' lang='lat' dir='ltr'><strong>solidiori</strong></span> <span class='ocrx_word' id='word_1_301' title='bbox 1407 2825 1797 2894; x_wconf 81' lang='lat' dir='ltr'><strong>expressione</strong></span> 
     </span>
    </p>
   </div>
   <div class='ocr_carea' id='block_1_45' title="bbox 148 2898 1801 2984">
    <p class='ocr_par' dir='ltr' id='par_1_45' title="bbox 148 2898 1801 2984">
     <span class='ocr_line' id='line_1_45' title="bbox 148 2898 1801 2984; baseline 0.01 -33"><span class='ocrx_word' id='word_1_302' title='bbox 148 2898 196 2952; x_wconf 88' lang='lat' dir='ltr'><strong>in</strong></span> <span class='ocrx_word' id='word_1_303' title='bbox 227 2905 457 2973; x_wconf 86' lang='lat' dir='ltr'><strong>scriptis</strong></span> <span class='ocrx_word' id='word_1_304' title='bbox 492 2908 638 2961; x_wconf 83' lang='lat' dir='ltr'><strong>suis</strong></span> <span class='ocrx_word' id='word_1_305' title='bbox 668 2910 864 2964; x_wconf 87' lang='lat' dir='ltr'><strong>testati</strong></span> <span class='ocrx_word' id='word_1_306' title='bbox 904 2914 1060 2965; x_wconf 92' lang='lat' dir='ltr'><strong>sunt.</strong></span> <span class='ocrx_word' id='word_1_307' title='bbox 1091 2912 1202 2966; x_wconf 89' lang='lat' dir='ltr'><strong>Ubi</strong></span> <span class='ocrx_word' id='word_1_308' title='bbox 1225 2917 1418 2967; x_wconf 89' lang='lat' dir='ltr'><strong>autem</strong></span> <span class='ocrx_word' id='word_1_309' title='bbox 1450 2914 1545 2966; x_wconf 90' lang='lat' dir='ltr'><strong>hic</strong></span> <span class='ocrx_word' id='word_1_310' title='bbox 1576 2930 1801 2984; x_wconf 82' lang='lat' dir='ltr'><strong>anony-</strong></span> 
     </span>
    </p>
   </div>
   <div class='ocr_carea' id='block_1_46' title="bbox 151 2995 1800 3073">
    <p class='ocr_par' dir='ltr' id='par_1_46' title="bbox 151 2995 1800 3073">
     <span class='ocr_line' id='line_1_46' title="bbox 151 2995 1800 3073; baseline 0.009 -32"><span class='ocrx_word' id='word_1_311' title='bbox 151 3002 260 3043; x_wconf 88' lang='lat' dir='ltr'><strong>mus</strong></span> <span class='ocrx_word' id='word_1_312' title='bbox 276 2995 528 3063; x_wconf 87' lang='lat' dir='ltr'><strong>appellat</strong></span> <span class='ocrx_word' id='word_1_313' title='bbox 556 3012 622 3050; x_wconf 89' lang='lat' dir='ltr'><strong>se</strong></span> <span class='ocrx_word' id='word_1_314' title='bbox 641 2995 1035 3052; x_wconf 76' lang='lat' dir='ltr'><strong>fcedissimam</strong></span> <span class='ocrx_word' id='word_1_315' title='bbox 1057 3001 1284 3055; x_wconf 90' lang='lat' dir='ltr'><strong>saniem</strong></span> <span class='ocrx_word' id='word_1_316' title='bbox 1300 3008 1357 3056; x_wconf 91' lang='lat' dir='ltr'><strong>et</strong></span> <span class='ocrx_word' id='word_1_317' title='bbox 1375 3003 1800 3073; x_wconf 84' lang='lat' dir='ltr'><strong>turpitudinem</strong></span> 
     </span>
    </p>
   </div>
   <div class='ocr_carea' id='block_1_47' title="bbox 149 3077 1800 3161">
    <p class='ocr_par' dir='ltr' id='par_1_47' title="bbox 149 3077 1800 3161">
     <span class='ocr_line' id='line_1_47' title="bbox 149 3077 1800 3161; baseline 0.009 -31"><span class='ocrx_word' id='word_1_318' title='bbox 149 3077 556 3138; x_wconf 82' lang='lat' dir='ltr'><strong>detestabilem</strong></span> <span class='ocrx_word' id='word_1_319' title='bbox 577 3093 634 3139; x_wconf 89' lang='lat' dir='ltr'><strong>et</strong></span> <span class='ocrx_word' id='word_1_320' title='bbox 653 3085 1086 3144; x_wconf 87' lang='lat' dir='ltr'><strong>abominationc</strong></span> <span class='ocrx_word' id='word_1_321' title='bbox 1092 3090 1349 3161; x_wconf 88' lang='lat' dir='ltr'><strong>plenum,</strong></span> <span class='ocrx_word' id='word_1_322' title='bbox 1376 3091 1632 3146; x_wconf 89' lang='lat' dir='ltr'><strong>ostendit</strong></span> <span class='ocrx_word' id='word_1_323' title='bbox 1663 3107 1800 3145; x_wconf 91' lang='lat' dir='ltr'><strong>non-</strong></span> 
     </span>
    </p>
   </div>
   <div class='ocr_carea' id='block_1_48' title="bbox 150 3165 1800 3253">
    <p class='ocr_par' dir='ltr' id='par_1_48' title="bbox 150 3165 1800 3253">
     <span class='ocr_line' id='line_1_48' title="bbox 150 3165 1800 3253; baseline 0.011 -35"><span class='ocrx_word' id='word_1_324' title='bbox 150 3165 266 3221; x_wconf 87' lang='lat' dir='ltr'><strong>dum</strong></span> <span class='ocrx_word' id='word_1_325' title='bbox 296 3187 359 3224; x_wconf 93' lang='lat' dir='ltr'><strong>se</strong></span> <span class='ocrx_word' id='word_1_326' title='bbox 393 3188 550 3228; x_wconf 87' lang='lat' dir='ltr'><strong>esse</strong></span> <span class='ocrx_word' id='word_1_327' title='bbox 580 3173 824 3230; x_wconf 89' lang='lat' dir='ltr'><strong>oblitum</strong></span> <span class='ocrx_word' id='word_1_328' title='bbox 867 3177 1110 3233; x_wconf 68' lang='lat' dir='ltr'><strong>latrinae</strong></span> <span class='ocrx_word' id='word_1_329' title='bbox 1155 3185 1215 3234; x_wconf 86' lang='lat' dir='ltr'><strong>et</strong></span> <span class='ocrx_word' id='word_1_330' title='bbox 1259 3179 1367 3234; x_wconf 79' lang='lat' dir='ltr'><strong>[ini</strong></span> <span class='ocrx_word' id='word_1_331' title='bbox 1398 3196 1696 3253; x_wconf 86' lang='lat' dir='ltr'><strong>equorum,</strong></span> <span class='ocrx_word' id='word_1_332' title='bbox 1730 3180 1800 3234; x_wconf 89' lang='lat' dir='ltr'><strong>de</strong></span> 
     </span>
    </p>
   </div>
   <div class='ocr_carea' id='block_1_49' title="bbox 149 3256 1800 3338">
    <p class='ocr_par' dir='ltr' id='par_1_49' title="bbox 149 3256 1800 3338">
     <span class='ocr_line' id='line_1_49' title="bbox 149 3256 1800 3338; baseline 0.008 -29"><span class='ocrx_word' id='word_1_333' title='bbox 149 3256 335 3324; x_wconf 84' lang='lat' dir='ltr'><strong>quibus</strong></span> <span class='ocrx_word' id='word_1_334' title='bbox 368 3261 618 3317; x_wconf 79' lang='lat' dir='ltr'><strong>locutus</strong></span> <span class='ocrx_word' id='word_1_335' title='bbox 649 3267 743 3318; x_wconf 89' lang='lat' dir='ltr'><strong>est</strong></span> <span class='ocrx_word' id='word_1_336' title='bbox 774 3266 832 3319; x_wconf 90' lang='lat' dir='ltr'><strong>in</strong></span> <span class='ocrx_word' id='word_1_337' title='bbox 846 3266 1239 3338; x_wconf 82' lang='lat' dir='ltr'><strong>Expositione</strong></span> <span class='ocrx_word' id='word_1_338' title='bbox 1261 3268 1567 3324; x_wconf 85' lang='lat' dir='ltr'><strong>Orationis</strong></span> <span class='ocrx_word' id='word_1_339' title='bbox 1602 3270 1800 3324; x_wconf 90' lang='lat' dir='ltr'><strong>Domi-</strong></span> 
     </span>
    </p>
   </div>
   <div class='ocr_carea' id='block_1_50' title="bbox 149 3344 1802 3429">
    <p class='ocr_par' dir='ltr' id='par_1_50' title="bbox 149 3344 1802 3429">
     <span class='ocr_line' id='line_1_50' title="bbox 149 3344 1802 3429; baseline 0.012 -35"><span class='ocrx_word' id='word_1_340' title='bbox 149 3344 288 3400; x_wconf 69' lang='lat' dir='ltr'><strong>uiae.</strong></span> <span class='ocrx_word' id='word_1_341' title='bbox 306 3347 416 3403; x_wconf 89' lang='lat' dir='ltr'><strong>Ubi</strong></span> <span class='ocrx_word' id='word_1_342' title='bbox 451 3366 526 3405; x_wconf 84' lang='lat' dir='ltr'><strong>se</strong></span> <span class='ocrx_word' id='word_1_343' title='bbox 563 3353 722 3406; x_wconf 88' lang='lat' dir='ltr'><strong>omni</strong></span> <span class='ocrx_word' id='word_1_344' title='bbox 758 3354 896 3422; x_wconf 86' lang='lat' dir='ltr'><strong>vita,</strong></span> <span class='ocrx_word' id='word_1_345' title='bbox 931 3356 1046 3409; x_wconf 89' lang='lat' dir='ltr'><strong>imo</strong></span> <span class='ocrx_word' id='word_1_346' title='bbox 1068 3359 1331 3410; x_wconf 73' lang='lat' dir='ltr'><strong>essentia</strong></span> <span class='ocrx_word' id='word_1_347' title='bbox 1366 3359 1672 3429; x_wconf 91' lang='lat' dir='ltr'><strong>indignum</strong></span> <span class='ocrx_word' id='word_1_348' title='bbox 1693 3374 1802 3413; x_wconf 93' lang='lat' dir='ltr'><strong>vo-</strong></span> 
     </span>
    </p>
   </div>
   <div class='ocr_carea' id='block_1_51' title="bbox 151 3438 1800 3518">
    <p class='ocr_par' dir='ltr' id='par_1_51' title="bbox 151 3438 1800 3518">
     <span class='ocr_line' id='line_1_51' title="bbox 151 3438 1800 3518; baseline 0.008 -32"><span class='ocrx_word' id='word_1_349' title='bbox 151 3438 242 3502; x_wconf 91' lang='lat' dir='ltr'><strong>cat,</strong></span> <span class='ocrx_word' id='word_1_350' title='bbox 279 3441 552 3493; x_wconf 88' lang='lat' dir='ltr'><strong>ostendit</strong></span> <span class='ocrx_word' id='word_1_351' title='bbox 583 3456 650 3494; x_wconf 89' lang='lat' dir='ltr'><strong>se</strong></span> <span class='ocrx_word' id='word_1_352' title='bbox 681 3442 1033 3513; x_wconf 87' lang='lat' dir='ltr'><strong>scriptorem</strong></span> <span class='ocrx_word' id='word_1_353' title='bbox 1065 3447 1402 3501; x_wconf 77' lang='lat' dir='ltr'><strong>ultimorum</strong></span> <span class='ocrx_word' id='word_1_354' title='bbox 1453 3455 1800 3518; x_wconf 86' lang='lat' dir='ltr'><strong>temporum,</strong></span> 
     </span>
    </p>
   </div>
   <div class='ocr_carea' id='block_1_52' title="bbox 151 3523 1802 3605">
    <p class='ocr_par' dir='ltr' id='par_1_52' title="bbox 151 3523 1802 3605">
     <span class='ocr_line' id='line_1_52' title="bbox 151 3523 1802 3605; baseline 0.009 -32"><span class='ocrx_word' id='word_1_355' title='bbox 151 3523 341 3589; x_wconf 87' lang='lat' dir='ltr'><strong>quibus</strong></span> <span class='ocrx_word' id='word_1_356' title='bbox 373 3527 466 3581; x_wconf 87' lang='lat' dir='ltr'><strong>hae</strong></span> <span class='ocrx_word' id='word_1_357' title='bbox 506 3544 700 3584; x_wconf 77' lang='lat' dir='ltr'><strong>voces</strong></span> <span class='ocrx_word' id='word_1_358' title='bbox 729 3531 787 3584; x_wconf 91' lang='lat' dir='ltr'><strong>in</strong></span> <span class='ocrx_word' id='word_1_359' title='bbox 811 3532 1193 3587; x_wconf 86' lang='lat' dir='ltr'><strong>scholasticis</strong></span> <span class='ocrx_word' id='word_1_360' title='bbox 1226 3536 1523 3605; x_wconf 78' lang='lat' dir='ltr'><strong>palaestris</strong></span> <span class='ocrx_word' id='word_1_361' title='bbox 1551 3553 1684 3590; x_wconf 87' lang='lat' dir='ltr'><strong>cum</strong></span> <span class='ocrx_word' id='word_1_362' title='bbox 1715 3536 1802 3588; x_wconf 83' lang='lat' dir='ltr'><strong>af-</strong></span> 
     </span>
    </p>
   </div>
   <div class='ocr_carea' id='block_1_53' title="bbox 152 3608 1804 3696">
    <p class='ocr_par' dir='ltr' id='par_1_53' title="bbox 152 3608 1804 3696">
     <span class='ocr_line' id='line_1_53' title="bbox 152 3608 1804 3696; baseline 0.011 -35"><span class='ocrx_word' id='word_1_363' title='bbox 152 3608 438 3671; x_wconf 85' lang='lat' dir='ltr'><strong>fectatione</strong></span> <span class='ocrx_word' id='word_1_364' title='bbox 458 3622 774 3687; x_wconf 66' lang='lat' dir='ltr'><strong>usurpata)</strong></span> <span class='ocrx_word' id='word_1_365' title='bbox 796 3625 933 3675; x_wconf 86' lang='lat' dir='ltr'><strong>sunt</strong></span> <span class='ocrx_word' id='word_1_366' title='bbox 949 3623 1120 3693; x_wconf 88' lang='lat' dir='ltr'><strong>quasi</strong></span> <span class='ocrx_word' id='word_1_367' title='bbox 1147 3626 1391 3678; x_wconf 85' lang='lat' dir='ltr'><strong>maxima</strong></span> <span class='ocrx_word' id='word_1_368' title='bbox 1427 3626 1705 3696; x_wconf 74' lang='lat' dir='ltr'><strong>mysteria</strong></span> <span class='ocrx_word' id='word_1_369' title='bbox 1731 3626 1804 3679; x_wconf 89' lang='lat' dir='ltr'><strong>si-</strong></span> 
     </span>
    </p>
   </div>
   <div class='ocr_carea' id='block_1_54' title="bbox 150 3700 1798 3782">
    <p class='ocr_par' dir='ltr' id='par_1_54' title="bbox 150 3700 1798 3782">
     <span class='ocr_line' id='line_1_54' title="bbox 150 3700 1798 3782; baseline 0.01 -30"><span class='ocrx_word' id='word_1_370' title='bbox 150 3700 501 3766; x_wconf 80' lang='lat' dir='ltr'><strong>gniﬁcantes.</strong></span> <span class='ocrx_word' id='word_1_371' title='bbox 543 3705 666 3761; x_wconf 90' lang='lat' dir='ltr'><strong>Sub</strong></span> <span class='ocrx_word' id='word_1_372' title='bbox 717 3709 972 3763; x_wconf 91' lang='lat' dir='ltr'><strong>medium</strong></span> <span class='ocrx_word' id='word_1_373' title='bbox 1003 3711 1183 3782; x_wconf 81' lang='lat' dir='ltr'><strong>hujus</strong></span> <span class='ocrx_word' id='word_1_374' title='bbox 1215 3715 1518 3782; x_wconf 87' lang='lat' dir='ltr'><strong>cpusculi:</strong></span> <span class='ocrx_word' id='word_1_375' title='bbox 1543 3713 1798 3769; x_wconf 88' lang='lat' dir='ltr'><strong>Patien-</strong></span> 
     </span>
    </p>
   </div>
   <div class='ocr_carea' id='block_1_55' title="bbox 153 3787 1803 3872">
    <p class='ocr_par' dir='ltr' id='par_1_55' title="bbox 153 3787 1803 3872">
     <span class='ocr_line' id='line_1_55' title="bbox 153 3787 1803 3872; baseline 0.012 -33"><span class='ocrx_word' id='word_1_376' title='bbox 153 3787 272 3842; x_wconf 85' lang='lat' dir='ltr'><strong>tiam</strong></span> <span class='ocrx_word' id='word_1_377' title='bbox 320 3792 497 3863; x_wconf 76' lang='lat' dir='ltr'><strong>habe,</strong></span> <span class='ocrx_word' id='word_1_378' title='bbox 551 3795 806 3867; x_wconf 88' lang='lat' dir='ltr'><strong>domina,</strong></span> <span class='ocrx_word' id='word_1_379' title='bbox 855 3799 988 3870; x_wconf 88' lang='lat' dir='ltr'><strong>quia</strong></span> <span class='ocrx_word' id='word_1_380' title='bbox 1019 3801 1344 3872; x_wconf 80' lang='lat' dir='ltr'><strong>angelicam</strong></span> <span class='ocrx_word' id='word_1_381' title='bbox 1375 3803 1803 3858; x_wconf 87' lang='lat' dir='ltr'><strong>Salutationem</strong></span> 
     </span>
    </p>
   </div>
   <div class='ocr_carea' id='block_1_56' title="bbox 148 3885 1800 3961">
    <p class='ocr_par' dir='ltr' id='par_1_56' title="bbox 148 3885 1800 3961">
     <span class='ocr_line' id='line_1_56' title="bbox 148 3885 1800 3961; baseline 0.013 -35"><span class='ocrx_word' id='word_1_382' title='bbox 148 3890 346 3948; x_wconf 87' lang='lat' dir='ltr'><strong>promo,</strong></span> <span class='ocrx_word' id='word_1_383' title='bbox 377 3889 438 3936; x_wconf 90' lang='lat' dir='ltr'><strong>et</strong></span> <span class='ocrx_word' id='word_1_384' title='bbox 489 3885 768 3955; x_wconf 81' lang='lat' dir='ltr'><strong>angelice</strong></span> <span class='ocrx_word' id='word_1_385' title='bbox 789 3900 911 3941; x_wconf 86' lang='lat' dir='ltr'><strong>non</strong></span> <span class='ocrx_word' id='word_1_386' title='bbox 948 3889 1082 3942; x_wconf 90' lang='lat' dir='ltr'><strong>vivo</strong></span> <span class='ocrx_word' id='word_1_387' title='bbox 1115 3890 1225 3944; x_wconf 89' lang='lat' dir='ltr'><strong>sed</strong></span> <span class='ocrx_word' id='word_1_388' title='bbox 1258 3891 1456 3961; x_wconf 81' lang='lat' dir='ltr'><strong>potius</strong></span> <span class='ocrx_word' id='word_1_389' title='bbox 1485 3891 1800 3948; x_wconf 81' lang='lat' dir='ltr'><strong>diabolica.</strong></span> 
     </span>
    </p>
   </div>
   <div class='ocr_carea' id='block_1_57' title="bbox 150 3961 1803 4050">
    <p class='ocr_par' dir='ltr' id='par_1_57' title="bbox 150 3961 1803 4050">
     <span class='ocr_line' id='line_1_57' title="bbox 150 3961 1803 4050; baseline 0.011 -33"><span class='ocrx_word' id='word_1_390' title='bbox 150 3961 486 4026; x_wconf 83' lang='lat' dir='ltr'><strong>Horrendus</strong></span> <span class='ocrx_word' id='word_1_391' title='bbox 513 3987 661 4043; x_wconf 89' lang='lat' dir='ltr'><strong>sum,</strong></span> <span class='ocrx_word' id='word_1_392' title='bbox 686 3981 742 4028; x_wconf 90' lang='lat' dir='ltr'><strong>et</strong></span> <span class='ocrx_word' id='word_1_393' title='bbox 765 3978 818 4029; x_wconf 88' lang='lat' dir='ltr'><strong>te</strong></span> <span class='ocrx_word' id='word_1_394' title='bbox 837 3976 1101 4032; x_wconf 86' lang='lat' dir='ltr'><strong>salutare</strong></span> <span class='ocrx_word' id='word_1_395' title='bbox 1111 3994 1430 4050; x_wconf 72' lang='lat' dir='ltr'><strong>praesumo.</strong></span> <span class='ocrx_word' id='word_1_396' title='bbox 1454 3981 1681 4035; x_wconf 85' lang='lat' dir='ltr'><strong>Horreo</strong></span> <span class='ocrx_word' id='word_1_397' title='bbox 1713 3982 1803 4034; x_wconf 87' lang='lat' dir='ltr'><strong>fa-</strong></span> 
     </span>
    </p>
   </div>
   <div class='ocr_carea' id='block_1_58' title="bbox 150 4055 1796 4138">
    <p class='ocr_par' dir='ltr' id='par_1_58' title="bbox 150 4055 1796 4138">
     <span class='ocr_line' id='line_1_58' title="bbox 150 4055 1796 4138; baseline 0.012 -33"><span class='ocrx_word' id='word_1_398' title='bbox 150 4055 261 4107; x_wconf 83' lang='lat' dir='ltr'><strong>teor</strong></span> <span class='ocrx_word' id='word_1_399' title='bbox 295 4057 528 4114; x_wconf 86' lang='lat' dir='ltr'><strong>Lucam</strong></span> <span class='ocrx_word' id='word_1_400' title='bbox 571 4061 954 4136; x_wconf 88' lang='lat' dir='ltr'><strong>Wadingum,</strong></span> <span class='ocrx_word' id='word_1_401' title='bbox 996 4067 1096 4138; x_wconf 89' lang='lat' dir='ltr'><strong>qui</strong></span> <span class='ocrx_word' id='word_1_402' title='bbox 1127 4071 1242 4120; x_wconf 90' lang='lat' dir='ltr'><strong>tam</strong></span> <span class='ocrx_word' id='word_1_403' title='bbox 1273 4068 1593 4138; x_wconf 85' lang='lat' dir='ltr'><strong>iusipidum</strong></span> <span class='ocrx_word' id='word_1_404' title='bbox 1637 4070 1796 4124; x_wconf 90' lang='lat' dir='ltr'><strong>hunc</strong></span> 
     </span>
    </p>
   </div>
   <div class='ocr_carea' id='block_1_59' title="bbox 153 4148 1804 4227">
    <p class='ocr_par' dir='ltr' id='par_1_59' title="bbox 153 4148 1804 4227">
     <span class='ocr_line' id='line_1_59' title="bbox 153 4148 1804 4227; baseline 0.012 -33"><span class='ocrx_word' id='word_1_405' title='bbox 153 4153 490 4215; x_wconf 78' lang='lat' dir='ltr'><strong>anonymum</strong></span> <span class='ocrx_word' id='word_1_406' title='bbox 527 4148 588 4204; x_wconf 90' lang='lat' dir='ltr'><strong>S.</strong></span> <span class='ocrx_word' id='word_1_407' title='bbox 636 4151 899 4207; x_wconf 87' lang='lat' dir='ltr'><strong>Anselmi</strong></span> <span class='ocrx_word' id='word_1_408' title='bbox 931 4154 1226 4210; x_wconf 87' lang='lat' dir='ltr'><strong>Lucensis</strong></span> <span class='ocrx_word' id='word_1_409' title='bbox 1268 4157 1530 4227; x_wconf 89' lang='lat' dir='ltr'><strong>episcopi</strong></span> <span class='ocrx_word' id='word_1_410' title='bbox 1569 4160 1804 4213; x_wconf 87' lang='lat' dir='ltr'><strong>nomine</strong></span> 
     </span>
    </p>
   </div>
   <div class='ocr_carea' id='block_1_60' title="bbox 154 4227 1808 4316">
    <p class='ocr_par' dir='ltr' id='par_1_60' title="bbox 154 4227 1808 4316">
     <span class='ocr_line' id='line_1_60' title="bbox 154 4227 1808 4316; baseline 0.013 -34"><span class='ocrx_word' id='word_1_411' title='bbox 154 4227 565 4316; x_wconf 71' lang='lat' dir='ltr'><strong>honestaverit.</strong></span> <span class='ocrx_word' id='word_1_412' title='bbox 590 4237 734 4304; x_wconf 91' lang='lat' dir='ltr'><strong>Quis</strong></span> <span class='ocrx_word' id='word_1_413' title='bbox 767 4258 1023 4312; x_wconf 88' lang='lat' dir='ltr'><strong>unquam</strong></span> <span class='ocrx_word' id='word_1_414' title='bbox 1053 4245 1290 4298; x_wconf 85' lang='lat' dir='ltr'><strong>Patrum</strong></span> <span class='ocrx_word' id='word_1_415' title='bbox 1313 4261 1502 4316; x_wconf 91' lang='lat' dir='ltr'><strong>usque</strong></span> <span class='ocrx_word' id='word_1_416' title='bbox 1517 4247 1586 4300; x_wconf 87' lang='lat' dir='ltr'><strong>ad</strong></span> <span class='ocrx_word' id='word_1_417' title='bbox 1621 4264 1808 4302; x_wconf 80' lang='lat' dir='ltr'><strong>saecu-</strong></span> 
     </span>
    </p>
   </div>
   <div class='ocr_carea' id='block_1_61' title="bbox 155 4315 1802 4405">
    <p class='ocr_par' dir='ltr' id='par_1_61' title="bbox 155 4315 1802 4405">
     <span class='ocr_line' id='line_1_61' title="bbox 155 4315 1802 4405; baseline 0.013 -36"><span class='ocrx_word' id='word_1_418' title='bbox 155 4315 256 4372; x_wconf 88' lang='lat' dir='ltr'><strong>lum</strong></span> <span class='ocrx_word' id='word_1_419' title='bbox 305 4340 384 4376; x_wconf 81' lang='lat' dir='ltr'><strong>xu</strong></span> <span class='ocrx_word' id='word_1_420' title='bbox 407 4325 735 4398; x_wconf 87' lang='lat' dir='ltr'><strong>inclusive,</strong></span> <span class='ocrx_word' id='word_1_421' title='bbox 787 4331 970 4387; x_wconf 87' lang='lat' dir='ltr'><strong>verbo</strong></span> <span class='ocrx_word' id='word_1_422' title='bbox 1027 4335 1260 4388; x_wconf 86' lang='lat' dir='ltr'><strong>etiamsi</strong></span> <span class='ocrx_word' id='word_1_423' title='bbox 1311 4315 1696 4405; x_wconf 83' lang='lat' dir='ltr'><strong>humillimus,</strong></span> <span class='ocrx_word' id='word_1_424' title='bbox 1744 4337 1802 4390; x_wconf 90' lang='lat' dir='ltr'><strong>in</strong></span> 
     </span>
    </p>
   </div>
   <div class='ocr_carea' id='block_1_62' title="bbox 157 4410 1808 4495">
    <p class='ocr_par' dir='ltr' id='par_1_62' title="bbox 157 4410 1808 4495">
     <span class='ocr_line' id='line_1_62' title="bbox 157 4410 1808 4495; baseline 0.007 -29"><span class='ocrx_word' id='word_1_425' title='bbox 157 4410 376 4495; x_wconf 57' lang='lat' dir='ltr'><strong>Scriptis</strong></span> <span class='ocrx_word' id='word_1_426' title='bbox 394 4415 533 4468; x_wconf 84' lang='lat' dir='ltr'><strong>suis</strong></span> <span class='ocrx_word' id='word_1_427' title='bbox 557 4416 773 4473; x_wconf 76' lang='lat' dir='ltr'><strong>dixerit</strong></span> <span class='ocrx_word' id='word_1_428' title='bbox 798 4435 989 4475; x_wconf 91' lang='lat' dir='ltr'><strong>senon</strong></span> <span class='ocrx_word' id='word_1_429' title='bbox 1005 4423 1309 4494; x_wconf 83' lang='lat' dir='ltr'><strong>angelice,</strong></span> <span class='ocrx_word' id='word_1_430' title='bbox 1331 4424 1441 4478; x_wconf 89' lang='lat' dir='ltr'><strong>sed</strong></span> <span class='ocrx_word' id='word_1_431' title='bbox 1462 4425 1663 4495; x_wconf 86' lang='lat' dir='ltr'><strong>potius</strong></span> <span class='ocrx_word' id='word_1_432' title='bbox 1681 4425 1808 4478; x_wconf 86' lang='lat' dir='ltr'><strong>dia-</strong></span> 
     </span>
    </p>
   </div>
   <div class='ocr_carea' id='block_1_63' title="bbox 161 4492 1806 4583">
    <p class='ocr_par' dir='ltr' id='par_1_63' title="bbox 161 4492 1806 4583">
     <span class='ocr_line' id='line_1_63' title="bbox 161 4492 1806 4583; baseline 0.014 -37"><span class='ocrx_word' id='word_1_433' title='bbox 161 4492 332 4554; x_wconf 88' lang='lat' dir='ltr'><strong>bolice</strong></span> <span class='ocrx_word' id='word_1_434' title='bbox 347 4502 600 4558; x_wconf 85' lang='lat' dir='ltr'><strong>vivere?</strong></span> <span class='ocrx_word' id='word_1_435' title='bbox 626 4505 783 4560; x_wconf 89' lang='lat' dir='ltr'><strong>Idem</strong></span> <span class='ocrx_word' id='word_1_436' title='bbox 805 4513 1042 4578; x_wconf 88' lang='lat' dir='ltr'><strong>postea:</strong></span> <span class='ocrx_word' id='word_1_437' title='bbox 1072 4492 1268 4583; x_wconf 85' lang='lat' dir='ltr'><strong>Igitur</strong></span> <span class='ocrx_word' id='word_1_438' title='bbox 1295 4492 1345 4566; x_wconf 80' lang='grc' dir='ltr'><em>Α</em></span> <span class='ocrx_word' id='word_1_439' title='bbox 1363 4492 1508 4582; x_wconf 43' lang='lat' dir='ltr'><strong>ve,—o</strong></span> <span class='ocrx_word' id='word_1_440' title='bbox 1538 4513 1806 4569; x_wconf 85' lang='lat' dir='ltr'><strong>catenale</strong></span> 
     </span>
    </p>
   </div>
   <div class='ocr_carea' id='block_1_64' title="bbox 1910 1933 3564 2004">
    <p class='ocr_par' dir='ltr' id='par_1_64' title="bbox 1910 1933 3564 2004">
     <span class='ocr_line' id='line_1_64' title="bbox 1910 1933 3564 2004; baseline 0.002 -20"><span class='ocrx_word' id='word_1_441' title='bbox 1910 1945 2038 1984; x_wconf 90' lang='lat' dir='ltr'><strong>eam</strong></span> <span class='ocrx_word' id='word_1_442' title='bbox 2069 1933 2369 2002; x_wconf 90' lang='lat' dir='ltr'><strong>ascripsit,</strong></span> <span class='ocrx_word' id='word_1_443' title='bbox 2432 1949 2606 2004; x_wconf 88' lang='lat' dir='ltr'><strong>quam</strong></span> <span class='ocrx_word' id='word_1_444' title='bbox 2656 1933 3065 1988; x_wconf 86' lang='lat' dir='ltr'><strong>Cantuariensi</strong></span> <span class='ocrx_word' id='word_1_445' title='bbox 3097 1935 3564 2004; x_wconf 80' lang='lat' dir='ltr'><strong>archiepiscopo,</strong></span> 
     </span>
    </p>
   </div>
   <div class='ocr_carea' id='block_1_65' title="bbox 1911 2019 3570 2094">
    <p class='ocr_par' dir='ltr' id='par_1_65' title="bbox 1911 2019 3570 2094">
     <span class='ocr_line' id='line_1_65' title="bbox 1911 2019 3570 2094; baseline 0.002 -22"><span class='ocrx_word' id='word_1_446' title='bbox 1911 2019 2006 2073; x_wconf 92' lang='lat' dir='ltr'><strong>cui</strong></span> <span class='ocrx_word' id='word_1_447' title='bbox 2034 2020 2192 2073; x_wconf 89' lang='lat' dir='ltr'><strong>illam</strong></span> <span class='ocrx_word' id='word_1_448' title='bbox 2213 2020 2309 2074; x_wconf 89' lang='lat' dir='ltr'><strong>alii</strong></span> <span class='ocrx_word' id='word_1_449' title='bbox 2340 2023 2681 2077; x_wconf 87' lang='lat' dir='ltr'><strong>attribuunt.</strong></span> <span class='ocrx_word' id='word_1_450' title='bbox 2711 2021 2757 2076; x_wconf 92' lang='lat'><em>0</em></span> <span class='ocrx_word' id='word_1_451' title='bbox 2787 2022 3052 2089; x_wconf 89' lang='lat' dir='ltr'><strong>Domina,</strong></span> <span class='ocrx_word' id='word_1_452' title='bbox 3079 2023 3284 2092; x_wconf 89' lang='lat' dir='ltr'><strong>inquit,</strong></span> <span class='ocrx_word' id='word_1_453' title='bbox 3323 2038 3452 2094; x_wconf 68' lang='lat' dir='ltr'><strong>quae</strong></span> <span class='ocrx_word' id='word_1_454' title='bbox 3478 2038 3570 2076; x_wconf 84' lang='lat' dir='ltr'><strong>ra-</strong></span> 
     </span>
    </p>
   </div>
   <div class='ocr_carea' id='block_1_66' title="bbox 1905 2109 3553 2180">
    <p class='ocr_par' dir='ltr' id='par_1_66' title="bbox 1905 2109 3553 2180">
     <span class='ocr_line' id='line_1_66' title="bbox 1905 2109 3553 2180; baseline 0.003 -20"><span class='ocrx_word' id='word_1_455' title='bbox 1905 2109 2005 2179; x_wconf 87' lang='lat' dir='ltr'><strong>pis</strong></span> <span class='ocrx_word' id='word_1_456' title='bbox 2040 2109 2216 2164; x_wconf 87' lang='lat' dir='ltr'><strong>corda</strong></span> <span class='ocrx_word' id='word_1_457' title='bbox 2267 2109 2598 2180; x_wconf 87' lang='lat' dir='ltr'><strong>dulcedine,</strong></span> <span class='ocrx_word' id='word_1_458' title='bbox 2646 2127 2837 2165; x_wconf 88' lang='lat' dir='ltr'><strong>nonne</strong></span> <span class='ocrx_word' id='word_1_459' title='bbox 2881 2126 2985 2165; x_wconf 91' lang='lat' dir='ltr'><strong>cor</strong></span> <span class='ocrx_word' id='word_1_460' title='bbox 3038 2111 3246 2180; x_wconf 81' lang='lat' dir='ltr'><strong>meam,</strong></span> <span class='ocrx_word' id='word_1_461' title='bbox 3301 2112 3553 2178; x_wconf 76' lang='lat' dir='ltr'><strong>domina,</strong></span> 
     </span>
    </p>
   </div>
   <div class='ocr_carea' id='block_1_67' title="bbox 1910 2197 3565 2270">
    <p class='ocr_par' dir='ltr' id='par_1_67' title="bbox 1910 2197 3565 2270">
     <span class='ocr_line' id='line_1_67' title="bbox 1910 2197 3565 2270; baseline 0.001 -20"><span class='ocrx_word' id='word_1_462' title='bbox 1910 2197 2167 2268; x_wconf 88' lang='lat' dir='ltr'><strong>rapuisti</strong></span> <span class='ocrx_word' id='word_1_463' title='bbox 2179 2198 2297 2252; x_wconf 84' lang='lat' dir='ltr'><strong>?E&#39;t</strong></span> <span class='ocrx_word' id='word_1_464' title='bbox 2330 2199 2431 2252; x_wconf 86' lang='lat' dir='ltr'><strong>ubi</strong></span> <span class='ocrx_word' id='word_1_465' title='bbox 2452 2215 2649 2270; x_wconf 65' lang='lat' dir='ltr'><strong>quaeso</strong></span> <span class='ocrx_word' id='word_1_466' title='bbox 2672 2199 2930 2270; x_wconf 76' lang='lat' dir='ltr'><strong>posuisti</strong></span> <span class='ocrx_word' id='word_1_467' title='bbox 2959 2199 3127 2268; x_wconf 86' lang='lat' dir='ltr'><strong>illud,</strong></span> <span class='ocrx_word' id='word_1_468' title='bbox 3161 2206 3218 2252; x_wconf 92' lang='lat' dir='ltr'><strong>ut</strong></span> <span class='ocrx_word' id='word_1_469' title='bbox 3247 2200 3436 2270; x_wconf 90' lang='lat' dir='ltr'><strong>ipsum</strong></span> <span class='ocrx_word' id='word_1_470' title='bbox 3473 2215 3565 2252; x_wconf 88' lang='lat' dir='ltr'><strong>va-</strong></span> 
     </span>
    </p>
   </div>
   <div class='ocr_carea' id='block_1_68' title="bbox 1911 2284 3563 2359">
    <p class='ocr_par' dir='ltr' id='par_1_68' title="bbox 1911 2284 3563 2359">
     <span class='ocr_line' id='line_1_68' title="bbox 1911 2284 3563 2359; baseline 0.001 -21"><span class='ocrx_word' id='word_1_471' title='bbox 1911 2284 2061 2341; x_wconf 87' lang='lat' dir='ltr'><strong>leam</strong></span> <span class='ocrx_word' id='word_1_472' title='bbox 2093 2287 2411 2341; x_wconf 84' lang='lat' dir='ltr'><strong>invenire?</strong></span> <span class='ocrx_word' id='word_1_473' title='bbox 2440 2288 2722 2359; x_wconf 88' lang='lat' dir='ltr'><strong>Nunquid</strong></span> <span class='ocrx_word' id='word_1_474' title='bbox 2749 2289 2812 2341; x_wconf 85' lang='lat' dir='ltr'><strong>in</strong></span> <span class='ocrx_word' id='word_1_475' title='bbox 2845 2287 2980 2340; x_wconf 90' lang='lat' dir='ltr'><strong>sinu</strong></span> <span class='ocrx_word' id='word_1_476' title='bbox 3003 2293 3117 2355; x_wconf 89' lang='lat' dir='ltr'><strong>tuo,</strong></span> <span class='ocrx_word' id='word_1_477' title='bbox 3153 2303 3224 2341; x_wconf 88' lang='lat' dir='ltr'><strong>ne</strong></span> <span class='ocrx_word' id='word_1_478' title='bbox 3242 2287 3563 2355; x_wconf 79' lang='lat' dir='ltr'><strong>inveniam,</strong></span> 
     </span>
    </p>
   </div>
   <div class='ocr_carea' id='block_1_69' title="bbox 1912 2373 3561 2447">
    <p class='ocr_par' dir='ltr' id='par_1_69' title="bbox 1912 2373 3561 2447">
     <span class='ocr_line' id='line_1_69' title="bbox 1912 2373 3561 2447; baseline -0.001 -19"><span class='ocrx_word' id='word_1_479' title='bbox 1912 2374 2253 2429; x_wconf 84' lang='lat' dir='ltr'><strong>collocasti?</strong></span> <span class='ocrx_word' id='word_1_480' title='bbox 2282 2376 2543 2447; x_wconf 85' lang='lat' dir='ltr'><strong>nunquid</strong></span> <span class='ocrx_word' id='word_1_481' title='bbox 2576 2377 2739 2430; x_wconf 87' lang='lat' dir='ltr'><strong>inter</strong></span> <span class='ocrx_word' id='word_1_482' title='bbox 2768 2376 2951 2429; x_wconf 87' lang='lat' dir='ltr'><strong>ubera</strong></span> <span class='ocrx_word' id='word_1_483' title='bbox 2980 2383 3073 2428; x_wconf 87' lang='lat' dir='ltr'><strong>tua</strong></span> <span class='ocrx_word' id='word_1_484' title='bbox 3097 2375 3353 2446; x_wconf 86' lang='lat' dir='ltr'><strong>posuisti</strong></span> <span class='ocrx_word' id='word_1_485' title='bbox 3373 2373 3561 2428; x_wconf 81' lang='lat' dir='ltr'><strong>illud?</strong></span> 
     </span>
    </p>
   </div>
   <div class='ocr_carea' id='block_1_70' title="bbox 1911 2462 3568 2535">
    <p class='ocr_par' dir='ltr' id='par_1_70' title="bbox 1911 2462 3568 2535">
     <span class='ocr_line' id='line_1_70' title="bbox 1911 2462 3568 2535; baseline 0 -19"><span class='ocrx_word' id='word_1_486' title='bbox 1911 2462 2198 2518; x_wconf 69' lang='lat' dir='ltr'><strong>Ivortasse</strong></span> <span class='ocrx_word' id='word_1_487' title='bbox 2227 2463 2316 2517; x_wconf 90' lang='lat' dir='ltr'><strong>ibi</strong></span> <span class='ocrx_word' id='word_1_488' title='bbox 2340 2464 2598 2535; x_wconf 85' lang='lat' dir='ltr'><strong>posuisti</strong></span> <span class='ocrx_word' id='word_1_489' title='bbox 2628 2463 2775 2517; x_wconf 91' lang='lat' dir='ltr'><strong>illud</strong></span> <span class='ocrx_word' id='word_1_490' title='bbox 2811 2479 2914 2518; x_wconf 76' lang='lat' dir='ltr'><strong>cor</strong></span> <span class='ocrx_word' id='word_1_491' title='bbox 2941 2479 3150 2532; x_wconf 88' lang='lat' dir='ltr'><strong>meum,</strong></span> <span class='ocrx_word' id='word_1_492' title='bbox 3189 2469 3246 2516; x_wconf 91' lang='lat' dir='ltr'><strong>ut</strong></span> <span class='ocrx_word' id='word_1_493' title='bbox 3279 2463 3428 2534; x_wconf 89' lang='lat' dir='ltr'><strong>quod</strong></span> <span class='ocrx_word' id='word_1_494' title='bbox 3457 2462 3568 2516; x_wconf 84' lang='lat' dir='ltr'><strong>fri-</strong></span> 
     </span>
    </p>
   </div>
   <div class='ocr_carea' id='block_1_71' title="bbox 1910 2551 3576 2623">
    <p class='ocr_par' dir='ltr' id='par_1_71' title="bbox 1910 2551 3576 2623">
     <span class='ocr_line' id='line_1_71' title="bbox 1910 2551 3576 2623; baseline 0.001 -18"><span class='ocrx_word' id='word_1_495' title='bbox 1910 2558 2123 2623; x_wconf 87' lang='lat' dir='ltr'><strong>guerat</strong></span> <span class='ocrx_word' id='word_1_496' title='bbox 2155 2551 2288 2621; x_wconf 89' lang='lat' dir='ltr'><strong>tibi,</strong></span> <span class='ocrx_word' id='word_1_497' title='bbox 2322 2552 2537 2607; x_wconf 79' lang='lat' dir='ltr'><strong>calefat</strong></span> <span class='ocrx_word' id='word_1_498' title='bbox 2561 2552 2589 2605; x_wconf 69' lang='grc' dir='ltr'><em>ἔ)</em></span> <span class='ocrx_word' id='word_1_499' title='bbox 2645 2552 2690 2606; x_wconf 94' lang='lat'><em>0</em></span> <span class='ocrx_word' id='word_1_500' title='bbox 2721 2553 2964 2623; x_wconf 82' lang='lat' dir='ltr'><strong>raptrix</strong></span> <span class='ocrx_word' id='word_1_501' title='bbox 3009 2552 3293 2620; x_wconf 90' lang='lat' dir='ltr'><strong>cordium,</strong></span> <span class='ocrx_word' id='word_1_502' title='bbox 3348 2551 3576 2621; x_wconf 89' lang='lat' dir='ltr'><strong>quando</strong></span> 
     </span>
    </p>
   </div>
   <div class='ocr_carea' id='block_1_72' title="bbox 1912 2640 3570 2712">
    <p class='ocr_par' dir='ltr' id='par_1_72' title="bbox 1912 2640 3570 2712">
     <span class='ocr_line' id='line_1_72' title="bbox 1912 2640 3570 2712; baseline 0.001 -20"><span class='ocrx_word' id='word_1_503' title='bbox 1912 2641 2061 2694; x_wconf 77' lang='lat' dir='ltr'><strong>milii</strong></span> <span class='ocrx_word' id='word_1_504' title='bbox 2070 2641 2360 2695; x_wconf 88' lang='lat' dir='ltr'><strong>restitues</strong></span> <span class='ocrx_word' id='word_1_505' title='bbox 2371 2657 2473 2695; x_wconf 82' lang='lat' dir='ltr'><strong>cor</strong></span> <span class='ocrx_word' id='word_1_506' title='bbox 2484 2641 2704 2695; x_wconf 82' lang='lat' dir='ltr'><strong>meum?</strong></span> <span class='ocrx_word' id='word_1_507' title='bbox 2719 2640 2912 2705; x_wconf 84' lang='lat' dir='ltr'><strong>Quare</strong></span> <span class='ocrx_word' id='word_1_508' title='bbox 2923 2641 3012 2695; x_wconf 88' lang='lat' dir='ltr'><strong>sic</strong></span> <span class='ocrx_word' id='word_1_509' title='bbox 3026 2641 3203 2695; x_wconf 82' lang='lat' dir='ltr'><strong>corda</strong></span> <span class='ocrx_word' id='word_1_510' title='bbox 3218 2640 3570 2712; x_wconf 88' lang='lat' dir='ltr'><strong>simplicium</strong></span> 
     </span>
    </p>
   </div>
   <div class='ocr_carea' id='block_1_73' title="bbox 1913 2729 3573 2802">
    <p class='ocr_par' dir='ltr' id='par_1_73' title="bbox 1913 2729 3573 2802">
     <span class='ocr_line' id='line_1_73' title="bbox 1913 2729 3573 2802; baseline 0.001 -21"><span class='ocrx_word' id='word_1_511' title='bbox 1913 2729 2120 2801; x_wconf 81' lang='lat' dir='ltr'><strong>rapis?</strong></span> <span class='ocrx_word' id='word_1_512' title='bbox 2143 2746 2324 2802; x_wconf 87' lang='lat' dir='ltr'><strong>quare</strong></span> <span class='ocrx_word' id='word_1_513' title='bbox 2365 2729 2704 2785; x_wconf 86' lang='lat' dir='ltr'><strong>violentiam</strong></span> <span class='ocrx_word' id='word_1_514' title='bbox 2736 2730 2889 2783; x_wconf 83' lang='lat' dir='ltr'><strong>facis</strong></span> <span class='ocrx_word' id='word_1_515' title='bbox 2913 2729 3573 2800; x_wconf 82' lang='lat' dir='ltr'><strong>tuisamicis?Nunquid</strong></span> 
     </span>
    </p>
   </div>
   <div class='ocr_carea' id='block_1_74' title="bbox 1913 2807 3568 2890">
    <p class='ocr_par' dir='ltr' id='par_1_74' title="bbox 1913 2807 3568 2890">
     <span class='ocr_line' id='line_1_74' title="bbox 1913 2807 3568 2890; baseline -0.002 -17"><span class='ocrx_word' id='word_1_516' title='bbox 1913 2807 2150 2890; x_wconf 85' lang='lat' dir='ltr'><strong>semper</strong></span> <span class='ocrx_word' id='word_1_517' title='bbox 2169 2823 2259 2874; x_wconf 89' lang='lat' dir='ltr'><strong>vis</strong></span> <span class='ocrx_word' id='word_1_518' title='bbox 2271 2820 2458 2890; x_wconf 91' lang='lat' dir='ltr'><strong>ipsum</strong></span> <span class='ocrx_word' id='word_1_519' title='bbox 2475 2821 2721 2874; x_wconf 83' lang='lat' dir='ltr'><strong>tenere?</strong></span> <span class='ocrx_word' id='word_1_520' title='bbox 2741 2819 2846 2873; x_wconf 81' lang='lat' dir='ltr'><strong>Vel</strong></span> <span class='ocrx_word' id='word_1_521' title='bbox 2860 2819 2988 2872; x_wconf 85' lang='lat' dir='ltr'><strong>haec</strong></span> <span class='ocrx_word' id='word_1_522' title='bbox 3001 2817 3383 2889; x_wconf 81' lang='lat' dir='ltr'><strong>interrogatio</strong></span> <span class='ocrx_word' id='word_1_523' title='bbox 3397 2818 3568 2871; x_wconf 90' lang='lat' dir='ltr'><strong>unica</strong></span> 
     </span>
    </p>
   </div>
   <div class='ocr_carea' id='block_1_75' title="bbox 1912 2907 3572 2979">
    <p class='ocr_par' dir='ltr' id='par_1_75' title="bbox 1912 2907 3572 2979">
     <span class='ocr_line' id='line_1_75' title="bbox 1912 2907 3572 2979; baseline -0.001 -19"><span class='ocrx_word' id='word_1_524' title='bbox 1912 2922 2263 2978; x_wconf 79' lang='lat' dir='ltr'><strong>anonymum</strong></span> <span class='ocrx_word' id='word_1_525' title='bbox 2284 2910 2495 2979; x_wconf 90' lang='lat' dir='ltr'><strong>probat</strong></span> <span class='ocrx_word' id='word_1_526' title='bbox 2527 2910 2850 2963; x_wconf 78' lang='lat' dir='ltr'><strong>marionem</strong></span> <span class='ocrx_word' id='word_1_527' title='bbox 2872 2911 3045 2978; x_wconf 88' lang='lat' dir='ltr'><strong>atque</strong></span> <span class='ocrx_word' id='word_1_528' title='bbox 3078 2907 3452 2976; x_wconf 81' lang='lat' dir='ltr'><strong>insipientem</strong></span> <span class='ocrx_word' id='word_1_529' title='bbox 3479 2907 3572 2959; x_wconf 88' lang='lat' dir='ltr'><strong>vi-</strong></span> 
     </span>
    </p>
   </div>
   <div class='ocr_carea' id='block_1_76' title="bbox 1913 2995 3572 3068">
    <p class='ocr_par' dir='ltr' id='par_1_76' title="bbox 1913 2995 3572 3068">
     <span class='ocr_line' id='line_1_76' title="bbox 1913 2995 3572 3068; baseline -0.002 -17"><span class='ocrx_word' id='word_1_530' title='bbox 1913 3013 2045 3051; x_wconf 89' lang='lat' dir='ltr'><strong>rum</strong></span> <span class='ocrx_word' id='word_1_531' title='bbox 2078 3013 2252 3068; x_wconf 88' lang='lat' dir='ltr'><strong>quem</strong></span> <span class='ocrx_word' id='word_1_532' title='bbox 2284 2998 2642 3052; x_wconf 89' lang='lat' dir='ltr'><strong>indiscretus</strong></span> <span class='ocrx_word' id='word_1_533' title='bbox 2683 2997 2843 3052; x_wconf 89' lang='lat' dir='ltr'><strong>zelus</strong></span> <span class='ocrx_word' id='word_1_534' title='bbox 2872 2995 3124 3051; x_wconf 80' lang='lat' dir='ltr'><strong>eﬂ‘ertad</strong></span> <span class='ocrx_word' id='word_1_535' title='bbox 3156 2995 3572 3064; x_wconf 86' lang='lat' dir='ltr'><strong>inquisitiones</strong></span> 
     </span>
    </p>
   </div>
   <div class='ocr_carea' id='block_1_77' title="bbox 1914 3083 3572 3156">
    <p class='ocr_par' dir='ltr' id='par_1_77' title="bbox 1914 3083 3572 3156">
     <span class='ocr_line' id='line_1_77' title="bbox 1914 3083 3572 3156; baseline -0.002 -17"><span class='ocrx_word' id='word_1_536' title='bbox 1914 3087 2125 3140; x_wconf 88' lang='lat' dir='ltr'><strong>stultas</strong></span> <span class='ocrx_word' id='word_1_537' title='bbox 2159 3090 2215 3141; x_wconf 90' lang='lat' dir='ltr'><strong>et</strong></span> <span class='ocrx_word' id='word_1_538' title='bbox 2237 3087 2584 3156; x_wconf 84' lang='lat' dir='ltr'><strong>impudicas,</strong></span> <span class='ocrx_word' id='word_1_539' title='bbox 2607 3088 2658 3140; x_wconf 88' lang='lat' dir='ltr'><strong>si</strong></span> <span class='ocrx_word' id='word_1_540' title='bbox 2683 3087 2864 3140; x_wconf 85' lang='lat' dir='ltr'><strong>verba</strong></span> <span class='ocrx_word' id='word_1_541' title='bbox 2891 3089 3202 3138; x_wconf 87' lang='lat' dir='ltr'><strong>sumantur</strong></span> <span class='ocrx_word' id='word_1_542' title='bbox 3222 3083 3291 3136; x_wconf 82' lang='lat' dir='ltr'><strong>ad</strong></span> <span class='ocrx_word' id='word_1_543' title='bbox 3323 3083 3572 3136; x_wconf 87' lang='lat' dir='ltr'><strong>litteram</strong></span> 
     </span>
    </p>
   </div>
   <div class='ocr_carea' id='block_1_78' title="bbox 1912 3170 3571 3244">
    <p class='ocr_par' dir='ltr' id='par_1_78' title="bbox 1912 3170 3571 3244">
     <span class='ocr_line' id='line_1_78' title="bbox 1912 3170 3571 3244; baseline -0.004 -15"><span class='ocrx_word' id='word_1_544' title='bbox 1912 3178 2085 3244; x_wconf 89' lang='lat' dir='ltr'><strong>prout</strong></span> <span class='ocrx_word' id='word_1_545' title='bbox 2107 3179 2334 3228; x_wconf 89' lang='lat' dir='ltr'><strong>sonant.</strong></span> <span class='ocrx_word' id='word_1_546' title='bbox 2378 3175 2734 3244; x_wconf 87' lang='lat' dir='ltr'><strong>Stupendam</strong></span> <span class='ocrx_word' id='word_1_547' title='bbox 2764 3170 3062 3227; x_wconf 86' lang='lat' dir='ltr'><strong>exstasin!</strong></span> <span class='ocrx_word' id='word_1_548' title='bbox 3100 3170 3146 3224; x_wconf 94' lang='lat'><em>0</em></span> <span class='ocrx_word' id='word_1_549' title='bbox 3173 3171 3410 3242; x_wconf 85' lang='lat' dir='ltr'><strong>raptrix</strong></span> <span class='ocrx_word' id='word_1_550' title='bbox 3437 3187 3571 3224; x_wconf 89' lang='lat' dir='ltr'><strong>cor-</strong></span> 
     </span>
    </p>
   </div>
   <div class='ocr_carea' id='block_1_79' title="bbox 1914 3258 3572 3334">
    <p class='ocr_par' dir='ltr' id='par_1_79' title="bbox 1914 3258 3572 3334">
     <span class='ocr_line' id='line_1_79' title="bbox 1914 3258 3572 3334; baseline -0.002 -18"><span class='ocrx_word' id='word_1_551' title='bbox 1914 3263 2092 3330; x_wconf 88' lang='lat' dir='ltr'><strong>dium,</strong></span> <span class='ocrx_word' id='word_1_552' title='bbox 2130 3264 2356 3334; x_wconf 87' lang='lat' dir='ltr'><strong>quando</strong></span> <span class='ocrx_word' id='word_1_553' title='bbox 2391 3263 2536 3316; x_wconf 79' lang='lat' dir='ltr'><strong>milii</strong></span> <span class='ocrx_word' id='word_1_554' title='bbox 2561 3263 2853 3316; x_wconf 84' lang='lat' dir='ltr'><strong>restitues</strong></span> <span class='ocrx_word' id='word_1_555' title='bbox 2887 3277 2989 3315; x_wconf 90' lang='lat' dir='ltr'><strong>cor</strong></span> <span class='ocrx_word' id='word_1_556' title='bbox 3015 3275 3200 3313; x_wconf 89' lang='lat' dir='ltr'><strong>meum</strong></span> <span class='ocrx_word' id='word_1_557' title='bbox 3221 3259 3248 3311; x_wconf 70' lang='lat'><strong>.9</strong></span> <span class='ocrx_word' id='word_1_558' title='bbox 3267 3258 3313 3312; x_wconf 94' lang='grc' dir='ltr'>Ο</span> <span class='ocrx_word' id='word_1_559' title='bbox 3343 3259 3572 3312; x_wconf 89' lang='lat' dir='ltr'><strong>insania</strong></span> 
     </span>
    </p>
   </div>
   <div class='ocr_carea' id='block_1_80' title="bbox 1915 3345 3571 3424">
    <p class='ocr_par' dir='ltr' id='par_1_80' title="bbox 1915 3345 3571 3424">
     <span class='ocr_line' id='line_1_80' title="bbox 1915 3345 3571 3424; baseline -0.004 -18"><span class='ocrx_word' id='word_1_560' title='bbox 1915 3353 2248 3422; x_wconf 89' lang='lat' dir='ltr'><strong>scriptoris,</strong></span> <span class='ocrx_word' id='word_1_561' title='bbox 2273 3351 2556 3424; x_wconf 83' lang='lat' dir='ltr'><strong>Nunquid</strong></span> <span class='ocrx_word' id='word_1_562' title='bbox 2580 3353 2742 3405; x_wconf 86' lang='lat' dir='ltr'><strong>inter</strong></span> <span class='ocrx_word' id='word_1_563' title='bbox 2764 3350 2946 3404; x_wconf 89' lang='lat' dir='ltr'><strong>ubera</strong></span> <span class='ocrx_word' id='word_1_564' title='bbox 2981 3355 3076 3402; x_wconf 91' lang='lat' dir='ltr'><strong>tua</strong></span> <span class='ocrx_word' id='word_1_565' title='bbox 3092 3347 3352 3419; x_wconf 89' lang='lat' dir='ltr'><strong>posuisti</strong></span> <span class='ocrx_word' id='word_1_566' title='bbox 3375 3345 3522 3401; x_wconf 89' lang='lat' dir='ltr'><strong>illud</strong></span> <span class='ocrx_word' id='word_1_567' title='bbox 3542 3347 3571 3400; x_wconf 72' lang='lat'><strong>.9</strong></span> 
     </span>
    </p>
   </div>
   <div class='ocr_carea' id='block_1_81' title="bbox 1914 3437 3572 3508">
    <p class='ocr_par' dir='ltr' id='par_1_81' title="bbox 1914 3437 3572 3508">
     <span class='ocr_line' id='line_1_81' title="bbox 1914 3437 3572 3508; baseline -0.003 -14"><span class='ocrx_word' id='word_1_568' title='bbox 1914 3440 2083 3495; x_wconf 91' lang='lat' dir='ltr'><strong>Olent</strong></span> <span class='ocrx_word' id='word_1_569' title='bbox 2098 3456 2279 3495; x_wconf 92' lang='lat' dir='ltr'><strong>voces</strong></span> <span class='ocrx_word' id='word_1_570' title='bbox 2307 3441 2437 3494; x_wconf 83' lang='lat' dir='ltr'><strong>istae</strong></span> <span class='ocrx_word' id='word_1_571' title='bbox 2486 3439 2828 3494; x_wconf 82' lang='lat' dir='ltr'><strong>ecstaticum</strong></span> <span class='ocrx_word' id='word_1_572' title='bbox 2860 3437 3572 3508; x_wconf 83' lang='lat' dir='ltr'><strong>quemdamextravagan-</strong></span> 
     </span>
    </p>
   </div>
   <div class='ocr_carea' id='block_1_82' title="bbox 1914 3523 3574 3602">
    <p class='ocr_par' dir='ltr' id='par_1_82' title="bbox 1914 3523 3574 3602">
     <span class='ocr_line' id='line_1_82' title="bbox 1914 3523 3574 3602; baseline -0.005 -17"><span class='ocrx_word' id='word_1_573' title='bbox 1914 3535 2052 3602; x_wconf 89' lang='lat' dir='ltr'><strong>tem,</strong></span> <span class='ocrx_word' id='word_1_574' title='bbox 2105 3546 2279 3602; x_wconf 89' lang='lat' dir='ltr'><strong>quem</strong></span> <span class='ocrx_word' id='word_1_575' title='bbox 2328 3531 2485 3584; x_wconf 89' lang='lat' dir='ltr'><strong>Deus</strong></span> <span class='ocrx_word' id='word_1_576' title='bbox 2535 3543 2890 3599; x_wconf 77' lang='lat' dir='ltr'><strong>anonymum</strong></span> <span class='ocrx_word' id='word_1_577' title='bbox 2937 3527 3136 3579; x_wconf 90' lang='lat' dir='ltr'><strong>voluit.</strong></span> <span class='ocrx_word' id='word_1_578' title='bbox 3209 3525 3352 3578; x_wconf 68' lang='lat' dir='ltr'><strong>liaac</strong></span> <span class='ocrx_word' id='word_1_579' title='bbox 3400 3523 3574 3594; x_wconf 89' lang='lat' dir='ltr'><strong>paulo</strong></span> 
     </span>
    </p>
   </div>
   <div class='ocr_carea' id='block_1_83' title="bbox 1914 3612 3574 3689">
    <p class='ocr_par' dir='ltr' id='par_1_83' title="bbox 1914 3612 3574 3689">
     <span class='ocr_line' id='line_1_83' title="bbox 1914 3612 3574 3689; baseline -0.005 -16"><span class='ocrx_word' id='word_1_580' title='bbox 1914 3636 2112 3674; x_wconf 88' lang='lat' dir='ltr'><strong>acrius</strong></span> <span class='ocrx_word' id='word_1_581' title='bbox 2129 3619 2422 3673; x_wconf 89' lang='lat' dir='ltr'><strong>adversus</strong></span> <span class='ocrx_word' id='word_1_582' title='bbox 2438 3618 2822 3689; x_wconf 83' lang='lat' dir='ltr'><strong>Wadingum,</strong></span> <span class='ocrx_word' id='word_1_583' title='bbox 2866 3616 2966 3687; x_wconf 90' lang='lat' dir='ltr'><strong>qui</strong></span> <span class='ocrx_word' id='word_1_584' title='bbox 2983 3616 3176 3668; x_wconf 90' lang='lat' dir='ltr'><strong>minus</strong></span> <span class='ocrx_word' id='word_1_585' title='bbox 3201 3612 3574 3668; x_wconf 88' lang='lat' dir='ltr'><strong>considerate</strong></span> 
     </span>
    </p>
   </div>
   <div class='ocr_carea' id='block_1_84' title="bbox 1916 3700 3578 3779">
    <p class='ocr_par' dir='ltr' id='par_1_84' title="bbox 1916 3700 3578 3779">
     <span class='ocr_line' id='line_1_84' title="bbox 1916 3700 3578 3779; baseline -0.006 -17"><span class='ocrx_word' id='word_1_586' title='bbox 1916 3709 2201 3778; x_wconf 90' lang='lat' dir='ltr'><strong>opuscula</strong></span> <span class='ocrx_word' id='word_1_587' title='bbox 2225 3707 2518 3779; x_wconf 84' lang='lat' dir='ltr'><strong>ejusmodi</strong></span> <span class='ocrx_word' id='word_1_588' title='bbox 2533 3705 2816 3760; x_wconf 89' lang='lat' dir='ltr'><strong>Anselmo</strong></span> <span class='ocrx_word' id='word_1_589' title='bbox 2837 3704 3094 3758; x_wconf 89' lang='lat' dir='ltr'><strong>Lucensi</strong></span> <span class='ocrx_word' id='word_1_590' title='bbox 3111 3703 3380 3773; x_wconf 80' lang='lat' dir='ltr'><strong>episcOpo</strong></span> <span class='ocrx_word' id='word_1_591' title='bbox 3400 3700 3578 3754; x_wconf 89' lang='lat' dir='ltr'><strong>ascri-</strong></span> 
     </span>
    </p>
   </div>
   <div class='ocr_carea' id='block_1_85' title="bbox 1915 3790 3576 3868">
    <p class='ocr_par' dir='ltr' id='par_1_85' title="bbox 1915 3790 3576 3868">
     <span class='ocr_line' id='line_1_85' title="bbox 1915 3790 3576 3868; baseline -0.005 -19"><span class='ocrx_word' id='word_1_592' title='bbox 1915 3797 2052 3868; x_wconf 86' lang='lat' dir='ltr'><strong>psit.</strong></span> <span class='ocrx_word' id='word_1_593' title='bbox 2074 3796 2552 3851; x_wconf 85' lang='lat' dir='ltr'><strong>Dctrahuntsaue</strong></span> <span class='ocrx_word' id='word_1_594' title='bbox 2574 3796 2770 3849; x_wconf 85' lang='lat' dir='ltr'><strong>multis</strong></span> <span class='ocrx_word' id='word_1_595' title='bbox 2795 3797 3131 3846; x_wconf 87' lang='lat' dir='ltr'><strong>sanctorum</strong></span> <span class='ocrx_word' id='word_1_596' title='bbox 3147 3791 3432 3844; x_wconf 86' lang='lat' dir='ltr'><strong>Ecclesiae</strong></span> <span class='ocrx_word' id='word_1_597' title='bbox 3461 3790 3576 3842; x_wconf 84' lang='lat' dir='ltr'><strong>Pa-</strong></span> 
     </span>
    </p>
   </div>
   <div class='ocr_carea' id='block_1_86' title="bbox 1915 3879 3570 3955">
    <p class='ocr_par' dir='ltr' id='par_1_86' title="bbox 1915 3879 3570 3955">
     <span class='ocr_line' id='line_1_86' title="bbox 1915 3879 3570 3955; baseline -0.005 -16"><span class='ocrx_word' id='word_1_598' title='bbox 1915 3890 2070 3939; x_wconf 90' lang='lat' dir='ltr'><strong>trum</strong></span> <span class='ocrx_word' id='word_1_599' title='bbox 2096 3886 2326 3954; x_wconf 88' lang='lat' dir='ltr'><strong>honori,</strong></span> <span class='ocrx_word' id='word_1_600' title='bbox 2371 3902 2520 3955; x_wconf 86' lang='lat' dir='ltr'><strong>quos</strong></span> <span class='ocrx_word' id='word_1_601' title='bbox 2568 3885 2763 3938; x_wconf 86' lang='lat' dir='ltr'><strong>nobile</strong></span> <span class='ocrx_word' id='word_1_602' title='bbox 2816 3884 3118 3954; x_wconf 82' lang='lat' dir='ltr'><strong>ingenium</strong></span> <span class='ocrx_word' id='word_1_603' title='bbox 3165 3897 3232 3934; x_wconf 88' lang='lat' dir='ltr'><strong>ac</strong></span> <span class='ocrx_word' id='word_1_604' title='bbox 3279 3879 3570 3951; x_wconf 77' lang='lat' dir='ltr'><strong>judicium</strong></span> 
     </span>
    </p>
   </div>
   <div class='ocr_carea' id='block_1_87' title="bbox 1917 3967 3578 4044">
    <p class='ocr_par' dir='ltr' id='par_1_87' title="bbox 1917 3967 3578 4044">
     <span class='ocr_line' id='line_1_87' title="bbox 1917 3967 3578 4044; baseline -0.004 -18"><span class='ocrx_word' id='word_1_605' title='bbox 1917 3990 2098 4044; x_wconf 83' lang='lat' dir='ltr'><strong>grave</strong></span> <span class='ocrx_word' id='word_1_606' title='bbox 2130 3975 2501 4028; x_wconf 88' lang='lat' dir='ltr'><strong>venerabiles</strong></span> <span class='ocrx_word' id='word_1_607' title='bbox 2529 3975 2701 4028; x_wconf 88' lang='lat' dir='ltr'><strong>nobis</strong></span> <span class='ocrx_word' id='word_1_608' title='bbox 2724 3973 2993 4040; x_wconf 86' lang='lat' dir='ltr'><strong>reddidit,</strong></span> <span class='ocrx_word' id='word_1_609' title='bbox 3012 3967 3578 4042; x_wconf 84' lang='lat' dir='ltr'><strong>quieisabsurdain-</strong></span> 
     </span>
    </p>
   </div>
   <div class='ocr_carea' id='block_1_88' title="bbox 1919 4055 3576 4132">
    <p class='ocr_par' dir='ltr' id='par_1_88' title="bbox 1919 4055 3576 4132">
     <span class='ocr_line' id='line_1_88' title="bbox 1919 4055 3576 4132; baseline -0.005 -17"><span class='ocrx_word' id='word_1_610' title='bbox 1919 4063 2224 4132; x_wconf 89' lang='lat' dir='ltr'><strong>sipidaque</strong></span> <span class='ocrx_word' id='word_1_611' title='bbox 2256 4077 2431 4132; x_wconf 90' lang='lat' dir='ltr'><strong>opera</strong></span> <span class='ocrx_word' id='word_1_612' title='bbox 2462 4077 2771 4132; x_wconf 89' lang='lat' dir='ltr'><strong>perperam</strong></span> <span class='ocrx_word' id='word_1_613' title='bbox 2803 4059 3396 4130; x_wconf 71' lang='lat' dir='ltr'><strong>zeloquejindiscreto</strong></span> <span class='ocrx_word' id='word_1_614' title='bbox 3421 4055 3576 4109; x_wconf 89' lang='lat' dir='ltr'><strong>assi-</strong></span> 
     </span>
    </p>
   </div>
   <div class='ocr_carea' id='block_1_89' title="bbox 1918 4143 3571 4227">
    <p class='ocr_par' dir='ltr' id='par_1_89' title="bbox 1918 4143 3571 4227">
     <span class='ocr_line' id='line_1_89' title="bbox 1918 4143 3571 4227; baseline -0.007 -20"><span class='ocrx_word' id='word_1_615' title='bbox 1918 4159 2118 4227; x_wconf 83' lang='lat' dir='ltr'><strong>gnant.</strong></span> <span class='ocrx_word' id='word_1_616' title='bbox 2161 4153 2394 4222; x_wconf 88' lang='lat' dir='ltr'><strong>Scripta</strong></span> <span class='ocrx_word' id='word_1_617' title='bbox 2427 4154 2690 4204; x_wconf 80' lang='lat' dir='ltr'><strong>veterum</strong></span> <span class='ocrx_word' id='word_1_618' title='bbox 2723 4165 2838 4203; x_wconf 90' lang='lat' dir='ltr'><strong>non</strong></span> <span class='ocrx_word' id='word_1_619' title='bbox 2871 4149 3040 4213; x_wconf 90' lang='lat' dir='ltr'><strong>mole,</strong></span> <span class='ocrx_word' id='word_1_620' title='bbox 3065 4147 3173 4201; x_wconf 92' lang='lat' dir='ltr'><strong>sed</strong></span> <span class='ocrx_word' id='word_1_621' title='bbox 3195 4147 3428 4213; x_wconf 88' lang='lat' dir='ltr'><strong>virtute,</strong></span> <span class='ocrx_word' id='word_1_622' title='bbox 3464 4143 3571 4197; x_wconf 88' lang='lat' dir='ltr'><strong>sed</strong></span> 
     </span>
    </p>
   </div>
   <div class='ocr_carea' id='block_1_90' title="bbox 1916 4233 3578 4311">
    <p class='ocr_par' dir='ltr' id='par_1_90' title="bbox 1916 4233 3578 4311">
     <span class='ocr_line' id='line_1_90' title="bbox 1916 4233 3578 4311; baseline -0.007 -14"><span class='ocrx_word' id='word_1_623' title='bbox 1916 4243 2164 4310; x_wconf 82' lang='lat' dir='ltr'><strong>ratione,</strong></span> <span class='ocrx_word' id='word_1_624' title='bbox 2185 4239 2534 4311; x_wconf 88' lang='lat' dir='ltr'><strong>scdjudicio</strong></span> <span class='ocrx_word' id='word_1_625' title='bbox 2565 4254 2694 4291; x_wconf 88' lang='lat' dir='ltr'><strong>cum</strong></span> <span class='ocrx_word' id='word_1_626' title='bbox 2723 4238 2955 4306; x_wconf 87' lang='lat' dir='ltr'><strong>pietate,</strong></span> <span class='ocrx_word' id='word_1_627' title='bbox 2989 4235 3094 4289; x_wconf 93' lang='lat' dir='ltr'><strong>sed</strong></span> <span class='ocrx_word' id='word_1_628' title='bbox 3128 4233 3414 4304; x_wconf 86' lang='lat' dir='ltr'><strong>gravitate</strong></span> <span class='ocrx_word' id='word_1_629' title='bbox 3436 4247 3578 4302; x_wconf 73' lang='lat' dir='ltr'><strong>pen-</strong></span> 
     </span>
    </p>
   </div>
   <div class='ocr_carea' id='block_1_91' title="bbox 1919 4326 3576 4396">
    <p class='ocr_par' dir='ltr' id='par_1_91' title="bbox 1919 4326 3576 4396">
     <span class='ocr_line' id='line_1_91' title="bbox 1919 4326 3576 4396; baseline -0.007 -11"><span class='ocrx_word' id='word_1_630' title='bbox 1919 4331 2104 4386; x_wconf 83' lang='lat' dir='ltr'><strong>sanda</strong></span> <span class='ocrx_word' id='word_1_631' title='bbox 2152 4333 2309 4396; x_wconf 90' lang='lat' dir='ltr'><strong>sunt,</strong></span> <span class='ocrx_word' id='word_1_632' title='bbox 2353 4328 2495 4382; x_wconf 70' lang='lat' dir='ltr'><strong>Ilaac</strong></span> <span class='ocrx_word' id='word_1_633' title='bbox 2536 4327 2815 4395; x_wconf 87' lang='lat' dir='ltr'><strong>ampliora</strong></span> <span class='ocrx_word' id='word_1_634' title='bbox 2839 4326 3011 4395; x_wconf 90' lang='lat' dir='ltr'><strong>paulo</strong></span> <span class='ocrx_word' id='word_1_635' title='bbox 3049 4337 3222 4394; x_wconf 89' lang='lat' dir='ltr'><strong>quam</strong></span> <span class='ocrx_word' id='word_1_636' title='bbox 3252 4336 3361 4390; x_wconf 90' lang='lat' dir='ltr'><strong>pro</strong></span> <span class='ocrx_word' id='word_1_637' title='bbox 3411 4336 3576 4374; x_wconf 91' lang='lat' dir='ltr'><strong>more</strong></span> 
     </span>
    </p>
   </div>
   <div class='ocr_carea' id='block_1_92' title="bbox 1917 4409 3578 4488">
    <p class='ocr_par' dir='ltr' id='par_1_92' title="bbox 1917 4409 3578 4488">
     <span class='ocr_line' id='line_1_92' title="bbox 1917 4409 3578 4488; baseline -0.007 -14"><span class='ocrx_word' id='word_1_638' title='bbox 1917 4425 2146 4488; x_wconf 90' lang='lat' dir='ltr'><strong>nostro,</strong></span> <span class='ocrx_word' id='word_1_639' title='bbox 2189 4418 2258 4472; x_wconf 90' lang='lat' dir='ltr'><strong>ad</strong></span> <span class='ocrx_word' id='word_1_640' title='bbox 2291 4418 2575 4472; x_wconf 89' lang='lat' dir='ltr'><strong>honorem</strong></span> <span class='ocrx_word' id='word_1_641' title='bbox 2608 4413 2871 4468; x_wconf 79' lang='lat' dir='ltr'><strong>Anselmi</strong></span> <span class='ocrx_word' id='word_1_642' title='bbox 2895 4411 3190 4466; x_wconf 87' lang='lat' dir='ltr'><strong>Mantuani</strong></span> <span class='ocrx_word' id='word_1_643' title='bbox 3221 4412 3426 4479; x_wconf 89' lang='lat' dir='ltr'><strong>postea</strong></span> <span class='ocrx_word' id='word_1_644' title='bbox 3459 4409 3578 4462; x_wconf 85' lang='lat' dir='ltr'><strong>Lu-</strong></span> 
     </span>
    </p>
   </div>
   <div class='ocr_carea' id='block_1_93' title="bbox 1919 4497 3578 4578">
    <p class='ocr_par' dir='ltr' id='par_1_93' title="bbox 1919 4497 3578 4578">
     <span class='ocr_line' id='line_1_93' title="bbox 1919 4497 3578 4578; baseline -0.008 -15"><span class='ocrx_word' id='word_1_645' title='bbox 1919 4509 2120 4564; x_wconf 87' lang='lat' dir='ltr'><strong>censis</strong></span> <span class='ocrx_word' id='word_1_646' title='bbox 2135 4506 2418 4578; x_wconf 87' lang='lat' dir='ltr'><strong>episcopi,</strong></span> <span class='ocrx_word' id='word_1_647' title='bbox 2454 4509 2510 4559; x_wconf 91' lang='lat' dir='ltr'><strong>et</strong></span> <span class='ocrx_word' id='word_1_648' title='bbox 2528 4505 2958 4558; x_wconf 70' lang='lat' dir='ltr'><strong>Bonaventuraa</strong></span> <span class='ocrx_word' id='word_1_649' title='bbox 2987 4501 3136 4555; x_wconf 83' lang='lat' dir='ltr'><strong>S.R.</strong></span> <span class='ocrx_word' id='word_1_650' title='bbox 3169 4498 3235 4553; x_wconf 89' lang='lat' dir='ltr'><strong>E.</strong></span> <span class='ocrx_word' id='word_1_651' title='bbox 3262 4497 3578 4551; x_wconf 89' lang='lat' dir='ltr'><strong>cardinalis</strong></span> 
     </span>
    </p>
   </div>
   <div class='ocr_carea' id='block_1_94' title="bbox 156 4581 3579 4672">
    <p class='ocr_par' dir='ltr' id='par_1_94' title="bbox 156 4581 3579 4672">
     <span class='ocr_line' id='line_1_94' title="bbox 156 4581 3579 4672; baseline 0.001 -37"><span class='ocrx_word' id='word_1_652' title='bbox 156 4584 290 4655; x_wconf 83' lang='lat' dir='ltr'><strong>Ave,</strong></span> <span class='ocrx_word' id='word_1_653' title='bbox 316 4593 469 4660; x_wconf 90' lang='lat' dir='ltr'><strong>quod</strong></span> <span class='ocrx_word' id='word_1_654' title='bbox 503 4608 608 4648; x_wconf 87' lang='lat' dir='ltr'><strong>cor</strong></span> <span class='ocrx_word' id='word_1_655' title='bbox 627 4581 1133 4669; x_wconf 85' lang='lat' dir='ltr'><strong>constringiscum</strong></span> <span class='ocrx_word' id='word_1_656' title='bbox 1153 4600 1413 4672; x_wconf 82' lang='lat' dir='ltr'><strong>Virgine,</strong></span> <span class='ocrx_word' id='word_1_657' title='bbox 1435 4606 1752 4672; x_wconf 85' lang='lat' dir='ltr'><strong>etseparas</strong></span> <span class='ocrx_word' id='word_1_658' title='bbox 1774 4618 1805 4657; x_wconf 90' lang='lat' dir='ltr'><strong><em>a</em></strong></span> <span class='ocrx_word' id='word_1_659' title='bbox 1833 4581 1882 4642; x_wconf 72' lang='grc' dir='ltr'><strong>Β</strong></span> <span class='ocrx_word' id='word_1_660' title='bbox 1919 4596 2268 4665; x_wconf 89' lang='lat' dir='ltr'><strong>etdoctoris,</strong></span> <span class='ocrx_word' id='word_1_661' title='bbox 2286 4594 2737 4662; x_wconf 86' lang='lat' dir='ltr'><strong>defendendum,</strong></span> <span class='ocrx_word' id='word_1_662' title='bbox 2755 4592 2996 4663; x_wconf 86' lang='lat' dir='ltr'><strong>quemin</strong></span> <span class='ocrx_word' id='word_1_663' title='bbox 3012 4586 3579 4644; x_wconf 88' lang='lat' dir='ltr'><strong>substitutioneinsi-</strong></span> 
     </span>
    </p>
   </div>
   <div class='ocr_carea' id='block_1_95' title="bbox 161 4677 1803 4760">
    <p class='ocr_par' dir='ltr' id='par_1_95' title="bbox 161 4677 1803 4760">
     <span class='ocr_line' id='line_1_95' title="bbox 161 4677 1803 4760; baseline 0.013 -36"><span class='ocrx_word' id='word_1_664' title='bbox 161 4677 435 4735; x_wconf 83' lang='lat' dir='ltr'><strong>terrenis:</strong></span> <span class='ocrx_word' id='word_1_665' title='bbox 469 4698 600 4736; x_wconf 90' lang='lat' dir='ltr'><strong>cum</strong></span> <span class='ocrx_word' id='word_1_666' title='bbox 624 4685 1518 4760; x_wconf 77' lang='lat' dir='ltr'><strong>miscricordissimalmiserum,</strong></span> <span class='ocrx_word' id='word_1_667' title='bbox 1544 4709 1670 4745; x_wconf 87' lang='lat' dir='ltr'><strong>cum</strong></span> <span class='ocrx_word' id='word_1_668' title='bbox 1694 4691 1803 4746; x_wconf 92' lang='lat' dir='ltr'><strong>Do-</strong></span> 
     </span>
    </p>
   </div>
   <div class='ocr_carea' id='block_1_96' title="bbox 159 4762 1801 4850">
    <p class='ocr_par' dir='ltr' id='par_1_96' title="bbox 159 4762 1801 4850">
     <span class='ocr_line' id='line_1_96' title="bbox 159 4762 1801 4850; baseline 0.013 -36"><span class='ocrx_word' id='word_1_669' title='bbox 159 4762 295 4817; x_wconf 89' lang='lat' dir='ltr'><strong>mina</strong></span> <span class='ocrx_word' id='word_1_670' title='bbox 317 4783 729 4839; x_wconf 85' lang='lat' dir='ltr'><strong>servum,cum</strong></span> <span class='ocrx_word' id='word_1_671' title='bbox 753 4783 941 4830; x_wconf 87' lang='lat' dir='ltr'><strong>matre</strong></span> <span class='ocrx_word' id='word_1_672' title='bbox 964 4777 1146 4830; x_wconf 86' lang='lat' dir='ltr'><strong>lilium</strong></span> <span class='ocrx_word' id='word_1_673' title='bbox 1179 4777 1521 4833; x_wconf 80' lang='lat' dir='ltr'><strong>ﬁrmissime</strong></span> <span class='ocrx_word' id='word_1_674' title='bbox 1552 4780 1724 4850; x_wconf 88' lang='lat' dir='ltr'><strong>ligas.</strong></span> <span class='ocrx_word' id='word_1_675' title='bbox 1755 4779 1801 4834; x_wconf 93' lang='lat'><em>0</em></span> 
     </span>
    </p>
   </div>
   <div class='ocr_carea' id='block_1_97' title="bbox 165 4855 1803 4939">
    <p class='ocr_par' dir='ltr' id='par_1_97' title="bbox 165 4855 1803 4939">
     <span class='ocr_line' id='line_1_97' title="bbox 165 4855 1803 4939; baseline 0.011 -36"><span class='ocrx_word' id='word_1_676' title='bbox 165 4855 397 4911; x_wconf 85' lang='lat' dir='ltr'><strong>amabile</strong></span> <span class='ocrx_word' id='word_1_677' title='bbox 426 4860 479 4914; x_wconf 87' lang='lat' dir='ltr'><strong><em>A</em></strong></span> <span class='ocrx_word' id='word_1_678' title='bbox 497 4861 600 4914; x_wconf 88' lang='lat' dir='ltr'><strong>ve!</strong></span> <span class='ocrx_word' id='word_1_679' title='bbox 619 4863 882 4918; x_wconf 82' lang='lat' dir='ltr'><strong>Accedat</strong></span> <span class='ocrx_word' id='word_1_680' title='bbox 907 4873 964 4920; x_wconf 90' lang='lat' dir='ltr'><strong>ut</strong></span> <span class='ocrx_word' id='word_1_681' title='bbox 997 4867 1233 4935; x_wconf 88' lang='lat' dir='ltr'><strong>salutet,</strong></span> <span class='ocrx_word' id='word_1_682' title='bbox 1258 4867 1357 4939; x_wconf 88' lang='lat' dir='ltr'><strong>qui</strong></span> <span class='ocrx_word' id='word_1_683' title='bbox 1393 4868 1510 4921; x_wconf 87' lang='lat' dir='ltr'><strong>vult</strong></span> <span class='ocrx_word' id='word_1_684' title='bbox 1533 4869 1803 4922; x_wconf 89' lang='lat' dir='ltr'><strong>catenari</strong></span> 
     </span>
    </p>
   </div>
   <div class='ocr_carea' id='block_1_98' title="bbox 162 4951 1802 5028">
    <p class='ocr_par' dir='ltr' id='par_1_98' title="bbox 162 4951 1802 5028">
     <span class='ocr_line' id='line_1_98' title="bbox 162 4951 1802 5028; baseline 0.011 -34"><span class='ocrx_word' id='word_1_685' title='bbox 162 4951 361 5008; x_wconf 78' lang='lat' dir='ltr'><strong>amore;</strong></span> <span class='ocrx_word' id='word_1_686' title='bbox 383 4953 442 5002; x_wconf 90' lang='lat' dir='ltr'><strong>et</strong></span> <span class='ocrx_word' id='word_1_687' title='bbox 467 4966 596 5002; x_wconf 90' lang='lat' dir='ltr'><strong>cum</strong></span> <span class='ocrx_word' id='word_1_688' title='bbox 621 4951 807 5006; x_wconf 84' lang='lat' dir='ltr'><strong>saluta</strong></span> <span class='ocrx_word' id='word_1_689' title='bbox 823 4955 973 5007; x_wconf 86' lang='lat' dir='ltr'><strong>verit</strong></span> <span class='ocrx_word' id='word_1_690' title='bbox 989 4972 1065 5009; x_wconf 75' lang='lat' dir='ltr'><strong>ex</strong></span> <span class='ocrx_word' id='word_1_691' title='bbox 1077 4956 1276 5026; x_wconf 85' lang='lat' dir='ltr'><strong>corde,</strong></span> <span class='ocrx_word' id='word_1_692' title='bbox 1299 4957 1547 5028; x_wconf 89' lang='lat' dir='ltr'><strong>amplius</strong></span> <span class='ocrx_word' id='word_1_693' title='bbox 1560 4957 1802 5011; x_wconf 82' lang='lat' dir='ltr'><strong>fortius-</strong></span> 
     </span>
    </p>
   </div>
   <div class='ocr_carea' id='block_1_99' title="bbox 165 5040 1805 5116">
    <p class='ocr_par' dir='ltr' id='par_1_99' title="bbox 165 5040 1805 5116">
     <span class='ocr_line' id='line_1_99' title="bbox 165 5040 1805 5116; baseline 0.01 -35"><span class='ocrx_word' id='word_1_694' title='bbox 165 5042 256 5116; x_wconf 79' lang='lat' dir='ltr'><strong>que</strong></span> <span class='ocrx_word' id='word_1_695' title='bbox 283 5040 760 5109; x_wconf 86' lang='lat' dir='ltr'><strong>constringatur:</strong></span> <span class='ocrx_word' id='word_1_696' title='bbox 788 5048 845 5095; x_wconf 88' lang='lat' dir='ltr'><strong>et</strong></span> <span class='ocrx_word' id='word_1_697' title='bbox 868 5045 1549 5116; x_wconf 49' lang='lat' dir='ltr'><strong>qnantchonstringctur</strong></span> <span class='ocrx_word' id='word_1_698' title='bbox 1569 5044 1805 5114; x_wconf 83' lang='lat' dir='ltr'><strong>fortius,</strong></span> 
     </span>
    </p>
   </div>
   <div class='ocr_carea' id='block_1_100' title="bbox 165 5115 1810 5204">
    <p class='ocr_par' dir='ltr' id='par_1_100' title="bbox 165 5115 1810 5204">
     <span class='ocr_line' id='line_1_100' title="bbox 165 5115 1810 5204; baseline 0.01 -32"><span class='ocrx_word' id='word_1_699' title='bbox 165 5115 434 5180; x_wconf 79' lang='lat' dir='ltr'><strong>libentius</strong></span> <span class='ocrx_word' id='word_1_700' title='bbox 460 5127 765 5184; x_wconf 88' lang='lat' dir='ltr'><strong>salutabit.</strong></span> <span class='ocrx_word' id='word_1_701' title='bbox 799 5132 941 5195; x_wconf 89' lang='lat' dir='ltr'><strong>Quis</strong></span> <span class='ocrx_word' id='word_1_702' title='bbox 977 5149 1232 5204; x_wconf 87' lang='lat' dir='ltr'><strong>unquam</strong></span> <span class='ocrx_word' id='word_1_703' title='bbox 1262 5135 1321 5188; x_wconf 89' lang='lat' dir='ltr'><strong>in</strong></span> <span class='ocrx_word' id='word_1_704' title='bbox 1347 5115 1656 5189; x_wconf 85' lang='lat' dir='ltr'><strong>duodecim</strong></span> <span class='ocrx_word' id='word_1_705' title='bbox 1687 5134 1810 5204; x_wconf 88' lang='lat' dir='ltr'><strong>pri-</strong></span> 
     </span>
    </p>
   </div>
   <div class='ocr_carea' id='block_1_101' title="bbox 167 5218 1808 5292">
    <p class='ocr_par' dir='ltr' id='par_1_101' title="bbox 167 5218 1808 5292">
     <span class='ocr_line' id='line_1_101' title="bbox 167 5218 1808 5292; baseline 0.007 -27"><span class='ocrx_word' id='word_1_706' title='bbox 167 5220 375 5266; x_wconf 82' lang='lat' dir='ltr'><strong>morum</strong></span> <span class='ocrx_word' id='word_1_707' title='bbox 411 5218 770 5273; x_wconf 68' lang='lat' dir='ltr'><strong>saeculorum</strong></span> <span class='ocrx_word' id='word_1_708' title='bbox 801 5222 1076 5276; x_wconf 79' lang='lat' dir='ltr'><strong>Patribus</strong></span> <span class='ocrx_word' id='word_1_709' title='bbox 1126 5223 1348 5277; x_wconf 88' lang='lat' dir='ltr'><strong>audivit</strong></span> <span class='ocrx_word' id='word_1_710' title='bbox 1393 5227 1508 5277; x_wconf 90' lang='lat' dir='ltr'><strong>tam</strong></span> <span class='ocrx_word' id='word_1_711' title='bbox 1555 5224 1808 5292; x_wconf 86' lang='lat' dir='ltr'><strong>ineptam</strong></span> 
     </span>
    </p>
   </div>
   <div class='ocr_carea' id='block_1_102' title="bbox 168 5302 1806 5382">
    <p class='ocr_par' dir='ltr' id='par_1_102' title="bbox 168 5302 1806 5382">
     <span class='ocr_line' id='line_1_102' title="bbox 168 5302 1806 5382; baseline 0.009 -33"><span class='ocrx_word' id='word_1_712' title='bbox 168 5302 653 5377; x_wconf 84' lang='lat' dir='ltr'><strong>exclamationem,</strong></span> <span class='ocrx_word' id='word_1_713' title='bbox 679 5309 1067 5364; x_wconf 85' lang='lat' dir='ltr'><strong>OcatcnaIeA</strong></span> <span class='ocrx_word' id='word_1_714' title='bbox 1083 5313 1184 5366; x_wconf 86' lang='lat' dir='ltr'><strong>ve!</strong></span> <span class='ocrx_word' id='word_1_715' title='bbox 1203 5313 1466 5366; x_wconf 83' lang='lat' dir='ltr'><strong>Accedat</strong></span> <span class='ocrx_word' id='word_1_716' title='bbox 1485 5317 1544 5365; x_wconf 93' lang='lat' dir='ltr'><strong>ut</strong></span> <span class='ocrx_word' id='word_1_717' title='bbox 1566 5311 1806 5382; x_wconf 83' lang='lat' dir='ltr'><strong>salutet,</strong></span> 
     </span>
    </p>
   </div>
   <div class='ocr_carea' id='block_1_103' title="bbox 171 5391 1812 5472">
    <p class='ocr_par' dir='ltr' id='par_1_103' title="bbox 171 5391 1812 5472">
     <span class='ocr_line' id='line_1_103' title="bbox 171 5391 1812 5472; baseline 0.009 -33"><span class='ocrx_word' id='word_1_718' title='bbox 171 5391 255 5456; x_wconf 87' lang='lat' dir='ltr'><strong>qui</strong></span> <span class='ocrx_word' id='word_1_719' title='bbox 277 5394 390 5448; x_wconf 87' lang='lat' dir='ltr'><strong>vult</strong></span> <span class='ocrx_word' id='word_1_720' title='bbox 415 5400 684 5450; x_wconf 88' lang='lat' dir='ltr'><strong>catenari</strong></span> <span class='ocrx_word' id='word_1_721' title='bbox 701 5399 933 5453; x_wconf 83' lang='lat' dir='ltr'><strong>amore?</strong></span> <span class='ocrx_word' id='word_1_722' title='bbox 961 5399 1143 5464; x_wconf 89' lang='lat' dir='ltr'><strong>Quale</strong></span> <span class='ocrx_word' id='word_1_723' title='bbox 1157 5400 1474 5472; x_wconf 87' lang='lat' dir='ltr'><strong>adjectum,</strong></span> <span class='ocrx_word' id='word_1_724' title='bbox 1502 5401 1812 5454; x_wconf 88' lang='lat' dir='ltr'><strong>catcnale!</strong></span> 
     </span>
    </p>
   </div>
   <div class='ocr_carea' id='block_1_104' title="bbox 171 5478 1806 5554">
    <p class='ocr_par' dir='ltr' id='par_1_104' title="bbox 171 5478 1806 5554">
     <span class='ocr_line' id='line_1_104' title="bbox 171 5478 1806 5554; baseline 0.009 -25"><span class='ocrx_word' id='word_1_725' title='bbox 171 5478 322 5544; x_wconf 86' lang='lat' dir='ltr'><strong>quale</strong></span> <span class='ocrx_word' id='word_1_726' title='bbox 364 5485 630 5554; x_wconf 84' lang='lat' dir='ltr'><strong>verbum,</strong></span> <span class='ocrx_word' id='word_1_727' title='bbox 657 5489 928 5540; x_wconf 78' lang='lat' dir='ltr'><strong>catenari</strong></span> <span class='ocrx_word' id='word_1_728' title='bbox 975 5490 1212 5543; x_wconf 86' lang='lat' dir='ltr'><strong>amore!</strong></span> <span class='ocrx_word' id='word_1_729' title='bbox 1242 5489 1438 5544; x_wconf 82' lang='lat' dir='ltr'><strong>Fallor</strong></span> <span class='ocrx_word' id='word_1_730' title='bbox 1473 5491 1589 5543; x_wconf 90' lang='lat' dir='ltr'><strong>nisi</strong></span> <span class='ocrx_word' id='word_1_731' title='bbox 1624 5505 1806 5544; x_wconf 90' lang='lat' dir='ltr'><strong>voces</strong></span> 
     </span>
    </p>
   </div>
   <div class='ocr_carea' id='block_1_105' title="bbox 171 5563 1802 5649">
    <p class='ocr_par' dir='ltr' id='par_1_105' title="bbox 171 5563 1802 5649">
     <span class='ocr_line' id='line_1_105' title="bbox 171 5563 1802 5649; baseline 0.009 -32"><span class='ocrx_word' id='word_1_732' title='bbox 171 5563 284 5621; x_wconf 71' lang='lat' dir='ltr'><strong>istae</strong></span> <span class='ocrx_word' id='word_1_733' title='bbox 305 5574 866 5646; x_wconf 84' lang='lat' dir='ltr'><strong>appellanttempora</strong></span> <span class='ocrx_word' id='word_1_734' title='bbox 881 5577 973 5632; x_wconf 90' lang='lat' dir='ltr'><strong>vel</strong></span> <span class='ocrx_word' id='word_1_735' title='bbox 993 5577 1474 5649; x_wconf 80' lang='lat' dir='ltr'><strong>Husbrochii,vel</strong></span> <span class='ocrx_word' id='word_1_736' title='bbox 1492 5578 1802 5648; x_wconf 68' lang='lat' dir='ltr'><strong>Gel-sonis,</strong></span> 
     </span>
    </p>
   </div>
   <div class='ocr_carea' id='block_1_106' title="bbox 170 5656 1804 5736">
    <p class='ocr_par' dir='ltr' id='par_1_106' title="bbox 170 5656 1804 5736">
     <span class='ocr_line' id='line_1_106' title="bbox 170 5656 1804 5736; baseline 0.007 -28"><span class='ocrx_word' id='word_1_737' title='bbox 170 5656 368 5719; x_wconf 80' lang='lat' dir='ltr'><strong>quibus</strong></span> <span class='ocrx_word' id='word_1_738' title='bbox 393 5676 462 5715; x_wconf 93' lang='lat' dir='ltr'><strong>eo</strong></span> <span class='ocrx_word' id='word_1_739' title='bbox 490 5662 756 5718; x_wconf 87' lang='lat' dir='ltr'><strong>devotior</strong></span> <span class='ocrx_word' id='word_1_740' title='bbox 775 5668 951 5736; x_wconf 89' lang='lat' dir='ltr'><strong>atque</strong></span> <span class='ocrx_word' id='word_1_741' title='bbox 991 5668 1163 5722; x_wconf 90' lang='lat' dir='ltr'><strong>etiam</strong></span> <span class='ocrx_word' id='word_1_742' title='bbox 1184 5667 1412 5724; x_wconf 90' lang='lat' dir='ltr'><strong>doctior</strong></span> <span class='ocrx_word' id='word_1_743' title='bbox 1432 5667 1804 5724; x_wconf 83' lang='lat' dir='ltr'><strong>existimatus</strong></span> 
     </span>
    </p>
   </div>
   <div class='ocr_carea' id='block_1_107' title="bbox 1916 4673 3580 4757">
    <p class='ocr_par' dir='ltr' id='par_1_107' title="bbox 1916 4673 3580 4757">
     <span class='ocr_line' id='line_1_107' title="bbox 1916 4673 3580 4757; baseline -0.008 -18"><span class='ocrx_word' id='word_1_744' title='bbox 1916 4688 2199 4757; x_wconf 89' lang='lat' dir='ltr'><strong>pientium</strong></span> <span class='ocrx_word' id='word_1_745' title='bbox 2257 4684 2678 4755; x_wconf 90' lang='lat' dir='ltr'><strong>opusculorum</strong></span> <span class='ocrx_word' id='word_1_746' title='bbox 2709 4682 2904 4751; x_wconf 90' lang='lat' dir='ltr'><strong>impeti</strong></span> <span class='ocrx_word' id='word_1_747' title='bbox 2934 4681 3207 4750; x_wconf 89' lang='lat' dir='ltr'><strong>opinatus</strong></span> <span class='ocrx_word' id='word_1_748' title='bbox 3239 4692 3391 4730; x_wconf 90' lang='lat' dir='ltr'><strong>sum.</strong></span> <span class='ocrx_word' id='word_1_749' title='bbox 3425 4673 3580 4728; x_wconf 89' lang='lat' dir='ltr'><strong>Obiit</strong></span> 
     </span>
    </p>
   </div>
   <div class='ocr_carea' id='block_1_108' title="bbox 1917 4762 3573 4840">
    <p class='ocr_par' dir='ltr' id='par_1_108' title="bbox 1917 4762 3573 4840">
     <span class='ocr_line' id='line_1_108' title="bbox 1917 4762 3573 4840; baseline -0.008 -11"><span class='ocrx_word' id='word_1_750' title='bbox 1917 4780 2107 4829; x_wconf 91' lang='lat' dir='ltr'><strong>autem</strong></span> <span class='ocrx_word' id='word_1_751' title='bbox 2141 4773 2459 4827; x_wconf 88' lang='lat' dir='ltr'><strong>Anselmus</strong></span> <span class='ocrx_word' id='word_1_752' title='bbox 2477 4771 2770 4825; x_wconf 90' lang='lat' dir='ltr'><strong>Lucensis</strong></span> <span class='ocrx_word' id='word_1_753' title='bbox 2788 4783 3104 4840; x_wconf 88' lang='lat' dir='ltr'><strong>episcopus</strong></span> <span class='ocrx_word' id='word_1_754' title='bbox 3119 4779 3273 4820; x_wconf 86' lang='lat' dir='ltr'><strong>anno</strong></span> <span class='ocrx_word' id='word_1_755' title='bbox 3295 4762 3452 4832; x_wconf 91' lang='lat'><strong>1086,</strong></span> <span class='ocrx_word' id='word_1_756' title='bbox 3478 4762 3573 4815; x_wconf 89' lang='lat' dir='ltr'><strong>die</strong></span> 
     </span>
    </p>
   </div>
   <div class='ocr_carea' id='block_1_109' title="bbox 1919 4851 3575 4933">
    <p class='ocr_par' dir='ltr' id='par_1_109' title="bbox 1919 4851 3575 4933">
     <span class='ocr_line' id='line_1_109' title="bbox 1919 4851 3575 4933; baseline -0.008 -15"><span class='ocrx_word' id='word_1_757' title='bbox 1919 4866 1984 4918; x_wconf 82' lang='lat'><strong>18</strong></span> <span class='ocrx_word' id='word_1_758' title='bbox 2017 4863 2206 4918; x_wconf 86' lang='lat' dir='ltr'><strong>Martii</strong></span> <span class='ocrx_word' id='word_1_759' title='bbox 2260 4862 2441 4933; x_wconf 34' lang='lat' dir='ltr'><strong>qui‘et</strong></span> <span class='ocrx_word' id='word_1_760' title='bbox 2471 4861 2720 4914; x_wconf 86' lang='lat' dir='ltr'><strong>Mantuae</strong></span> <span class='ocrx_word' id='word_1_761' title='bbox 2754 4861 2811 4912; x_wconf 89' lang='lat' dir='ltr'><strong>in</strong></span> <span class='ocrx_word' id='word_1_762' title='bbox 2840 4858 3024 4927; x_wconf 89' lang='lat' dir='ltr'><strong>patria</strong></span> <span class='ocrx_word' id='word_1_763' title='bbox 3047 4855 3314 4924; x_wconf 89' lang='lat' dir='ltr'><strong>sepultus</strong></span> <span class='ocrx_word' id='word_1_764' title='bbox 3347 4854 3456 4905; x_wconf 89' lang='lat' dir='ltr'><strong>est.</strong></span> <span class='ocrx_word' id='word_1_765' title='bbox 3494 4851 3575 4905; x_wconf 89' lang='lat' dir='ltr'><strong>De</strong></span> 
     </span>
    </p>
   </div>
   <div class='ocr_carea' id='block_1_110' title="bbox 1916 4941 3577 5013">
    <p class='ocr_par' dir='ltr' id='par_1_110' title="bbox 1916 4941 3577 5013">
     <span class='ocr_line' id='line_1_110' title="bbox 1916 4941 3577 5013; baseline -0.009 -6"><span class='ocrx_word' id='word_1_766' title='bbox 1916 4955 2015 5008; x_wconf 90' lang='lat' dir='ltr'><strong>illo</strong></span> <span class='ocrx_word' id='word_1_767' title='bbox 2037 4953 2426 5008; x_wconf 89' lang='lat' dir='ltr'><strong>Bellarminus</strong></span> <span class='ocrx_word' id='word_1_768' title='bbox 2446 4957 2499 5004; x_wconf 86' lang='lat' dir='ltr'><strong>et</strong></span> <span class='ocrx_word' id='word_1_769' title='bbox 2518 4949 2792 5004; x_wconf 88' lang='lat' dir='ltr'><strong>Labbeus</strong></span> <span class='ocrx_word' id='word_1_770' title='bbox 2815 4946 2962 5000; x_wconf 89' lang='lat' dir='ltr'><strong>locis</strong></span> <span class='ocrx_word' id='word_1_771' title='bbox 2986 4958 3168 5013; x_wconf 90' lang='lat' dir='ltr'><strong>supra</strong></span> <span class='ocrx_word' id='word_1_772' title='bbox 3189 4941 3382 4996; x_wconf 88' lang='lat' dir='ltr'><strong>citatis</strong></span> <span class='ocrx_word' id='word_1_773' title='bbox 3405 4959 3418 5004; x_wconf 90' lang='lat'>;</span> <span class='ocrx_word' id='word_1_774' title='bbox 3453 4943 3577 4993; x_wconf 84' lang='lat' dir='ltr'><strong>An-</strong></span> 
     </span>
    </p>
   </div>
   <div class='ocr_carea' id='block_1_111' title="bbox 1915 5029 3574 5105">
    <p class='ocr_par' dir='ltr' id='par_1_111' title="bbox 1915 5029 3574 5105">
     <span class='ocr_line' id='line_1_111' title="bbox 1915 5029 3574 5105; baseline -0.009 -8"><span class='ocrx_word' id='word_1_775' title='bbox 1915 5037 2114 5098; x_wconf 81' lang='lat' dir='ltr'><strong>tonius</strong></span> <span class='ocrx_word' id='word_1_776' title='bbox 2145 5041 2512 5096; x_wconf 80' lang='lat' dir='ltr'><strong>Posseviuus</strong></span> <span class='ocrx_word' id='word_1_777' title='bbox 2566 5043 2721 5092; x_wconf 87' lang='lat' dir='ltr'><strong>torno</strong></span> <span class='ocrx_word' id='word_1_778' title='bbox 2760 5037 2781 5088; x_wconf 93' lang='grc' dir='ltr'><strong>Ι</strong></span> <span class='ocrx_word' id='word_1_779' title='bbox 2813 5036 3152 5105; x_wconf 85' lang='lat' dir='ltr'><strong>Apparatus</strong></span> <span class='ocrx_word' id='word_1_780' title='bbox 3195 5029 3386 5097; x_wconf 86' lang='lat' dir='ltr'><strong>sacri,</strong></span> <span class='ocrx_word' id='word_1_781' title='bbox 3439 5043 3574 5100; x_wconf 85' lang='lat' dir='ltr'><strong>pag.</strong></span> 
     </span>
    </p>
   </div>
   <div class='ocr_carea' id='block_1_112' title="bbox 1917 5117 3570 5186">
    <p class='ocr_par' dir='ltr' id='par_1_112' title="bbox 1917 5117 3570 5186">
     <span class='ocr_line' id='line_1_112' title="bbox 1917 5117 3570 5186; baseline -0.01 0"><span class='ocrx_word' id='word_1_782' title='bbox 1917 5131 2005 5186; x_wconf 89' lang='lat'><strong>86.</strong></span> <span class='ocrx_word' id='word_1_783' title='bbox 2040 5131 2265 5184; x_wconf 83' lang='lat' dir='ltr'><strong>Natalis</strong></span> <span class='ocrx_word' id='word_1_784' title='bbox 2296 5129 2633 5183; x_wconf 86' lang='lat' dir='ltr'><strong>Alexander</strong></span> <span class='ocrx_word' id='word_1_785' title='bbox 2664 5127 2722 5178; x_wconf 91' lang='lat' dir='ltr'><strong>in</strong></span> <span class='ocrx_word' id='word_1_786' title='bbox 2766 5123 3026 5178; x_wconf 89' lang='lat' dir='ltr'><strong>Selectis</strong></span> <span class='ocrx_word' id='word_1_787' title='bbox 3055 5119 3328 5175; x_wconf 71' lang='lat' dir='ltr'><strong>historiae</strong></span> <span class='ocrx_word' id='word_1_788' title='bbox 3382 5117 3570 5173; x_wconf 86' lang='lat' dir='ltr'><strong>eccle-</strong></span> 
     </span>
    </p>
   </div>
   <div class='ocr_carea' id='block_1_113' title="bbox 1919 5206 3572 5289">
    <p class='ocr_par' dir='ltr' id='par_1_113' title="bbox 1919 5206 3572 5289">
     <span class='ocr_line' id='line_1_113' title="bbox 1919 5206 3572 5289; baseline -0.01 -14"><span class='ocrx_word' id='word_1_789' title='bbox 1919 5222 2180 5275; x_wconf 70' lang='lat' dir='ltr'><strong>siasticae</strong></span> <span class='ocrx_word' id='word_1_790' title='bbox 2214 5218 2539 5289; x_wconf 89' lang='lat' dir='ltr'><strong>Capitibus,</strong></span> <span class='ocrx_word' id='word_1_791' title='bbox 2600 5213 2820 5268; x_wconf 68' lang='lat' dir='ltr'><strong>saeculo</strong></span> <span class='ocrx_word' id='word_1_792' title='bbox 2867 5228 2941 5279; x_wconf 72' lang='grc' dir='ltr'><strong>χι,</strong></span> <span class='ocrx_word' id='word_1_793' title='bbox 2970 5212 2977 5278; x_wconf 76' lang='lat' dir='ltr'><strong>i</strong></span> <span class='ocrx_word' id='word_1_794' title='bbox 3008 5214 3165 5264; x_wconf 90' lang='lat' dir='ltr'><strong>tomo</strong></span> <span class='ocrx_word' id='word_1_795' title='bbox 3196 5209 3322 5276; x_wconf 86' lang='lat' dir='ltr'><strong>XV,</strong></span> <span class='ocrx_word' id='word_1_796' title='bbox 3356 5223 3484 5276; x_wconf 88' lang='lat' dir='ltr'><strong>cap.</strong></span> <span class='ocrx_word' id='word_1_797' title='bbox 3517 5206 3572 5273; x_wconf 82' lang='lat'><strong>3,</strong></span> 
     </span>
    </p>
   </div>
   <div class='ocr_carea' id='block_1_114' title="bbox 1915 5297 3578 5376">
    <p class='ocr_par' dir='ltr' id='par_1_114' title="bbox 1915 5297 3578 5376">
     <span class='ocr_line' id='line_1_114' title="bbox 1915 5297 3578 5376; baseline -0.01 -12"><span class='ocrx_word' id='word_1_798' title='bbox 1915 5310 2016 5364; x_wconf 93' lang='lat' dir='ltr'><strong>ubi</strong></span> <span class='ocrx_word' id='word_1_799' title='bbox 2057 5310 2128 5363; x_wconf 88' lang='lat' dir='ltr'><strong>de</strong></span> <span class='ocrx_word' id='word_1_800' title='bbox 2197 5306 2584 5376; x_wconf 80' lang='lat' dir='ltr'><strong>scriptaribus</strong></span> <span class='ocrx_word' id='word_1_801' title='bbox 2633 5300 3080 5364; x_wconf 89' lang='lat' dir='ltr'><strong>ecclesiasticis;</strong></span> <span class='ocrx_word' id='word_1_802' title='bbox 3112 5297 3412 5353; x_wconf 88' lang='lat' dir='ltr'><strong>Gerardus</strong></span> <span class='ocrx_word' id='word_1_803' title='bbox 3460 5309 3578 5348; x_wconf 90' lang='lat' dir='ltr'><strong>von</strong></span> 
     </span>
    </p>
   </div>
   <div class='ocr_carea' id='block_1_115' title="bbox 1918 5381 3576 5465">
    <p class='ocr_par' dir='ltr' id='par_1_115' title="bbox 1918 5381 3576 5465">
     <span class='ocr_line' id='line_1_115' title="bbox 1918 5381 3576 5465; baseline -0.011 -12"><span class='ocrx_word' id='word_1_804' title='bbox 1918 5397 2248 5465; x_wconf 87' lang='lat' dir='ltr'><strong>Mastrichl,</strong></span> <span class='ocrx_word' id='word_1_805' title='bbox 2283 5397 2340 5449; x_wconf 89' lang='lat' dir='ltr'><strong>in</strong></span> <span class='ocrx_word' id='word_1_806' title='bbox 2374 5390 2813 5464; x_wconf 90' lang='lat' dir='ltr'><strong>Duisburgensi</strong></span> <span class='ocrx_word' id='word_1_807' title='bbox 2845 5386 3333 5458; x_wconf 84' lang='lat' dir='ltr'><strong>Academiajuris</strong></span> <span class='ocrx_word' id='word_1_808' title='bbox 3393 5386 3450 5439; x_wconf 86' lang='lat' dir='ltr'><strong>et</strong></span> <span class='ocrx_word' id='word_1_809' title='bbox 3481 5381 3576 5437; x_wconf 83' lang='lat' dir='ltr'><strong>hi-</strong></span> 
     </span>
    </p>
   </div>
   <div class='ocr_carea' id='block_1_116' title="bbox 1920 5473 3576 5556">
    <p class='ocr_par' dir='ltr' id='par_1_116' title="bbox 1920 5473 3576 5556">
     <span class='ocr_line' id='line_1_116' title="bbox 1920 5473 3576 5556; baseline -0.011 -14"><span class='ocrx_word' id='word_1_810' title='bbox 1920 5489 2122 5542; x_wconf 68' lang='lat' dir='ltr'><strong>stiorae</strong></span> <span class='ocrx_word' id='word_1_811' title='bbox 2158 5487 2483 5556; x_wconf 88' lang='lat' dir='ltr'><strong>professor,</strong></span> <span class='ocrx_word' id='word_1_812' title='bbox 2516 5482 2570 5533; x_wconf 89' lang='lat' dir='ltr'><strong>in</strong></span> <span class='ocrx_word' id='word_1_813' title='bbox 2608 5479 2877 5534; x_wconf 83' lang='lat' dir='ltr'><strong>Historia</strong></span> <span class='ocrx_word' id='word_1_814' title='bbox 2896 5478 3064 5550; x_wconf 80' lang='lat' dir='ltr'><strong>juris</strong></span> <span class='ocrx_word' id='word_1_815' title='bbox 3086 5473 3484 5531; x_wconf 78' lang='lat' dir='ltr'><strong>ecclesiastici</strong></span> <span class='ocrx_word' id='word_1_816' title='bbox 3517 5478 3576 5524; x_wconf 90' lang='lat' dir='ltr'><strong>ct</strong></span> 
     </span>
    </p>
   </div>
   <div class='ocr_carea' id='block_1_117' title="bbox 1914 5560 3575 5649">
    <p class='ocr_par' dir='ltr' id='par_1_117' title="bbox 1914 5560 3575 5649">
     <span class='ocr_line' id='line_1_117' title="bbox 1914 5560 3575 5649; baseline -0.007 -19"><span class='ocrx_word' id='word_1_817' title='bbox 1914 5575 2224 5649; x_wconf 75' lang='lat' dir='ltr'><strong>pontificii,</strong></span> <span class='ocrx_word' id='word_1_818' title='bbox 2286 5589 2440 5626; x_wconf 87' lang='lat' dir='ltr'><strong>num.</strong></span> <span class='ocrx_word' id='word_1_819' title='bbox 2495 5570 2618 5625; x_wconf 70' lang='lat'><strong>€260.</strong></span> <span class='ocrx_word' id='word_1_820' title='bbox 2653 5585 2786 5640; x_wconf 80' lang='lat' dir='ltr'><strong>pag.</strong></span> <span class='ocrx_word' id='word_1_821' title='bbox 2820 5565 2946 5632; x_wconf 83' lang='lat'><strong>301,</strong></span> <span class='ocrx_word' id='word_1_822' title='bbox 2995 5566 3100 5622; x_wconf 69' lang='lat'><strong>302</strong></span> <span class='ocrx_word' id='word_1_823' title='bbox 3127 5567 3180 5619; x_wconf 87' lang='lat' dir='ltr'><strong>et</strong></span> <span class='ocrx_word' id='word_1_824' title='bbox 3233 5561 3356 5628; x_wconf 83' lang='lat'><strong>303,</strong></span> <span class='ocrx_word' id='word_1_825' title='bbox 3423 5560 3575 5618; x_wconf 73' lang='lat' dir='ltr'><strong>edita</strong></span> 
     </span>
    </p>
   </div>
   <div class='ocr_carea' id='block_1_118' title="bbox 1920 5659 2726 5734">
    <p class='ocr_par' dir='ltr' id='par_1_118' title="bbox 1920 5659 2726 5734">
     <span class='ocr_line' id='line_1_118' title="bbox 1920 5659 2726 5734; baseline -0.009 -13"><span class='ocrx_word' id='word_1_826' title='bbox 1920 5666 2077 5734; x_wconf 81' lang='grc'>1686,</span> <span class='ocrx_word' id='word_1_827' title='bbox 2106 5660 2543 5728; x_wconf 84' lang='lat' dir='ltr'><strong>Amstelodami,</strong></span> <span class='ocrx_word' id='word_1_828' title='bbox 2579 5659 2726 5714; x_wconf 86' lang='lat' dir='ltr'><strong>iii—8.</strong></span> 
     </span>
    </p>
   </div>
  </div>
