3978 6178
453 282 574 349 443

1468 278 1531 340 S.
1566 280 1964 341 ANSELMI.
2002 278 2411 342 LUCENSIS
2440 277 2852 339 EPISCOPI.

1371 503 1700 615 VITA
1761 482 2263 614 SANCTI
2319 499 2937 613 ANSELMI

1730 748 2138 810 LUCENSIS
2183 747 2573 812 EPISCOPI

979 969 1434 1047 AUCTOBE
1467 970 1577 1065 B.,
1600 969 1705 1048 ΕΙ
1711 969 1825 1046 US
1853 967 2363 1050 DISCIPULO
2409 969 2533 1047 ΕΤ

2240 971 2363 1048 LO
2409 969 2534 1047 ΕΤ
2593 966 3430 1051 ΡΟΕΝΙΤΕΝΤΙΑΒΙΟ

1288 1190 1557 1258 (Manum.
1582 1192 1732 1245 Acta
1765 1189 1879 1245 SS.
1914 1192 2041 1247 0rd.
2077 1191 2140 1245 S.
2175 1191 2426 1264 Bened.,
2462 1197 2599 1249 tom.
2635 1194 2736 1262 IX,
2766 1209 2902 1265 pag.
2934 1192 3060 1247 472.

1460 1550 2276 1642 OBSERVATIONES
2338 1551 2783 1641 PRIEVUE.

534 1796 584 1851 1.
617 1796 725 1861 Qui
755 1798 1099 1866 sequentem
1130 1794 1392 1848 libellum
1440 1794 1683 1864 scripsit
1721 1797 1948 1863 auctor,
2000 1810 2119 1848 non
2146 1773 2205 1834 Α
2230 1791 2573 1846 Anselmum
2605 1793 2926 1848 Lucenscm
2959 1795 3225 1857 electum,
3284 1796 3475 1849 virum
3513 1794 3661 1848 omni
3694 1793 3850 1846 laudis

464 1900 580 1940 uno
627 1886 686 1938 in
718 1884 846 1937 loco
892 1887 1118 1937 aetatem
1146 1899 1315 1937 suam
1347 1883 1583 1951 indicat,
1619 1898 1803 1952 seque
1857 1884 2120 1937 Anselmi

464 1973 751 2043 aequalem
772 1988 839 2025 ac
871 1972 1229 2041 discipulum
1258 1972 1471 2041 prodit,
1508 1976 1569 2025 ut
1600 1987 1759 2024 num.
1796 1970 1883 2039 19,
1908 1970 1997 2038 ΩΟ,
2032 1972 2118 2040 ‘21,

461 2061 543 2114 24.
566 2064 622 2115 et
649 2058 740 2114 29.
761 2060 989 2114 Nomen
1021 2076 1194 2114 suum
1216 2061 1405 2129 prima
1459 2061 1738 2113 duntaxat
1764 2059 1956 2113 littera
2008 2060 2123 2113 ini-

467 2149 585 2202 tiali
608 2150 674 2203 B.
700 2150 975 2220 designat
992 2165 1150 2203 num.
1173 2148 1261 2203 43.
1289 2148 1426 2203 Hzec
1440 2148 1513 2203 de
1534 2148 1898 2217 beatissimo,
1916 2149 2121 2219 inquit,

388 2278 389 2283 η
456 2244 634 2311 patre
679 2254 746 2292 ac
774 2244 1025 2309 patrono
1053 2244 1258 2292 nostro
1308 2244 1509 2292 sancto
1541 2237 1825 2291 Anselmo
1871 2238 2127 2291 Lucensi

464 2328 823 2398 episcopo....
843 2342 951 2399 ego
970 2326 1038 2380 Β.
1054 2333 1336 2399 peccator
1349 2325 1680 2398 presbyter
1701 2341 1843 2380 suus
1860 2326 1919 2378 in
1937 2325 2125 2396 punni-

468 2416 675 2483 tentia,
711 2431 824 2470 non
855 2415 988 2470 dico
1019 2414 1198 2484 ﬁlius,
1230 2415 1340 2470 sed
1380 2430 1616 2484 servus,
1659 2414 1733 2468 ab
1766 2416 1893 2485 ipso
1923 2413 2126 2467 multis

464 2520 591 2558 cum
626 2504 913 2576 lacrymis
954 2504 1029 2557 ad
1059 2504 1323 2559 eumdem
1351 2503 1620 2558 ordinem
1642 2509 1966 2575 promotus,
2010 2506 2121 2558 etc.

464 2591 599 2645 Erat
615 2606 759 2663 ergo
774 2592 885 2645 iste
900 2592 1647 2661 B.poenitentiarius,idque
1663 2591 2043 2645 confirmatur
2055 2607 2128 2645 ex

465 2696 624 2734 num.
655 2679 725 2734 42
740 2679 838 2733 ubi
865 2680 936 2733 de
959 2680 1281 2735 Teutonico
1306 2681 1560 2751 quodam
1585 2680 1889 2734 vulnerato
1913 2695 2121 2749 agens,

474 2768 674 2823 Vocati
693 2783 894 2821 sumus
915 2768 1189 2839 denique,
1211 2769 1309 2835 ait,
1344 2774 1403 2822 et
1435 2784 1558 2833 nos,
1601 2774 1903 2839 quatenus,
1931 2769 2125 2840 injun-

465 2864 558 2912 cta
574 2857 632 2912 ei
643 2855 1019 2929 paenitentia,
1038 2855 1496 2910 communionem
1510 2856 1806 2910 daremus.
1818 2855 1988 2910 Hunc
2004 2872 2127 2925 por-

462 2963 530 3001 ro
552 2948 852 3005 auctorem
880 2944 1142 2999 Bardum
1162 2944 1516 3015 appellatum
1556 2945 1746 2999 fuisse
1786 2946 2125 3015 suspicatur

2225 1883 2524 1951 praeconio
2543 1883 2803 1952 dignum,
2840 1900 2989 1937 nunc
3009 1883 3192 1950 felici,
3211 1884 3420 1954 inquit,
3439 1884 3661 1939 beatum
3683 1898 3848 1936 exces-

2232 1986 2319 2037 su,
2344 1971 2405 2023 in
2422 1986 2528 2041 quo
2547 1972 2735 2025 omnis
2747 1970 2874 2025 laus
2895 1988 3108 2026 secure
3121 1973 3532 2026 canitur.Tum
3545 1972 3713 2025 addit:
3732 1971 3842 2025 Cum

2230 2058 2342 2111 lioc
2360 2059 2574 2130 itaque,
2598 2059 2826 2112 scilicet
2848 2060 3101 2131 Hugone
3124 2062 3349 2124 Diensi,
3388 2067 3550 2114 tanto
3579 2058 3841 2113 familiari-

2236 2148 2377 2201 tatis
2398 2153 2454 2201 et
2484 2147 2825 2201 dilectionis
2844 2149 3072 2203 vinculo
3093 2164 3397 2203 connexus
3418 2157 3529 2215 est,
3550 2155 3606 2203 et
3628 2150 3701 2202 ita
3722 2147 3834 2213 sibi,

2233 2237 2371 2289 licet
2407 2236 2603 2290 divisa
2636 2236 2927 2290 haberent
2952 2238 3227 2308 hospitia,
3274 2241 3335 2292 in
3364 2238 3586 2309 palatio
3628 2237 3840 2291 Latera-

2231 2325 2405 2379 nensi
2420 2324 2549 2379 indi
2560 2324 2729 2379 viduc
2744 2325 3148 2393 adhaerebant,
3173 2332 3231 2380 ut
3252 2344 3427 2380 unum
3450 2327 3636 2380 videri
3655 2326 3767 2378 sine
3785 2324 3844 2377 al-

2233 2420 2362 2468 tero
2384 2414 2592 2467 mirum
2617 2414 2928 2468 videretur
2941 2416 3036 2469 his
3050 2416 3146 2486 qui
3158 2431 3359 2470 eorum
3382 2420 3662 2471 noverant
3679 2413 3839 2467 unani-

2231 2503 2513 2570 mitatem,
2540 2503 2688 2557 adeo
2710 2510 2769 2556 ut
2794 2503 2980 2558 Urbis
2992 2504 3318 2575 praefectus
3340 2505 3583 2576 quodam
3610 2502 3841 2556 veritatis

2223 2591 2786 2663 praesagioalterum
2811 2593 3015 2647 borum
3049 2592 3225 2661 diem,
3258 2593 3515 2647 alterum
3553 2588 3844 2647 vocaretlu-

2233 2697 2355 2735 cem
2382 2697 2394 2735 :
2431 2681 2580 2752 quod
2601 2681 2734 2734 dies
2747 2697 2859 2735 non
2878 2681 3167 2747 sineluce,
3205 2687 3263 2735 et
3283 2681 3476 2736 lucem
3506 2681 3633 2736 dies
3659 2679 3847 2734 comite-

2233 2777 2348 2824 tur.
2386 2768 2643 2823 Lucebat
2681 2770 2836 2823 enim
2865 2770 2928 2823 in
2986 2785 3185 2824 eorum
3214 2771 3487 2825 moribus
3515 2768 3755 2842 justitim
3799 2772 3842 2820 et

2226 2859 2475 2930 pietatis
2508 2859 2729 2912 decus:
2756 2859 3251 2929 prieponderabat
3283 2859 3548 2913 amicitia
3578 2861 3832 2919 constans,

2232 2946 2653 3001 mutabilitatis
2667 2948 2961 3001 nescia....
2979 2946 3173 3002 Senes
3192 2954 3386 3003 autem
3402 2953 3595 3014 erant,
3630 2961 3727 2999 non
3764 2942 3855 2995 lon-

464 3035 803 3106 Wadingus
834 3034 893 3087 in
927 3034 1364 3088 commentariis
1384 3034 1457 3087 ad
1478 3034 1628 3089 hanc
1648 3034 1858 3104 Vitam,
1884 3050 2043 3089 num.
2069 3032 2120 3104 1,
2154 3041 2207 3104 Β
2234 3052 2324 3109 gze
2351 3035 2532 3089 vitate
2570 3036 2839 3104 vitae,sed
2866 3052 3088 3090 morum
3119 3037 3559 3090 maturitatem.
3587 3033 3713 3088 Cum
3740 3044 3855 3100 ergo

461 3125 562 3180 ubi
577 3124 857 3179 observat
869 3139 942 3178 ex
964 3122 1256 3177 Lucensis
1277 3123 1551 3177 ecclesiae
1570 3124 1964 3177 monumentis
1976 3122 2124 3177 Bar-

462 3214 600 3268 dum
637 3212 911 3284 ejusdem
951 3213 1225 3266 ecclesiae
1273 3212 1583 3266 diaconum
1626 3216 1682 3267 et
1724 3212 2127 3281 primicerium

463 3318 704 3373 semper
716 3301 1001 3373 Anselmo
1020 3305 1224 3355 nostro
1239 3316 1368 3354 cum
1393 3300 1709 3355 Lamberto
1722 3300 2132 3369 archipresby-

460 3394 587 3446 tero
610 3390 1225 3459 adhaesisse,eumque
1239 3389 1412 3443 etiam
1428 3389 1795 3443 exsulantem
1818 3389 2007 3442 fuisse
2027 3404 2127 3442 se-

464 3482 680 3533 cutum.
715 3478 839 3532 Nec
865 3479 1081 3545 obstat,
1118 3482 1177 3530 ut
1199 3480 1404 3531 censet
1420 3476 1781 3546 \Nadingus,
1806 3477 1960 3546 quod
1980 3477 2128 3530 Bar-

463 3566 575 3621 dus
599 3565 696 3619 ille
712 3565 997 3619 diaconus
1011 3565 1380 3619 solummodo
1406 3565 1464 3617 in
1485 3564 1619 3617 istis
1636 3565 1850 3618 tabulis
1864 3581 1937 3617 no
1947 3567 2127 3619 mine-

462 3658 578 3723 tur,
607 3654 672 3722 B,
697 3655 849 3706 enim
893 3654 1025 3706 vita:
1051 3657 1348 3706 auctorem
1373 3653 1470 3706 diu
1493 3653 1801 3706 diaconum
1820 3654 2031 3724 fuisse,
2057 3671 2128 3709 ex

464 3743 656 3812 ipsius
674 3740 806 3812 ejus
830 3741 1032 3794 verbis
1056 3742 1252 3813 colligi
1277 3745 1491 3811 potest,
1513 3757 1646 3794 nam
1660 3758 1819 3795 num.
1848 3742 1917 3796 45
1932 3743 2131 3796 multis

465 3847 591 3886 cum
623 3830 911 3901 lacrymis
955 3847 986 3883 a
1033 3830 1203 3884 beato
1239 3830 1499 3884 antistite
1550 3832 1621 3885 ad
1680 3832 2130 3902 presbyteratus

464 3919 728 3975 ordinem
747 3934 813 3973 se
832 3919 1021 3975 tuisse
1039 3921 1371 3990 promotum
1401 3922 1496 3984 ait,
1525 3937 1679 3987 cum,
1712 3922 1916 3989 procul
1953 3921 2134 3974 dubio

462 4012 709 4079 uterque
741 4009 800 4062 in
827 4007 1036 4063 exsilio
1072 4012 1419 4063 moraretur.
1444 4008 1727 4062 Eumdem
1748 4025 1888 4063 vero
1911 4025 1986 4063 ex
2006 4009 2131 4063 Lu-

465 4097 665 4151 censis
697 4097 971 4151 ecelesiae
1002 4098 1230 4169 gremio
1264 4097 1453 4152 fuisse
1475 4098 1568 4151 his
1601 4098 1802 4151 verbis
1840 4080 2134 4152 indicatur

463 4201 623 4240 num.
645 4185 735 4251 24,
771 4186 869 4239 ubi
886 4186 1157 4240 Psalmos
1176 4186 1408 4258 quidem
1442 4193 1501 4240 ut
1521 4193 1688 4240 caute
1710 4202 1777 4240 ac
1796 4187 2129 4241 meditatim

463 4281 855 4342 cantaremus,
893 4275 1203 4345 prmcepit;
1237 4274 1494 4347 alioquin
1528 4290 1740 4345 aspere
1765 4276 2123 4345 increpavit.

461 4364 750 4418 Caeterum
783 4364 936 4418 beati
958 4364 1223 4417 Anselmi
1246 4364 1432 4417 Vitam
1447 4364 1684 4418 edidere
1699 4364 2125 4434 Tegnagellns,

462 4452 1018 4523 SuriusWadingus
1045 4455 1101 4505 et
1134 4452 1517 4518 Bollandiani,
1542 4467 1615 4504 ex
1647 4452 1864 4522 quibus
1881 4451 2129 4504 Wadin-

461 4557 581 4612 gus
596 4541 799 4611 plures
814 4555 961 4594 mss.
989 4540 1230 4594 codices
1245 4540 1559 4611 consuluit,
1582 4555 1825 4610 eamque
1841 4555 2135 4593 commen-

461 4629 629 4684 tariis
663 4628 999 4682 illustravit.

533 4719 584 4774 2.
600 4719 684 4773 De
701 4720 910 4772 sancto
925 4716 1481 4771 AnselmoLucensi
1502 4716 1785 4786 episcopo
1799 4720 2130 4788 agunt,prae

462 4810 552 4863 ter
562 4807 719 4862 varia
733 4806 1154 4878 Martyrologia
1169 4808 1225 4859 et
1237 4805 1387 4859 alios
1401 4806 1726 4874 scriptores
1740 4806 2127 4874 recentiores,

462 4896 810 4968 antiqui,qui
822 4894 956 4967 ejus
972 4910 1100 4950 aevo
1118 4894 1735 4959 ﬁornerunt,Doinnizo
1749 4896 2061 4965 presbyter
2073 4896 2129 4948 in

464 4986 726 5040 carmine
759 4985 829 5039 de
854 4983 1132 5038 Mathilde
1149 4984 1472 5049 comitissa,
1492 4983 1709 5037 Paulus
1734 4983 2129 5038 Bernrieden-

474 5074 635 5128 sisin
650 5073 812 5127 Actis
827 5072 1099 5144 Gregorii
1133 5073 1256 5126 νυ.
1273 5072 1631 5127 Bertholdus
1656 5071 2128 5127 Constantiensis

466 5162 526 5214 in
542 5161 921 5229 Apppendice
941 5161 1010 5214 ad
1030 5162 1371 5229 Marianum,
1390 5164 1447 5214 et
1465 5161 1581 5214 alii.
1599 5162 1731 5215 Prae
1748 5161 1981 5214 caeteris
1996 5177 2127 5214 eum

467 5248 705 5303 lanciunt
723 5248 894 5320 Hugo
910 5250 1398 5320 archiepiscopus
1412 5249 1856 5319 Lugdunensis,
1885 5256 1939 5302 et
1956 5250 2001 5301 Η
2013 5266 2127 5321 ugo

468 5337 617 5392 alter
637 5337 823 5390 abbas
854 5336 1323 5393 Flaviniacensis
1355 5339 1415 5392 in
1436 5338 1748 5392 Chronico.
1784 5338 1894 5391 Hic
1920 5338 2126 5408 Hugo-

468 5426 562 5480 nis
595 5426 834 5479 Diensis
852 5426 1114 5495 episcopi
1148 5429 1495 5482 electionem
1519 5429 1576 5481 et
1607 5426 2031 5481 ordinationem
2056 5427 2127 5479 ad

467 5529 684 5568 annum
717 5513 855 5568 1084
886 5514 1233 5568 describens
1267 5516 1362 5585 ait,
1390 5517 1583 5585 ipsum
1614 5515 1689 5569 ad
1716 5515 2129 5586 suscipiendos

467 5603 714 5659 ordines
734 5602 972 5657 Romam
994 5618 1196 5658 mense
1224 5603 1545 5659 Decembri
1580 5605 1819 5659 venisse
1833 5606 2007 5674 atque
2036 5605 2125 5657 in-

473 5692 711 5750 venisse
746 5691 970 5747 ibidem
990 5708 1102 5765 pro
1146 5690 1332 5746 simili
1376 5693 1820 5765 exspectatione
1855 5692 2125 5749 domuum

2164 4493 2212 4552 C

2236 3125 2432 3179 Romae
2470 3124 2653 3194 positi
2692 3123 3191 3194 praestolarentur
3222 3125 3380 3179 diem
3424 3117 3847 3178 consecrationis

2237 3212 2887 3280 suae,veneruntnuntii
2916 3212 3083 3283 regis
3104 3212 3380 3267 Heinrici
3394 3213 3646 3280 Romam,
3662 3223 3842 3279 rogau-

2239 3308 2433 3371 tes,ne
2454 3307 2660 3355 contra
2680 3316 2899 3354 morem
2929 3301 3448 3371 praedecessorum
3477 3316 3699 3355 suorum
3728 3296 3850 3350 dom-

2241 3406 2349 3445 nus
2369 3406 2516 3460 papa
2548 3388 2909 3460 (Gregorius
2934 3388 3059 3457 VII)
3075 3406 3174 3444 eos
3196 3405 3556 3444 consecrare
3583 3387 3759 3452 vellet,
3777 3382 3851 3455 qui

2240 3479 2610 3550 episcopatus
2641 3477 2987 3532 electionem
3002 3477 3201 3546 solam,
3220 3494 3332 3532 non
3352 3484 3546 3533 autem
3565 3477 3753 3531 donum
3768 3486 3854 3542 per

2239 3567 2467 3639 regiam
2519 3573 2871 3636 acceperant
2917 3567 3357 3620 investituram.
3396 3567 3657 3636 Denique
3693 3559 3855 3615 subdit

2239 3659 2443 3710 auctor
2483 3655 2813 3723 pontificem
2844 3656 2902 3707 in
2947 3655 3203 3709 Lucensi
3227 3654 3417 3709 electo
3439 3653 3801 3726 acquievisse,
3815 3650 3857 3698 ut

2240 3744 2745 3799 consecrationem
2771 3743 2897 3815 ejus
2919 3741 3222 3813 dill‘erret,
3258 3743 3444 3798 donec
3488 3740 3856 3796 investituram

2242 3834 2612 3904 episcopatus
2642 3847 2718 3885 ex
2769 3832 2937 3901 regio
2977 3832 3126 3886 dono
3176 3833 3511 3902 accepisset
3543 3851 3560 3884 :
3587 3831 3646 3883 in
3685 3821 3858 3881 Diensi

2250 3938 2389 3976 vero
2409 3920 2792 3992 acquiescere
2811 3920 3090 3974 noluisse.

2311 4008 2364 4063 3.
2390 4010 2529 4062 Haec
2552 4008 2700 4062 Vitta
2716 4009 2986 4078 sequenti
3010 4009 3202 4061 lucem
3223 4006 3431 4062 afferre
3452 4006 3711 4078 possunt,
3727 4001 3793 4055 uti
3819 3999 3861 4050 et

2243 4096 2491 4167 epistola
2528 4112 2662 4149 mox
2696 4097 2833 4150 dicti
2871 4096 3139 4168 Hugonis
3190 4096 3621 4166 archiepiscopi
3660 4087 3861 4159 Lugdlr

2244 4187 2449 4240 nensis
2483 4186 2552 4238 ad
2588 4184 2921 4238 Matbildem
2964 4180 3863 4255 comitissimam,quambortatur

2242 4274 2315 4329 nd
2355 4274 2826 4328 subveniendum
2857 4289 2962 4343 pro
2987 4290 3097 4326 suo
3122 4289 3283 4327 more
3307 4273 3595 4326 Ecclesiae
3624 4272 3861 4324 Roman

2242 4365 2298 4415 in
2316 4362 2597 4417 electione
2615 4361 2790 4415 futuri
2808 4348 3859 4431 pontiﬁcis,postmortemVictorislll,

2243 4453 2336 4505 cui
2360 4451 2665 4505 Urbanum
2696 4449 2744 4502 II
2769 4449 3091 4503 succedere
3105 4465 3266 4521 aegre
3281 4450 3530 4504 ferebat.
3548 4445 3781 4502 Habetis
3797 4440 3859 4491 si-

2245 4541 2475 4613 quidem
2491 4539 2552 4593 in
2576 4539 2686 4593 bac
2702 4555 2773 4592 re
2804 4537 3128 4593 fidissimos
3158 4538 3484 4610 adjutores,
3521 4543 3577 4593 et
3609 4533 3860 4602 benignos

2242 4629 2579 4684 devotionis
2607 4633 2823 4682 vestrae
2854 4627 3005 4697 apud
3020 4627 3205 4681 Deum
3226 4616 3859 4690 commendatores,piis-

2240 4718 2448 4771 simum
2462 4716 2693 4771 scilicet
2706 4721 2938 4788 patrem
2947 4722 3251 4787 postquam
3264 4732 3328 4770 sa
3338 4722 3486 4770 notae
3501 4710 3779 4769 memoria?
3788 4718 3863 4775 ρει·

2234 4823 2388 4878 pam,
2406 4821 2614 4875 nempe
2628 4804 2983 4875 Gregorium
2996 4804 3120 4872 Vll,
3137 4810 3195 4858 et
3217 4803 3454 4859 beatum
3481 4804 3553 4857 Α.
3575 4803 3857 4856 Lucensem

2241 4896 2607 4967 epI'SOOpum:
2639 4895 2754 4966 qui,
2774 4894 2928 4946 sicut
2950 4909 3075 4947 cum
3107 4892 3295 4947 adhuc
3336 4893 3625 4959 viverent,
3647 4889 3703 4943 in
3737 4878 3862 4939 omni

2248 4984 2476 5055 pietate
2493 4988 2555 5037 et
2571 4982 2730 5053 justi
2736 4983 2814 5035 tia
2840 4997 2941 5036 vos
2956 4982 3409 5036 instruxerunt:
3438 4982 3520 5035 ita
3542 4993 3683 5034 nunc
3706 4967 3861 5028 abillo

2237 5078 2481 5127 aeternae
2499 5071 2718 5143 quietis
2730 5071 2884 5139 sinu,
2902 5071 2963 5123 in
2978 5085 3086 5141 quo
3104 5084 3206 5124 eos
3219 5075 3493 5141 receptos
3505 5082 3636 5123 esse
3657 5056 3860 5119 conﬁdi-

2240 5176 2383 5226 mus,
2409 5159 2648 5213 meritis
2668 5159 2796 5212 suis
2809 5164 2866 5211 et
2883 5157 3169 5229 precibus
3190 5158 3468 5211 caritatis
3494 5161 3700 5211 vestra?
3712 5158 3856 5221 opera

2239 5247 2748 5310 commendabunt;
2765 5263 2832 5300 ac
2844 5261 3100 5300 amorem
3106 5252 3411 5316 perpetua:
3439 5246 3592 5311 vitm,
3617 5256 3715 5312 quo
3736 5230 3864 5295 inei-

2238 5337 2511 5392 fabiliter
2526 5338 2844 5405 satiantur,
2865 5335 2939 5389 de
2952 5335 3203 5389 votionis
3224 5341 3441 5388 vestrm
3468 5328 3780 5387 visceribus
3790 5323 3861 5375 in-

2239 5424 2985 5497 spirabuntﬂaacepistola
3002 5424 3154 5476 edita
3167 5424 3330 5478 estin
3344 5408 3861 5493 Spicilcgiitomoll-

2305 5514 2358 5570 4.
2396 5514 2686 5579 Quantum
2715 5529 2822 5582 pro
2874 5512 3234 5566 restituenda
3284 5512 3434 5580 apud
3461 5507 3760 5564 canonicos
3787 5511 3862 5591 ca:

2236 5603 2521 5657 thedralis
2543 5602 2738 5657 Sancti
2755 5601 2987 5655 Martini
3002 5600 3273 5655 ecclesiae
3287 5600 3585 5664 Lucensis
3605 5599 3865 5651 communi

2238 5693 2354 5748 vita
2379 5692 2738 5748 laboraverit
2760 5690 3102 5759 Anselmus,
3136 5692 3294 5760 patet
3325 5706 3398 5744 ex
3429 5683 3723 5760 sequentis
3743 5676 3861 5729 Vitw
