3978 6178
172 283 275 345 445
678 279 1012 345 CONTRA
1058 283 1573 350 GUIBERTUM
1621 287 2126 352 ANTIPAPAM
2175 289 2403 352 LIBRI
2450 288 2650 353 DUO.
2685 324 2762 336 —
2799 287 3016 350 LIB.I
3443 286 3564 351 446

165 501 300 539 num.
331 486 363 538 5
391 489 443 539 et
463 501 632 556 seqq.
665 487 746 540 An
779 501 879 542 res
908 487 1176 544 effectum
1208 505 1276 543 eo
1307 491 1542 546 vivente
1575 493 1780 547 sortita
1809 475 1866 536 Α
1896 497 2313 550 enumerantur
2358 494 2417 549 in
2470 494 2617 548 Vitae
2667 493 2974 564 sequentis
3028 507 3186 546 num.
3227 489 3292 546 21
3346 504 3566 558 nempe

163 575 244 641 sit,
274 589 382 628 non
413 575 488 627 ita
517 575 713 644 liquet.
747 573 1040 639 Quosdam
1069 579 1299 634 tandem
1323 581 1643 636 canonicos
1669 583 1780 636 sub
1896 583 2344 653 Apologeticum
2371 599 2476 653 pro
2507 583 2796 654 Gregorio
2834 581 2956 650 Vll,
3002 580 3307 650 Expositio
3344 580 3400 632 in
3442 579 3559 631 La-

159 662 316 716 altero
331 661 459 732 ejus
481 679 836 718 successore
863 666 1158 737 Rangerio
1177 670 1516 723 accessisse
1538 671 1609 724 ad
1634 686 1786 724 com-
1895 672 2280 726 mentationes
2328 673 2624 739 Jeremiae,
2674 673 2810 725 item
2846 671 3138 740 expositio
3181 671 3235 721 in
3269 669 3558 740 quosdam

159 767 362 804 munem
382 753 554 804 vitam
587 754 800 823 colligo
831 770 904 807 ex
936 757 1205 825 sequenti
1237 757 1634 826 professionis
1675 759 1786 814 for-
1894 761 2177 830 psalmos.
2214 761 2323 814 His
2340 761 2487 815 adde
2509 759 2928 814 Collectiouem
2949 773 3236 812 canonum
3263 757 3432 810 libris
3453 773 3560 809 xm

156 841 303 902 mula,
335 855 502 909 quam
535 842 595 894 in
630 844 808 896 veteri
842 844 1041 898 codice
1073 845 1369 899 Lucensis
1403 849 1675 902 ecclesiae
1699 849 1782 901 in-
1895 850 2403 918 comprehensam.
2452 849 2539 901 Ex
2572 850 2666 902 his
2701 849 2919 902 editum
2963 849 3054 900 est
3085 846 3556 916 Apologeticum,

155 930 412 982 venimus.
449 929 582 1000 Ego
609 932 892 1000 promitto
913 933 1306 988 stabilitatem
1336 936 1398 988 in
1429 936 1536 990 hoc
1565 936 1689 990 loco
1710 938 1785 992 ad
1893 938 2143 1006 primum
2163 939 2397 1008 quidem
2416 938 2488 991 ab
2523 939 2779 992 Henrico
2809 936 3066 1003 Canisio,
3093 938 3298 1003 postea
3328 949 3468 988 vero
3502 935 3560 988 in

154 1017 515 1071 obedientiam
545 1019 662 1072 Dei
682 1027 740 1073 et
764 1020 925 1074 beati
945 1022 1221 1091 Martini,
1247 1026 1785 1098 etepiscOpill.qui
1896 1025 2257 1079 Bibliotheca
2323 1026 2578 1080 Patrum.
2640 1025 2960 1095 Epistolam
3014 1040 3188 1078 unum
3239 1027 3294 1076 ct
3338 1024 3562 1093 aliquot

156 1122 278 1159 nunc
303 1112 408 1171 est,
426 1112 483 1160 et
517 1122 720 1161 eorum
754 1111 850 1180 qui
867 1113 1144 1165 canonice
1165 1115 1507 1168 successuri
1525 1121 1692 1169 sunt:
1724 1124 1782 1169 et
1894 1115 2177 1184 Opuscula
2209 1115 2260 1168 ei
2292 1115 2509 1168 tributa
2554 1114 2733 1168 edidit
2787 1113 3126 1182 \Vadingus
3163 1113 3364 1165 Romae
3405 1127 3558 1165 anno

149 1195 367 1263 promito
383 1194 534 1248 bona
560 1196 849 1260 ecclesiae,
869 1204 1064 1269 etquae
1081 1215 1194 1269 per
1219 1199 1474 1254 officium
1493 1201 1780 1256 ecclesia-
1894 1202 2048 1258 1657.
2077 1203 2146 1256 Et
2167 1203 2402 1272 quidem
2434 1203 2616 1273 hujus
2647 1201 2914 1271 epistolae
2958 1200 3352 1271 fragmentum
3387 1199 3562 1254 habet

152 1283 328 1335 sticum
342 1284 702 1354 acquisiero,
719 1285 780 1337 in
795 1288 1079 1340 communi
1089 1289 1222 1342 sine
1235 1287 1446 1344 fraude
1460 1289 1702 1354 habere,
1722 1297 1781 1345 et
1893 1307 2026 1345 cum
2060 1291 2430 1362 Uspergensi
2464 1291 2674 1345 abbate
2695 1289 3205 1359 Chronographus
3229 1292 3432 1342 noster
3457 1289 3561 1342 Sa-

148 1373 427 1440 praeposito
462 1371 720 1428 obedire
757 1377 1035 1430 canonice
1081 1377 1373 1432 ordinato.
1425 1379 1618 1448 -ί--ί--ικ
1658 1379 1781 1434 Hoc
1890 1379 2138 1434 xonicus
2183 1395 2293 1433 ms.
2334 1379 2687 1434 Bertholdus
2736 1377 3211 1432 Constantiensis
3273 1378 3562 1446 quosdam

152 1458 384 1513 fecerunt
414 1461 475 1513 in
507 1468 722 1516 sancto
759 1463 985 1518 Donato
1014 1465 1316 1520 Martinus
1338 1467 1687 1539 presbyter,
1721 1476 1780 1522 et
1892 1469 2447 1522 versusadducitex
2467 1468 2892 1523 commentario
2909 1465 3244 1520 Anselmiin
3264 1465 3558 1518 Psalmos.

148 1547 424 1616 Henricus,
460 1558 520 1604 et
553 1550 889 1606 Mascarus.
911 1553 1199 1608 Vivebant
1220 1571 1367 1626 ergo
1396 1555 1479 1609 illi
1513 1557 1780 1611 canonici
1891 1556 2309 1610 Collectionem
2358 1573 2646 1612 canonum
2695 1556 2982 1609 habemus
3028 1569 3212 1623 penes
3243 1569 3354 1606 nos
3387 1568 3562 1606 manu

151 1637 370 1691 seorsim
399 1638 475 1692 ab
508 1639 650 1693 aliis
691 1640 748 1694 in
786 1642 1038 1696 ecclesia
1067 1642 1267 1697 Sancti
1300 1645 1528 1699 Donati.
1573 1645 1636 1698 In
1668 1645 1779 1700 alio
1894 1645 2249 1714 descriptam
2272 1660 2344 1699 ex
2364 1645 2567 1699 codice
2591 1645 2891 1713 Vaticano,
2918 1659 2991 1698 ex
3014 1659 3128 1713 qua
3148 1642 3275 1696 haec
3299 1641 3559 1695 delibare

145 1725 330 1791 codice,
354 1728 451 1796 qui
484 1727 665 1782 modo
696 1735 788 1783 est
815 1746 1000 1800 penes
1025 1731 1456 1786 Florentinium
1485 1734 1778 1788 medicum
1897 1733 2152 1788 sufﬁciat
2189 1734 2245 1787 in
2278 1749 2570 1803 praesens.
2605 1735 2822 1788 INCIPIT
2853 1746 3232 1786 CAPITULATIO
3262 1746 3556 1784 Lieaonuu

146 1813 459 1881 Lucensem,
506 1816 643 1871 haec
677 1817 749 1872 de
795 1819 1086 1890 ejusmodi
1121 1822 1424 1876 canonicis
1463 1822 1772 1893 leguntur:
1809 1807 1863 1869 Β
1895 1837 2036 1884 quos
2068 1839 2289 1877 nauus
2329 1823 2646 1876 AussLuus
2677 1824 2971 1876 LUCENSIS
3004 1836 3318 1874 EPISCOPUS
3356 1836 3432 1872 nn
3463 1835 3562 1872 co-

146 1901 324 1972 Incipit
353 1903 515 1959 Ordo
545 1908 962 1962 canonicorum
986 1910 1083 1980 qui
1104 1910 1178 1964 ad
1204 1911 1653 1965 conversionem
1689 1927 1779 1967 νει-
1893 1928 2230 1973 tenuamus
2259 1927 2464 1967 CAUSIS
2497 1927 2778 1966 SINGULOS
2810 1929 2866 1964 IN
2897 1926 3010 1964 HOC
3037 1925 3332 1964 vonuumn
3354 1923 3560 1962 uanos

145 1991 296 2044 aiunt.
325 1991 617 2047 Neritius
647 1993 916 2050 facturus
935 1997 1392 2068 professionem,
1427 2006 1565 2054 ante
1586 1999 1778 2055 altare
1895 2015 2234 2055 courosurr.
2263 2000 2449 2056 Liber
2477 2019 2513 2069 ι,
2550 2001 2637 2054 De
2661 2006 2960 2071 potestate
2993 2005 3050 2053 et
3079 1999 3339 2069 primatu
3361 2003 3561 2068 aposto

139 2086 243 2145 post
257 2078 620 2135 oﬂ‘erendam
653 2084 850 2137 veniat
874 2091 932 2138 et
952 2085 1207 2140 fratrum
1233 2103 1338 2140 con
1351 2093 1560 2142 ventus
1581 2089 1644 2142 in
1662 2090 1779 2142 cir-
1893 2088 2024 2143 licze
2053 2090 2250 2152 sedis;
2269 2107 2328 2158 ιι,
2364 2090 2452 2144 De
2472 2088 2760 2143 libertate
2776 2087 3221 2159 appellationis;
3245 2105 3327 2155 ιιι,
3364 2087 3452 2140 De
3474 2102 3562 2141 or-

140 2173 269 2219 cmtu
294 2170 581 2239 assistat;
617 2180 676 2225 et
718 2171 1010 2227 ﬂectendo
1039 2191 1231 2244 genua
1265 2177 1464 2230 tertio.
1499 2176 1781 2232 Nowtius
1893 2177 2034 2231 dine
2062 2178 2398 2245 accusandi,
2435 2176 3311 2247 testificandietjudicandi.iv,
3338 2175 3426 2228 De
3438 2176 3560 2245 pri~

140 2256 262 2309 hunc
293 2274 523 2311 versum
557 2260 727 2314 dicat
748 2280 764 2313 :
793 2260 1045 2315 Suscxrs
1076 2279 1174 2332 un,
1206 2279 1444 2332 υοιιιιιιε,
1473 2281 1779 2320 sacuunuu
1900 2265 2778 2336 vilegiorumauctoritatev,De
2792 2262 3560 2318 ordinationibusecclesia-

139 2359 272 2404 sLoQ.
301 2361 471 2415 τυωιι,
507 2350 630 2401 etc.
674 2348 830 2402 Tunc
859 2365 1120 2420 surgens
1150 2353 1412 2406 novitius
1442 2353 1600 2424 legat
1629 2355 1780 2408 banc
1891 2360 2118 2423 rum,et
2137 2354 2210 2408 de
2232 2353 2529 2426 omnijure
2543 2359 2779 2407 acstatu
2798 2351 3146 2419 illarum.v1,
3166 2351 3252 2404 De
3267 2350 3557 2406 electione

133 2431 530 2500 professionem
550 2451 574 2490 :
603 2458 625 2481 α
648 2436 778 2508 Ego
793 2436 991 2492 frater
1011 2439 1088 2494 Ν.
1122 2438 1385 2495 offerens
1408 2441 1580 2496 trado
1598 2443 1779 2513 meip-
1893 2449 1951 2497 et
1972 2442 2369 2511 ordinatione,
2395 2458 2462 2496 ac
2485 2442 2560 2496 de
2592 2441 2749 2496 omni
2770 2445 3069 2511 potestate
3090 2439 3145 2492 si
3159 2455 3221 2493 ve
3243 2444 3403 2492 statu
3425 2439 3554 2510 epi-
3570 2496 3584 2506 ,

136 2535 237 2574 sum
264 2522 531 2578 ecclesiae
555 2527 757 2579 sancti
780 2526 1014 2597 Donati,
1039 2534 1097 2582 et
1119 2530 1406 2600 promitto
1425 2531 1523 2584 bic
1544 2531 1778 2585 stabili-
1890 2547 2215 2602 scaporum.
2247 2547 2351 2598 vn,
2388 2531 2476 2584 De
2518 2531 2635 2583 vita
2678 2536 2736 2583 et
2767 2527 3141 2583 ordinatione
3178 2527 3551 2582 clericorum.

137 2614 281 2664 tatem
309 2611 439 2681 loci,
469 2619 530 2668 et
565 2613 964 2669 obedientiam
976 2618 1193 2687 priori,
1215 2624 1274 2673 et
1299 2620 1476 2673 vitam
1490 2619 1780 2691 profiteor
1888 2636 2010 2688 vui,
2035 2619 2123 2674 De
2143 2619 2346 2690 lapsis.
2369 2636 2449 2688 ix,
2471 2619 2558 2673 De
2588 2617 3005 2673 sacramentis.
3031 2634 3090 2685 x,
3123 2615 3212 2670 De
3233 2615 3548 2686 conjugiis.

130 2699 445 2769 canonicam,
481 2707 550 2756 et
583 2703 986 2774 sineprOprio.
1017 2729 1038 2754 ι»
1067 2706 1210 2760 Post
1228 2707 1355 2762 haec
1375 2708 1775 2778 sequunturiu
1887 2726 1966 2778 xi,
2001 2708 2087 2762 De
2101 2708 2474 2778 poenitentia.
2507 2725 2608 2776 xu,
2649 2706 2736 2760 De
2768 2704 3389 2762 excommunicatione.
3425 2720 3551 2772 xm,

133 2787 519 2845 eodemcodice
535 2791 793 2862 Regulae
811 2794 1002 2848 sancti
1023 2795 1363 2866 Augustini,
1395 2801 1452 2850 et
1480 2797 1637 2851 beati
1668 2798 1774 2850 Be-
1884 2797 1974 2851 De
2024 2793 2283 2851 vindicta
2316 2802 2374 2852 et
2398 2797 2817 2868 persecutione
2849 2794 3092 2866 injuste.
3135 2793 3280 2848 Haec
3315 2791 3462 2846 satis
3495 2791 3554 2846 in

135 2876 336 2945 nedicti,
368 2894 504 2932 cum
544 2879 732 2950 hujus
756 2881 884 2935 Vita
913 2886 1152 2937 auctore
1173 2883 1468 2955 Gregorio
1490 2885 1738 2956 Magno.’
1807 2895 1859 2957 ο
1887 2885 2208 2956 specimen.

187 2965 232 3018 6.
259 2963 418 3030 Quod
438 2967 658 3024 attinet
673 2969 747 3024 ad
759 2969 1025 3027 Anselmi
1046 2986 1223 3041 opera
1245 2987 1354 3027 seu
1375 2975 1619 3043 scripta,
1644 2974 1772 3028 hac

1227 3174 1550 3290 VITA
1618 3175 1724 3292 S.
1804 3175 2399 3290 ANSELMI

609 3361 627 3421 (ι
645 3352 787 3408 Vide
819 3355 1178 3426 Patrolngim
1215 3363 1347 3411 tom.
1403 3355 1722 3426 CXLVIII,
1776 3357 1884 3413 col.
1916 3357 2021 3412 905
2051 3359 2180 3412 inte

1480 3357 1555 3411 (ιλ
1574 3357 1722 3426 VIII,
1776 3357 1884 3413 col.
1916 3357 2021 3412 905
2051 3359 2213 3412 inter
2243 3357 2610 3410 ΜοΝιιιιιςΝτΑ
2641 3355 3051 3410 GREGORIANA.

742 3713 1643 3888 SANCTI
1801 3712 2897 3885 ANSELMI

1411 3977 1817 4040 LUCENSIS
1864 3977 2165 4038 EPISCO
2178 3978 2254 4036 PI

514 4151 1125 4284 CONTRA
1229 4155 2134 4288 GUIBERTUM
2245 4147 3165 4281 ANTIPAPAM

658 4361 804 4416 PRO
838 4361 1315 4418 DEFENSIONE
1345 4363 1706 4418 GREGORII
1754 4363 1853 4415 VII
1887 4361 2224 4416 LEGITIMI
2257 4359 2680 4415 PONTIFICIS
2711 4357 3005 4412 ROMANI

1465 4549 1840 4664 LIBRI
1922 4547 2205 4664 DUO

196 4745 496 4820 (CANISIUS,
529 4751 810 4823 Antiquae
837 4719 1168 4817 bectiones,
1205 4753 1342 4806 tom.
1367 4750 1460 4821 VI,
1485 4767 1620 4822 pag.
1646 4750 1768 4819 199,
1791 4767 1869 4805 ex
1889 4751 2248 4806 bibliotheca
2273 4751 2544 4808 ecclesiae
2574 4751 2945 4808 cathedralis
2966 4749 3470 4814 Ratisbonensis.)

1457 5064 1746 5146 LIBER
1802 5065 2191 5146 PRIMUS.

145 5265 425 5339 Proprium
473 5280 565 5330 est
601 5277 890 5332 bonorum
923 5279 1203 5333 mentium
1248 5279 1326 5333 ibi
1358 5281 1620 5333 metuere
1653 5278 1772 5332 cul-
1803 5259 1858 5320 D
1889 5281 1944 5333 et
1973 5281 2090 5332 tam
2120 5278 2299 5346 utilia,
2332 5282 2387 5333 et
2417 5279 2551 5332 aliis
2580 5280 2778 5350 ignota
2820 5279 3130 5332 videantur
3178 5281 3354 5333 scire.
3392 5280 3540 5334 Cum

149 5369 256 5422 pani
283 5361 376 5415 ubi
406 5379 521 5418 non
547 5368 658 5436 est;
692 5367 1078 5437 reproborum
1101 5383 1263 5437 vero,
1287 5383 1356 5423 se
1378 5368 1768 5438 praeferendo,
1890 5367 2106 5422 habent
2126 5368 2588 5439 intelligentiam,
2614 5383 2729 5421 non
2751 5367 3010 5437 seipsos,
3031 5367 3138 5422 sed
3161 5369 3542 5439 semperalia,

147 5444 271 5500 alios
307 5449 375 5503 de
407 5450 582 5508 fatuis
623 5457 925 5525 sensibus,
959 5457 1107 5512 alios
1138 5457 1209 5511 de
1241 5457 1502 5528 indignis
1542 5457 1771 5511 meritis
1886 5459 1949 5511 ut
1976 5457 2110 5526 plus
2140 5456 2448 5510 videantur
2478 5456 2654 5524 scire,
2680 5459 3036 5525 scrutantur,
3073 5472 3181 5510 nec
3207 5460 3548 5511 scrutantur

149 5537 571 5600 reprehendere.
608 5543 909 5616 Redargui
936 5545 1287 5614 despiciunt,
1314 5546 1450 5600 dum
1475 5563 1541 5601 se
1572 5547 1768 5600 redar-
1888 5563 1994 5599 sua
2043 5545 2215 5613 facta,
2247 5544 2353 5598 sed
2382 5544 2574 5598 aliena
2609 5545 2986 5616 investigent.
3021 5544 3134 5599 Sed
3163 5545 3326 5615 justo
3356 5547 3546 5599 omni-

147 5626 435 5688 gnentibus
457 5633 847 5700 sapientiores
879 5635 1288 5704 suspicantur;
1313 5651 1380 5690 ea
1401 5652 1535 5706 quas
1559 5635 1769 5689 intelli-
1886 5635 2141 5704 potentis
2167 5633 2268 5687 Dei
2293 5631 2520 5704 judicio
2543 5635 2757 5704 agitur,
2796 5638 2853 5686 ut
2888 5633 3025 5704 quia
3060 5649 3176 5687 non
3217 5633 3549 5687 habuerunt

153 5715 291 5782 Sunt,
321 5715 446 5773 aliis
466 5719 714 5776 libenter
733 5721 954 5792 dicunt,
981 5726 1042 5778 ut
1069 5723 1204 5793 plus
1225 5723 1346 5780 illis
1369 5728 1483 5779 tam
1507 5725 1764 5786 subtilia,
1885 5723 2151 5778 timorem
2180 5721 2305 5791 Dei,
2331 5723 2386 5775 et
2405 5737 2521 5777 non
2551 5726 2989 5793 pr0posuerunt
3019 5723 3203 5776 Deum
3237 5724 3368 5772 ante
3400 5735 3537 5775 con-
