3978 6178
445 290 565 362 447

1479 294 1543 360 8.
1585 293 1960 359 ANSELMI
2009 294 2419 358 LUCENSIS
2452 295 2837 360 EPISCOPI

3739 300 3840 364 448

444 504 712 572 spectum
742 514 916 555 suum
937 497 1124 569 (Psal.
1153 499 1295 567 Lm),
1317 499 1373 551 et
1394 497 1450 550 in
1468 460 1602 567 lege
1634 496 1767 567 ejus
1790 496 2107 550 noluerunt
2129 478 2181 541 Α
2221 495 2499 552 Adultera
2521 498 2813 569 siquidem
2842 514 2976 570 quea
3006 515 3163 554 nunc
3193 503 3284 554 est
3312 501 3372 553 in
3403 505 3566 571 parte
3596 502 3703 569 tua,
3722 501 3839 555 olim

445 591 745 645 ambulare
794 588 981 658 (Psal.
1026 588 1267 659 Lycxvu),
1318 585 1553 640 divitias
1597 601 1744 656 quas
1784 585 2106 639 devorave-

444 682 599 741 runt,
651 680 941 743 evomant,
985 681 1040 730 et
1091 676 1161 729 de
1208 677 1413 729 ventre
1459 690 1660 730 eorum
1708 675 1974 728 extrahat
2004 689 2106 727 eas

448 768 754 822 Dominus.
790 766 859 819 Et
889 767 1043 819 sicut
1074 765 1213 818 dicit
1242 764 1563 833 Apostolus
1589 779 1600 817 :
1645 762 1788 827 Quia
1830 780 1941 815 nou
1972 778 2107 832 pro-

444 856 735 909 baverunt
764 855 951 908 Deum
972 853 1189 907 habere
1220 854 1276 906 in
1311 854 1509 906 notitia
1530 852 1717 920 (Rom.
1761 856 1820 919 ι),
1866 851 2106 904 αοιιτεάί-

447 943 530 997 dit
556 944 689 997 illos
712 944 872 997 Deus
890 942 945 995 in
968 942 1283 1012 reprobum
1302 957 1544 996 sensum
1560 941 1782 1009 (lbid.).
1808 964 1828 986 η
1849 939 2106 1009 Spiritus

448 1033 603 1087 enim
622 1035 865 1086 sanctus
880 1031 1205 1100 disciplinae
1240 1029 1441 1101 elfugit
1472 1031 1689 1095 fictum,
1732 1033 1787 1082 et
1818 1029 2009 1083 aufert
2040 1044 2107 1083 se

450 1138 479 1175 a
539 1121 999 1191 cogitationibus
1031 1135 1163 1191 qum
1196 1125 1333 1174 sunt
1366 1121 1493 1173 sine
1523 1120 1837 1173 intellectu.
1864 1141 1884 1165 ιι
1917 1118 2111 1187 Super

449 1226 643 1282 quem,
695 1209 900 1280 inquit,
935 1209 1329 1279 requiescam,
1365 1209 1481 1262 nisi
1525 1224 1707 1277 super
1741 1208 2020 1262 humilem
2052 1211 2109 1261 et

449 1302 842 1366 mansuetum,
875 1302 931 1351 et
958 1301 1301 1351 trementem
1322 1298 1505 1351 verba
1526 1312 1652 1351 mea
1670 1299 1699 1350 ?
1716 1321 1736 1344 η
1763 1297 1907 1362 (lsai
1928 1297 2110 1365 vax.)

449 1387 522 1442 Et
572 1387 761 1441 alibi:
828 1408 849 1435 ι
910 1386 1055 1439 Cum
1104 1386 1476 1456 simplicibus
1523 1385 1938 1440 sermocinatio
1980 1402 2106 1441 mea

448 1477 653 1544 (Prov.
703 1476 806 1545 ιιι).
844 1499 866 1523 υ
913 1474 1038 1540 Quo
1069 1475 1403 1543 recedente,
1437 1480 1822 1529 vcrtcrnosus
1858 1489 2108 1543 serpens

447 1567 669 1620 tantum
719 1566 884 1619 virus
925 1564 1223 1633 insipienti
1255 1565 1689 1634 obscuratoque
1720 1564 1884 1618 cordi
1917 1562 2107 1618 infun-

448 1654 550 1723 dit,
582 1658 638 1708 et
662 1654 738 1706 ita
768 1657 950 1707 totum
965 1669 1191 1707 veneno
1218 1652 1539 1706 mortiferae
1558 1652 1923 1721 deceptionis
1942 1668 2108 1706 man-

453 1743 727 1811 cipatum,
746 1742 1129 1795 sivcservum
1160 1741 1430 1809 inebriat,
1464 1744 1526 1794 ut
1554 1756 1815 1795 amarum
1838 1741 2028 1807 dulce,
2057 1745 2113 1797 et

2222 585 2531 639 videbatur
2575 587 2968 658 Hierusalem,
3018 592 3221 643 sancta
3268 589 3547 643 videlicet
3585 589 3839 658 Ecclesia,

2223 674 2337 727 filia
2372 674 2533 744 regis
2566 675 2772 730 David.
2810 675 2946 745 Sed,
2980 677 3126 745 proh
3159 676 3359 732 dolor!
3411 681 3677 747 corrupta
3718 683 3797 732 est
3820 697 3846 733 a

2224 762 2400 816 fratre
2424 779 2553 832 suo,
2588 767 2644 818 et
2674 768 3050 835 constuprata
3080 782 3268 837 usque
3298 766 3369 820 ad
3404 768 3700 820 verticem.
3729 767 3845 820 0m-

2224 852 2318 905 nis
2349 853 2529 906 decor
2549 854 2683 923 ejus
2713 855 2965 909 recessit
2994 855 3068 908 ab
3100 871 3185 914 ea.
3224 856 3375 909 tecta
3398 858 3493 909 est
3514 855 3678 925 quasi
3699 855 3845 909 vidua

2225 940 2457 993 domina
2491 943 2773 1012 gentium,
2798 944 2936 1013 quia
2964 959 3072 997 rex
3096 944 3415 1014 Babylonis
3448 945 3707 1013 possidet
3724 959 3846 997 eam.

2223 1031 2365 1083 Cum
2398 1032 2553 1084 enim
2594 1032 2878 1085 Dominus
2927 1032 3081 1085 dicat
3113 1033 3177 1085 Β.
3211 1034 3386 1087 Petro
3421 1048 3435 1087 :
3493 1054 3515 1080 ι
3557 1032 3683 1086 Tibi
3721 1032 3848 1086 dabo

2224 1118 3150 1189 clavesregnicaslorumUllatt/z.
3167 1124 3287 1189 xvi)
3314 1143 3335 1170 ι
3363 1126 3454 1175 et:
3487 1145 3508 1168 α
3530 1120 3848 1190 Superbaac

2226 1211 2451 1277 petram
2499 1208 2805 1263 mdiﬁcabo
2841 1209 3172 1263 Ecclesiam
3214 1226 3406 1264 meam
3446 1210 3663 1279 (ibid.);
3699 1233 3719 1256 ι
3764 1214 3849 1261 et:

2229 1318 2249 1341 α
2276 1297 2464 1350 Pasce
2479 1312 2623 1351 oves
2638 1313 2798 1352 meas
2820 1298 3010 1367 (Joan.
3035 1300 3178 1368 xxx),
3208 1323 3229 1346 η
3274 1303 3331 1352 et
3361 1298 3508 1352 alibi
3533 1315 3545 1351 :
3583 1320 3604 1343 α
3640 1297 3756 1351 Una
3774 1303 3852 1352 est

2225 1385 2496 1439 columba
2513 1402 2641 1440 mea
2662 1386 2855 1455 (Cant.
2881 1389 2982 1456 v1),
3011 1408 3033 1437 ι
3054 1403 3448 1459 quiscumque
3470 1387 3706 1441 alterius
3719 1384 3852 1456 juris

2222 1475 2601 1543 usurpatione
2615 1477 3154 1547 corrumpitur,non
3162 1478 3184 1547 j
3193 1493 3285 1531 am
3298 1473 3851 1547 sponsaChristi,sed

2222 1563 2504 1630 adultera,
2539 1580 2652 1617 non
2683 1566 2891 1634 libera,
2925 1567 3032 1620 sed
3062 1566 3272 1619 ancilla
3303 1565 3689 1629 convincitur,
3725 1564 3855 1616 sicut

2222 1651 2361 1705 dicit
2391 1652 2601 1706 beatus
2632 1652 3026 1709 Ambrosius:
3083 1676 3105 1701 α
3140 1654 3480 1709 Convenior
3510 1669 3539 1706 a
3574 1650 3852 1706 comitibus

2224 1742 2279 1794 et
2308 1741 2582 1808 tribunis,
2609 1745 2669 1795 ut
2700 1757 2804 1811 per
2832 1759 2927 1797 me
2953 1742 3219 1797 basilicae
3258 1744 3429 1797 ﬁeret
3463 1744 3681 1795 matura
3706 1738 3857 1792 tradi-

456 1831 629 1885 dulee
659 1845 920 1883 amarum
952 1831 1168 1899 sapiat;
1195 1833 1256 1883 ut
1282 1830 1558 1884 tenebras
1590 1830 1800 1895 lucem,
1837 1834 1894 1884 et
1921 1833 2109 1886 lucem
2142 1846 2189 1913 Β
2222 1830 2319 1898 tio,
2379 1830 2711 1885 dicentibus
2756 1831 3168 1901 impcz‘atercm
3198 1832 3333 1903 jure
3380 1846 3496 1885 suo
3526 1828 3777 1900 jussisse
3806 1826 3857 1879 ut

450 1919 727 1972 tenebras
760 1918 987 1982 credat;
1014 1918 1231 1972 bonum
1255 1918 1506 1987 denique
1538 1920 1775 1989 malum,
1809 1923 1867 1973 et
1896 1922 2113 1976 malum

450 2009 671 2062 bonum
710 2009 941 2061 asserat
983 2007 1145 2073 (Isai.
1178 2009 1237 2075 v)
1270 2023 1281 2060 :
1331 2008 1537 2078 sicque
1584 2008 1643 2061 iit
1683 2012 1743 2062 ut
1772 2024 1845 2062 ex
1877 2009 2112 2065 duobus

454 2097 944 2150 convenientibus
976 2096 1292 2150 immundis
1322 2097 1657 2166 epiritibus,
1685 2098 1983 2167 plenitudo
2015 2115 2114 2153 su-

452 2185 675 2255 perbiai
705 2185 950 2253 firmata,
985 2186 1365 2240 daamoniacis
1399 2185 1789 2257 humanisque
1819 2189 2113 2259 contagiis

453 2274 748 2328 desertam
778 2278 1200 2345 vacantemque
1244 2275 1500 2344 domum,
1546 2276 1804 2329 omnium
1836 2276 2112 2332 vitiorum

452 2362 725 2417 comitatu
750 2363 979 2432 stipata,
997 2364 1153 2417 circa
1185 2363 1357 2417 ﬁnem
1383 2364 1583 2418 mundi
1605 2367 1853 2434 occupet
1870 2366 2108 2432 (Matth,

450 2456 576 2519 xu),
600 2455 939 2521 occupatam
972 2454 1293 2524 possideat,
1326 2470 1673 2524 possessam
1694 2459 2026 2527 prostituat,
2054 2462 2114 2513 ut

454 2542 645 2595 minor
684 2542 810 2612 jam
860 2543 1128 2598 videatur
1159 2544 1219 2597 in
1260 2546 1468 2615 capite,
1502 2551 1557 2600 et
1588 2548 1760 2616 quasi
1792 2562 1897 2617 per
1924 2548 2114 2602 incre-

418 2672 422 2675 .
452 2633 646 2685 menta
679 2632 1005 2701 temporum
1036 2632 1095 2686 in
1126 2636 1294 2688 aetate
1316 2634 1575 2704 perfecta
1596 2635 1954 2705 profecisse.
1981 2637 2115 2690 Dia-

451 2718 626 2773 bolus
659 2720 813 2774 enim
845 2721 1022 2775 dixit:
1073 2743 1095 2770 α
1127 2722 1348 2775 Ponam
1388 2724 1590 2779 sedem
1623 2739 1809 2779 meam
1843 2725 1915 2778 ad
1946 2725 2115 2797 aqui-

451 2807 669 2879 lonem,
704 2812 760 2863 et
803 2824 904 2864 ero
955 2810 1169 2865 similis
1200 2812 1507 2868 Altissimo
1553 2813 1719 2881 (Isai.
1752 2815 1909 2882 xiv):
1952 2834 1973 2863 ι
2030 2815 2114 2869 De

453 2902 615 2969 patre
642 2914 785 2954 vero
817 2901 909 2953 vel
942 2902 1105 2955 socio
1138 2904 1238 2955 tuo
1268 2902 1406 2956 dicit
1439 2903 1795 2973 Apostolus:
1827 2926 1849 2950 ε
1874 2904 1981 2970 Qui
2015 2919 2117 2958 ex-

450 2987 673 3041 tollitur
705 3004 886 3059 supra
926 3005 1097 3044 omne
1141 2991 1296 3061 quod
1327 2990 1542 3045 dicitur
1570 2995 1667 3045 aut
1710 2993 1867 3063 quod
1900 2992 2114 3048 colitur

454 3077 613 3131 Deus
637 3077 724 3143 (II
747 3078 952 3133 Thess.
986 3079 1068 3150 ιι).
1092 3102 1112 3128 ιο

525 3166 672 3220 Audi
708 3168 924 3238 itaque,
958 3169 1419 3225 sceleratissime
1442 3170 1837 3242 omnium,qui
1859 3172 1948 3226 sic
1970 3173 2114 3227 mihi
2149 3186 2202 3263 δ

448 3255 571 3327 jam
603 3257 992 3311 nominandus
1037 3273 1124 3325 es,
1165 3276 1233 3313 eo
1263 3259 1419 3330 quod
1454 3260 1665 3314 latrare
1699 3276 1814 3315 non
1866 3262 2111 3316 timuisti

453 3348 656 3400 contra
676 3346 983 3401 Dominum
999 3352 1055 3401 et
1072 3348 1422 3419 Magistrum
1443 3351 1635 3418 tuum;
1657 3364 1957 3420 cognosce
1980 3366 2113 3420 quae

452 3433 689 3503 prepria
739 3438 894 3488 sunt.
929 3435 1154 3504 Scripsi
1185 3437 1289 3490 tibi
1320 3453 1503 3505 pauca
1538 3454 1669 3491 cum
1701 3438 1878 3492 multo
1911 3440 2114 3494 dolore

455 3522 773 3575 etsincerae
792 3523 950 3576 chari
960 3524 1093 3577 tatis
1119 3524 1349 3592 affectu,
1384 3528 1836 3596 utcognoscens
1851 3522 2113 3582 errorem

452 3611 615 3663 tuum
646 3609 874 3663 redires
903 3610 973 3663 ad
999 3626 1119 3678 cor,
1146 3615 1202 3665 et
1218 3613 1612 3681 paenitentiam
1636 3630 1850 3685 ageres
1876 3615 2115 3670 delicto-

454 3713 585 3751 rum
618 3700 867 3751 tuorum.
894 3700 1007 3752 Sed
1041 3701 1175 3769 quia
1195 3701 1376 3755 verba
1398 3703 1496 3754 tua
1524 3702 1805 3774 iniquitas
1828 3708 1884 3757 et
1917 3704 2111 3774 dolus,

455 3788 513 3840 et
542 3786 780 3840 noluisti
806 3786 1138 3858 intelligere
1169 3791 1232 3843 ut
1262 3788 1409 3843 bene
1440 3805 1657 3862 ageres
1688 3792 1874 3846 (Psal.
1908 3796 2113 3863 xxxv),

456 3875 591 3928 audi
639 3874 864 3929 interea
895 3892 1029 3947 quae
1077 3876 1362 3931 Dominus
1397 3883 1599 3933 contra
1632 3884 1687 3933 te
1724 3896 1832 3950 per
1858 3881 2115 3950 prophe-

453 3966 572 4017 tam
603 3964 842 4018 clamat:
894 3988 914 4011 «ι
955 3965 1096 4019 Haec
1128 3966 1268 4021 dicit
1307 3967 1591 4022 Dominus
1622 3970 1782 4023 Deus
1814 3987 1826 4024 :
1876 3971 1993 4024 Ista
2022 3973 2116 4025 est

458 4052 869 4121 Hierusalem;
918 4054 976 4106 in
1006 4054 1199 4109 medio
1249 4056 1509 4127 gentium
1558 4058 1731 4126 posui
1780 4074 1928 4125 eam,
1973 4060 2029 4113 et
2058 4060 2115 4112 in

456 4140 703 4195 circuitu
727 4141 862 4213 ejus
894 4146 1129 4199 terram.
1164 4143 1233 4198 Et
1266 4146 1851 4215 contempsitjudicia
1880 4150 2118 4214 mea,ut

455 4229 590 4299 plus
613 4233 776 4284 esset
795 4230 968 4300 impia
990 4246 1162 4302 quam
1181 4236 1409 4303 gentes,
1435 4237 1489 4287 et
1511 4240 1803 4305 praecepta
1825 4251 1953 4290 mea
1969 4235 2118 4290 ultra

454 4333 627 4388 quam
658 4321 832 4374 terra
854 4335 986 4391 quae
1018 4322 1076 4374 in
1099 4322 1347 4375 circuitu
1369 4321 1501 4392 ejus
1525 4326 1681 4377 sunt.
1708 4324 1940 4377 Judicia
1962 4323 2119 4378 enim

456 4421 583 4461 mea
611 4406 1010 4478 projecerunt,
1046 4413 1101 4463 et
1132 4410 1189 4462 in
1222 4410 1538 4480 praeceptis
1559 4411 1727 4466 'meis
1761 4428 1876 4466 non
1913 4413 2119 4468 ambu-

452 4494 744 4549 laverunt.
780 4494 1005 4549 ldcirco
1037 4495 1165 4550 haec
1217 4497 1359 4550 dicit
1396 4497 1677 4552 Dominus
1712 4498 1871 4552 Deus
1907 4517 1917 4553 :
1964 4500 2118 4556 Ecce

455 4598 568 4655 ego
598 4581 671 4635 ad
702 4584 777 4651 te,
816 4584 873 4635 et
903 4582 1031 4652 ipse
1062 4599 1175 4655 ego
1208 4583 1419 4637 faciam
1450 4586 1507 4637 in
1540 4585 1732 4640 medio
1778 4587 1862 4640 tui
1896 4586 2118 4658 judicia

455 4672 516 4725 in
546 4670 737 4725 oculis
770 4671 1052 4741 gentium,
1088 4675 1144 4725 et
1179 4670 1390 4725 faciam
1420 4673 1478 4725 in
1500 4676 1555 4727 te
1586 4690 1718 4743 quae
1754 4690 1867 4729 non
1898 4676 2031 4745 feci,
2062 4680 2118 4732 et

454 4761 670 4832 quibus
704 4760 918 4813 similia
943 4761 1089 4814 ultra
1112 4776 1226 4815 non
1251 4761 1457 4815 faciam
1481 4766 1722 4833 propter
1744 4779 1952 4819 omnes
1974 4767 2117 4820 abo-

456 4849 807 4905 minationes
836 4853 991 4903 tuas.
1032 4849 1169 4904 Ideo
1200 4855 1399 4919 patres
1444 4852 1753 4907 comedent
1784 4869 1929 4907 suos
1962 4853 2117 4908 ﬁlios

455 4940 517 4994 in
546 4939 738 4995 medio
770 4940 873 5005 tui,
904 4942 960 4993 et
989 4938 1092 4993 ﬁlii
1115 4940 1423 4994 comedent
1460 4942 1659 5009 patres
1696 4956 1843 4996 suos
1868 4942 2114 5010 (Ezech.

457 5028 536 5097 v).
574 5052 596 5076 η
647 5028 789 5082 Hmc
820 5029 1015 5099 itaque
1047 5044 1180 5081 cum
1212 5028 1416 5082 videas
1446 5028 1565 5082 tuis
1605 5030 1974 5100 temporibus
2004 5032 2117 5085 im-

455 5116 632 5185 pleta,
657 5119 715 5170 et
733 5117 965 5171 Veritas
992 5118 1182 5171 dicat:
1224 5139 1245 5165 u
1280 5116 1514 5171 Faciam
1545 5134 1676 5188 quae
1716 5130 2015 5190 nunquam
2058 5121 2118 5174 in

458 5206 513 5257 te
544 5203 677 5268 feci,
712 5208 768 5257 et
798 5206 1014 5274 quibus
1046 5205 1259 5259 similia
1288 5207 1440 5259 ultra
1458 5221 1574 5260 non
1608 5206 1817 5261 faciam
1844 5224 1858 5277 ;
1888 5232 1908 5256 ιι
1944 5224 2119 5279 quas-

458 5290 774 5360 doquidem
802 5294 1156 5348 abominatio
1180 5309 1328 5349 nova
1358 5297 1414 5348 et
1436 5295 1693 5348 inaudita
1724 5297 1806 5349 tui
1831 5298 2115 5366 temporis

458 5382 515 5434 te
557 5383 614 5434 et
646 5379 954 5434 Dominum
984 5385 1147 5435 tuum
1178 5383 1249 5436 N.
1285 5387 1340 5437 et
1371 5398 1477 5453 per
1517 5399 1629 5438 vos
1660 5385 1980 5455 complices
2011 5401 2117 5439 ve-

461 5470 620 5522 stros
642 5483 811 5521 novae
834 5468 1062 5522 addicat
1086 5470 1493 5525 maledictioni.
1520 5472 1649 5526 Tibi
1668 5473 1840 5527 etiam
1863 5488 2116 5528 necesse

460 5560 571 5625 est,
605 5556 658 5611 si
690 5556 783 5609 vis
813 5558 1018 5611 salvus
1048 5574 1205 5628 esse,
1240 5560 1860 5631 inauditumjudicium
1883 5561 2115 5616 adscri-

460 5647 613 5707 bas:
676 5645 793 5701 Ista
841 5648 932 5701 est
976 5650 1162 5703 mater
1223 5647 1631 5721 Hierusalem,
1686 5675 1708 5699 »
1752 5652 1807 5705 et
1864 5649 2110 5724 reliqua.

2221 1934 2354 1988 quae
2386 1920 2444 1972 in
2476 1923 2763 1988 potestate
2794 1920 2929 1992 ejus
2970 1925 3196 1990 essent,
3230 1922 3427 1975 omnia
3470 1919 3619 1973 tradi
3647 1917 3854 1981 debere;

2223 2007 2504 2078 reSpondi
2540 2024 2551 2061 :
2587 2007 2647 2062 Si
2670 2024 2703 2061 a
2732 2024 2824 2063 me
2864 2013 3089 2079 peteret
3119 2011 3275 2079 quod
3311 2024 3513 2063 meum
3556 2009 3663 2073 est,
3702 2006 3751 2058 id
3780 2009 3857 2056 est

2224 2094 2466 2150 fundum
2519 2112 2731 2165 meum,
2784 2103 3093 2169 argentum
3142 2113 3359 2167 meum,
3404 2099 3514 2169 jus
3547 2091 3855 2165 hujusmodi

2225 2200 2439 2254 meum,
2488 2201 2580 2239 me
2628 2201 2743 2239 non
2793 2188 3247 2257 refragaturum,
3296 2199 3639 2258 quanquam
3691 2180 3853 2237 omnia

2225 2289 2358 2344 quas
2406 2289 2533 2328 mea
2583 2278 2721 2329 sunt
2751 2291 3074 2346 pauperum
3117 2277 3271 2345 sint;
3309 2291 3521 2331 verum
3550 2289 3617 2328 ea
3641 2286 3760 2342 quis
3784 2268 3853 2321 di-

2227 2365 2357 2417 vina
2379 2367 2536 2433 sunt,
2551 2365 2944 2433 imperatoriae
2964 2366 3239 2435 potestati
3259 2380 3377 2420 non
3393 2379 3537 2420 esse
3554 2359 3816 2430 subjecta.
3834 2381 3852 2399 -

2226 2452 2296 2506 Et
2325 2452 2496 2522 paulo
2518 2457 2653 2523 post
2678 2469 2689 2507 :
2728 2476 2750 2499 ιι
2783 2453 2906 2507 Nec
2944 2454 3082 2508 mihi
3113 2454 3204 2507 fas
3228 2457 3321 2508 est
3346 2454 3601 2517 tradere,
3628 2464 3728 2503 nec
3746 2445 3850 2509 tibi.

2226 2541 2560 2610 imperator,
2610 2542 2883 2612 accipere
2931 2543 3185 2613 expedit.
3233 2544 3457 2597 Domus
3488 2537 3694 2611 privati
3721 2533 3852 2589 nullo

2224 2634 2421 2701 potest
2450 2630 2591 2701 jure
2632 2632 2902 2685 temerari
2930 2647 2943 2685 :
2985 2632 3221 2686 domum
3255 2633 3356 2686 Dei
3389 2630 3693 2685 existimas
3719 2622 3852 2675 aufe-

2226 2721 2467 2773 rendam
2486 2721 2517 2773 ἐν
2552 2720 2857 2791 Allegatur
2883 2720 3223 2790 imperatori
3248 2721 3431 2775 licere
3460 2716 3670 2782 omnia,
3694 2712 3851 2782 ipsius

2226 2823 2363 2862 esse
2376 2809 2675 2878 universa,
2688 2807 3205 2879 Respondeo:Noli
3220 2822 3476 2879 gravare
3490 2801 3852 2874 te,imporaf0l'

2226 2901 2470 2967 utputcs
2486 2900 2539 2951 te
2554 2897 2609 2950 in
2625 2912 2838 2968 eaquae
2852 2898 3049 2952 divina
3062 2897 3533 2967 sunt,imperiale
3545 2885 3849 2963 aliquodjus

2226 2986 2465 3041 habere.
2483 2986 2618 3040 Noli
2641 2988 2695 3040 te
2714 2987 3021 3057 extollere,
3038 2988 3144 3042 sed
3158 2988 3209 3041 si
3227 2988 3318 3040 vis
3336 2986 3560 3040 diutius
3577 2982 3850 3050 imperare.

2225 3078 2353 3129 esto
2374 3074 2494 3129 Deo
2512 3076 2818 3130 subditus:
2844 3075 3139 3147 Scriptum
3161 3076 3450 3130 estenim:
3475 3074 3614 3138 Quae
3631 3062 3851 3122 Caisaris

2225 3164 2468 3231 Caesari,
2492 3180 2627 3234 quae
2651 3164 2755 3219 Dei
2778 3164 2900 3218 Deo
2929 3165 3167 3234 (Matth.
3201 3166 3324 3233 xu).
3355 3164 3443 3217 Ad
3479 3158 3848 3231 imperatorem

2225 3253 2435 3323 palatia
2465 3254 2777 3321 pertinent,
2813 3254 2883 3307 ad
2904 3255 3272 3307 sacerdotem
3296 3252 3590 3306 ecclesiae.
3617 3243 3841 3299 Publico-

2224 3358 2356 3396 rum
2385 3342 2490 3396 tibi
2522 3342 2797 3396 maenium
2820 3341 2925 3411 jus
2959 3346 3050 3396 est
3092 3342 3500 3409 commissum,
3535 3351 3645 3392 non
3674 3343 3845 3386 sacro-

2227 3446 2376 3485 rum.
2413 3429 2628 3484 Iterum
2669 3431 2884 3485 dicitur
2912 3430 3054 3485 mihi
3086 3430 3400 3484 mandasse
3436 3428 3841 3497 imperatorem:

2227 3518 2425 3573 Debeo
2448 3524 2513 3574 et
2543 3535 2655 3591 ego
2686 3535 2860 3573 unam
2892 3519 3202 3573 basilicam
3232 3518 3473 3573 habere.
3499 3507 3844 3582 Respondeat

2227 3607 2359 3661 Non
2381 3607 2512 3661 licet
2545 3608 2848 3661 tibi-ullam
2886 3608 3124 3661 habere.
3163 3606 3313 3671 Quid
3343 3606 3449 3660 tibi
3495 3617 3624 3658 cum
3662 3593 3846 3687 adulte-

2228 3698 2335 3750 ra?
2368 3697 2644 3751 Adultera
2673 3696 2830 3751 enim
2861 3699 2972 3764 est,
3006 3712 3139 3767 quae
3156 3711 3278 3750 non
3310 3698 3401 3748 est
3428 3692 3686 3765 legitimo
3714 3682 3848 3737 Chri-

2230 3786 2302 3838 sti
2345 3786 2625 3856 conjugio
2674 3786 2961 3855 copulata.
2997 3784 3191 3838 Veteri
3219 3780 3357 3854 jure
3402 3800 3436 3836 τι
3477 3770 3847 3835 sacerdotibus

2229 3874 2439 3929 donata
2470 3875 2734 3945 imperia,
2769 3890 2885 3928 non
2918 3874 3224 3943 usurpata.
3265 3898 3286 3920 »ι

2298 3965 2540 4018 Constat
2589 3964 2781 4033 itaque
2825 3963 2959 4034 quia
3010 3962 3279 4017 Ecclesia
3317 3963 3447 4015 hare
3486 3974 3601 4014 non
3629 3954 3712 4009 est
3737 3957 3847 3998 vera

2228 4053 2496 4107 Ecclesia
2537 4052 2641 4107 sed
2667 4053 2947 4121 adultera,
2984 4068 3115 4106 cum
3148 4052 3303 4105 sicut
3330 4050 3542 4104 beatus
3563 4039 3846 4114 Cyprianus

2226 4142 2403 4199 dicit:
2440 4164 2464 4192 ιι
2490 4141 2771 4211 Quisquis
2803 4142 2875 4195 ab
2916 4140 3184 4197 Ecclesia
3200 4143 3576 4212 segregatus
3606 4127 3848 4186 adultera?

2219 4230 2563 4303 ,ἱιιηεξιιιννθ
2588 4230 2908 4299 promissis
2938 4228 3224 4284 Ecclesiae
3247 4228 3578 4296 separatur;
3610 4233 3705 4311 nec
3734 4223 3846 4311 per:

2227 4320 2422 4374 veniet
2465 4319 2537 4372 ad
2573 4318 2792 4373 Christi
2839 4318 3101 4389 praemia,
3151 4318 3251 4389 qui
3293 4315 3532 4386 reliquit
3563 4306 3846 4367 Ecclesiam

2227 4407 2467 4462 Christi.
2486 4408 2730 4461 Alienus
2745 4411 2856 4476 est,
2874 4405 3156 4475 profanus
3185 4409 3296 4475 est,
3322 4404 3515 4458 hostis
3531 4402 3637 4465 est,
3667 4389 3845 4476 habt”?3

2228 4512 2344 4550 non
2374 4498 2570 4565 potest
2590 4497 2775 4550 Deum
2805 4472 3051 4566 patrem,
3075 4494 3177 4565 qui
3207 4472 3540 4548 Ecclesiam
3569 4500 3678 4543 non
3704 4472 3846 4534 habt"t

2228 4588 2494 4640 matrem.
2524 4608 2545 4631 ι»

2301 4673 2469 4727 Unde
2501 4676 2557 4727 et
2586 4673 2795 4727 beatus
2824 4670 3096 4727 Gelasius
3123 4671 3273 4725 inter
3294 4673 3509 4724 caetera
3542 4662 3706 4721 dicit:
3740 4646 3844 4703 ιΑά

2229 4762 2574 4817 sacerdotes
2603 4761 2763 4816 Deus
2794 4760 2977 4815 voluit
3004 4775 3139 4831 qua)
3170 4758 3458 4814 Ecclesiae
3500 4755 3637 4811 sunt
3673 4746 3844 4831 (Περοτ

2231 4851 2419 4905 nenda
2448 4851 2761 4919 pertinere,
2799 4864 2915 4903 non
2946 4848 3018 4902 ad
3050 4848 3258 4903 saeculi
3284 4848 3637 4918 potestates;
3666 4845 3779 4921 qu?

2230 4912 2627 5008 fideles-sunt,
2661 4912 2947 4992 Ecclesiae
2996 4953 3123 4991 suae
3172 4939 3229 4992 et
3258 4912 3665 4991 sacerdotibus
3696 4912 3845 4975 νοιυίί

2230 5043 2368 5083 esse
2392 5026 2718 5099 subjectus.
2744 5027 2876 5081 Non
2899 5026 3014 5080 sibi
3032 5025 3613 5095 vindicetimperator
3630 5013 3843 5099 alienugl

2223 5116 2349 5188 jus,
2382 5112 2438 5171 et
2460 5086 2857 5170 ministerium
2889 5115 3044 5185 quod
3082 5114 3181 5167 alii
3225 5086 3563 5183 deputatum
3593 5106 3692 5162 est.
3723 5120 3741 5144 ιι
3790 5086 3844 5141 Εἴ

2229 5206 2405 5275 paulo
2435 5208 2569 5274 post
2595 5220 2606 5258 :
2646 5224 2668 5253 α
2690 5203 2953 5273 Obsequi
2985 5202 3181 5257 solere
3201 5202 3502 5272 principes
3522 5188 3842 5254 Christianos

2230 5293 2517 5347 Ecclesiae
2531 5292 2931 5353 decretis;non
2945 5306 3111 5344 suam
3124 5304 3473 5359 prmponere
3488 5278 3838 5357 potestatem”

2300 5381 2432 5436 Noli
2448 5382 2641 5451 itaque
2655 5379 2852 5433 dicere
2866 5379 3003 5450 quia
3015 5374 3660 5432 universalisEcclesiie
3675 5365 3836 5451 ('qu

2228 5469 2623 5539 suscepimus.
2639 5468 2943 5532 Quomodo
2956 5468 3109 5521 enim
3129 5467 3233 5522 tibi
3250 5466 3569 5521 commissa
3580 5461 3663 5517 est
3680 5442 3844 5539 E00“:

2228 5561 2313 5613 sia
2356 5574 2531 5630 quem
2562 5559 2792 5613 constat
2840 5573 2958 5612 non
2995 5557 3255 5611 intrasse
3302 5571 3409 5626 per
3444 5554 3672 5614 ostium,
3715 5525 3837 5630 quod

2227 5647 2310 5701 Ch
2321 5626 2505 5702 ristus
2518 5649 2630 5715 est,
2651 5645 2760 5701 sed
2775 5645 3012 5701 aliunde
3022 5645 3375 5700 ascendisse
3389 5647 3451 5699 ut
3460 5626 3837 5700 furem?(J08”'
