3978 6178
172 342 269 405 449

639 333 980 397 CONTRA
1025 329 1542 397 GUIBERTUM
1586 326 1776 390 ΑΝΤ]

1952 324 2094 389 ἈΜ
2137 323 2367 387 LIBRI
2413 322 2610 385 DUO.
2650 356 2720 369 -
2751 322 2911 384 LIB.
2943 322 2991 382 Ι.

3400 319 3519 391 450

164 541 230 607 x.)
254 534 554 607 Apostolica
582 531 733 587 enim
780 534 837 586 et
877 528 1237 585 universalis
1275 526 1546 582 Ecclesia
1577 540 1752 581 suum
1777 513 1822 574 Α
1856 525 1992 595 bus,
2027 541 2159 596 quae
2191 527 2329 581 sunt
2357 540 2581 595 eorum,
2604 541 2676 579 ne
2706 526 2883 580 simul
2906 526 3160 597 pereatis
3186 527 3242 580 in
3273 530 3517 597 peccato

164 626 371 682 habebat
396 625 696 692 pastorem.
731 620 808 674 Ut
837 620 991 674 enim
1022 618 1095 673 de
1124 618 1296 671 beato
1326 616 1616 686 Gregorio
1646 614 1755 668 Pa-

162 720 230 770 tre
255 719 435 767 nostro
462 711 645 764 dicam
676 725 810 781 quae
831 708 903 762 de
934 707 1207 762 Cornelio
1238 704 1481 774 scripsit
1509 702 1649 774 Cyp:
1668 703 1753 755 ia-

162 819 250 857 nus
280 818 291 855 :
324 824 343 847 ι
374 798 574 853 Factus
603 803 693 853 est
715 799 1037 867 episcopus
1073 796 1145 849 de
1172 795 1280 848 Dei
1301 797 1357 848 et
1377 793 1598 847 Christi
1618 790 1753 862 ejus

156 890 354 962 judicio,
382 889 447 942 de
478 888 823 941 clericorum
853 901 1002 955 pene
1035 885 1319 953 omnium,
1346 886 1420 952 et,
1454 886 1515 943 ut
1546 895 1755 935 verum

160 981 329 1047 dicam,
360 976 583 1032 omnino
614 975 873 1030 omnium
900 974 1272 1043 testimonio;
1305 972 1377 1026 de
1408 971 1598 1040 plebis
1622 984 1756 1040 quae

158 1075 264 1122 tunc
279 1065 442 1120 adfuit
468 1063 774 1135 suffragio,
808 1063 878 1117 de
898 1063 1271 1117 sacerdotum
1302 1061 1676 1131 antiquorum
1704 1058 1761 1111 et

157 1156 365 1210 virorum
392 1153 681 1207 bonorum
713 1150 983 1222 collegio,
1020 1166 1152 1203 cum
1185 1164 1356 1203 nemo
1388 1152 1521 1202 ante
1552 1162 1619 1201 se
1635 1147 1761 1200 fac-

153 1248 223 1300 tus
247 1245 405 1311 esset,
437 1256 570 1295 cum
588 1239 907 1295 Alexandri
932 1238 1124 1305 locus,
1157 1241 1214 1291 et
1246 1236 1759 1304 cumlocusPctri,

156 1332 224 1385 vel
247 1331 443 1402 gradus
475 1328 775 1385 cathedrae
805 1326 1193 1405 sacerdotalis
1223 1329 1482 1380 vacaret.
1516 1324 1641 1389 Quo
1673 1340 1765 1379 oc-

157 1424 321 1491 cupato
347 1420 401 1473 et
428 1417 498 1473 de
530 1418 639 1471 Dei
670 1417 966 1471 voluntate
996 1420 1174 1486 atque
1202 1414 1461 1468 omnium
1493 1416 1763 1467 nostrum

156 1522 402 1562 consensu
430 1506 719 1573 ordinato,
738 1504 1014 1575 quisquis
1026 1500 1275 1573 jamjam
1296 1503 1619 1572 episc0pus
1638 1501 1765 1555 ﬁeri

155 1596 371 1665 voluerit,
401 1594 562 1649 foras
604 1596 704 1648 fiat
733 1608 985 1648 necesse
1018 1597 1137 1657 est,
1183 1607 1293 1646 nec
1327 1592 1535 1645 habent
1566 1590 1763 1644 eccle-

155 1686 402 1739 siasticam
449 1682 905 1751 ordinationem,
952 1680 1052 1751 qui
1098 1679 1385 1734 Ecclesiae
1440 1695 1557 1733 non
1607 1682 1763 1733 tenet

154 1775 396 1828 unitatem.
410 1770 698 1842 Quisquis
714 1770 809 1824 ille
832 1769 1025 1838 fuerit,
1049 1768 1183 1822 licet
1206 1768 1277 1822 de
1294 1784 1360 1823 se
1376 1766 1766 1839 multumjac-

1859 629 2061 669 eorum
2094 614 2292 682 (Num.
2335 614 2476 681 xvr).
2511 613 2583 667 Et
2612 629 2744 683 quae
2789 615 3198 669 comminitans
3231 616 3516 671 Dominus

1862 718 1969 773 per
2000 703 2245 773 Moysen
2282 703 2473 757 fuerat
2506 703 2787 773 implevit.
2823 703 2896 757 Ut
2927 703 3179 774 quisque
3211 720 3277 758 se
3310 722 3342 758 a
3371 706 3520 759 Core

1869 796 1924 845 et
1956 791 2178 845 Dathan
2202 795 2259 845 et
2286 792 2517 845 Abiron
2552 808 2669 845 non
2691 796 3054 862 separasset,
3089 808 3295 861 poenas
3327 794 3520 847 statim

1863 896 1969 950 pro
2003 881 2177 950 impia
2226 881 2634 935 communione
2679 882 3064 954 persolveret.
3097 881 3221 946 Quo
3253 882 3522 954 exemplo

1865 969 2195 1023 ostenditur
2230 971 2287 1023 et
2334 970 2621 1038 probatur
2667 970 2958 1024 obnoxios
2996 971 3189 1025 omnis
3241 972 3429 1040 culpae
3468 973 3526 1025 et

1864 1073 2055 1127 ιιοειιω
2084 1057 2318 1112 futuros
2351 1058 2452 1129 qui
2474 1074 2540 1113 se
2573 1058 2972 1113 schismaticis
3002 1064 3205 1114 contra
3236 1060 3525 1131 praeposi-

1863 1148 1957 1199 tos
1990 1150 2045 1200 et
2075 1146 2422 1201 sacerdotes
2454 1145 2792 1217 irreligiosa
2812 1149 3137 1202 temeritate
3155 1150 3522 1218 miscuerint,

1866 1234 2021 1288 sicut
2050 1235 2222 1288 etiam
2253 1250 2361 1304 per
2404 1233 2557 1290 Osee
2607 1235 2950 1306 prOphetam
2982 1236 3236 1307 Spiritus
3280 1241 3526 1294 sanctus

1865 1325 2231 1377 contestatur
2252 1327 2308 1377 et
2339 1323 2480 1377 dicit
2514 1338 2527 1377 :
2562 1322 2863 1378 Sacriﬁcia
2885 1340 3086 1380 eorum
3121 1328 3397 1396 tanquam
3426 1343 3526 1397 pa-

1866 1410 1961 1464 nis
1989 1411 2205 1481 luctus,
2239 1426 2444 1466 omnes
2475 1412 2574 1483 qui
2605 1413 2956 1467 manducant
2972 1430 3037 1467 ea
3062 1415 3529 1470 contaminantur

1867 1500 2028 1569 (Ose.
2060 1498 2165 1570 ix),
2202 1500 2425 1554 docens
2465 1501 2692 1555 scilicet
2722 1505 2779 1556 et
2807 1502 3128 1557 ostendens
3160 1519 3366 1558 omnes
3397 1519 3524 1558 om-

1867 1589 2005 1642 nino
2039 1603 2172 1642 cum
2217 1589 2560 1643 auctoribus
2603 1590 2894 1660 supplicio
2928 1591 3232 1665 conjungi,
3265 1594 3365 1665 qui
3400 1592 3525 1647 fue-

1867 1677 1983 1731 rint
2012 1692 2215 1731 eorum
2246 1679 2486 1748 peccato
2509 1679 2904 1734 contaminati.
2932 1698 2955 1728 ι

1942 1783 2052 1837 His
2071 1786 2121 1837 et
2136 1783 2269 1837 aliis
2282 1782 2608 1839 innumeris
2628 1784 2989 1839 salutaribus
3003 1788 3317 1858 praeceptis
3330 1788 3528 1844 admo-

152 1866 266 1930 tans,
285 1864 335 1916 et
354 1860 465 1914 sibi
482 1859 809 1930 plurimum
829 1857 1159 1926 vindicans,
1175 1856 1463 1925 profanus
1488 1859 1599 1925 est,
1620 1856 1767 1909 alie-

1952 1872 1996 1942 .i,
2027 1872 2391 1926 detestamur
2418 1887 2533 1927 non
2564 1876 2933 1927 sacramenta
2958 1856 3264 1944 Ecclesiae,
3286 1878 3441 1932 sicut
3469 1882 3532 1933 tu

150 1954 342 2015 nusest,
366 1950 512 2003 foris
531 1950 646 2016 est,
664 1952 721 2001 et
739 1946 1280 2016 cumpostprimum
1300 1945 1602 1999 secundus
1627 1960 1767 1999 esse

153 2055 237 2091 non
252 2038 443 2107 possit,
466 2036 748 2108 quisquis
766 2038 897 2104 post
912 2050 1090 2088 unum
1109 2033 1207 2104 qui
1233 2032 1400 2087 solus
1414 2048 1552 2087 esse
1570 2033 1762 2102 debet,

149 2124 300 2180 factus
327 2131 431 2192 est,
466 2141 585 2179 non
617 2124 923 2178 secundus
955 2122 1072 2191 ille,
1107 2123 1215 2176 sed
1244 2122 1444 2176 nullus
1476 2124 1589 2175 est.
1627 2144 1649 2170 ι)

204 2232 321 2287 Haec
349 2236 482 2287 sunt
505 2229 739 2302 judicia
786 2229 912 2298 Dei,
946 2244 1080 2298 quae
1116 2228 1486 2298 projecistis,
1521 2232 1577 2281 et
1605 2242 1763 2297 prae-

152 2323 282 2390 cepta
299 2320 580 2390 inquibus
597 2317 900 2371 ambulare
926 2316 1487 2383 noluistis,omnium
1507 2320 1770 2387 gentium

149 2407 461 2479 iniquitatem
493 2405 910 2478 supergressi,
931 2420 1065 2458 cum
1086 2405 1145 2457 in
1167 2404 1465 2459 infernum
1497 2406 1771 2460 viventes

149 2496 521 2552 descendistis.
545 2496 773 2550 Omnes
794 2494 988 2564 itaque
1022 2495 1229 2564 gentes
1254 2494 1310 2547 in
1332 2495 1773 2564 comparatione

151 2586 297 2639 vestri
325 2584 581 2639 sceleris
606 2582 965 2653 justificatas
995 2581 1315 2650 credimus,
1350 2582 1487 2652 quia
1516 2587 1651 2652 post
1682 2583 1781 2637 do-

153 2689 261 2727 num
284 2676 590 2743 acceptum
638 2672 826 2725 sancti
857 2670 1132 2740 Spiritus,
1168 2670 1534 2741 virtutesque
1569 2689 1776 2742 super-

150 2764 337 2816 venturi
366 2761 610 2830 saeculi,
653 2776 771 2815 non
808 2759 1000 2813 solum
1032 2759 1186 2813 sicut
1222 2759 1406 2813 Deum
1437 2761 1775 2831 glorificare

149 2852 400 2917 noluistis,
432 2850 546 2904 sed
586 2852 789 2903 contra
826 2851 1120 2917 praecepta
1160 2846 1294 2917 ejus
1327 2848 1494 2919 leges
1530 2850 1778 2919 iniquas

149 2943 453 3007 statuentes,
487 2952 733 2992 omnem
755 2937 928 2990 vobis
950 2937 1165 2990 aditum
1189 2937 1379 2991 venire
1410 2937 1780 2993 interclusis-

147 3030 222 3096 tis,
250 3029 353 3083 nisi
382 3028 453 3082 ad
483 3027 775 3082 unitatem
806 3026 1009 3079 matris
1032 3024 1340 3095 Ecclesiae,
1362 3026 1515 3080 unde
1537 3028 1779 3096 praecisi

149 3118 283 3186 estis,
304 3117 591 3184 redeatis,
613 3130 746 3185 quae
769 3114 895 3169 sola
911 3113 1016 3185 jus
1037 3114 1258 3185 ligandi
1281 3118 1338 3168 et
1353 3115 1625 3170 solvendi
1642 3132 1778 3184 pos-

149 3207 286 3261 sidet.
336 3207 630 3261 Dominus
678 3218 931 3275 namque
975 3203 1159 3261 dicit:
1200 3225 1221 3252 α
1255 3203 1449 3258 Gratis
1491 3205 1776 3275 acceptis,
1812 3203 2075 3304 Cdicit:
2131 3225 2152 3251 ι
2204 3200 2548 3272 Compellite
2588 3204 2805 3257 intrare
2857 3204 3019 3273 (Luc.
3071 3204 3214 3276 xw),
3261 3228 3284 3254 η

146 3295 299 3365 gratis
314 3295 440 3349 date
463 3297 481 3362 (
484 3292 714 3348 315ml).
737 3291 816 3363 x).
835 3290 946 3355 Qui
966 3307 1084 3347 non
1104 3292 1281 3346 intrat
1291 3308 1400 3362 per
1415 3293 1778 3363 ostium,non

147 3385 219 3437 est
234 3387 419 3453 pastor
440 3383 652 3438 ovium
672 3381 861 3452 (Joan.
882 3382 962 3451 χ).
990 3380 1060 3435 Et
1078 3382 1470 3452 quodcunque
1492 3382 1776 3454 ligaveris

152 3486 301 3542 super
329 3477 572 3541 terram,
596 3471 707 3525 erit
727 3470 968 3541 ligatum
992 3473 1048 3523 et
1074 3470 1134 3524 in
1152 3470 1300 3525 coelo
1321 3470 1558 3540 (Matth.
1580 3473 1722 3541 xw).
1748 3497 1771 3521 ι)

205 3578 316 3633 Rex
341 3583 547 3634 autem
574 3581 755 3632 tunus
786 3577 915 3631 sine
947 3576 1384 3632 intermissione
1405 3579 1608 3633 vendit
1628 3579 1785 3648 epis-

150 3672 359 3737 copatus
388 3683 568 3736 suos,
588 3667 778 3721 edicta
807 3681 1150 3735 proponens
1181 3669 1241 3720 ut
1270 3666 1469 3721 nullus
1499 3668 1784 3723 habeatur

148 3757 453 3828 episcopus,
491 3758 603 3828 qui
635 3773 668 3809 a
696 3756 854 3810 clero
886 3755 1134 3822 electus,
1169 3755 1260 3810 vel
1290 3772 1324 3810 a
1352 3755 1567 3826 populo
1615 3757 1791 3812 fuerit

150 3847 430 3917 expetitus,
450 3846 579 3901 nisi
597 3845 975 3914 praecesserit
997 3844 1185 3899 honor
1206 3844 1435 3917 regius,
1470 3845 1638 3916 quasi
1658 3846 1789 3916 ipse

152 3934 212 3987 sit
251 3935 426 4006 hujus
478 3934 630 3989 ostii
667 3933 969 4003 ostiarius,
1019 3933 1091 3988 de
1140 3949 1257 4005 quo
1308 3933 1541 3988 Veritas
1590 3936 1729 3988 dicit
1774 3952 1786 3989 :

150 4042 167 4071 ι
196 4022 328 4078 Huic
359 4023 655 4079 ostiarius
684 4022 872 4093 aperit
903 4022 1090 4091 (.loan.
1124 4024 1207 4092 χ).
1243 4043 1266 4073 υ

206 4128 283 4184 Tu
310 4146 456 4184 vero
480 4128 726 4184 aliunde
748 4130 1093 4198 ascendisti,
1128 4133 1183 4183 et
1202 4145 1322 4184 non
1353 4135 1596 4187 vocatus
1615 4149 1645 4187 a
1670 4134 1791 4192 Deo

152 4220 458 4288 accessisti,
485 4217 610 4271 noli
632 4233 921 4287 usurpare
944 4218 1047 4271 tibi
1072 4220 1213 4272 tanti
1237 4236 1436 4273 curam
1460 4222 1791 4293 regiminis.

152 4304 293 4359 Sicut
310 4310 467 4361 enim
484 4308 616 4378 jam
637 4306 852 4360 dictum
876 4312 988 4374 est,
1016 4308 1067 4359 si
1089 4307 1421 4379 Gregorius
1446 4310 1502 4364 in
1526 4309 1795 4367 Ecclesia

154 4392 261 4464 fuit,
296 4399 395 4466 qui
445 4396 606 4465 apud
642 4398 698 4449 te
728 4395 901 4449 etiam
940 4397 1220 4467 constitit,
1255 4401 1310 4451 et
1348 4399 1535 4469 judex
1577 4418 1608 4453 a
1640 4402 1797 4456 nullo

155 4484 511 4539 condemnari
541 4485 751 4554 potuit,
786 4485 1161 4540 manifestum
1195 4490 1286 4540 est
1318 4490 1372 4543 te
1404 4488 1475 4541 ab
1510 4488 1798 4545 Ecclesiae

1874 1961 2167 2026 mentiris,
2201 1961 2310 2015 sed
2341 1961 2762 2017 schismaticos
2809 1966 2866 2017 et
2895 1964 3247 2037 sacrilegos,
3281 1982 3531 2036 quorum

1874 2049 2330 2120 parricidalibus
2357 2050 2630 2105 manibus
2649 2066 2787 2105 sese
2801 2056 3168 2107 sacramenta
3182 2054 3379 2109 divina
3401 2057 3537 2110 sub-

1875 2141 2207 2208 traxeruntj
2249 2141 2305 2191 et
2336 2154 2468 2193 cum
2504 2139 2791 2193 catholica
2813 2144 3000 2195 matre
3031 2145 3234 2197 nostra
3264 2143 3535 2199 Ecclesia

1874 2242 2204 2297 persequar
2233 2226 2506 2283 inimicos
2537 2227 2693 2297 ejus,
2719 2244 2827 2282 nec
2845 2231 3356 2285 convertardoncc
3385 2233 3534 2286 defi-

1875 2316 2029 2369 ciant
2056 2315 2243 2383 (I’sal.
2280 2314 2737 2384 xvn).Sanctnm
2768 2317 2982 2387 quippe
3015 2334 3189 2372 suum
3212 2320 3365 2389 quod
3388 2320 3532 2374 foris

1876 2402 2456 2472 habetis,quodmalo
2473 2406 2672 2457 vestro
2686 2405 3166 2475 accepistis,quia
3194 2408 3535 2463 bonoodore
3592 2411 3596 2415 “

1876 2493 2141 2563 peristis,
2164 2493 2477 2545 veneratur
2493 2490 2782 2561 Ecclesia,
2808 2494 2915 2547 sed
2933 2510 3041 2548 vos
3065 2501 3459 2567 persequitur,
3476 2500 3538 2552 ut

1878 2582 2022 2635 Sara
2052 2581 2344 2650 ancillam,
2364 2597 2497 2650 quis
2526 2584 2718 2635 tamen
2741 2582 2812 2636 de
2845 2584 3070 2638 semine
3103 2584 3359 2640 Abrahae
3393 2602 3537 2641 con-

1881 2670 2111 2739 cepitet
2140 2670 2363 2739 peperit
2402 2670 2575 2739 (Gen.
2600 2674 2745 2733 xw).
2772 2671 3037 2745 Intellige
3068 2674 3261 2745 itaque
3291 2691 3539 2746 quomo-

1882 2759 2057 2814 modo
2094 2751 2488 2830 persequatur
2526 2760 2720 2815 adhuc
2752 2760 3022 2815 ancillam
3054 2763 3318 2833 domina,
3352 2768 3415 2818 ut
3441 2766 3544 2820 do-

1885 2849 2077 2903 cearis
2110 2864 2243 2918 quae
2275 2848 2352 2901 sit
2384 2850 2718 2917 persecutio
2746 2850 2936 2919 beata,
2971 2855 3027 2905 et
3057 2854 3216 2906 scias
3248 2854 3542 2923 quomodo

1884 2952 1993 2991 nec
2044 2952 2148 3006 pro
2185 2936 2415 3007 justitia
2473 2938 2827 2993 Christianis
2866 2939 3231 3010 jurgandum
3278 2942 3355 2994 sit
3410 2958 3543 2996 cum

1887 3028 2286 3093 competenter
2316 3027 2529 3095 exponi
2559 3027 2662 3079 tibi
2692 3028 3061 3097 permiseris,
3082 3032 3142 3082 ut
3169 3029 3414 3083 addatur
3444 3030 3544 3083 ad-

1884 3129 2102 3168 versus
2133 3112 2488 3183 Catholicae,
2509 3118 2566 3167 et
2597 3128 2713 3168 non
2734 3115 3060 3186 redarguas
3090 3115 3409 3187 Christum,
3445 3118 3547 3189 qui

3338 3210 3396 3260 et
3432 3207 3545 3262 alia

1888 3292 2086 3361 multa,
2119 3306 2252 3362 quae
2292 3292 2348 3345 in
2382 3292 2886 3362 consequentibus
2918 3294 3108 3363 posita
3136 3295 3366 3351 audies.

1962 3400 2115 3453 Dicit
2155 3399 2364 3453 beatus
2400 3399 2774 3470 Augustinus
2822 3400 3114 3456 adversus
3148 3402 3487 3460 Donatistas
3530 3421 3543 3461 :

1895 3511 1916 3536 α
1939 3488 1999 3543 Si
2015 3487 2285 3543 Ecclesia
2302 3487 2429 3557 ipsa
2448 3492 2539 3543 est
2555 3504 2688 3560 quae
2705 3491 3178 3560 persecutionem
3189 3493 3550 3563 patitur,non

1892 3595 2026 3649 quae
2056 3577 2213 3647 facit,
2250 3581 2517 3649 quaerant
2562 3578 2637 3632 ab
2680 3579 2965 3649 Apostolo
3014 3596 3187 3652 quam
3222 3581 3551 3637 Ecclesiam

1896 3668 2273 3740 significabat
2301 3668 2476 3737 Sara,
2517 3668 2751 3738 quando
2794 3670 3272 3739 persecutionem
3301 3672 3554 3727 faciebat

1898 3759 2149 3814 ancillae.
2170 3757 2444 3811 Liberam
2463 3757 2678 3828 quippe
2700 3760 2946 3820 matrem
2967 3762 3226 3813 nostram
3251 3760 3555 3816 caelestem

1897 3848 2264 3916 Jerusalem;
2296 3847 2448 3901 idem
2479 3862 2675 3899 veram
2708 3847 2815 3900 Dei
2845 3846 3176 3902 Ecclesiam
3206 3850 3265 3902 in
3291 3849 3391 3902 illa
3421 3865 3552 3904 mu-

1899 3938 2041 3992 liere
2059 3935 2198 3990 dicit
2216 3935 2408 3989 fuisse
2428 3935 2889 4006 praeﬁguratam,
2909 3951 3041 4006 quae
3055 3937 3356 4008 affligebat
3377 3939 3557 3993 ancil-

1901 4027 2015 4080 lam
2045 4024 2198 4094 (Gal.
2233 4026 2332 4093 iv).
2362 4024 2422 4077 Si
2456 4027 2647 4077 autem
2678 4025 2890 4078 melius
2921 4025 3330 4095 discutiamus,
3365 4027 3559 4099 magis

1902 4117 1997 4168 illa
2029 4114 2502 4185 persequebatur
2530 4112 2733 4166 Seram
2766 4114 3163 4182 superbiendo
3194 4130 3369 4184 quam
3404 4116 3562 4169 illam

1901 4205 2042 4259 Sara
2067 4201 2527 4258 coercendo.llla
2544 4202 2697 4255 enim
2717 4203 2969 4255 dominae
2992 4202 3240 4256 faciebat
3261 4202 3340 4273 inj
3352 4205 3558 4275 uriam,

1903 4295 2017 4347 ista
2038 4292 2372 4362 imponebat
2391 4290 2686 4360 superbiae
2706 4291 3097 4360 disciplinam.
3115 4292 3336 4345 Deinde
3360 4307 3562 4361 quaero

1908 4383 1960 4435 si
1992 4382 2128 4436 boni
2159 4385 2216 4433 et
2238 4380 2424 4434 sancti
2442 4379 2553 4432 viri
2578 4380 2792 4433 nemini
2819 4378 3039 4433 faciunt
3067 4380 3561 4449 persecutionem,

1907 4473 2011 4526 sed
2030 4470 2430 4524 tantummodo
2461 4470 2775 4541 patiuntur,
2810 4469 2986 4540 cujus
3018 4471 3218 4539 putant
3247 4470 3305 4523 in
3338 4470 3565 4540 psalmo

155 4572 330 4626 radice
347 4574 674 4643 praecisum
694 4573 947 4643 aruisse,
969 4575 1232 4645 nihilque
1256 4576 1473 4631 habere
1490 4578 1799 4646 potestatis
1831 4598 1881 4661 υ
1906 4577 2113 4661 νεοθῐξῖ
2144 4560 2246 4661 ηυξ
2285 4559 2500 4661 Egit“?
2524 4576 2535 4613 ί
2562 4560 2898 4661 Persequar
2928 4560 3200 4661 inimicos
3230 4574 3418 4627 meos,
3452 4560 3564 4661 etc.

156 4660 392 4730 acjuris.
412 4663 584 4716 Sicut
595 4662 751 4715 enim
771 4662 1330 4733 beatusCyprianus
1344 4665 1503 4735 dicit,
1525 4668 1817 4721 scribens-

157 4747 346 4821 Magno
369 4752 723 4821 presbytero
745 4766 757 4806 :
796 4770 819 4800 α
846 4749 1117 4806 Ecclesia
1142 4768 1257 4806 una
1277 4757 1388 4823 est,
1412 4770 1545 4825 quae
1568 4756 1726 4809 intus
1747 4759 1803 4811 et

159 4835 285 4893 foris
311 4856 450 4895 esse
472 4855 595 4895 non
618 4842 829 4909 potest.
844 4840 905 4894 Si
924 4842 1081 4895 enim
1096 4843 1252 4911 apud
1273 4843 1666 4899 Novatianum
1682 4850 1793 4916 est,

160 4927 290 4994 apud
317 4928 662 4984 Cornelium
696 4943 815 4984 non
843 4928 972 4983 fuit.
1014 4930 1077 4984 Si
1112 4946 1254 4985 vero
1282 4933 1438 5001 apud
1466 4932 1801 4989 Cornelium
1856 4946 1857 4951 ‘

162 5012 271 5085 fuit,
287 5018 381 5087 qui
408 5017 673 5072 Fabiano
687 5018 971 5088 episcopo
991 5018 1253 5090 legitima
1272 5020 1636 5077 ordinatione
1667 5040 1802 5078 suc-

162 5105 348 5172 cessit,
368 5106 737 5161 Z‘éuvatianus
757 5106 817 5160 in
848 5105 1118 5161 Ecclesia
1141 5123 1259 5162 non
1289 5122 1400 5179 est,
1435 5124 1544 5164 nec
1575 5113 1806 5182 episco-

164 5206 260 5257 pus
287 5196 616 5264 camputari
645 5197 860 5265 potest.
915 5218 937 5242 η
981 5194 1053 5250 Ει
1080 5197 1255 5266 paulo
1285 5201 1421 5268 post
1456 5215 1467 5251 :
1506 5219 1528 5249 ι
1579 5199 1805 5255 Inveni-

167 5294 281 5336 mus
308 5285 365 5338 in
397 5285 499 5338 tali
529 5284 794 5338 facinore
826 5299 942 5339 non
982 5285 1175 5341 solum
1207 5287 1390 5342 duces
1422 5291 1479 5341 et
1508 5293 1803 5360 auctores,

167 5370 258 5424 sed
285 5376 341 5426 et
362 5373 683 5443 participes
703 5373 894 5443 poenis
909 5373 1215 5440 destinari,
1238 5376 1356 5430 nisi
1386 5392 1455 5431 se
1484 5394 1516 5431 a
1547 5393 1805 5432 commu-

167 5457 320 5514 nione
354 5461 642 5516 malorum
673 5464 1092 5533 separaverint,
1117 5466 1496 5536 praecipiente
1510 5482 1617 5537 per
1646 5467 1807 5538 Moy-

168 5560 279 5605 seln
308 5549 556 5606 Domino
588 5566 601 5607 :
633 5551 999 5623 Separamini
1021 5569 1053 5607 a
1082 5553 1485 5615 tabernaculis
1508 5556 1811 5612 hominum

169 5634 403 5696 istorum
432 5640 914 5716 clarissimorum,
944 5646 1002 5700 et
1030 5643 1211 5701 nolite
1243 5646 1488 5723 tangere
1517 5646 1590 5704 ab
1623 5647 1813 5705 omni-

1908 4649 2267 4719 (Psal.xvn).
2285 4650 2344 4702 Si
2359 4663 2502 4719 ergo
2516 4663 2720 4703 verum
2737 4649 2936 4703 dicere
2950 4648 3042 4702 vel
3055 4662 3386 4719 agnoscere
3403 4647 3566 4701 volu-

1908 4755 2063 4808 mus,
2100 4743 2192 4792 est
2221 4737 2555 4807 persecutio
2587 4736 2809 4807 injusta
2831 4753 3004 4807 quam
3026 4736 3247 4790 faciunt
3276 4735 3439 4804 impii
3460 4734 3568 4789 Ec-

1916 4828 2115 4882 clesiae
2138 4825 2378 4881 Christi.
2404 4826 2521 4880 Ista
2539 4841 2791 4896 namque
2816 4824 2986 4879 beata
3007 4828 3099 4879 est
3126 4839 3260 4894 quae
3289 4838 3571 4893 persecu-

1915 4916 2130 4970 tionem
2155 4914 2367 4986 patitur
2397 4911 3023 4985 propterinjustitiam.
3062 4932 3084 4961 ι
3123 4912 3265 4966 Item
3298 4927 3309 4966 :
3350 4932 3371 4962 α
3406 4909 3575 4977 Quod

1918 5008 2109 5058 autem
2129 5003 2458 5073 dicunt,qui
2478 5004 2679 5056 contra
2692 5017 2836 5056 suas
2850 5000 3176 5070 impietates
3191 5001 3357 5071 leges
3371 5000 3573 5071 justas

1917 5092 2143 5147 institui
2166 5092 2390 5159 nolunt,
2405 5106 2521 5146 non
2543 5090 2788 5160 petiisse
2812 5106 2843 5143 a
2866 5090 3111 5160 regibus
3132 5091 3309 5144 terrae
3331 5092 3574 5159 aposto-

1918 5182 2010 5236 los
2039 5180 2197 5250 talia,
2220 5196 2337 5236 non
2357 5179 2733 5235 considerant
2756 5178 2908 5232 aliud
2937 5178 3126 5232 fuisse
3150 5182 3287 5233 tunc
3318 5182 3573 5250 tempus,

1917 5276 1973 5326 et
2003 5272 2198 5326 omnia
2241 5270 2369 5324 suis
2412 5269 2780 5338 temporibus
2824 5267 2941 5339 agi.
2975 5266 3120 5332 Quis
3160 5269 3316 5322 enim
3347 5272 3485 5323 tunc
3517 5268 3578 5322 in

1920 5360 2219 5414 Christum
2251 5357 2581 5412 crediderat
2625 5357 2969 5426 imperator,
3004 5356 3106 5427 qui
3144 5358 3200 5411 ei
3229 5372 3336 5427 pro
3366 5358 3578 5426 pietate

1926 5454 2128 5504 contra
2160 5448 2514 5517 impietatem
2550 5446 2719 5516 leges
2750 5444 2993 5500 ferendo
3040 5446 3313 5517 serviret,
3347 5445 3581 5516 quando

1923 5539 2116 5594 adhuc
2132 5535 2539 5607 prOpheticum
2557 5533 2985 5605 complebatur:
3001 5534 3195 5600 Quare
3212 5534 3582 5589 fremuerunt

1924 5630 2134 5702 gentes
2157 5624 2404 5698 (Psalm.
2430 5623 2512 5696 ιι),
2545 5626 2603 5680 et
2630 5624 2877 5697 reliqua.
2912 5623 3189 5683 Nondum
3218 5624 3413 5679 autem
3442 5636 3583 5696 age-
