4008 6172
481 370 595 430 451

1522 356 1587 417 S.
1629 354 2006 418 ANSELMI
2043 352 2449 420 LUCENSIS
2487 356 2874 421 EPISCOPI
3380 420 3387 429 .
3746 375 3843 436 452

479 583 653 638 batur
685 581 841 654 quod
873 580 1045 651 paulo
1066 580 1202 649 post
1235 579 1291 631 in
1312 577 1519 632 eodem
1553 574 1780 646 psalmo
1815 573 2089 628 subditur
2122 588 2133 625 :
2164 534 2215 596 Α
2255 536 2483 654 ..λάθω
2512 556 2886 654 ᾼξιειξειίξιιιε
2909 557 3133 654 Ροηξιίξ)
3154 560 3493 654 Presbytero
3524 577 3537 615 ε
3570 564 3848 654 “Displicet

482 672 714 727 Servite
742 670 987 726 Domino
1024 669 1081 722 in
1121 668 1327 721 timore
1358 663 1545 733 (PsaI.
1576 664 1680 733 11.).
1714 662 1955 727 Quando
1986 660 2142 715 enim

482 776 659 832 reges
679 759 947 814 serviunt
966 757 1213 812 Domino
1236 755 1295 809 in
1314 755 1540 822 timore,
1566 751 1682 806 nisi
1700 766 1767 805 ea
1784 765 1917 821 quae
1936 752 2140 804 contra

475 848 655 920 jussa
671 848 776 902 Dei
796 847 939 901 fiunt
960 845 1241 916 religiosa
1254 842 1570 897 severitate
1582 839 1951 909 prohibendo
1969 843 2141 909 atque

479 936 839 1007 plectendo‘?
872 955 895 985 ι
928 934 1085 989 Idem
1130 932 1267 987 alibi
1300 946 1313 986 :
1352 953 1374 978 α
1408 930 1523 985 Ubi
1565 930 1658 983 est
1700 928 1856 999 quod
1886 927 1986 981 isti
2017 927 2139 980 cla-

481 1040 640 1079 mare
662 1022 1142 1079 consueverunt?
1157 1020 1264 1075 Cui
1281 1020 1399 1073 vim
1411 1018 1687 1073 Christus
1708 1015 1937 1070 intulit?
1956 1014 2139 1080 Quem

482 1115 718 1185 coegit?
740 1113 891 1167 Ecce
911 1112 1128 1166 habent
1149 1110 1395 1164 Paulum
1417 1106 1770 1178 apostolum.
1793 1107 2142 1177 Agnoscant

477 1202 536 1256 in
567 1218 635 1256 eo
664 1201 829 1272 prius
848 1203 1156 1272 cogentem
1178 1199 1478 1253 Christum
1500 1199 1556 1249 et
1574 1199 1781 1265 postea
1802 1194 2132 1261 docentem,

480 1292 649 1362 prius
680 1290 1009 1357 ferientem,
1035 1292 1091 1343 et
1122 1291 1329 1358 postea
1361 1285 1763 1341 consolantem
1796 1283 2075 1352 (Act.1x).
2114 1306 2135 1330 »

479 1379 620 1433 Item
656 1394 667 1432 :
707 1399 728 1424 «
765 1377 897 1431 Non
946 1376 1092 1429 mihi
1123 1375 1334 1446 placet,
1369 1378 1430 1429 ut
1462 1388 1667 1428 omnes
1698 1372 1950 1425 habeant
1980 1370 2141 1425 occi-

478 1467 655 1521 dendi
703 1466 1017 1535 licentiam,
1058 1464 1171 1518 nisi
1206 1464 1355 1518 forte
1404 1462 1482 1517 sit
1528 1461 1734 1529 miles,
1783 1462 1881 1513 aut
1908 1458 2142 1528 publica

477 1555 778 1611 functione
798 1558 1083 1622 teneatur,
1108 1555 1171 1606 ut
1186 1569 1305 1607 non
1325 1566 1431 1622 pro
1451 1566 1517 1605 se
1541 1550 1655 1605 hoc
1677 1548 1868 1616 faciat,
1894 1547 2001 1602 sed
2033 1563 2141 1616 pro

476 1645 632 1713 aliis,
665 1645 758 1699 vel
783 1659 887 1713 pro
912 1644 1165 1711 civitate,
1192 1642 1289 1695 ubi
1313 1641 1488 1695 etiam
1509 1641 1639 1709 ipse
1659 1642 1769 1707 est,
1795 1642 2033 1706 accepta
2061 1636 2141 1690 le-

478 1734 682 1805 gitima
702 1731 1073 1802 potestate,si
1096 1730 1230 1801 ejus
1253 1729 1527 1800 congruit
1549 1742 1842 1796 personae.
1868 1725 1979 1791 Qui
1998 1740 2141 1779 vero

477 1821 845 1891 repelluntur
878 1820 1073 1890 aliquo
1107 1822 1367 1889 terrore,
1401 1832 1474 1871 ne
1517 1817 1669 1870 mala
1698 1815 1934 1884 faciant,
1968 1815 2142 1869 etiam

2250 642 2355 697 tibi
2385 644 2541 714 quod
2571 646 2828 701 traheris
2859 647 2929 701 ad
2962 647 3232 718 salutem,
3259 664 3389 704 cum
3418 653 3525 703 tam
3555 652 3743 708 multos
3769 672 3847 709 no-

2253 734 2441 786 strum
2472 732 2542 786 ad
2591 734 2914 804 perniciem
2946 738 3223 791 traxeris.
3255 736 3402 802 Quid
3447 740 3591 793 enim
3617 743 3847 797 volumus

2251 820 2371 875 nisi
2399 824 2456 875 te
2500 823 2919 893 comprehendi
2970 828 3025 880 et
3065 827 3432 896 praesentari,
3470 832 3523 881 et
3552 830 3753 884 servari
3791 847 3847 885 ne

2251 923 2462 979 pereas
2477 909 2510 966 Ἰ
2540 932 2564 959 ι»

2324 1016 2606 1088 Pelagius
2635 1034 2784 1089 papa
2818 1034 2829 1073 :
2869 1042 2890 1066 α
2935 1020 3067 1075 Νοιι
3098 1036 3208 1076 vos
3248 1022 3538 1077 hominum
3567 1024 3849 1096 vaniloquia

2254 1106 2552 1160 retardent
2586 1107 2902 1161 dicentium
2936 1110 3071 1180 quia
3120 1112 3584 1180 persecutionem
3625 1111 3850 1168 Ecclesia

2256 1194 2448 1262 taciat,
2485 1195 2622 1248 dum
2643 1196 2735 1249 vel
2767 1212 2835 1250 ea
2867 1212 2998 1267 quae
3029 1200 3467 1253 committuntur
3494 1200 3746 1270 reprimit,
3776 1200 3849 1254 vel

2255 1281 2579 1335 animarum
2609 1284 2857 1338 salutem
2889 1287 3153 1357 requirit.
3197 1286 3411 1342 Errant
3440 1288 3747 1359 hujusmodi
3773 1304 3853 1342 ru-

2256 1369 2440 1423 moris
2488 1371 2848 1427 fabulatores
2889 1391 2901 1427 :
2937 1389 3053 1428 non
3100 1376 3493 1447 persequitur,
3541 1377 3646 1430 nisi
3689 1377 3773 1447 qui
3796 1376 3852 1429 ad

2256 1458 2472 1513 malum
2505 1461 2684 1530 cogit.
2718 1459 2828 1525 Qui
2856 1477 2998 1516 vero
3029 1463 3244 1517 malum
3288 1465 3379 1517 vel
3402 1465 3523 1536 jam
3551 1465 3745 1519 factum
3770 1480 3852 1535 pu-

2255 1546 2357 1615 nit,
2391 1548 2483 1601 vel
2511 1548 2785 1618 prohibet
2813 1565 2888 1605 ne
2918 1551 3035 1620 ﬁat,
3068 1567 3185 1607 non
3225 1554 3595 1624 persequitur
3623 1554 3742 1623 iste,
3768 1553 3854 1607 sed

2253 1633 2462 1706 diligit.
2498 1635 2647 1689 Nam
2680 1636 2754 1706 si,
2788 1640 2850 1690 ut
2880 1636 2964 1691 illi
2991 1642 3213 1709 putant,
3249 1656 3419 1695 nemo
3448 1656 3554 1695 nec
3579 1641 3853 1710 reprimen-

2253 1723 2366 1776 dus
2397 1739 2430 1777 a
2456 1724 2628 1791 malo,
2665 1740 2771 1779 nec
2804 1726 3198 1782 retrahendus
3227 1729 3299 1782 ad
3320 1730 3536 1784 bonum
3558 1735 3660 1798 est,
3691 1730 3855 1783 huma-

2253 1828 2363 1866 nas
2392 1828 2462 1866 ac
2492 1813 2724 1868 divinas
2755 1813 2923 1887 leges
2953 1831 3203 1871 necesse
3234 1820 3327 1872 est
3354 1818 3647 1889 evacuari,
3677 1834 3789 1890 quas
3814 1820 3858 1872 et

478 1909 630 1979 ipsis
652 1908 907 1963 fortasse
928 1907 1149 1978 aliquid
1173 1909 1505 1976 praestatur.
1530 1905 1680 1959 Hinc
1711 1904 2140 1959 autemdietum
2169 1902 2220 1964 Β
2256 1901 2426 1956 malis
2459 1918 2691 1971 poenam
2734 1906 2796 1971 ,et
2839 1904 3015 1958 bonis
3054 1906 3318 1977 praemia,
3364 1907 3591 1979 justitia
3619 1907 3857 1962 suadente

478 2002 571 2052 est
602 2014 615 2051 :
649 1997 783 2051 Non
812 1997 1164 2051 resistamus
1189 1996 1338 2049 malo
1376 1995 1613 2063 (Matth.
1650 1995 1729 2064 v),
1763 2009 1836 2048 ne
1872 2009 1983 2047 nos
2011 1994 2140 2047 vin-

478 2086 633 2140 dicta
661 2086 929 2155 delectet,
963 2100 1096 2156 qum
1129 2086 1317 2139 alieno
1350 2085 1501 2138 malo
1519 2085 1779 2138 animum
1798 2083 2007 2153 pascit,
2024 2098 2140 2137 non

477 2175 541 2227 ut
571 2176 628 2226 et
648 2172 1082 2227 correctionem
1105 2172 1406 2226 hominum
1424 2170 1800 2243 negligamus
1821 2187 1835 2241 ;
1862 2172 2015 2227 unde
2030 2188 2141 2228 nec

477 2276 620 2315 reus
652 2261 859 2315 mortis
883 2260 1090 2315 alienae
1108 2260 1209 2330 qui
1239 2276 1373 2313 cum
1396 2276 1521 2314 suae
1544 2261 1919 2329 possessioni
1936 2276 2139 2315 muros

477 2348 957 2417 circumduxerit,
987 2348 1202 2418 aliquis
1233 2364 1306 2402 ex
1335 2348 1604 2417 ipsorum
1635 2364 1781 2402 casu
1810 2363 2140 2419 percussus

475 2437 724 2491 intereat
755 2452 767 2491 :
808 2436 1010 2508 Neque
1041 2436 1198 2491 enim
1230 2452 1369 2491 reus
1401 2441 1492 2490 est
1522 2434 1917 2507 Christianus,
1943 2438 1997 2491 si
2027 2438 2141 2492 bos

476 2524 612 2595 ejus
635 2525 888 2596 aliquem
902 2525 1287 2597 feriendo,vel
1301 2540 1493 2596 equus
1511 2526 1867 2582 calcitrando
1886 2528 2142 2597 aliquem

476 2614 725 2684 occidat,
750 2619 848 2669 aut
870 2616 1001 2669 ideo
1024 2631 1139 2669 non
1154 2615 1903 2671 debentChristianiboves
1921 2618 2141 2671 habere

477 2718 718 2771 cornua,
744 2707 841 2758 aut
862 2719 1053 2775 equus
1077 2706 1354 2776 ungulas,
1370 2709 1469 2760 aut
1488 2706 1695 2761 dentes
1714 2706 1980 2759 canis.At
1997 2721 2139 2760 vero

477 2792 773 2863 quomodo
791 2794 1096 2863 apostolus
1121 2795 1339 2849 Paulus
1362 2796 1597 2866 sategit,
1624 2800 1684 2849 ut
1705 2795 1764 2847 in
1787 2794 2003 2849 tribuni
2030 2810 2140 2849 no-

474 2882 661 2935 titiam
681 2882 1320 2954 perferretur,insidias
1332 2884 1451 2938 sibi
1466 2900 1499 2937 a
1521 2884 1876 2954 quibusdam
1893 2883 2140 2953 perditis

474 2971 689 3040 parari,
713 2974 769 3025 et
799 2971 873 3026 ob
905 2973 1017 3027 hoc
1048 2972 1401 3028 deductores
1414 2972 1639 3042 accepit
1658 2973 2134 3041 armatos?(Act.

474 3062 668 3129 XXIII.)
687 3058 749 3113 Si
777 3060 837 3114 in
869 3059 965 3114 illa
982 3076 1145 3115 arma
1175 3063 1456 3116 scelerati
1473 3061 1744 3116 homines
1763 3061 2134 3130 incidissent,

474 3148 696 3205 Paulus
727 3149 786 3203 in
815 3147 1106 3205 effusione
1137 3151 1449 3222 sanguinis
1481 3165 1684 3205 eorum
1716 3166 1889 3205 suum
1912 3151 2135 3204 crimen

473 3242 831 3311 agnosceret
850 3241 878 3292 ‘?
900 3239 1071 3293 Absit
1089 3244 1151 3294 ut
1171 3256 1238 3294 ea
1259 3255 1393 3310 quas
1413 3246 1653 3311 prOpter
1680 3242 1900 3296 bonum
1923 3243 1980 3295 et
2006 3240 2136 3294 lici-

472 3333 593 3384 tum
626 3328 875 3383 facimus
907 3332 1006 3383 aut
1027 3330 1336 3399 habemus,
1372 3330 1425 3383 si
1460 3330 1602 3400 quid
1637 3346 1741 3399 per
1776 3330 1887 3384 hoc
1918 3334 2133 3399 praeter

473 3423 736 3473 nostram
766 3419 1121 3473 voluntatem
1155 3420 1427 3490 cuiquam
1459 3420 1596 3473 mali
1626 3421 1925 3489 acciderit,
1961 3421 2136 3476 nobis

472 3507 810 3577 imputetur.
852 3532 873 3556 ι»
907 3508 1047 3561 Item
1083 3523 1094 3561 :
1141 3531 1161 3555 ι
1191 3508 1254 3562 Si
1296 3507 1633 3561 Christiana
1669 3509 1980 3579 disciplina
2013 3527 2135 3565 om-

473 3596 571 3650 nia
601 3596 755 3650 bella
787 3596 1082 3666 culparet,
1117 3597 1229 3652 hoc
1259 3597 1455 3667 potius
1501 3598 1787 3651 militibus
1820 3599 2135 3654 consilium

474 3685 686 3739 salutis
718 3685 1054 3755 petentibus
1076 3686 1134 3739 in
1167 3685 1488 3756 Evangelio
1509 3686 1804 3741 diceretur
1824 3692 1886 3741 ut
1914 3688 2134 3759 abjice-

473 3779 603 3830 rent
624 3791 805 3844 arma,
830 3790 1016 3847 seque
1043 3776 1265 3830 militiae
1289 3776 1526 3830 omnino
1548 3776 1984 3831 subtraherent.
2004 3778 2134 3832 Dic-

472 3866 595 3918 tum
626 3868 718 3919 est
746 3867 939 3919 autem
971 3864 1059 3918 eis
1094 3880 1106 3919 :
1143 3864 1452 3918 Neminem
1474 3866 2133 3937 concusseritis,neque

473 3954 824 4008 calumniam
846 3953 1139 4023 feceritis;
1163 3954 1421 4008 sufﬁciat
1440 3953 1613 4009 vobis
1632 3955 1989 4025 stipendium
2000 3972 2132 4010 ves-

472 4047 625 4098 trum
655 4044 818 4113 (Luc.
857 4045 962 4114 ιιι).
995 4042 1223 4107 Quibus
1254 4043 1554 4113 proprium
1578 4044 1936 4113 stipendium
1967 4044 2132 4099 sufﬁ-

472 4149 607 4189 cere
654 4132 872 4188 debere
904 4132 1214 4203 praecepit,
1249 4133 1497 4187 militare
1530 4133 1730 4203 utique
1778 4148 1895 4188 non
1925 4134 2130 4204 prohi-

470 4222 618 4277 buit.
659 4246 679 4270 ιι
716 4221 860 4276 Item
882 4223 954 4276 ad
976 4221 1346 4277 Bonifacium
1380 4237 1392 4277 :
1430 4247 1452 4270 ιι
1487 4221 1666 4277 Gravi
1698 4224 1983 4295 depugna
2001 4240 2137 4278 con-

470 4312 787 4383 quereris?
816 4311 1049 4365 dubites
1081 4311 1239 4381 nolo,
1265 4312 1403 4365 utile
1428 4312 1741 4366 consilium
1760 4314 1866 4367 tibi
1898 4313 2132 4384 tuisque

471 4401 621 4454 dabo
657 4417 668 4454 :
704 4400 898 4469 arripe
951 4400 1224 4455 manibus
1271 4416 1451 4470 arma,
1504 4402 1688 4455 oratio
1729 4417 1906 4455 aures
1940 4402 2133 4471 pulset

469 4489 768 4558 Auctoris,
785 4489 921 4558 quia
941 4489 1174 4558 quando
1197 4494 1510 4561 pugnatur,
1539 4491 1697 4544 Deus
1719 4491 1939 4558 apertis
1962 4492 2133 4545 caelis

470 4581 716 4647 spectat,
751 4582 807 4631 et
836 4581 1059 4647 partem
1090 4593 1265 4647 quam
1291 4578 1737 4649 aspicitjustam
1760 4580 2039 4650 defendit,
2074 4584 2130 4635 et
2156 4620 2207 4680 ὓ

468 4667 549 4721 ibi
580 4667 674 4721 dat
695 4667 966 4742 palmam.
998 4690 1019 4713 »ι
1046 4667 1188 4720 Item
1223 4683 1235 4720 :
1274 4688 1296 4717 α
1325 4667 1460 4721 Noli
1478 4668 1821 4723 existimare
1838 4670 2129 4724 neminem

469 4757 591 4809 Deo
623 4756 855 4826 placere
888 4770 1068 4824 posse
1099 4755 1199 4825 qui
1240 4757 1422 4810 armis
1453 4757 1687 4811 bellicis
1719 4757 2030 4813 ministrat.
2067 4763 2131 4816 In

468 4845 564 4899 his
596 4850 721 4899 erat
752 4850 997 4899 sanctus
1028 4845 1232 4914 David,
1258 4846 1351 4899 cui
1387 4847 1673 4902 Dominus
1705 4852 1821 4902 tam
1852 4865 2130 4922 magnum

465 4934 767 5005 perhibuit
799 4934 1199 4988 testimonium
1232 4950 1246 5003 ;
1281 4934 1340 4988 in
1372 4935 1466 4989 his
1497 4936 1670 4990 etiam
1702 4938 1937 5008 plurimi
1972 4942 2130 4996 illius

466 5024 751 5090 temporis
782 5024 892 5077 viri
918 5040 931 5094 ;
966 5024 1024 5076 in
1045 5023 1139 5077 his
1169 5028 1293 5078 erat
1315 5025 1720 5093 eenturioille,
1756 5029 1856 5098 qui
1880 5029 2129 5085 Domino

467 5110 614 5164 dixit
647 5128 658 5165 :
695 5112 827 5166 Non
858 5129 990 5167 sum
1018 5113 1236 5185 dignus
1260 5116 1321 5167 ut
1343 5114 1529 5169 intres
1552 5115 1665 5169 sub
1696 5119 1916 5172 tectum
1935 5133 2129 5172 meum

467 5198 703 5265 (Matth.
727 5202 870 5269 vni).
906 5202 1033 5256 Hoc
1064 5218 1209 5274 ergo
1242 5203 1496 5272 primum
1525 5205 1740 5275 cogita,
1772 5206 2005 5276 quando
2041 5223 2130 5261 ar-

467 5288 649 5340 maris
680 5288 751 5340 ad
782 5305 1057 5360 pugnam,
1093 5293 1228 5361 quia
1259 5293 1448 5347 virtus
1479 5294 1653 5348 etiam
1680 5296 1780 5348 tua
1803 5296 2129 5364 corporalis

468 5377 685 5430 donum
704 5378 807 5430 Dei
832 5384 942 5432 est.
978 5380 1072 5433 Sic
1093 5382 1248 5434 enim
1271 5383 1564 5453 cogitabis
1595 5383 1668 5437 de
1700 5383 1803 5436 Dei
1836 5384 1989 5437 dono
2013 5401 2130 5439 non

467 5466 665 5521 facere
700 5471 905 5521 contra
936 5469 1267 5525 Dominum.
1308 5471 1451 5527 Esto
1484 5489 1630 5545 ergo
1662 5473 1934 5527 bellando
1966 5474 2129 5543 paci-

467 5560 648 5630 ficus,
699 5563 761 5615 ut
798 5576 905 5616 eos
948 5579 1101 5633 quos
1151 5580 1461 5639 expugnas
1500 5566 1573 5621 ad
1614 5568 1778 5639 pacis
1827 5568 2130 5623 utilitatem

446 5688 449 5691 ν
466 5653 759 5715 vincendo
792 5652 1107 5725 perducas.
1145 5678 1167 5701 »

2256 1991 2637 2045 constituunt.
2672 1992 2886 2046 Malum
2917 1997 3109 2048 autem
3132 1994 3395 2050 schisma
3427 2013 3560 2051 esse
3589 1998 3640 2049 et
3664 2011 3756 2065 per
3773 2010 3858 2049 ex-

2254 2081 2414 2134 teras
2448 2080 2619 2134 etiam
2668 2084 2992 2150 potestates
3023 2083 3364 2154 hujusmodi
3396 2086 3636 2156 opprimi
3662 2084 3858 2149 debere,

2256 2172 2311 2221 et
2342 2170 2641 2223 canonicae
2687 2169 3008 2240 Scripturae
3052 2173 3391 2244 auctoritas,
3447 2177 3503 2229 et
3539 2178 3859 2244 paternarum

2253 2273 2368 2313 nos
2401 2258 3003 2331 regularum.veritas
3048 2261 3237 2316 docet.
3276 2285 3297 2310 ι
3329 2261 3474 2317 Item
3503 2263 3634 2317 alibi
3664 2276 3677 2317 :
3710 2282 3730 2311 ι
3761 2260 3860 2314 Nec

2252 2347 2471 2417 putetis
2501 2347 2758 2419 alicujus
2797 2363 2937 2404 esse
2983 2351 3227 2421 peccati,
3263 2352 3316 2405 si
3346 2350 3679 2423 hujusmodi
3703 2350 3860 2405 homi-

2252 2452 2360 2491 nes
2392 2437 2879 2506 comprimuntur.
2927 2438 3054 2493 Hoc
3084 2439 3239 2493 enim
3287 2444 3345 2495 et
3372 2441 3586 2495 divinaa
3614 2440 3794 2512 gratiae
3818 2442 3862 2492 et

2253 2526 2563 2579 mundanae
2596 2525 2765 2597 leges
2794 2529 3146 2597 statuerunt,
3179 2532 3241 2581 ut
3268 2529 3341 2584 ab
3372 2528 3655 2584 Ecclesiae
3682 2527 3862 2581 unitate

2252 2613 2451 2684 divisi,
2500 2630 2532 2668 a
2568 2615 2961 2670 saecularibus
3004 2617 3176 2670 etiam
3218 2620 3608 2687 potestatibus
3646 2615 3859 2686 compri-

2252 2707 2505 2772 mantur,
2538 2719 2648 2758 nec
2680 2704 2999 2775 quidquam
3030 2705 3224 2776 majus
3254 2710 3365 2775 est,
3390 2708 3545 2762 unde
3575 2706 3687 2762 Deo
3713 2704 3862 2759 sacri-

2253 2792 2449 2846 ficium
2484 2793 2732 2861 possitis
2780 2792 3011 2862 offerre,
3063 2810 3236 2865 quam
3268 2796 3318 2849 si
3351 2796 3411 2850 id
3450 2794 3716 2850 ordinetis
3743 2795 3794 2847 ut
3817 2789 3861 2843 hi

2252 2882 2352 2951 qui
2385 2882 2443 2935 in
2476 2897 2643 2936 suam
2666 2882 2913 2937 aliorum
2936 2883 3257 2951 perniciem
3277 2884 3722 2952 debacchentur,
3742 2894 3865 2935 com-

2251 2971 2469 3040 petenti
2501 2970 2752 3025 debeant
2779 2971 2987 3041 vigore
3019 2974 3338 3042 compesci.
3375 2996 3397 3022 ι»

2323 3058 2722 3130 Hieronymus
2753 3075 2937 3130 super
2958 3059 3328 3117 Ezechielem
3345 3063 3502 3118 libro
3525 3062 3714 3118 tertio:
3739 3082 3758 3107 α
3778 3056 3866 3123 Qui

2251 3149 2437 3202 malos
2466 3151 2717 3217 percutit
2749 3149 2808 3202 in
2837 3165 2907 3204 eo
2939 3151 3093 3220 quod
3115 3152 3251 3205 mali
3284 3157 3446 3222 sunt,
3480 3156 3536 3208 et
3564 3151 3725 3206 habet
3750 3162 3866 3201 vasa

2251 3238 2705 3306 interfectionis,
2739 3239 3011 3293 minister
3039 3243 3131 3293 est
3159 3240 3413 3297 Domini.
3454 3266 3475 3290 ιι

2326 3328 2700 3399 Augustinus
2714 3343 2895 3397 super
2913 3328 3205 3397 psalmum
3217 3332 3604 3385 centesimum
3617 3326 3867 3383 decimum

2251 3423 2521 3475 octavum
2557 3434 2567 3471 :
2607 3442 2628 3465 ι
2657 3417 2763 3471 Est
2784 3416 3009 3487 injuste
3025 3417 3544 3490 misericordia,de
3562 3434 3669 3490 qua
3691 3418 3742 3469 in
3760 3414 3868 3484 lege

2249 3509 2538 3577 scriptum
2569 3509 2660 3561 est
2694 3523 2705 3559 :
2756 3506 2887 3561 Non
2918 3506 3304 3562 misereberis
3352 3508 3491 3579 ejus
3521 3508 3705 3579 (Deut.
3734 3506 3866 3563 xu);

2248 3600 2305 3652 et
2333 3597 2391 3650 in
2421 3595 2575 3650 libro
2610 3596 2840 3665 Regum
2870 3595 3047 3666 legis,
3093 3596 3229 3666 quia
3259 3595 3398 3651 Saul
3432 3600 3730 3668 propterea
3757 3605 3868 3645 con-

2250 3686 2422 3739 traxit
2454 3683 2741 3740 oifensam
2788 3684 2925 3754 quia
2964 3685 3282 3739 miseratus
3325 3690 3419 3740 est
3448 3688 3621 3758 Agag
3650 3681 3870 3738 hostium

2246 3790 2454 3847 regem
2498 3789 2672 3844 quem
2720 3772 3072 3843 prohibebat
3112 3775 3404 3829 sententia
3454 3776 3645 3829 divina
3675 3766 3870 3827 servari

2245 3863 2302 3934 (Ι
2328 3864 2474 3935 Reg.
2508 3865 2626 3933 xv).
2662 3862 2736 3915 Ut
2765 3861 2817 3915 si
2849 3862 2985 3932 quis
3016 3862 3262 3917 latronis
3286 3863 3426 3918 ﬁliis
3448 3858 3870 3935 deprecantibus

2246 3956 2462 4022 motus,
2498 3956 2554 4006 et
2574 3952 2850 4022 lacrymis
2874 3950 3152 4022 conjugis
3174 3951 3308 4023 ejus
3327 3953 3585 4008 inflexus
3601 3947 3872 4005 absolven-

2245 4041 2384 4096 dum
2413 4044 2595 4111 putat,
2628 4041 2721 4094 cui
2751 4040 2945 4093 adhuc
2976 4040 3361 4095 latrocinandi
3393 4042 3618 4113 aspiret
3637 4036 3869 4099 alfectus,

2244 4147 2439 4186 nonne
2469 4131 2814 4185 innocentes
2848 4130 3036 4184 tradet
3082 4130 3290 4201 exitio,
3323 4132 3427 4202 qui
3466 4131 3671 4185 liberat
3696 4125 3871 4180 multo-

2244 4236 2376 4274 rum
2407 4219 2588 4274 exitia
2618 4220 2975 4290 cogitantem
2995 4221 3024 4274 ‘?
3057 4243 3079 4269 κ

2316 4326 2401 4380 De
2448 4306 2886 4395 depraedatione
2918 4329 3108 4380 autem
3158 4342 3360 4382 eorum
3402 4328 3507 4399 qui
3538 4327 3611 4381 ab
3641 4318 3875 4379 Ecclesia

2243 4413 2479 4483 praecisi
2512 4416 2669 4482 sunt,
2704 4415 3103 4483 respondeant
3144 4416 3350 4471 Patres
3380 4417 3593 4471 nostri.
3628 4405 3878 4483 Augusti-

2244 4520 2358 4558 nus
2394 4519 2405 4557 :
2446 4526 2467 4550 ι(
2501 4502 2816 4574 Quidquid,
2868 4504 3076 4575 inquit,
3127 4520 3161 4557 a
3189 4510 3355 4574 parte
3399 4505 3610 4559 Donati
3638 4496 3879 4572 posside-

2242 4593 2437 4661 batur,
2457 4592 2777 4646 Christiani
2794 4592 3179 4663 imperatores
3201 4593 3437 4665 legibus
3455 4590 3754 4665 religiosis
3765 4598 3877 4640 cum

2245 4681 2393 4751 ipsis
2431 4680 2706 4734 ecclesiis
2735 4681 2808 4734 ad
2839 4680 3188 4735 catholicam
3218 4682 3546 4736 transferre
3566 4676 3878 4751 jusserunt.

2241 4768 2305 4823 Si
2334 4773 2528 4823 autem
2558 4769 3006 4841 consideremus
3037 4770 3195 4840 quod
3224 4771 3512 4840 scriptum
3544 4772 3637 4823 est
3665 4768 3721 4819 in
3746 4763 3876 4818 libro

2243 4858 2556 4928 Sapientia:
2606 4874 2618 4911 :
2667 4858 2803 4912 Ideo
2840 4857 2990 4929 justi
3038 4858 3301 4913 tulerunt
3346 4860 3541 4929 spolia
3592 4855 3878 4926 impiorum

2244 4947 2406 5018 (Sap.
2442 4950 2520 5016 x),
2553 4948 2691 5001 item
2727 4947 2885 5017 quod
2914 4947 3132 5019 legitur
3152 4948 3211 5002 in
3245 4947 3593 5003 Proverbiis
3619 4944 3883 5000 :Thesau-

2244 5035 2427 5089 rizant
2454 5039 2648 5090 autem
2688 5035 2875 5105 justis
2915 5035 3136 5090 divitiae
3175 5037 3488 5108 impiorum
3521 5035 3727 5105 (Prov.
3755 5028 3880 5093 xm),

2242 5126 2383 5178 tunc
2409 5124 2743 5179 videbimus
2771 5139 2890 5178 non
2939 5138 3079 5179 esse
3110 5126 3492 5196 quaerendum
3525 5124 3628 5195 qui
3657 5115 3883 5176 habeant

2244 5228 2344 5267 res
2366 5212 2913 5282 haereticorum,sed
2928 5213 3026 5282 qui
3042 5214 3161 5267 sint
3175 5214 3233 5267 in
3246 5214 3530 5268 societate
3543 5212 3851 5285 justorum.
3862 5221 3879 5250 ι

2316 5301 2478 5370 Item,
2497 5301 2709 5354 beatus
2731 5300 3056 5372 Gregorius
3086 5301 3292 5356 Veloci
3312 5302 3603 5373 magistro
3630 5297 3881 5354 militum.

2244 5390 2397 5443 inter
2426 5394 2638 5443 caetera
2672 5405 2684 5443 :
2727 5412 2748 5435 ιε
2792 5390 2963 5443 Nunc
2992 5389 3132 5444 utile
3172 5391 3366 5445 visum
3398 5393 3489 5444 est
3522 5392 3585 5443 ut
3624 5376 3884 5456 aliquanti

2244 5478 2359 5532 illic
2390 5477 2607 5532 milites
2628 5479 3127 5548 transmittuntur,
3160 5494 3313 5549 quos
3341 5478 3533 5549 gloria
3567 5481 3669 5532 tua
3697 5473 3882 5528 admo-

2241 5583 2385 5624 nere
2415 5571 2474 5623 et
2517 5567 2739 5623 hortari
2773 5570 2832 5621 ut
2862 5567 3048 5637 parati
3076 5568 3195 5622 sint
3225 5568 3475 5637 studeat,
3496 5570 3557 5622 et
3587 5560 3883 5620 occasione

2241 5658 2476 5714 inventa
2508 5671 2640 5714 cum
2671 5656 3131 5734 gloriosissimis
3170 5655 3310 5713 ﬁliis
3341 5655 3569 5714 nostris
3608 5650 3807 5710 Martio
3832 5647 3880 5701 et
