3978 6178
157 370 257 433 453

640 363 975 427 CONTRA
1012 359 1517 425 GUIBERTUM
1563 358 2070 422 ANTIPAPAM
2118 348 2345 423 LIBRI
2390 361 2590 425 DUO.
2637 398 2708 408 —-
2764 361 2919 424 LIB.
2970 364 3019 425 Ι.

3426 369 3544 427 454

151 563 336 617 Vitaiio
368 565 628 632 loquere,
659 563 713 615 et
747 573 1117 631 quaecunque
1149 556 1321 612 vobis
1354 556 1477 611 Deo
1508 555 1778 626 adjutore
1811 546 1840 602 \
1887 556 2072 623 (Rom.
2092 559 2238 625 xui).
2268 581 2290 605 η
2320 558 2650 612 Defendcre
2679 559 2961 629 pupillum
2993 563 3050 614 et
3073 562 3306 617 viduam
3337 568 3540 638 armis,

143 668 236 722 pro
264 652 496 706 utilitate
530 649 868 720 reipublicae
920 648 1192 702 steterint
1234 645 1437 713 facite,
1481 649 1537 698 et
1585 644 1637 697 si
1682 643 1778 697 hic

143 740 222 795 vel
256 740 321 793 ad
364 740 733 795 Ravennates
772 739 970 808 partes
1000 751 1109 790 nec
1138 735 1448 789 dicendum
1481 732 1772 787 Ariult‘um

145 829 516 899 cognoveritis
562 842 902 894 excurrere,
950 840 1058 880 vos
1104 841 1138 877 a
1184 825 1365 879 dorso
1415 821 1569 892 ejus,
1623 822 1777 874 sicut

144 919 282 972 viros
313 917 492 971 fortes
523 916 827 982 concedet,
874 915 1155 968 laborate.
1194 937 1215 960 ι»
1250 913 1393 965 Item
1422 906 1688 964 Maurino
1720 912 1777 963 et

145 1005 395 1059 Vitaliano
426 1007 583 1058 inter
612 1008 855 1058 caetera:
887 1026 907 1050 ιι
934 1001 1194 1057 Gloriosi
1228 1001 1347 1063 filii,
1385 1003 1572 1053 estote
1605 998 1773 1052 solli-

142 1095 239 1159 citi,
261 1094 406 1164 quia,
426 1096 711 1164 quantum
735 1091 993 1161 comperi
1017 1091 1244 1145 hostem
1267 1088 1574 1142 collectum
1597 1087 1774 1139 habet

140 1187 184 1235 et
199 1188 248 1235 tn
269 1181 507 1235 marinis
535 1181 754 1234 dicitur
774 1180 1062 1247 residere,
1083 1182 1145 1233 ut
1167 1178 1221 1231 si
1243 1178 1357 1230 huc
1391 1192 1631 1230 cursum
1652 1175 1772 1228 Deo

139 1270 231 1324 sibi
260 1271 397 1323 irato
429 1270 666 1324 mittere
686 1269 954 1333 voluerit,
981 1284 1090 1321 vos
1124 1267 1316 1320 locum
1352 1265 1563 1334 ipsius,
1589 1280 1771 1334 quan-

136 1364 234 1412 tum
263 1359 543 1412 Dominus
577 1357 891 1427 adjuverit,
924 1355 1277 1425 depraedate.
1319 1377 1340 1400 n
1374 1352 1602 1418 Quibus
1638 1352 1772 1405 dili-

136 1448 311 1519 genter
338 1447 700 1517 perspectis,
725 1446 883 1499 scies
915 1460 1028 1498 nos
1058 1444 1363 1497 veritatem
1395 1442 1629 1508 docere,
1656 1456 1772 1493 non

137 1534 863 1604 pseudOpraedicationibus
881 1532 1195 1601 dedocere,
1212 1534 1268 1585 et
1293 1534 1345 1585 te
1364 1545 1470 1600 pro
1495 1530 1774 1598 superbia

138 1624 182 1675 in
205 1623 510 1692 reprobum
542 1622 825 1677 traditum
854 1637 1121 1689 sensum,
1147 1624 1353 1673 sancto
1385 1618 1540 1672 Patri
1568 1621 1773 1671 nostro

136 1712 321 1764 crimen
368 1712 763 1780 imposuisse,
797 1714 852 1764 et
900 1710 1053 1763 dicta
1107 1711 1447 1762 sanctorum
1496 1707 1769 1773 Patrum,

136 1815 241 1869 qua:
268 1800 323 1853 in
354 1800 612 1869 epistola
646 1801 742 1852 tua
774 1798 1056 1868 posuisti,
1089 1813 1206 1851 non
1238 1795 1625 1850 intellexisse.

192 1889 315 1942 Haec
356 1892 413 1942 et
453 1887 555 1942 his
599 1887 817 1941 similia
867 1885 1289 1956 praedicamus,
1329 1886 1385 1937 et
1427 1899 1560 1936 cum
1592 1882 1772 1935 multo

132 1977 302 2030 dolore
342 1977 550 2031 cordis
603 1977 679 2031 ab
732 1975 826 2029 his
874 1974 1336 2029 necessitatibus
1369 1972 1591 2024 nostris
1624 1971 1770 2040 eripi

136 2065 453 2133 laboramus,
494 2068 554 2119 et
586 2064 664 2118 ad
695 2063 1006 2117 Dominum
1040 2063 1225 2116 Deum
1257 2064 1526 2114 nostrum
1558 2058 1629 2113 de
1660 2059 1772 2111 ista

134 2154 475 2207 tribulatione
507 2154 861 2220 clamamus,
892 2157 953 2205 ut
982 2167 1093 2206 vos
1126 2150 1425 2204 humiliter
1454 2149 1567 2202 sub
1599 2163 1772 2200 manu

132 2258 217 2295 sua
259 2243 500 2314 diesque
542 2245 789 2296 nostros
836 2242 894 2294 in
946 2256 1052 2294 sua
1099 2255 1243 2309 pace
1291 2239 1584 2308 disponat.
1627 2237 1770 2290 Cum

134 2331 281 2384 multo
300 2331 598 2402 siquidem
620 2331 826 2384 dolore
849 2333 1013 2384 secat
1040 2329 1173 2398 pius
1207 2328 1498 2395 medicus,
1518 2326 1575 2378 ni
1606 2340 1770 2378 seca-

131 2423 217 2487 ret,
246 2421 632 2488 moriturum;
677 2435 810 2473 cum
856 2418 1057 2472 multis
1106 2416 1381 2489 lacrymis
1421 2415 1566 2485 ligat
1606 2416 1774 2483 pater

130 2507 281 2561 ﬁlium
310 2509 750 2578 phreneticum.
798 2508 954 2561 Dans
985 2506 1239 2575 denique
1272 2505 1518 2575 gloriam
1551 2501 1772 2557 nomini

128 2595 323 2650 Domini
350 2598 599 2651 laetatur
627 2596 835 2666 justus
877 2612 1009 2649 cum
1040 2595 1197 2647 videt
1228 2593 1545 2646 vindictam
1579 2589 1768 2659 (Psal.

126 2691 253 2753 Lvn),
282 2687 383 2739 sed
412 2690 625 2740 tamen
657 2685 914 2738 animum
949 2684 1082 2753 ejus
1115 2696 1352 2750 semper
1383 2680 1604 2734 cruciat
1632 2695 1771 2748 per-

125 2775 349 2827 euntium
382 2775 598 2827 multa.

180 2862 380 2917 Verum
409 2862 663 2933 quidem
694 2865 786 2915 est
831 2862 962 2932 quia
1014 2876 1122 2914 nec
1162 2875 1268 2929 pro
1312 2858 1541 2929 justitia
1576 2857 1770 2909 ferrea

124 2964 255 3003 arma
283 2953 502 3021 corripi
549 2966 905 3005 concessum
928 2954 1038 3018 est,
1065 2949 1171 3002 sed
1204 2949 1443 3017 propter
1475 2961 1561 3013 se,
1587 2960 1769 3014 quan-

126 3040 223 3091 tum
249 3041 315 3093 ad
339 3040 607 3110 justitiaa
636 3039 1082 3108 perfectionem,
1120 3041 1403 3107 quantum
1442 3036 1669 3102 spectat
1698 3033 1770 3085 ad

127 3126 306 3181 domus
335 3130 441 3182 Dei
475 3130 788 3201 decorem.
823 3128 946 3180 Nec
977 3126 1089 3180 hoc
1121 3125 1359 3194 quidem
1390 3123 1585 3176 laudat
1616 3123 1768 3189 Apo-

126 3216 286 3271 stolus
332 3219 489 3288 quod
564 3217 970 3270 contentiones
1016 3215 1134 3268 sint
1175 3215 1326 3266 inter
1375 3215 1615 3265 sanctos
1663 3209 1769 3263 sed
1800 3274 1839 3328 Γ

126 3307 282 3328 4....--
322 3307 457 3328 .l:--.'a
501 3322 521 3328 _
625 3303 1107 3328 ri-_t-...d:L:l--
1148 3303 1241 3328 ..με
1287 3305 1417 3328 ,μη-..ι
1458 3301 1606 3328 ζηιιη.
1636 3312 1744 3328 νηί,
1822 3314 1839 3328 .-

125 3307 286 3358 tamen
317 3307 459 3360 dixit
501 3322 521 3359 :
566 3330 586 3351 ιι
625 3303 1109 3373 Contemptibiles
1146 3303 1247 3372 qui
1287 3305 1417 3356 sunt
1456 3301 1606 3353 inter
1636 3312 1767 3366 vos,

125 3394 429 3449 constituite
477 3394 563 3448 ad
604 3393 988 3463 judicandum
1028 3391 1084 3460 (Ι
1130 3389 1264 3444 Cor.
1308 3390 1408 3459 γι).
1454 3412 1475 3436 ιι
1521 3387 1589 3442 Et
1637 3401 1767 3440 cum

125 3495 301 3537 omnes
332 3485 521 3538 vellet
552 3497 690 3536 esse
722 3483 876 3536 sicut
915 3481 1202 3551 seipsum,
1241 3478 1509 3532 concedit
1536 3476 1770 3529 tandem

127 3574 174 3622 ut
191 3576 415 3641 propter
430 3570 925 3625 incontinentiam
945 3569 1357 3638 unusquisque
1372 3566 1584 3620 habeat
1600 3581 1769 3618 suam

124 3672 357 3729 uxorem,
380 3666 438 3715 ct
462 3664 535 3715 ut
557 3660 648 3713 vir
679 3660 847 3714 uxori
869 3664 923 3713 et
947 3674 1095 3713 uxor
1126 3658 1254 3711 viro
1283 3656 1543 3710 debitum
1566 3654 1771 3708 reddat

122 3745 168 3813 (Ι
189 3748 310 3803 Cor.
342 3753 470 3819 vn).

179 3834 307 3890 Cum
346 3839 593 3893 Veritas
647 3837 776 3906 ipsa
824 3837 882 3889 in
925 3834 1248 3906 Evangelio
1287 3831 1719 3903 praemississet
1753 3847 1764 3884 ε

126 3944 143 3967 α
167 3922 340 3979 Nolite
358 3927 577 3997 jurare
598 3926 833 3980 omnino
851 3925 1123 3993 (Matre/1.
1149 3925 1230 3994 v);
1254 3946 1276 3971 η
1304 3928 1390 3976 et:
1414 3944 1436 3969 ιι
1463 3922 1549 3975 Sit
1571 3935 1770 3973 sermo

126 4020 318 4082 vester,
354 4020 489 4083 est,
529 4030 645 4069 non
678 4013 901 4082 (Ibid.),
940 4036 960 4060 η
998 4012 1261 4067 subdidit
1290 4016 1483 4065 tamen
1513 4010 1714 4063 dicens
1754 4024 1765 4062 :

124 4120 141 4147 ε
169 4102 319 4166 Quod
350 4103 617 4173 amplius
649 4108 760 4172 est,
795 4119 827 4156 a
858 4103 1007 4156 malo
1040 4104 1132 4156 est
1161 4100 1385 4171 (Ibid.),
1414 4122 1435 4147 ι»
1466 4114 1584 4152 non
1615 4097 1768 4151 enim

122 4188 260 4259 dixit,
295 4194 522 4247 malum
553 4196 665 4261 est,
701 4193 827 4258 sed,
859 4215 880 4238 η
913 4207 945 4245 a
984 4191 1155 4259 malo,
1188 4212 1208 4238 ι
1236 4206 1305 4243 ac
1335 4189 1389 4241 si
1419 4187 1672 4240 dixerit:
1707 4184 1770 4239 Si

119 4276 298 4345 jurare
320 4296 585 4336 necesse
608 4281 801 4349 fuerit,
822 4282 879 4334 et
899 4280 1050 4333 malo
1077 4277 1498 4331 incredulitatis
1522 4275 1769 4329 aliorum

126 4371 414 4438 compulsi,
448 4369 672 4441 jurate,
708 4384 824 4422 non
856 4370 986 4422 sine
1019 4383 1220 4436 causa,
1255 4382 1371 4420 non
1399 4364 1638 4434 propria
1667 4379 1767 4417 vo-

125 4453 334 4512 luntate.
367 4482 388 4506 η
418 4459 578 4512 Hinc
609 4461 701 4512 est
734 4457 888 4527 quod
922 4457 1159 4527 Moyses
1183 4471 1291 4525 pro
1311 4456 1769 4522 temperamento

124 4544 393 4615 vindictae,
433 4569 457 4595 ι
500 4547 756 4615 oculum,
792 4546 997 4616 inquit,
1034 4560 1139 4614 pro
1171 4545 1363 4611 oculo,
1399 4543 1630 4596 dentem
1662 4556 1770 4609 pro

1805 1919 1843 1973 τὲ

1886 646 2057 700 etiam
2109 647 2480 715 carnalibus,
2527 647 2679 701 tueri
2716 651 2980 701 sanctam
3018 649 3376 724 Ecclesiam,
3426 672 3541 711 non

1892 751 2016 801 eos,
2051 737 2149 805 qui
2179 736 2237 789 in
2270 752 2449 789 causa
2481 739 2648 806 sunt,
2682 736 2789 790 sed
2834 737 2950 790 nisi
2980 753 3085 806 pro
3118 744 3409 796 communi
3442 760 3542 798 re-

1885 823 2152 892 publica,
2203 825 2315 879 sub
2355 840 2608 895 quorum
2666 825 2951 896 regimine
3000 832 3137 881 sunt
3185 830 3543 887 universalis

1885 911 2172 967 Ecclesim
2206 913 2496 983 cupimus.
2517 913 2830 967 Pecuniam
2860 930 3058 968 eorum
3095 918 3149 969 et
3180 919 3396 971 terram
3430 935 3545 974 non

1888 1002 2386 1070 concupiscimus,
2415 1001 2521 1054 sed
2544 1003 2604 1055 ut
2632 1002 3361 1073 thesaurizentimpiorum
3394 1008 3547 1061 divi-

1886 1090 1980 1144 tiae
2005 1089 2211 1159 justis,
2229 1094 2283 1143 et
2305 1090 2491 1158 spolia
2516 1090 2825 1158 impiorum
2848 1091 3048 1144 tellant
3071 1092 3241 1163 justi,
3263 1111 3329 1148 ea
3354 1100 3546 1151 tamen

1885 1177 2204 1231 intentione
2246 1182 2307 1232 ut
2356 1194 2459 1232 eos
2510 1179 2722 1231 lucrari
2770 1181 3030 1248 possint,
3083 1186 3138 1234 et
3187 1199 3303 1236 non
3353 1186 3545 1239 solum

1885 1282 2017 1335 quae
2048 1265 2278 1320 illorum
2311 1269 2476 1333 sunt,
2519 1267 2626 1321 sed
2666 1267 2861 1320 omnia
2905 1267 3077 1321 etiam
3117 1285 3225 1323 sua
3258 1272 3315 1324 in
3346 1273 3545 1326 chari-

1883 1357 1999 1408 tate
2032 1354 2388 1408 distribuant
2430 1370 2806 1429 summopere
2854 1357 3182 1427 satagimus
3215 1364 3271 1412 et
3303 1360 3543 1415 deside-

1885 1459 2103 1497 ramus.

1958 1532 2089 1586 Non
2118 1533 2313 1603 itaque
2345 1532 2661 1587 adversum
2692 1549 2802 1587 nos
2833 1534 3042 1589 clamat
3073 1537 3322 1607 sanguis
3354 1538 3542 1593 Saxo-

1885 1636 2052 1686 num,
2095 1621 2201 1674 sed
2252 1625 2455 1674 contra
2497 1637 2606 1675 vos
2654 1637 2786 1675 cum
2835 1623 3115 1677 universo
3156 1626 3399 1693 mundo,
3443 1629 3544 1698 qui

1885 1709 2133 1763 sceleris
2165 1710 2348 1763 vestri
2394 1709 2525 1763 tabe
2569 1709 2878 1764 inhorruit.
2909 1710 3132 1767 Clamat
3162 1714 3392 1782 caelum,
3427 1717 3543 1769 cla-

1884 1801 2000 1851 mat
2032 1802 2208 1864 terra,
2232 1797 2443 1852 clamat
2465 1798 2656 1851 omnis
2689 1798 2957 1853 Ecclesia
2984 1800 3302 1871 justorum,
3325 1805 3382 1857 et
3411 1820 3542 1874 quin

1883 1886 2074 1939 adhuc
2105 1887 2536 1957 peregrinatur,
2580 1890 2635 1941 et
2681 1904 2813 1957 quae
2849 1887 2970 1957 jam
3013 1905 3144 1943 cum
3174 1890 3407 1946 Christo
3452 1909 3541 1947 re-

1884 1979 2050 2045 gnat;
2078 1975 2287 2029 clamat
2303 1976 2595 2044 Christus,
2616 1975 2823 2030 clamat
2840 1977 3014 2030 Pater
3029 1994 3136 2046 pro
3159 1978 3391 2048 Sponsa
3410 1981 3542 2036 Filii

1883 2065 1998 2130 sui,
2038 2064 2248 2117 clamat
2278 2064 2533 2133 Spiritus
2570 2069 2813 2118 sanctus
2853 2066 2951 2134 qui
2998 2067 3257 2135 quotidie
3286 2070 3545 2138 postulat

1883 2168 1988 2221 pro
2019 2169 2084 2205 ca
2118 2152 2436 2223 gemitibus
2471 2153 2966 2207 inenarrabilibus
2998 2155 3197 2222 (Rom.
3232 2159 3383 2227 vm).
3422 2159 3541 2213 Vos

1884 2240 2174 2310 siquidem
2199 2240 2526 2294 Ecclesiam
2558 2241 2788 2294 laniatis
2807 2245 2863 2294 et
2885 2242 3176 2311 scinditis,
3194 2246 3291 2313 qui
3316 2250 3539 2314 partem

1885 2333 2139 2382 vestram
2170 2330 2243 2382 ab
2275 2328 2408 2398 ejus
2432 2329 2649 2382 unitate
2673 2330 3032 2397 praecidistis
3063 2346 3307 2401 eamque
3340 2334 3543 2389 crude-

1882 2418 1998 2471 lius
2031 2418 2225 2487 gladio
2258 2416 2601 2471 schismatis
2634 2433 2808 2487 quam
2845 2417 3188 2473 idololatriae
3221 2421 3449 2475 scelere
3480 2423 3538 2476 in

1882 2505 2467 2572 frustaconcidistis,
2486 2505 2682 2574 utjam
2707 2521 2823 2559 non
2842 2522 2974 2559 cum
2998 2508 3202 2577 granis
3226 2510 3409 2580 palea,
3431 2512 3538 2565 sed

1882 2610 2131 2664 praecisa
2156 2610 2185 2646 a
2204 2595 2321 2647 vite
2352 2595 2411 2647 in
2440 2594 2637 2665 ignem
2668 2594 3059 2665 projiciantur
3080 2603 3394 2652 sarmenta.
3415 2600 3538 2655 Vos

1882 2684 2035 2736 enim
2060 2682 2346 2737 Ecclesiae
2368 2683 2694 2751 catholicae,
2713 2699 2886 2753 quam
2904 2684 3210 2738 invasistis
3231 2702 3336 2755 per
3355 2690 3540 2743 totum

1882 2773 2331 2843 regnum,un
2354 2772 2486 2842 quia
2512 2772 2670 2825 intus
2703 2772 2934 2842 cecidit,
2952 2773 3097 2827 foris
3121 2775 3218 2827 diu
3241 2780 3399 2830 stare
3422 2793 3540 2832 non

1882 2861 2114 2929 poterit,
2131 2861 2391 2914 membra
2412 2861 2759 2928 distrahitis,
2777 2865 2831 2914 et
2854 2862 2914 2915 in
2936 2863 3278 2916 servitutem
3303 2866 3539 2920 redacta

1882 2949 2052 3019 quasi
2084 2949 2198 3003 vile
2230 2949 2582 3018 mancipium
2604 2950 2665 3002 in
2688 2953 2950 3003 vestrum
2972 2950 3293 3005 dominium
3327 2954 3543 3024 redigi-

1880 3038 1978 3105 tis,
2000 3041 2055 3091 et
2087 3038 2266 3090 divini
2296 3037 2452 3107 juris
2483 3038 2809 3091 libertatem
2831 3042 3030 3091 vestro
3063 3040 3351 3109 obsequio
3379 3057 3539 3095 man-

1883 3126 2112 3195 cipatis,
2148 3125 2412 3179 dicentes
2444 3126 2637 3179 omnia
2671 3126 3045 3193 imperatoris
3065 3127 3189 3196 juri
3221 3143 3358 3182 esse
3390 3131 3538 3184 sub-

1879 3213 2056 3283 jecta,
2105 3214 2504 3283 episcopatus,
2557 3213 2843 3280 abbatias,
2899 3229 3105 3268 omnes
3145 3216 3380 3271 omnino
3433 3219 3540 3273 Dei

1883 3303 2194 3372 ecclesias,
2229 3318 2361 3356 cum
2393 3303 2678 3356 Dominus
2706 3302 2890 3355 dicat:
2934 3325 2955 3349 u
2977 3302 3317 3384 'Ecclesiam
3348 3321 3539 3362 meam

1880 3392 2125 3461 (Matt/1.
2176 3393 2328 3462 xvx),
2379 3392 2709 3445 columbam
2767 3407 2956 3446 meam
3005 3391 3200 3460 (Cant.
3251 3395 3342 3464 ii),
3391 3412 3537 3450 oves

1880 3497 2042 3535 meas
2074 3481 2272 3550 (Joan.
2304 3483 2457 3550 xxi).
2497 3501 2519 3530 ι
2558 3481 2776 3535 Paulus
2807 3481 2984 3535 dicit:
3017 3503 3037 3529 α
3073 3482 3259 3535 Nemo
3289 3485 3541 3539 assumit

1882 3569 1996 3623 sibi
2026 3570 2330 3641 honorem,
2367 3570 2482 3624 nisi
2514 3570 2614 3641 qui
2655 3572 2899 3625 vocatus
2930 3575 3019 3625 est
3052 3588 3083 3624 a
3118 3572 3234 3625 Deo
3266 3574 3540 3644 tanquam

1881 3659 2077 3711 Aaron
2100 3659 2309 3727 (Hebr.
2334 3660 2412 3729 v).
2442 3682 2463 3706 η
2494 3659 2557 3713 In
2588 3663 2753 3731 parte
2785 3664 2880 3713 tua
2902 3661 3037 3730 quis
3068 3661 3407 3731 praeficitur,
3423 3662 3540 3717 nisi

1881 3762 2056 3817 quem
2094 3750 2194 3801 aut
2241 3749 2425 3819 gratia
2474 3748 2765 3803 exhausto
2811 3748 3044 3819 fenore,
3092 3749 3185 3803 vel
3235 3767 3450 3806 munus
3507 3768 3541 3805 a

1880 3851 2076 3903 manu,
2108 3837 2200 3890 vel
2234 3853 2448 3891 munus
2480 3854 2511 3890 a
2543 3838 2763 3910 lingua,
2786 3838 2880 3891 vel
2901 3854 3116 3893 munus
3147 3839 3219 3892 ab
3253 3840 3538 3911 obsequio

1882 3925 2222 3978 attraxerit?
2244 3925 2387 3989 Quis
2420 3927 2705 3994 moribus,
2727 3926 2862 3995 quis
2893 3925 3222 3997 honestate,
3244 3929 3379 3998 quis
3404 3930 3539 3984 vitm

1880 4013 2215 4083 integritate
2248 4014 2527 4085 eligitur?
2555 4015 2962 4086 Persequendi
2991 4021 3129 4070 sunt
3164 4017 3357 4087 itaque
3388 4018 3538 4088 lupi,

1881 4102 2103 4155 vitandi
2135 4106 2273 4156 sunt
2302 4102 2568 4156 universi
2599 4103 2697 4172 qui
2728 4104 2800 4156 ad
2833 4103 2965 4170 hoc,
2995 4108 3055 4157 ut
3086 4105 3347 4159 haeretici
3380 4108 3536 4175 (iant,

1880 4193 2322 4260 promoventur,
2359 4191 2456 4259 qui
2497 4190 2715 4259 lepram
2764 4190 2925 4245 Giezi
2970 4207 3102 4244 cum
3149 4192 3370 4246 divitiis
3411 4195 3540 4249 suis

1880 4278 2208 4348 possident,
2241 4283 2316 4347 et,
2352 4278 2500 4332 mala
2534 4278 2785 4348 quaesita
2818 4279 3106 4349 mercede,
3141 4296 3257 4334 non
3288 4284 3401 4334 tam
3432 4297 3539 4351 pa-

1879 4367 2219 4421 trimonium
2253 4367 2588 4421 facultatum
2633 4383 2807 4437 quam
2854 4368 3200 4422 thesaurum
3231 4369 3540 4425 criminum

1882 4460 2343 4527 congregarunt.

1951 4546 2096 4610 Quia
2120 4547 2313 4617 itaque
2332 4562 2440 4600 nec
2464 4547 2653 4618 gratis
2680 4547 2853 4617 datis,
2880 4562 2987 4602 nec
3020 4548 3205 4620 gratis
3225 4547 3539 4618 accepistis

125 4630 273 4687 dente
303 4634 527 4704 (Exod.
561 4637 711 4703 xxx),
753 4656 774 4682 ιι
808 4638 871 4687 ut
900 4634 1276 4689 clementiore
1308 4632 1419 4685 hac
1451 4631 1542 4683 via
1572 4631 1771 4701 eripe-
1794 4628 1839 4687 ὓ
1882 4635 2120 4705 (.llattlz.
2146 4639 2226 4704 x),
2249 4638 2304 4689 et
2335 4652 2364 4689 a
2397 4635 2688 4690 mandatis
2714 4637 2942 4691 Domini
2965 4636 3539 4705 declinantes,male-

125 4724 199 4774 ret
219 4723 530 4778 occidendi
560 4723 913 4778 facultatem.

186 4810 407 4866 Utinam
438 4828 559 4866 non
590 4816 752 4866 esset
774 4811 1106 4866 colluctatio
1129 4808 1447 4864 Catholicis
1478 4808 1769 4861 adversus

130 4912 343 4955 carnem
361 4907 419 4955 et
441 4902 797 4973 sanguinem
817 4900 1059 4971 (Eplies.
1080 4904 1180 4968 Vl),
1198 4904 1257 4952 ut
1280 4898 1459 4969 quieti
1483 4896 1768 4964 viverent,

129 4990 173 5038 et
210 4990 378 5045 tantae
428 4989 815 5061 perfectionis
863 4994 1095 5057 essent,
1145 4993 1206 5041 ut
1265 4982 1469 5042 omnes
1521 4987 1771 5055 palmam

131 5080 367 5147 martyrii
400 5079 829 5149 desiderarent,
850 5082 904 5131 et
935 5094 1051 5132 non
1072 5081 1275 5132 essent
1297 5091 1447 5147 quos
1471 5074 1769 5127 vindicare

130 5164 376 5222 minister
428 5168 529 5220 Ι)ρὶ
571 5168 789 5222 vindex
837 5167 897 5221 in
943 5169 1088 5220 iram
1119 5167 1201 5235 ei,
1236 5165 1335 5237 qui
1376 5164 1525 5216 male
1567 5165 1767 5233 ageret

131 5249 342 5309 habere!
365 5301 378 5326 ,
417 5257 519 5328 qui
550 5272 663 5312 non
698 5257 827 5310 sine
860 5271 1038 5310 causa
1069 5255 1329 5327 gladium
1357 5256 1547 5323 portat
1579 5252 1767 5320 (Rom.

133 5344 259 5413 xui).
282 5344 409 5400 Nos
435 5361 576 5399 vero
604 5347 659 5399 in
682 5344 900 5399 nullius
926 5345 1217 5416 sanguine
1249 5343 1619 5410 miscuimus,
1642 5356 1768 5409 nec,

133 5437 458 5505 protegente
492 5435 632 5503 Deo,
655 5434 1184 5501 miscebimus,nec
1205 5433 1276 5486 de
1300 5431 1629 5501 perditione
1653 5444 1771 5482 mo-

134 5519 381 5577 rientium
416 5523 801 5578 exsultamus.
824 5522 1138 5576 Vindicare
1170 5521 1465 5592 propriam
1497 5519 1772 5590 injuriam

135 5621 321 5665 omnes
351 5612 763 5683 prohibemus,
783 5614 845 5667 ut
868 5610 1030 5666 illum
1061 5613 1330 5682 spectent
1359 5608 1648 5676 Judicem,
1672 5608 1775 5679 qui

134 5696 421 5767 pollicetur
449 5701 685 5760 dicens:
719 5724 741 5750 α
770 5701 909 5757 Mihi
945 5700 1280 5772 vindictam,
1306 5714 1418 5774 ego
1450 5698 1773 5754 retribuam

1882 4723 2023 4777 dicti
2052 4725 2200 4777 estis
2230 4724 2426 4793 (PsaI.
2460 4725 2692 4794 cxvm),
2723 4728 2779 4779 et
2809 4726 2944 4796 quia
2976 4742 3092 4781 non
3123 4725 3374 4779 obeditis
3407 4740 3540 4793 apo-

1883 4812 2113 4866 stolicis
2144 4813 2481 4883 praeceptis,
2518 4813 2903 4868 formidamus
2941 4813 3315 4868 commisceri
3344 4813 3535 4867 vobis.

1884 4900 2033 4955 Dicit
2056 4916 2305 4972 namque
2326 4902 2536 4956 beatus
2551 4902 2907 4979 Ambrosius
2929 4918 2940 4956 :
2967 4925 2986 4947 «
3016 4901 3074 4955 Si
3099 4917 3212 4971 qua
3230 4904 3321 4955 est
3337 4900 3539 4956 Eccle-

1882 4990 1988 5057 sia,
2013 5006 2145 5060 quae
2177 4991 2518 5059 apostolicae
2550 4992 2816 5045 veritatis
2853 4990 3225 5043 fundamenta
3258 5006 3372 5044 non
3396 5006 3539 5059 pos-

1884 5078 2055 5145 sidet,
2078 5094 2149 5133 ne
2166 5094 2340 5149 quam
2363 5080 2465 5132 tibi
2485 5080 2676 5133 labem
2691 5079 2882 5147 possit
2900 5080 3194 5149 ingerere,
3212 5079 3542 5134 deserenda

1885 5169 1993 5220 est.
2014 5167 2122 5219 His
2146 5167 2299 5220 enim
2323 5168 2557 5238 legibus
2581 5167 2794 5234 adulta,
2821 5166 3035 5221 talibus
3058 5171 3149 5221 est
3171 5168 3542 5223 documentis

1883 5255 2143 5322 exculta,
2178 5255 2522 5326 hujusmodi
2561 5255 3027 5309 institutionibus
3070 5260 3159 5310 est
3199 5260 3536 5328 propagata.

1881 5342 1987 5407 Qui
2022 5343 2115 5397 his
2154 5345 2524 5413 adversatur,
2559 5344 2657 5414 qui
2698 5344 2809 5396 ista
2855 5344 3217 5413 dissimulat,
3251 5346 3350 5416 qui
3390 5346 3543 5399 hanc

1882 5434 2149 5487 veritatis
2172 5434 2473 5486 lucernam
2506 5432 2617 5486 sub
2649 5432 2844 5486 modio
2867 5432 3179 5487 abscondit
3201 5433 3437 5503 (Matt/1.
3461 5436 3537 5501 v),

1880 5538 1995 5576 non
2019 5526 2220 5592 pastor
2242 5521 2549 5591 Ecclesiae,
2572 5521 2678 5575 sed
2698 5521 2971 5575 inimicus
2995 5523 3213 5591 existit,
3231 5526 3287 5576 et
3316 5522 3387 5577 de
3409 5521 3542 5593 ejus

1880 5612 2153 5666 manibus
2188 5609 2559 5681 pereuntium
2598 5611 2949 5682 sanguinem
2981 5611 3267 5667 Dominus
3299 5611 3545 5681 requirit

1881 5701 2135 5774 (Ezech.
2171 5702 2282 5773 in).
2321 5699 2382 5755 Si
2416 5715 2560 5775 ergo
2591 5698 2893 5757 Christum
2925 5715 3166 5757 causam
3193 5698 3542 5773 perditionis
