3978 6178
459 343 578 405 455

1475 335 1541 396 S.
1587 332 1966 406 ANSELMI
2012 332 2422 397 LUCENSIS
2466 333 2875 399 EPISCOPI.

3722 345 3814 409 456

460 555 683 609 eorum,
703 537 776 592 ad
806 552 958 609 quos
988 537 1216 591 missus
1246 537 1356 605 est,
1382 537 1438 590 et
1469 550 1675 590 vocem
1705 534 1838 606 ejus
1870 550 1987 589 non
2017 550 2115 589 au-
2147 514 2206 575 Α
2237 535 2294 588 et
2339 536 2562 589 sancta
2607 535 2780 589 matri
2824 550 2973 595 meae
3023 534 3325 605 Ecclesiae,
3363 537 3528 607 cujus
3579 538 3818 611 prmeept'o

460 629 729 697 dierunt,
776 628 979 682 dicere
1016 642 1134 681 non
1172 625 1520 695 praesumis,
1561 639 1671 679 nec
1710 623 1890 679 Paulo
1935 624 2121 678 audes

460 717 770 772 ascribere
801 714 1107 769 stultitiam
1137 715 1400 785 gentium
1430 716 1488 768 et
1517 712 1857 767 scandalum
1888 712 2124 767 Judzao-

462 822 591 861 rum
610 805 666 875 (Ι
681 804 817 859 Cor.
841 804 902 873 ι),
927 819 960 858 a
981 805 1184 858 nostra
1213 817 1446 873 quoque
1478 800 1840 856 detractione
1861 800 2125 872 linguam

464 908 800 964 compesce,
834 893 935 963 qui
967 891 1375 962 compellimur
1404 890 1603 945 dicere
1635 889 1938 944 veritatem
1973 889 2126 944 sicut

462 998 569 1054 per
622 982 965 1053 prophetam
1011 979 1297 1034 Dominus
1344 979 1731 1033 comminatur
1770 994 1782 1033 :
1830 977 2124 1033 Sacerdos

462 1071 808 1143 ingrediens
832 1073 888 1125 et
907 1068 1259 1140 regrediens
1291 1068 1407 1121 nisi
1439 1067 1697 1122 sonitum
1727 1067 1973 1135 dederit,
2002 1082 2126 1121 mo-

463 1158 878 1229 rietur(Exod.
899 1161 1126 1227 xxvm).
1149 1156 1318 1211 Item:
1345 1155 1692 1210 Maledictus
1722 1156 1823 1226 qui
1851 1155 2125 1225 prohibet

463 1247 724 1320 gladium
754 1262 928 1301 suum
958 1261 992 1299 a
1021 1244 1311 1314 sanguine
1345 1244 1495 1314 (Jer.
1520 1246 1742 1314 xnvm).
1779 1267 1801 1293 ιο

536 1336 915 1390 Innocentius
960 1350 1110 1403 papa
1151 1351 1161 1387 :
1210 1356 1232 1381 ι·
1287 1332 1470 1388 Error
1516 1334 1616 1404 qui
1657 1349 1776 1388 non
1824 1332 2128 1388 resistitur

464 1423 843 1494 approbatur,
877 1426 936 1477 et
965 1423 1186 1476 veritas
1217 1436 1351 1476 eum
1382 1422 1619 1476 minime
1650 1422 1986 1476 defenditur
2018 1438 2126 1491 op-

463 1513 753 1583 primitur.
782 1534 804 1561 »
832 1512 973 1566 Item
1003 1511 1275 1581 ejusdem
1301 1527 1313 1564 :
1349 1533 1370 1558 κ
1398 1509 1725 1582 Negligere
1754 1511 1972 1582 quippe
1995 1526 2127 1564 cum

464 1601 669 1672 possis
708 1599 1028 1655 deturbare
1065 1614 1418 1668 perversos,
1452 1598 1597 1653 nihil
1635 1603 1728 1654 est
1756 1600 1914 1654 aliud
1954 1614 2129 1670 quam

466 1689 692 1757 fovere,
725 1703 835 1744 nec
867 1691 1027 1742 caret
1068 1688 1348 1757 scrupulo
1390 1687 1693 1743 societatis
1724 1689 1993 1757 occulta),
2027 1686 2126 1758 qui

466 1777 781 1832 manifesto
812 1775 1059 1830 facinori
1089 1775 1306 1830 desinit
1331 1775 1590 1830 obviare.
1632 1798 1653 1822 ι»

543 1867 682 1920 Pius
713 1880 897 1935 papa:
936 1885 958 1914 α
993 1863 1144 1928 Quid
1173 1863 1416 1933 prodest
1444 1864 1608 1919 illum
1638 1879 1839 1919 errore
1869 1880 1980 1919 suo
2011 1880 2129 1919 non

467 1953 671 2025 pollui,
704 1952 807 2023 qui
835 1967 1198 2007 consensum
1225 1956 1469 2022 praestat
1495 1953 1752 2008 erranti?
1782 1953 1921 2007 Sine
1952 1953 2130 2007 dubio

471 2045 675 2098 contra
704 2041 972 2096 mandata
1003 2040 1260 2111 dimicat,
1281 2044 1338 2095 et
1366 2042 1467 2113 qui
1498 2057 1861 2096 consensum
1890 2043 2133 2112 praestat

470 2130 710 2185 erranti.
752 2153 774 2179 η

541 2220 816 2275 Clemens
843 2237 854 2275 :
894 2242 916 2267 «ι
947 2219 1359 2274 Certissimum
1390 2223 1482 2274 est
1509 2219 1668 2291 quod
1699 2234 1889 2290 neque
1928 2218 2134 2273 amici-

470 2311 567 2377 tia,
590 2325 780 2381 neque
806 2308 1219 2380 propinquitas
1252 2308 1513 2380 generis,
1536 2324 1725 2379 neque
1757 2308 1929 2379 regni
1951 2307 2134 2362 subli-

468 2400 642 2454 mitas
670 2398 895 2453 homini
924 2399 1098 2453 debet
1130 2413 1269 2452 esse
1300 2397 1618 2467 pretiosior
1648 2398 1910 2452 veritate.
1948 2420 1970 2445 »ι

542 2488 841 2542 Fabianus
869 2504 880 2541 :
912 2510 933 2536 α
961 2487 1071 2553 Qui
1101 2487 1559 2555 omnipotentem
1580 2486 1784 2541 metuit
1805 2486 2136 2555 Deum,nec

473 2581 676 2632 contra
695 2576 1105 2647 Evangelium,
1126 2591 1234 2629 nec
1258 2580 1460 2630 contra
1477 2575 1803 2646 apostolos,
1818 2575 1913 2629 vel
1935 2578 2136 2629 contra

470 2664 840 2734 prophetias,
874 2666 973 2717 aut
1012 2665 1352 2717 sanctorum
1384 2665 1625 2717 Patrum
1654 2664 1915 2718 instituta
1957 2680 2136 2734 agere

472 2752 693 2823 aliquid
725 2752 843 2806 ullo
873 2751 1049 2805 modo
1081 2752 1395 2805 consentit.
1433 2772 1456 2801 ι

546 2841 698 2895 Leo:
731 2863 752 2887 α
778 2838 887 2904 Qui
916 2840 1067 2894 altos
1097 2838 1171 2893 ab
1203 2854 1407 2894 errore
1437 2853 1566 2900 nou.
1586 2841 1845 2895 revocat.
1870 2839 2138 2911 seipsum

472 2944 675 2984 errare
705 2929 1090 2983 demonstrat.
1127 2948 1149 2976 ι

545 3019 951 3088 Augustinus:
978 3040 999 3065 «
1024 3015 1308 3088 Quisquis
1338 3020 1497 3071 metu
1517 3016 1800 3089 aliquijus
1828 3017 2135 3087 potestatis

476 3108 783 3162 veritatem
809 3107 1088 3175 occultat,
1139 3107 1286 3160 iram
1329 3106 1438 3161 Dei
1483 3122 1666 3178 super
1710 3122 1777 3161 se
1816 3109 2130 3177 provocat,

475 3197 613 3268 quia
643 3196 836 3268 magis
866 3196 1027 3250 timet
1060 3196 1358 3250 hominem
1385 3210 1558 3266 quam
1590 3196 1797 3250 Deum.
1829 3219 1851 3244 ι»

545 3285 875 3356 Gregorius
907 3300 922 3339 :
962 3307 983 3334 α
1020 3284 1369 3339 Consentire
1401 3284 1631 3339 videtur
1659 3285 1898 3354 erranti,
1933 3285 2034 3355 qui
2066 3285 2140 3340 ad

475 3374 801 3430 resecanda
832 3377 895 3428 ut
924 3373 1147 3445 corrigi
1175 3374 1456 3443 debeant,
1483 3389 1601 3427 non
1632 3375 1911 3428 occurrit.
1948 3397 1970 3422 ιι
2006 3374 2142 3429 Non

475 3464 657 3535 igitur
687 3463 845 3534 quod
861 3465 1100 3532 prepter
1118 3463 1337 3517 bonum
1358 3464 1414 3516 et
1444 3462 1668 3516 licitum
1690 3462 1960 3531 facimus,
1986 3464 2139 3517 sicut

475 3553 760 3623 superius
791 3552 1009 3606 dictum
1041 3555 1153 3621 est,
1178 3551 1376 3621 nobis,
1395 3551 1448 3604 si
1469 3551 1613 3622 quid
1642 3551 1791 3607 male
1822 3552 1957 3606 inde
1986 3551 2140 3606 acci-

476 3642 648 3711 derit,
681 3641 1081 3711 imputabitur.

547 3730 715 3796 Quod
735 3734 931 3785 autem
948 3730 1120 3801 dicis,
1135 3731 1237 3802 qui
1255 3729 1613 3785 universalis
1632 3728 1919 3785 Ecclesiae
1939 3745 2141 3784 curam

451 3820 878 3890 suscipimus,
916 3819 1055 3874 licet
1098 3819 1295 3889 inviti,
1339 3818 1604 3889 nunquid
1649 3819 1773 3873 vita
1810 3819 2022 3873 comite
2068 3818 2141 3872 ad

476 3913 596 3963 tam
624 3910 877 3963 immane
905 3908 1140 3962 facinus
1161 3908 1423 3978 pertrahi
1439 3907 1697 3962 debuisti
1726 3910 1789 3962 ut
1817 3911 2139 3961 temerares

476 4001 673 4055 torum
703 4000 909 4054 matris
938 4003 1054 4053 tuae
1097 4003 1153 4053 et
1191 3998 1377 4068 patris
1425 3997 1556 4052 tui?
1600 3996 1673 4051 Et
1709 3997 1762 4051 si
1800 3996 2141 4051 violentiam

476 4090 853 4160 sustinuisti,
906 4104 1013 4144 cur
1069 4093 1279 4143 sattem
1331 4086 1456 4159 jam
1506 4086 1735 4141 adulter
1790 4102 1908 4141 non
1945 4087 2138 4140 .resi-

474 4178 709 4250 piscis?

543 4269 711 4334 Quod
743 4272 935 4323 autem
967 4267 1275 4335 obsecras,
1308 4282 1413 4336 per
1444 4267 1681 4335 Jesum,
1715 4282 1788 4320 ne
1814 4265 2138 4320 nobilissi-

475 4375 631 4414 mam
661 4360 1011 4413 feminarum
1049 4357 1302 4427 amplius
1341 4356 1832 4424 cireumveniam,
1866 4355 2136 4409 deludam

476 4455 530 4505 ct
572 4450 795 4518 fallam,
846 4450 1032 4501 Deum
1071 4451 1283 4501 testem
1330 4447 1561 4514 invoco,
1615 4444 1758 4499 nihil
1805 4448 2134 4513 terrenum,
2164 4452 2220 4513 ι)
2254 4443 2501 4496 vitulum
2531 4441 2867 4513 saginatum
2914 4456 3021 4508 pro
3067 4440 3187 4495 tilio
3233 4442 3503 4513 prodigo.
3534 4435 3846 4504 Omnipotens
3926 4470 3927 4477 η

2254 4533 2415 4587 Deus
2444 4531 2547 4603 qui
2578 4531 2700 4584 vult
2730 4529 3021 4584 neminem
3066 4531 3260 4599 perire
3281 4572 3294 4599 ,
3339 4531 3441 4601 qui
3487 4541 3653 4598 supra
3680 4524 3846 4576 mater-
3926 4552 3927 4555 η

2253 4637 2393 4676 num
2415 4635 2674 4674 amorem
2696 4619 2888 4690 diligit
2911 4622 3277 4688 peccatores,
3312 4619 3592 4673 illuminat
3618 4630 3709 4669 cor
3727 4614 3846 4663 tuum
3926 4632 3927 4669 ξ

476 4541 739 4611 nihilque
771 4537 1004 4592 carnale
1037 4537 1094 4588 in
1127 4552 1195 4589 ca
1220 4535 1314 4589 vel
1344 4537 1417 4589 ab
1449 4551 1515 4588 ea
1548 4550 1623 4588 ex
1652 4535 1969 4588 intentione
2002 4550 2138 4588 con-

477 4631 816 4701 cupisco,et
838 4628 968 4681 sine
992 4625 1433 4680 intermissione
1466 4640 1570 4679 oro
1604 4627 1663 4677 ut
1684 4623 1758 4676 ab
1782 4624 1894 4678 hoc
1916 4623 2138 4677 saeculo

477 4735 731 4790 nequam
776 4717 889 4771 cito
933 4714 1081 4783 eripi
1124 4729 1381 4781 merear,
1420 4714 1599 4766 nimio
1647 4711 1893 4767 affectus
1935 4712 2139 4781 taedio,

477 4810 613 4879 quia
636 4806 953 4862 incolatum
975 4818 1170 4858 meum
1190 4802 1534 4873 prolongari
1553 4800 1744 4870 (P881.
1765 4804 1923 4871 CXIX)
1946 4801 2140 4871 video,

479 4901 753 4955 serviens
775 4898 869 4954 die
890 4910 961 4949 ac
982 4893 1237 4948 noctein
1259 4891 1647 4947 custodiendo
1669 4890 1825 4945 illam
1848 4892 1967 4947 Deo
1990 4906 2142 4959 meo,

2234 621 2379 676 mihi
2409 623 2732 677 commissa
2762 627 2890 693 est;
2922 626 2979 678 et
3008 641 3183 693 spero
3213 626 3369 696 quod
3399 627 3563 680 multa
3591 630 3710 684 mihi
3735 647 3817 686 re-

2234 711 2473 766 tributio
2503 727 2609 781 per
2638 713 2884 782 gratiam
2907 712 3012 766 Dei
3035 712 3097 768 in
3118 714 3250 785 ejus
3273 714 3529 770 custodia
3549 724 3818 787 excrescat,

2233 816 2367 870 quae
2397 815 2515 856 non
2537 800 2595 853 in
2613 816 2829 855 vanum
2860 818 2971 857 sua
3000 802 3310 874 dispergit,
3334 804 3438 858 sed
3458 804 3821 862 indeticientem

2233 888 2292 942 in
2322 888 2470 943 cmlo
2502 888 2857 944 thesaurizat
2887 890 3003 944 sibi
3032 890 3374 946 thesaurum
3397 908 3561 963 quem
3583 894 3718 949 tinea
3731 912 3820 952 non

2233 976 2573 1045 demolitur,
2622 977 2719 1031 ubi
2766 977 2931 1033 fures
2976 995 3093 1033 non
3140 977 3424 1034 effodiunt
3468 997 3567 1036 nec
3611 983 3825 1039 furantur

2232 1066 2470 1135 (Matth.
2502 1066 2604 1134 vi),
2628 1068 2829 1134 parata
2858 1083 2964 1135 pro
2995 1067 3342 1123 defensione
3367 1067 3598 1139 justitiie
3627 1087 3725 1127 non
3749 1089 3823 1129 so-

2232 1156 2352 1208 lum
2382 1157 2619 1209 terrena
2649 1155 2843 1208 omnia
2873 1155 3252 1227 distribuere,
3287 1158 3394 1218 sed
3427 1174 3604 1229 usque
3631 1161 3691 1214 ad
3714 1176 3823 1216 san—

2235 1243 2474 1315 guinem
2518 1258 2625 1312 pro
2674 1245 2874 1299 vestra
2930 1245 3281 1300 confusione
3338 1250 3394 1301 et
3449 1249 3737 1303 reveren-ia
3770 1250 3823 1304 ad

2234 1336 2455 1387 sanctae
2487 1331 2774 1386 Ecclesiae
2814 1334 3062 1404 gloriam
3101 1337 3158 1388 et
3197 1334 3592 1393 exultationem
3627 1342 3823 1403 certare,

2237 1421 2423 1475 donec
2470 1421 2658 1475 tradat
2702 1421 2988 1477 Dominus
3036 1423 3339 1478 inimicum
3382 1440 3547 1478 suum
3593 1425 3646 1478 in
3693 1441 3825 1484 manu

2236 1508 2492 1563 feminae.

2309 1597 2398 1651 Tu
2428 1613 2573 1652 vero
2617 1600 2905 1654 memento
2947 1600 3102 1655 unde
3132 1601 3448 1669 excideris,
3481 1604 3536 1659 et
3558 1616 3659 1673 age
3683 1603 3829 1671 poeni-

2240 1685 2480 1741 tentiam
2511 1686 2715 1758 (Apoc.
2745 1686 2839 1758 n),
2886 1687 2941 1742 si
2985 1687 3135 1744 forte
3172 1690 3430 1747 remittat
3468 1689 3568 1747 tibi
3606 1690 3832 1749 Dominus

2158 1766 2212 1829 Β
2242 1774 2561 1845 (Act.vm),
2585 1778 2647 1830 ut
2667 1791 2798 1844 nos,
2825 1776 3050 1831 reddita
3073 1793 3218 1846 pace
3241 1777 3546 1847 Ecclesiae,
3563 1780 3670 1834 voti
3688 1780 3834 1833 nostri

2242 1879 2577 1918 mereamur
2607 1864 2736 1918 ﬁeri
2777 1868 3104 1935 compotes.
3150 1866 3392 1936 Depone
3434 1866 3683 1937 cidarim,
3709 1867 3835 1922 aufer

2242 1967 2523 2007 coronam
2543 1952 2792 2022 (Ezech.
2818 1956 2940 2022 xxi)
2958 1958 3014 2008 et
3037 1954 3216 2009 indue
3238 1954 3587 2026 lugubribus
3601 1955 3832 2019 vestibus,

2240 2043 2401 2095 tanto
2418 2041 2698 2096 humilior
2717 2045 2774 2096 et
2795 2041 3082 2113 abjectior
3102 2044 3381 2101 omnibus
3402 2042 3650 2113 effectus,
3666 2046 3834 2115 quanto

2241 2146 2364 2199 prae
2395 2130 2669 2184 omnibus
2691 2128 3062 2186 diﬂ‘erentius
3087 2132 3388 2202 superbiae
3406 2132 3649 2187 extulisti
3675 2148 3832 2188 cornu.

2243 2218 2348 2272 Dic
2378 2218 2507 2290 regi
2539 2220 2638 2273 tuo
2670 2222 2732 2273 ut
2763 2224 3089 2291 cognoscat
3109 2220 3243 2276 aliis
3261 2222 3533 2277 omnibus
3562 2220 3835 2293 generatio-

2242 2307 2420 2362 nibus
2449 2308 2775 2361 inauditum
2807 2308 3040 2363 facinus
3071 2324 3268 2380 suum,
3290 2312 3391 2381 qui
3410 2311 3553 2364 duos
3574 2309 3683 2380 jam
3707 2308 3835 2363 adul-

2244 2400 2403 2450 teros
2426 2397 2593 2449 matri
2613 2411 2740 2450 suae
2758 2396 3035 2469 ingessit,
3056 2400 3112 2453 et
3134 2399 3498 2456 calamitates
3514 2399 3675 2454 totius
3692 2397 3835 2466 orbis,

2243 2484 2403 2537 illam
2432 2484 2764 2554 praecipue,
2812 2484 2884 2540 de
2933 2501 3048 2556 qua
3093 2487 3376 2557 superius
3406 2488 3663 2556 diximus,
3689 2490 3836 2541 tecum

2246 2573 2475 2641 defleat,
2516 2589 2648 2643 qum
2687 2587 2840 2629 novo
2887 2574 3103 2629 sceleri
3155 2591 3310 2631 nova
3352 2575 3513 2648 justo
3542 2576 3636 2630 Dei
3663 2573 3837 2645 judicio

2246 2662 2561 2717 successit.
2586 2661 2735 2716 Veni
2783 2662 2855 2717 ad
2902 2663 3197 2718 dolentem
3227 2670 3285 2719 et
3323 2681 3429 2735 pro
3476 2667 3529 2720 te
3572 2667 3837 2737 gementem
3926 2674 3927 2677 ‘

2244 2754 2489 2804 matrem
2512 2749 2862 2821 Ecclesiam,
2883 2753 2945 2805 ut
2967 2752 3093 2821 ipsa
3114 2769 3219 2822 pro
3243 2756 3301 2808 te
3325 2753 3526 2809 oIl‘erat
3546 2751 3838 2807 sacriﬁcium

2246 2842 2549 2909 acceptum
2579 2839 2848 2893 Domino.
2881 2839 3019 2894 Sola
3049 2841 3204 2895 enim
3244 2845 3339 2896 est
3377 2858 3484 2912 per
3511 2857 3670 2913 quam
3694 2838 3837 2895 sacri-

2246 2928 2443 2982 ficium
2474 2927 2729 2982 libenter
2761 2929 3048 2983 Dominus
3077 2930 3313 3000 accipit,
3351 2931 3477 2986 sola
3505 2946 3626 3001 qua:
3655 2943 3741 2998 pro
3766 2941 3839 2981 er-
3926 2958 3927 2961 η

2246 3017 2513 3071 rentibus
2561 3016 2909 3072 ﬁducialiter
2961 3018 3305 3090 intercedit,
3351 3023 3516 3075 extra
3552 3034 3707 3090 quam
3741 3014 3839 3086 qui-
3926 3034 3927 3091 ς

2168 3100 2220 3163 C
2248 3121 2480 3177 cunque
2518 3106 2796 3160 inventus
2840 3106 3036 3176 fuerit,
3080 3108 3296 3177 peribit
3341 3112 3613 3181 regnante
3653 3104 3837 3169 diluvio,

2247 3198 2412 3249 extra
2443 3210 2617 3266 quam
2646 3194 2984 3265 quicunque
3013 3212 3231 3268 agnum
3265 3197 3597 3263 comederit,
3617 3193 3841 3267 profanus
3926 3200 3927 3267 ᾖ

2248 3286 2359 3353 est,
2394 3283 2466 3337 de
2516 3281 2692 3353 cujus
2736 3284 3015 3339 carnibus
3060 3285 3159 3339 lex
3201 3284 3403 3342 efferri
3446 3286 3598 3343 foras
3625 3281 3839 3354 prohibet
3926 3296 3927 3331 1

2246 3371 2442 3427 Exod.
2475 3372 2599 3443 xu).
2634 3371 2699 3425 In
2740 3371 2943 3427 multis
2992 3373 3230 3443 quidem
3261 3375 3412 3430 estis
3442 3388 3651 3443 secum,
3678 3368 3766 3427 sed
3799 3368 3840 3420 in
3926 3404 3927 3453 ξ

2248 3460 2361 3515 hoc
2392 3459 2571 3515 nolite
2615 3460 2923 3531 gaudere:
2972 3461 3121 3516 Illud
3169 3465 3370 3532 potius
3418 3465 3605 3519 timete
3638 3457 3769 3531 quod
3799 3455 3842 3509 in
3926 3464 3927 3505 1

2246 3549 2458 3604 eodem
2485 3548 2714 3618 psalmo
2744 3549 3051 3620 sequitur:
3083 3572 3105 3597 α
3137 3549 3679 3607 Contaminaverunt
3701 3548 3841 3602 testa-
3926 3558 3927 3575 ξ

2249 3642 2510 3693 mentum
2537 3637 2672 3709 ejus
2699 3637 2890 3707 (Psal.
2923 3640 3061 3708 LIV).
3099 3662 3122 3687 ιο
3149 3638 3317 3696 Sicut
3346 3658 3462 3697 non
3491 3633 3841 3711 profuitPilato

2249 3732 2306 3782 et
2345 3727 2569 3782 Herodi
2601 3727 2836 3782 vinctus
2882 3732 2938 3783 et
2982 3728 3316 3800 flagellatus
3364 3729 3645 3796 Christus,
3682 3724 3755 3779 sic
3791 3717 3842 3775 ad

2247 3814 2604 3886 impietatem
2635 3819 2692 3871 et
2720 3816 3111 3886 perditionem
3138 3823 3399 3874 vestram
3427 3818 3609 3890 magis
3636 3809 3844 3870 officiunt

2248 3907 2621 3958 sacramenta
2650 3904 2807 3976 ejus.

2318 3991 2466 4047 Cum
2494 3993 2710 4047 fiducia
2739 3995 2875 4048 veni
2903 3994 2975 4050 ad
3007 3995 3431 4068 pinguedinem
3460 3994 3650 4051 matris
3679 3986 3845 4047 Eccle-
3926 4012 3927 4025 ς

2248 4082 2379 4152 sim,
2412 4099 2445 4136 a
2474 4082 2651 4155 cujus
2681 4085 2847 4139 utero
2880 4086 3122 4155 errasti,
3155 4089 3217 4140 ut
3247 4086 3553 4141 coalescas
3582 4085 3648 4139 ei.
3676 4082 3845 4135 Potens

2248 4171 2407 4225 enim
2438 4176 2530 4227 est
2561 4172 2721 4227 Deus
2750 4174 2960 4227 iterum
2992 4177 3047 4228 te
3078 4174 3366 4244 inserere,
3394 4175 3486 4230 cui
3511 4172 3645 4228 nihil
3672 4170 3748 4224 est
3769 4165 3847 4218 im‘

2249 4262 2558 4336 possibile,
2597 4266 2654 4317 et
2684 4266 2842 4317 certe
2883 4263 3162 4334 gaudebit
3193 4264 3252 4317 in
3282 4267 3368 4330 te,
3405 4265 3686 4331 irruetque
3710 4264 3848 4322 super

2252 4354 2467 4407 collum
2500 4357 2693 4421 tuum,
2728 4355 2785 4406 et
2811 4351 2997 4421 prima
3030 4352 3181 4406 stola
3209 4353 3443 4422 induet,
3475 4344 3846 4411 immolabitque

2254 4697 2463 4782 gratim
2496 4725 2624 4763 suae
2656 4707 2973 4779 splendore
3022 4711 3078 4761 et
3119 4708 3365 4762 reducat
3394 4708 3466 4761 ad
3497 4706 3639 4759 viam
3666 4693 3845 4757 salutis,
3926 4692 3927 4723 ³

2254 4781 2316 4853 ut
2346 4812 2684 4871 cognoscas
2706 4812 2839 4868 quia
2869 4796 2949 4850 sit
2976 4794 3251 4852 voluntas
3281 4796 3417 4868 ejus
3445 4791 3795 4863 beneplacens
3808 4781 3847 4833 et
3926 4794 3927 4809 ι

2255 4888 2538 4958 perfecta.

1299 5082 1806 5174 INCIPIT
1894 5078 2311 5173 LIBER
2400 5074 3097 5168 SECUNDUS

553 5301 883 5373 Opitulante
906 5300 1135 5359 Ilomini
1160 5301 1263 5358 Dei
1285 5301 1468 5357 nostri
1488 5300 1816 5370 clementia,
1833 5299 1932 5372 qui
1955 5315 2066 5355 nos
2089 5301 2146 5353 et

483 5409 799 5449 sermones
822 5398 1060 5449 nostros
1078 5409 1187 5448 suo
1209 5392 1463 5447 mirabili
1486 5394 1629 5446 nutu
1650 5390 2005 5461 regit,atque
2025 5390 2144 5442 dis-

479 5484 665 5557 ponit,
689 5484 1057 5555 accingimur
1088 5482 1450 5551 respondere
1478 5481 1575 5534 his
1605 5480 1707 5550 qui
1737 5478 1939 5532 dicunt
1961 5478 2146 5549 regali

478 5574 760 5647 potestati
770 5572 993 5641 Christi
1007 5570 1340 5627 Ecclesiam
1357 5569 1764 5641 subjacere,ut
1774 5567 1827 5621 ei
1844 5582 1950 5636 pro
1964 5581 2074 5621 suo
2088 5565 2147 5619 li-

477 5666 606 5722 bitu
620 5663 712 5720 vel
731 5660 1036 5734 prece,vel
1047 5660 1355 5730 pretio,vel
1370 5660 1557 5730 gratis
1571 5658 1741 5712 liceat
1754 5659 2030 5726 pastores
2044 5655 2148 5709 im-

2254 5294 2489 5349 libuerit
2506 5292 2643 5365 jura
2659 5291 3009 5347 transferre.
3024 5288 3096 5345 Et
3112 5305 3185 5344 ne
3206 5290 3424 5344 diutius
3443 5281 3724 5343 exordium
3740 5283 3845 5345 Ρτο⁶

2254 5383 2648 5452 trahamus,in
2662 5382 2868 5452 primis
2883 5380 3193 5435 dicendum
3212 5378 3443 5433 videtur
3463 5389 3573 5447 quo
3594 5366 3741 5425 modo
3753 5371 3843 5414 cer-

2253 5476 2376 5526 tum
2400 5475 2489 5526 est
2513 5472 2669 5542 quod
2700 5470 3085 5524 beatissimus
3120 5469 3331 5523 Petrus
3360 5463 3650 5538 apostolus
3670 5452 3844 5542 primus

2256 5531 2548 5617 Ecclesia;
2569 5561 2852 5631 pontifex,
2877 5559 3043 5629 prius
3061 5531 3542 5627 patriarchalibus
3564 5531 3845 5633 sedibus-0'-

2256 5648 2873 5722 rientis,postmodum
2887 5662 3033 5702 vero
3045 5646 3271 5717 primos
3289 5643 3445 5699 misit
3455 5635 3735 5713 pontiﬁces
3746 5637 3854 5722 om:

482 5768 705 5830 ponere
715 5713 1001 5823 ,rejusq'ue
1016 5713 1446 5821 p‘osses'sion‘es
1463 5748 1559 5804 vel
1579 5747 1639 5803 in
1662 5745 1970 5819 sua,velin
1981 5744 2157 5820 cujus
2266 5742 2486 5799 tatibus
2498 5738 2855 5798 Occidentis.
2890 5737 3010 5810 Ipsi
3030 5737 3185 5793 enim
3207 5736 3336 5793 haec
3361 5726 3633 5791 ordinatio
3648 5721 3844 5780 ωαιιωο
