3978 6178
131 238 239 329 ἦ7

629 234 975 299 CONTRA
1007 234 1525 327 GUIBERTUM
1552 234 2070 323 ANTIPAPAM
2102 236 2334 317 LIBRI
2368 237 2572 301 DUO.
2605 272 2682 284 —
2715 239 2877 300 LIB.
2910 238 2988 299 ΙΙ.

3414 240 3534 302 458

130 435 483 505 competebat,
518 435 607 489 cui
656 434 1059 505 principaliter
1097 434 1379 490 Christus
1410 436 1518 489 Dei
1568 434 1760 490 Filius
1790 424 1831 481 Α
1872 433 2538 506 stans,Valentinianus,
2573 435 2968 506 Theodosius,
3003 437 3320 509 Arcadius,
3343 438 3536 495 Hono-

132 524 368 579 caelestis
402 524 568 595 regni
598 524 865 579 clavibus
897 525 1127 578 traditis
1161 541 1305 579 suas
1336 539 1481 579 oves
1511 538 1759 594 pascere

130 615 452 684 jusserat,et
464 628 569 681 pro
582 612 756 683 cujus
770 614 882 667 ﬁde
898 629 969 667 ne
982 614 1261 668 deﬁceret
1276 613 1614 682 specialiter
1627 627 1755 666 ora-

132 704 292 769 verat,
319 702 524 771 cuique
548 700 761 754 fratres
785 718 930 756 suos
954 702 1011 756 in
1046 703 1248 756 eadem
1272 702 1383 757 fide
1406 702 1750 755 confirmare

131 793 480 859 praeceperat.

186 877 286 932 Sed
302 882 354 931 et
366 877 626 949 reliquos
640 880 962 948 apostolos,
985 895 1136 949 quos
1154 879 1398 949 reliquis
1418 878 1614 933 mundi
1633 894 1757 949 par-

132 968 266 1022 tibus
282 966 546 1020 novimus
560 967 947 1036 praadicasse,
965 968 1223 1039 singulis
1238 968 1507 1035 urbibus,
1524 967 1756 1020 illarum

130 1054 347 1125 partium
369 1053 586 1125 quibus
605 1056 858 1127 quisque
876 1056 1126 1111 verbum
1139 1056 1245 1110 Dei
1262 1056 1625 1127 praedicavit,
1662 1054 1758 1108 iti-

133 1141 240 1195 dem
262 1146 523 1212 pastores
536 1159 654 1197 non
684 1144 1021 1199 dubitamus
1055 1144 1404 1199 misisse.Et
1434 1144 1753 1216 quomodo,

130 1229 317 1301 Spiritu
338 1235 542 1286 sancto
574 1231 844 1301 docente,
869 1238 1276 1305 cognoverunt
1308 1233 1513 1288 saeculi
1536 1233 1758 1302 princi-

130 1333 215 1388 pes
232 1319 296 1373 ad
316 1320 487 1374 fidem
510 1325 820 1391 venturos,
844 1325 897 1376 et
919 1322 1759 1392 succedentibustemporibus

132 1408 424 1463 stimulante
463 1410 714 1463 avaritia
736 1411 1024 1481 quosdam
1049 1426 1258 1465 eorum
1290 1411 1392 1465 Dei
1427 1408 1759 1465 Ecclesium

132 1513 232 1551 sua:
259 1497 454 1552 ditioni
472 1498 654 1553 vellle
692 1499 1013 1570 subjicere,
1049 1515 1276 1570 suaque
1302 1500 1647 1553 auctoritate
1705 1501 1763 1553 et

132 1585 264 1639 libitu
280 1586 558 1640 Pastores
590 1586 783 1641 cidem
814 1588 1169 1660 subrogare,
1191 1588 1346 1642 inter
1374 1588 1639 1659 reliquos
1658 1603 1758 1642 ca-

131 1688 299 1743 nones,
314 1690 462 1746 quos
486 1692 598 1745 pro
634 1676 943 1748 religionis
975 1678 1222 1743 cautela,
1259 1679 1315 1730 et
1345 1677 1760 1731 ecclesiastica

1874 523 2024 590 rius,
2068 522 2341 591 Carolus,
2392 523 2732 578 Ludovicus
2782 527 2838 579 et
2886 524 2978 579 his
3011 526 3257 596 imperio
3307 531 3363 582 et
3393 528 3534 582 reli-

1872 613 2048 682 gione
2079 613 2425 669 consimiles
2459 613 2559 683 qui
2580 612 2674 666 vel
2705 629 2735 665 a
2756 629 2822 667 se
2841 614 2932 667 vel
2957 614 3027 667 ab
3060 615 3191 668 aliis
3210 616 3532 671 {adiﬁcatas

1874 699 2177 754 Ecclesiae
2189 701 2574 770 amplissimis
2596 702 2768 755 donis
2785 702 3133 772 ditavcrunt,
3156 705 3281 757 etin
3297 705 3453 759 clero
3478 709 3535 761 et

1874 789 2055 843 rebus
2080 790 2481 844 Ecclesiarum
2506 791 2727 844 nullum
2761 790 2876 843 sibi
2908 792 3227 845 dominium
3260 794 3350 846 vel
3376 794 3533 863 judi-

1879 877 2034 932 cium
2065 879 2365 932 vindicare
2396 880 2733 946 voluerunt,
2766 880 2883 933 imo
2928 896 2999 934 ne
3024 880 3158 950 quis
3192 881 3305 935 sibi
3334 882 3538 935 vindi-

1877 970 2057 1035 caret,
2094 968 2332 1037 quidam
2346 983 2569 1037 eorum,
2588 973 2649 1022 ut
2672 968 2729 1021 in
2752 969 3142 1038 sequentibus
3165 969 3532 1041 docebimus,

1877 1055 2115 1127 legibus
2135 1059 2469 1111 vetuerunt.

1945 1145 2020 1197 At
2039 1148 2241 1199 contra
2262 1145 2458 1200 Zenon
2482 1150 2535 1199 et
2558 1146 2912 1201 Anastasius
2942 1147 3329 1217 imperatores
3351 1147 3537 1220 Euty-

1878 1232 2207 1304 chianistae,
2233 1233 2293 1287 hi
2316 1235 2594 1306 leguntur
2608 1236 2775 1304 prius
2798 1237 3063 1289 sanctam
3084 1236 3190 1290 Dei
3209 1236 3538 1292 Ecclesium

1875 1321 1991 1375 sibi
2010 1322 2375 1393 subdidisse,
2390 1323 2467 1377 ita
2498 1326 2558 1376 ut
2580 1322 2903 1379 catholicos
2922 1324 3238 1395 episcopos
3255 1326 3314 1379 in
3326 1326 3540 1382 exsilio

1875 1410 2230 1483 relegerent,
2265 1415 2322 1465 et
2351 1410 2674 1481 apostolica
2702 1411 3014 1467 traditione
3050 1415 3383 1484 postposita
3421 1414 3539 1469 sibi

1875 1503 2314 1555 consentaneos
2338 1500 2396 1553 in
2432 1516 2636 1555 eorum
2668 1500 2915 1555 sedibus
2936 1501 3211 1556 videlicet
3244 1504 3535 1574 subroga-

1871 1591 2019 1643 rent.
2047 1588 2194 1642 Nam
2215 1590 2348 1642 ante
2364 1588 2572 1643 horum
2588 1591 2850 1659 tempora
2864 1590 3143 1662 leguntur
3162 1591 3396 1662 quidam
3410 1591 3539 1647 hae-

1875 1676 2043 1732 retici
2057 1678 2449 1747 imperatores
2463 1677 2786 1731 catholicos
2801 1678 3118 1747 episcopos
3132 1680 3331 1734 multis
3345 1681 3538 1735 modis

132 1761 395 1832 disciplina
424 1767 783 1835 statuerunt,
828 1780 1030 1819 eorum
1066 1766 1265 1835 pravis
1298 1766 1609 1820 conatibus
1641 1766 1751 1821 hac
1794 1796 1846 1860 Β
1872 1780 2148 1832 vexasse;
2172 1765 3537 1839 electioniveroetpromotionicujuslibetpon-

136 1853 514 1908 constitutione
539 1853 930 1924 ,obiaverunt,
981 1870 1115 1924 quae
1162 1854 1240 1907 ita
1266 1870 1335 1908 se
1365 1853 1541 1908 habet
1575 1870 1588 1909 :
1625 1877 1647 1903 α
1700 1854 1763 1910 Si

133 1939 237 2009 quis
248 1942 558 2013 episcopus
572 1941 969 1997 secularibus
982 1943 1375 2013 potestatibus
1389 1942 1765 2013 usus,Eccle-

137 2030 252 2083 siam
270 2047 367 2101 per
414 2031 588 2102 ipsos
615 2032 895 2101 obtineat,
930 2033 1260 2103 deponatur
1289 2036 1346 2089 et
1386 2038 1760 2106 segregetur,

136 2133 412 2191 amasque
425 2122 527 2193 qui
542 2121 630 2175 illi
646 2121 1725 2194 communicant(Constitut.apostol.).
1736 2143 1760 2175 ι

188 2206 329 2262 Hanc
350 2212 547 2264 autem
566 2210 1074 2281 constitutionem,
1090 2226 1224 2282 qum
1242 2226 1448 2266 eorum
1461 2212 1763 2282 scribitur,

138 2295 178 2348 si
191 2296 305 2367 quis
317 2298 714 2353 authenticam
729 2313 848 2353 non
870 2314 1010 2353 esse
1040 2300 1376 2365 contendet,
1397 2304 1622 2355 sanctae
1654 2316 1759 2355 se-

136 2384 293 2453 ptimae
319 2386 685 2441 universalis
724 2387 935 2458 synodi
966 2403 1112 2442 CCCL
1146 2389 1406 2457 Patrum,
1431 2403 1540 2443 nec
1563 2404 1681 2444 non
1711 2391 1769 2443 et

137 2473 471 2530 Antiocheam
489 2475 731 2547 synodi,
750 2477 969 2547 quibus
992 2477 1326 2531 authentica
1348 2486 1486 2532 esse
1500 2479 1765 2548 docetur,

140 2575 359 2631 eversor;
381 2579 451 2617 ac
477 2580 590 2635 per
613 2563 731 2618 hoc
752 2564 1454 2637 haereticusjudicabitur
1488 2583 1499 2621 :
1535 2567 1683 2621 Nam
1712 2571 1768 2623 et

138 2648 349 2707 Calistus
378 2656 433 2707 et
459 2653 802 2725 Gregorius
822 2658 877 2708 et
905 2654 1141 2725 quidam
1156 2654 1253 2707 alii
1273 2656 1515 2709 Romani
1536 2655 1766 2725 pontiﬁ-

139 2753 233 2808 ces,
260 2746 314 2794 ut
359 2743 603 2797 curioso
644 2742 853 2797 lectori
880 2748 1078 2797 notum
1109 2746 1220 2813 est,
1258 2745 1600 2798 eorumdem
1631 2760 1768 2815 apo-

142 2827 439 2885 stolicorum
452 2847 754 2885 canonum
771 2832 1115 2886 auctoritate
1138 2849 1281 2886 suas
1311 2833 1764 2888 constitutiones

142 2915 493 2991 firmaverunt,
542 2920 889 2990 Stephanus
948 2937 1092 2975 vexo
1141 2926 1386 2992 quartus
1416 2925 1473 2976 et
1502 2921 1765 2977 Joannes

146 3007 403 3077 septimus,
426 3011 488 3063 ut
508 3010 591 3062 ait
612 3008 969 3064 Anastasius
1003 3011 1061 3064 in
1088 3010 1340 3082 prologo
1363 3011 1630 3081 septimae
1662 3028 1766 3082 sy-

144 3094 264 3163 nodi,
285 3097 708 3169 quinquaginta
740 3099 989 3169 capitula
1021 3100 1363 3155 earumdem
1395 3115 1684 3154 canonum
1708 3101 1765 3154 in

144 3179 504 3247 plenissimum
536 3187 913 3241 auctoritatis
948 3189 1133 3243 robur
1168 3190 1349 3258 recipi
1382 3194 1764 3243 censuerunt.

195 3270 350 3328 Porro
379 3276 607 3330 eisdem
656 3275 941 3344 apostolis
991 3277 1438 3347 decedentibus,
1474 3276 1766 3331 Ecclesiae

148 3357 316 3431 ubique
333 3366 627 3419 terrarum
648 3365 1138 3421 consuetudinem
1160 3367 1232 3420 ab
1269 3366 1359 3420 eis
1393 3366 1661 3420 traditam
1684 3366 1767 3420 in-

151 3450 455 3507 violabiliter
510 3457 931 3522 servaverunt,
979 3458 1042 3509 ut
1088 3455 1408 3510 decedente
1447 3454 1770 3525 cujuslibet

151 3533 381 3595 Ecclesiae
409 3542 711 3612 pontiﬁce,
746 3543 943 3597 clerus
967 3550 1023 3597 et
1042 3544 1299 3614 populus
1321 3543 1593 3614 ejusdem
1616 3560 1772 3599 com-

150 3628 272 3679 muni
315 3630 734 3686 deliberatione
778 3632 851 3686 de
900 3648 1011 3687 suo
1050 3633 1146 3686 vel
1192 3633 1439 3687 alterius
1480 3632 1768 3689 Ecclesiae

151 3712 272 3769 clero
299 3718 403 3772 sibi
430 3724 739 3789 pastorem
768 3721 1161 3790 praeficerem.
1197 3721 1268 3775 Et
1296 3721 1426 3776 haec
1459 3727 1574 3776 tam
1604 3738 1772 3777 sanc-

155 3802 411 3878 tatamque
439 3809 563 3865 Deo
596 3811 765 3881 grata
791 3810 1157 3865 consuetudo
1189 3810 1387 3865 tandiu
1417 3811 1648 3884 integra
1669 3811 1773 3865 illi-

156 3887 362 3964 bataque
374 3898 721 3967 permansit,
736 3913 1047 3970 quousque
1070 3898 1328 3955 ﬁdelium
1340 3900 1648 3956 multitudo
1663 3900 1768 3955 Dei

154 3980 387 4039 ecclesias
402 3987 793 4056 amplissimis
823 3988 1319 4057 possessionibus
1368 3990 1555 4045 ditare
1570 3989 1765 4059 ccepit.

155 4063 279 4122 Tunc
312 4074 454 4129 enim
500 4075 846 4129 ambitionis
896 4075 1118 4145 Spiritu
1166 4077 1618 4146 interveniente,
1670 4077 1772 4132 alii

159 4166 369 4230 suarum,
403 4164 496 4218 alii
540 4164 721 4219 etiam
748 4165 997 4218 aliarum
1028 4164 1431 4221 Ecclesiarum
1465 4171 1772 4237 coeperunt

164 4245 482 4318 episcopatus
502 4252 754 4322 ambire,
780 4266 835 4307 et
857 4254 1092 4308 nefandi
1118 4253 1379 4309 Simonis
1411 4257 1769 4310 commercio

163 4333 261 4388 suis
273 4336 605 4408 fautoribus,
633 4342 805 4396 etiam
827 4358 1001 4412 quam
1020 4358 1135 4398 non
1158 4343 1451 4399 habebant
1461 4346 1770 4415 pecuniam

160 4426 455 4486 promittere.
481 4430 650 4495 Quod
681 4431 952 4486 videntes
982 4432 1104 4487 Deo
1136 4432 1479 4504 dignissimi
1516 4434 1765 4489 Romani

1870 1853 2046 1909 tiﬁcis
2069 1870 2361 1925 nusquam
2383 1854 2663 1926 leguntur
2692 1871 2757 1909 se
2789 1856 3212 1926 immiscuisse,
3245 1857 3542 1929 siquidem

1873 1942 1986 1997 sub
2020 1942 2247 1997 eisdem
2269 1941 2735 2013 Eutychianistis
2768 1947 2824 1998 et
2852 1942 3361 2015 Constantinopoli
3391 1951 3447 2000 et
3478 1946 3539 2001 in

1874 2031 2125 2101 reliquis
2193 2031 2465 2100 urbibus,
2516 2031 2734 2103 legitur
2791 2033 3238 2087 innumerabilis
3281 2033 3542 2089 fidelium

1875 2119 2182 2175 multitudo
2216 2121 2357 2175 clari
2389 2120 2620 2175 scilicet
2651 2123 2707 2174 et
2737 2122 2957 2191 populi,
3018 2122 3347 2193 exstitisse,
3384 2123 3542 2194 quod

1875 2208 2408 2280 pseudmpiscopos
2454 2208 2797 2263 eorumdem
2844 2210 3177 2265 nullatenus
3228 2212 3544 2267 voluerunt

1877 2298 2209 2368 suscipere,
2227 2302 2290 2353 ut
2307 2314 2379 2352 ex
2396 2298 2509 2353 hoc
2529 2301 2727 2367 aperte
2758 2297 2996 2367 clareat,
3016 2299 3288 2353 eumdem
3311 2298 3537 2355 clerum

1876 2390 1932 2440 et
1962 2386 2239 2456 populum
2271 2387 2491 2441 idcirco
2532 2386 2774 2441 eosdem
2808 2386 3359 2458 pseudoepiscopos
3404 2403 3537 2444 res-

1874 2476 2100 2545 puisse,
2121 2476 2257 2546 quia
2275 2475 2584 2529 constabat
2608 2475 2852 2529 eosdem
2884 2476 3116 2547 absque
3144 2476 3237 2530 sui
3256 2475 3542 2531 electione

1874 2563 1934 2617 in
1957 2562 2062 2617 Dei
2085 2565 2500 2634 contemptum,
2534 2566 2590 2618 et
2613 2564 2837 2618 erroris
2855 2568 3234 2637 augmentum
3258 2579 3289 2619 a
3320 2565 3541 2635 praefa-

1875 2653 1951 2706 tis
1982 2652 2348 2722 principibus
2379 2657 2685 2722 promotos
2720 2652 2933 2708 fuisse.

1948 2740 2019 2794 Et
2048 2744 2110 2794 ut
2132 2741 2400 2811 exemplo
2438 2741 2595 2812 quod
2613 2741 2865 2795 dicimus
2887 2743 3226 2805 astruamus
3257 2759 3268 2798 :
3292 2744 3540 2799 Anasta-

1876 2830 2005 2884 sius
2036 2830 2096 2884 S.
2124 2829 2410 2884 Ecclesiae
2434 2831 2712 2884 Romanae
2736 2829 3245 2901 bibliothecarius,
3269 2834 3325 2886 in
3349 2831 3541 2888 Chro-

1876 2919 2007 2974 nica
2030 2934 2203 2991 quam
2238 2919 2308 2973 de
2331 2917 2539 2974 Graeco
2560 2919 2617 2972 in
2632 2919 2903 2973 Latinum
2926 2936 3258 2975 sermonem
3281 2924 3543 2976 transtu-

1875 3009 1958 3077 lit,
1993 3024 2285 3080 quamque
2318 3023 2391 3062 ex
2415 3008 2841 3062 vetustissimis
2871 3007 3181 3063 Chronicis
3199 3010 3541 3064 Graecorum

1878 3098 2339 3166 compilaverunt
2370 3096 2608 3167 quidam
2638 3095 2850 3165 Graeci,
2886 3097 2988 3149 Dei
3038 3098 3318 3165 cultores,
3344 3098 3540 3153 Theo-

1803 3149 1856 3215 ο
1877 3186 2105 3257 phanes
2138 3185 2366 3238 scilicet
2391 3189 2446 3238 et
2474 3185 2791 3255 Georgius,
2819 3200 2970 3254 quos
3002 3185 3156 3239 idem
3181 3188 3237 3239 in
3270 3186 3543 3257 ejusdem

1877 3274 2019 3328 libri
2046 3274 2391 3343 praefatione
2423 3273 2592 3326 miris
2622 3272 2898 3326 laudibus
2949 3274 3175 3344 attollit,
3216 3277 3273 3328 in
3315 3275 3539 3344 eadem,

1877 3363 2136 3434 inquam,
2187 3361 2479 3416 Chronica
2510 3362 2581 3416 de
2629 3362 2876 3432 imperio
2910 3362 3213 3417 Anastasii
3270 3365 3356 3417 sic
3388 3365 3543 3418 inter

1880 3456 2095 3507 caetera
2115 3452 2358 3505 scribit:
2387 3473 2408 3499 σι
2444 3451 2739 3504 Vicesimo
2772 3452 2999 3520 imperii
3032 3452 3335 3506 Anastasii
3356 3467 3531 3521 anno,

1880 3541 2107 3596 Joanne
2122 3539 2522 3594 Alexandrino
2543 3538 2802 3593 antistite
2818 3539 3101 3595 haeretico
3118 3544 3372 3612 mortuo,
3400 3542 3546 3597 Dio-

1880 3644 2094 3684 scorus
2124 3628 2333 3683 Junior
2360 3627 2642 3698 praelatus
2667 3631 2760 3682 est
2792 3629 3112 3700 episcopus
3142 3628 3540 3686 Alexandria.

1877 3716 2022 3773 Cum
2053 3720 2246 3771 autem
2263 3717 2531 3771 venisset
2551 3715 3120 3787 Constantinopolim
3148 3733 3258 3788 pro
3289 3717 3540 3773 Alexan-

1879 3805 2070 3861 drinis
2092 3806 2244 3875 apud
2265 3804 2678 3875 imperatorem
2702 3806 3167 3879 intercessurus,
3192 3811 3434 3879 propter
3454 3823 3547 3862 oc-

1881 3895 2169 3949 cisionem
2196 3894 2301 3949 filii
2330 3894 2600 3964 Calliopii
2657 3895 3032 3965 Augustalis,
3064 3896 3137 3951 ab
3198 3897 3544 3953 orthodoxis

1879 3984 2117 4055 publice
2135 3982 2424 4038 conviciis
2454 3983 2837 4052 appetebatur
2857 4000 2988 4038 cum
3019 3985 3373 4054 procederet
3393 3986 3547 4041 msti-

1883 4072 2181 4126 mantibus
2205 4088 2339 4126 eum
2373 4076 2574 4125 contra
2603 4075 2763 4125 recta
2792 4072 3066 4144 dogmata
3096 4075 3435 4145 advenisse,
3460 4091 3547 4130 er-

1883 4178 1959 4235 go
1992 4177 2125 4216 cum
2148 4161 2222 4214 ob
2257 4159 2637 4214 homicidium
2660 4160 3107 4216 intercessisset
3128 4178 3258 4215 cum
3294 4164 3542 4217 festina-

1880 4254 2037 4306 tione
2061 4249 2363 4304 discessit.
2384 4246 2576 4302 Causa
2591 4262 2732 4301 vero
2754 4248 3064 4302 caedisista
3081 4249 3372 4303 fuit:Cum
3393 4251 3548 4305 idem

1884 4341 2212 4395 Dioscorus
2231 4353 2442 4391 manus
2458 4336 2891 4407 impositionem
2905 4341 3257 4407 accepisset,
3278 4354 3545 4393 recesse-

1880 4433 2017 4485 runt
2046 4427 2447 4481 multitudines
2479 4426 2839 4479 rusticorum
2870 4426 3136 4481 dicentes
3169 4443 3183 4480 :
3232 4428 3396 4495 Quia,
3429 4428 3549 4482 nisi

163 4512 433 4585 Pontiﬁces,
464 4522 564 4589 qui
596 4520 913 4575 sacerdotii
937 4522 1250 4590 primatum
1280 4523 1340 4575 in
1370 4526 1491 4577 toto
1521 4524 1668 4577 orbe
1691 4529 1766 4577 te-
1802 4506 1859 4571 Β
1884 4518 2214 4574 secundum
2259 4516 2417 4587 quod
2448 4519 2790 4569 sanctorum
2834 4517 3237 4585 apostolorum
3288 4532 3549 4571 canones

165 4598 348 4672 nabant,
375 4608 598 4663 scilicet
616 4608 978 4674 Bonifacius,
1002 4608 1382 4678 Coelestinus,
1418 4611 1561 4682 Leo,
1594 4611 1769 4666 Gela-

168 4686 280 4757 sius,
301 4690 697 4765 Symmachus,
715 4696 1054 4767 Hormisda,
1069 4699 1416 4770 Gregorius.
1450 4701 1569 4770 alii,
1588 4700 1773 4756 Simo-

172 4773 343 4834 niacam
370 4781 640 4840 haeresim
653 4785 819 4855 prius
845 4787 1062 4841 aPetro
1090 4787 1440 4855 damnatam,
1463 4804 1536 4843 ex
1548 4793 1685 4844 tunc
1714 4793 1772 4845 et

172 4858 214 4913 in
233 4870 474 4926 atomum
504 4874 949 4945 damnaverunt,
981 4876 1076 4929 alii
1109 4878 1367 4946 priscam
1386 4877 1769 4932 consuetudi-

174 4962 271 5006 nem
310 4956 686 5017 decretalibus
725 4965 1249 5019 constitutionibus
1282 4967 1358 5019 ita
1389 4968 1770 5021 ﬁrmaverunt

176 5040 218 5088 at
241 5045 529 5104 statuerunt
559 5052 783 5107 nullum
817 5069 889 5107 ex
921 5054 1033 5107 alia
1066 5053 1333 5108 Ecclesia
1363 5055 1460 5108 alii
1482 5054 1768 5109 Eccleciaa

176 5136 401 5215 Praeponi,
432 5139 543 5194 nisi
563 5140 713 5195 forte
744 5142 841 5213 qui
867 5158 994 5197 suae
1021 5143 1199 5215 digne
1239 5145 1641 5213 praeficeretur
1662 5143 1768 5197 Ec-

182 5214 331 5275 clesia
371 5228 424 5281 in
451 5231 671 5295 eadem,
716 5232 871 5301 quod
904 5233 1018 5300 ipsi
1057 5214 1155 5285 vix
1202 5248 1385 5301 posse
1416 5234 1761 5303 contingere

185 5308 507 5386 crediderunt,
539 5320 872 5373 nullatenus
893 5324 1100 5388 posset
1130 5320 1402 5375 inveniri.

235 5391 554 5476 Hancitaque
572 5423 744 5479 quam
776 5408 1025 5477 praedixi
1042 5409 1531 5463 consuetudinem
1552 5410 1625 5463 ab
1643 5424 1776 5479 apo-

193 5481 319 5570 {totis
341 5491 593 5551 traditam
615 5496 953 5553 nullatenus
993 5498 1216 5553 violare
1262 5501 1776 5570 praesumpserunt

191 5560 600 5640 Christianissimi
645 5585 1052 5656 imperatores,
1102 5560 1548 5660 Constantinus,
1607 5586 1766 5646 Con-

537 5671 791 5735 Punon.
820 5673 1083 5735 CXLIX.

1885 4608 2186 4663 continent
2217 4607 2315 4659 ﬁat
2344 4606 2687 4676 episcopus,
2722 4620 2837 4659 non
2873 4607 3206 4675 recipietur.
3239 4606 3549 4675 Principes

1884 4713 2027 4752 vero
2045 4696 2583 4749 inthronizaverunt
2606 4710 2764 4749 eum.
2792 4695 3117 4749 Dioscorus
3136 4710 3279 4748 vero
3291 4697 3452 4749 venit
3478 4693 3551 4747 ad

1886 4785 2165 4840 Sanctum
2182 4784 2528 4852 Marcum,et
2541 4784 2845 4838 venientes
2863 4783 3061 4838 clerici
3077 4784 3391 4837 induerunt
3412 4799 3547 4837 eum

1889 4873 2175 4942 secundo,
2211 4877 2267 4926 et
2297 4874 2508 4927 iterum
2541 4877 3061 4926 consecraverunt.
3100 4872 3166 4925 Et
3188 4874 3262 4924 ita
3298 4874 3544 4926 veniens

1891 4965 2249 5018 adSanctum
2265 4962 2548 5015 Joannem
2577 4962 3157 5031 pet-fecitcollertam.
3181 4966 3192 5005 ί
3212 4965 3323 5013 lum
3358 4969 3547 5014 autem

1892 5052 2183 5107 essetillic
2202 5051 2745 5104 Theodosiusfilius
2775 5051 3034 5116 Caldopn
3071 5053 3439 5117 .\ll,,'ul~‘.?ll.~‘.
3487 5060 3542 5103 ct

1894 5144 2145 5196 Arusinis
2165 5140 2727 5209 mugisterumldum,
2749 5146 2823 5190 tu:
2845 5139 2933 5191 bu:
2951 5142 3219 5199 turbatur,
3243 5146 3545 5208 ru:chth

1890 5233 2132 5300 IDJUI‘IIS
2152 5230 2391 5282 allicere
2417 5229 2596 5280 tilium
2622 5228 2990 5297 Augustulus,
3028 5244 3094 5279 ρυ
3112 5236 3265 5297 quml
3292 5231 3555 5281 laudaret

1893 5323 2309 5389 imperatorem
2322 5318 2721 5369 Anastasium.
2737 5318 2879 5369 Cum
2896 5333 3034 5369 vero
3052 5317 3319 5388 jurgium
3336 5323 3556 5371 motum

1892 5409 2127 5475 fuisset,
2160 5405 2491 5459 insilientes
2515 5404 2751 5475 quidam
2784 5421 2815 5458 a
2844 5405 2986 5459 sede
3012 5410 3338 5474 posuerunt
3369 5407 3552 5459 tilium

1890 5495 2268 5569 Augustalis,
2297 5498 2354 5548 et
2384 5494 2805 5549 interemerunt
2838 5509 2972 5549 eum
3008 5509 3019 5549 :
3055 5500 3111 5549 at
3134 5512 3273 5550 vero
3306 5494 3561 5549 Aeacius

1888 5586 2176 5662 magister
2194 5582 2462 5655 militum,
2479 5586 2764 5661 quotquot
2776 5598 2988 5658 capere
3006 5585 3215 5659 potuit,
3239 5581 3554 5641 interfecit.

3203 5669 3272 5735 t5
