4008 6172
444 319 563 381 459

1474 317 1539 377 S.
1573 316 1951 379 ANSELMI
1984 315 2396 380 LUCENSIS
2425 315 2833 379 EPISCOPI.
3719 321 3813 386 460

461 515 626 580 Quod
655 515 901 570 audiens
940 517 1280 585 imperator,
1311 513 1494 567 iratus
1527 516 1616 567 est
1655 513 1947 567 adversus
1979 528 2104 582 eos,
2135 498 2376 584 A'grini
2408 515 2464 568 et
2493 515 2780 582 extranei,
2813 518 2871 569 et
2899 513 2998 585 qui
3027 516 3160 569 ante
3191 513 3436 584 ignorati
3463 517 3606 583 sunt,
3643 515 3706 568 ad
3731 532 3818 572 ex-

456 605 645 658 Porro
675 605 998 658 Dioscorus
1021 602 1420 656 interveniens
1451 602 1738 673 mitigavit
1769 617 1920 655 eum.
1959 625 1997 678 η.

515 693 668 747 Ecce
687 694 786 762 qui
807 693 1064 762 primum
1087 691 1472 760 apostolicam
1499 691 1868 744 traditionem
1885 691 1955 744 de
1973 706 2110 759 pon-

444 781 651 835 tificali
701 781 1070 850 promotione
1099 779 1227 833 ausi
1263 785 1398 833 sunt
1430 779 1673 845 violare,
1724 795 1862 832 ecce
1891 779 2106 850 quibus

444 870 696 938 primum
722 869 1063 923 auctoribus
1088 868 1292 922 saeculi
1311 868 1608 936 principes
1629 883 1772 921 suos
1795 867 2104 936 pontifices

445 959 709 1012 nituntur
737 958 840 1010 Dei
877 957 1161 1010 Ecclesiae
1183 971 1528 1025 promovere
1549 971 1558 1008 :
1577 955 1646 1009 Et
1677 959 1736 1009 ut
1767 960 1954 1024 coepta
1976 971 2105 1025 per-

445 1063 784 1117 sequamur,
809 1047 998 1099 secuti
1015 1049 1151 1098 sunt
1175 1045 1382 1098 horum
1401 1045 1669 1114 exempla
1689 1044 2102 1098 haereticorum

443 1135 679 1206 quidam
709 1135 1051 1188 Graecorum
1086 1134 1492 1202 imperatores,
1516 1132 1687 1204 regni
1707 1132 1800 1186 sui
1834 1132 2103 1202 urbibus,

444 1238 591 1276 suos
615 1224 931 1291 episcOpos
951 1222 1342 1290 imponentes.
1366 1223 1646 1276 Romanae
1664 1236 1805 1275 vero
1836 1221 1965 1276 urbi
1985 1221 2106 1274 Deo

443 1315 764 1381 praestante
797 1311 1022 1364 meritis
1059 1310 1460 1379 apostolorum
1491 1311 1590 1381 qui
1623 1311 1682 1364 in
1715 1326 1784 1364 ea
1815 1309 2019 1364 vivunt
2051 1313 2108 1362 et

441 1401 784 1470 praesident,
812 1400 869 1452 in
889 1400 999 1453 hoc
1023 1400 1746 1469 pepercerunt,decretum
1763 1401 1953 1453 tamen
1982 1399 2104 1452 ele-

444 1489 657 1541 ctionis
675 1489 1164 1556 futuripontiticis
1184 1505 1215 1540 a
1234 1488 1392 1542 clero
1411 1491 1468 1542 et
1481 1492 1688 1542 senatu
1702 1488 2105 1557 subscriptum

441 1578 632 1644 prius,
678 1592 852 1646 quam
884 1577 1036 1630 idem
1059 1582 1532 1644 consecraretur,
1567 1577 1682 1630 sibi
1714 1577 1858 1629 mitti
1883 1579 2106 1630 statue-

440 1669 594 1719 runt.
616 1664 781 1728 Quod
801 1680 933 1718 cum
951 1665 1182 1736 legatur
1199 1665 1425 1718 eisdem
1446 1666 1920 1735 imperatoribus,
1945 1681 2108 1734 saepe

441 1753 729 1806 directum
751 1754 961 1822 fuisse,
988 1769 1277 1823 nusquam
1294 1757 1481 1808 tamen
1505 1755 1720 1824 legitur
1737 1753 1978 1807 eosdem
2000 1755 2109 1808 Bo-

2221 601 2549 656 clusionem
2572 617 2779 656 eorum
2795 603 2894 672 qui
2919 601 3069 656 bene
3087 617 3330 656 suorum
3342 605 3625 656 merentur
3640 603 3821 657 civium

2222 691 3079 760 testimoniumpraaponantur.
3115 713 3136 737 »ι
3173 691 3312 743 Item
3332 690 3572 744 ibidem:
3607 713 3626 739 α
3659 691 3820 745 Nullis

2219 778 2418 832 invitis
2449 779 2621 832 dctur
2651 779 2993 849 episcopus;
3018 779 3157 833 cleri
3177 779 3366 848 plebis
3397 781 3451 832 et
3479 779 3683 834 ordinis
3704 796 3822 834 con-

2222 881 2440 920 sensus
2473 870 2528 922 et
2550 867 2910 922 desiderium
2940 869 3299 938 requiratur.
3329 867 3485 922 Tunc
3515 868 3644 922 alter
3657 867 3719 922 de
3734 867 3824 921 Ec-

2223 956 2405 1009 clesia
2428 956 2682 1028 eligatur
2712 956 2912 1026 altera,
2948 957 3002 1010 si
3034 958 3104 1010 de
3129 956 3380 1010 civitatis
3407 956 3588 1025 ipsius
3605 956 3822 1024 clericis,

2223 1045 2318 1098 cui
2347 1049 2438 1098 est
2469 1045 2790 1115 episc0pus
2823 1045 3208 1113 ordinandus,
3229 1044 3444 1109 nullus,
3462 1044 3607 1114 quod
3627 1045 3825 1098 evenire

2223 1148 2338 1186 non
2370 1133 2690 1202 credimus,
2722 1135 2977 1204 potuerit
2996 1133 3268 1188 inveniri.
3290 1133 3543 1186 Primum
3573 1133 3711 1186 enim
3759 1131 3826 1185 illi

2226 1220 2584 1289 reprobandi
2617 1224 2776 1290 sunt,
2809 1221 2907 1292 qui
2949 1221 3032 1276 ibi
3061 1225 3220 1290 sunt,
3252 1224 3314 1274 ut
3343 1221 3517 1292 aliqui
3560 1220 3624 1274 de
3655 1220 3826 1274 alienis

2225 1305 2514 1363 Ecclesiis
2547 1310 2754 1363 merito
2782 1309 3192 1379 praeferantur.
3214 1309 3440 1364 Habeat
3467 1308 3828 1378 unusquisque

2228 1397 2481 1452 fructum
2513 1397 2733 1452 militiae
2758 1413 2886 1452 suae
2933 1398 2991 1452 in
3014 1399 3269 1453 ecclesia
3317 1399 3378 1452 in
3407 1413 3517 1468 qua
3545 1412 3698 1450 suam
3746 1411 3830 1465 per

2225 1486 2418 1540 omnia
2453 1485 2646 1540 ofﬁcia
2677 1487 3244 1559 transegit'tetatem,
3279 1487 3336 1540 id
3369 1486 3552 1540 aliena
3581 1485 3829 1554 stipendia

2221 1575 2460 1628 minime
2474 1575 2623 1629 alter
2645 1576 2906 1646 obrepat.
2927 1574 3013 1629 Sit
3029 1575 3278 1630 iacultas
3300 1574 3487 1628 Cleris
3508 1572 3828 1641 renitendi,si

2221 1679 2287 1717 se
2310 1663 2584 1718 viderunt
2605 1663 2989 1735 praegravari,
3014 1667 3072 1717 et
3085 1680 3237 1735 quos
3259 1665 3375 1718 sibi
3396 1663 3653 1735 ingeriex
3673 1666 3830 1714 trans-

2217 1768 2398 1806 verso
2414 1753 2804 1824 cognoverint
2816 1767 2934 1807 non
2956 1753 3195 1806 timeant
3208 1753 3484 1807 refutare.
3503 1751 3658 1815 Quod
3680 1750 3830 1804 sinon

440 1857 748 1894 manorum
766 1842 1110 1896 electionem
1159 1846 1442 1896 mutasse.
1463 1842 1589 1895 Hoc
1611 1843 1805 1896 autem
1827 1842 1962 1912 quia
1985 1841 2105 1896 Deo
2141 1873 2192 1934 Β
2222 1842 2484 1895 debitum
2515 1842 2845 1911 praemium,
2873 1841 2965 1894 vel
2996 1841 3249 1895 liberum
3296 1842 3368 1895 de
3399 1857 3487 1912 eo,
3513 1842 3606 1912 qui
3636 1854 3730 1893 eos
3756 1839 3832 1890 est

443 1932 800 1984 contrarium
820 1936 962 1999 erat,
990 1936 1050 1984 ut
1075 1931 1341 1984 Ecclesia
1361 1931 1637 2000 pontitice
1660 1936 2106 2001 careret,usque

443 2019 580 2072 dum
627 2020 727 2090 qui
751 2019 1052 2072 decretum
1084 2020 1313 2072 ferebat
1350 2021 1459 2072 iret
1491 2024 1546 2072 et
1603 2020 1839 2087 rediret,
1872 2021 2106 2089 penitus

437 2111 796 2178 respuerant
811 2112 1132 2179 sequentes
1148 2108 1287 2179 imp.
1309 2109 1520 2178 pietate
1545 2108 1948 2179 religioneque
1965 2125 2109 2178 prae-

437 2201 685 2251 stantes.
721 2198 818 2250 Sic
869 2198 1024 2251 enim
1058 2199 1273 2268 legitur
1305 2199 1363 2250 in
1417 2199 1678 2251 Romano
1726 2197 2058 2251 Pontiﬁcali
2090 2214 2101 2251 :

447 2309 468 2332 «
506 2287 860 2340 Benedictus
893 2287 1048 2340 enim
1081 2288 1315 2340 natione
1352 2288 1653 2340 Romanus
1686 2288 1955 2355 suscepit
1977 2285 2106 2357 jus—

443 2375 647 2429 siones
681 2375 1128 2429 clementissimi
1147 2375 1433 2445 principis
1447 2375 1814 2429 Constantini
1841 2375 1913 2428 ad
1932 2390 2105 2428 vene-

441 2463 689 2517 rabilem
712 2463 954 2534 clerum,
1004 2468 1059 2517 et
1081 2464 1361 2533 populum
1396 2466 1673 2518 Romanis
1696 2465 1969 2533 civitatis,
2004 2480 2109 2533 per

443 2568 592 2622 quas
625 2552 940 2616 concessit,
980 2555 1041 2605 ut
1073 2553 1172 2622 qui
1196 2553 1420 2606 electus
1453 2552 1958 2623 fueritpontifexe
1983 2568 2110 2606 ves-

444 2641 588 2710 tigio
622 2643 1009 2693 consecretur
1039 2640 1266 2709 absque
1298 2641 1582 2694 tarditate.
1623 2666 1643 2687 »

515 2729 717 2798 Itaque
750 2727 851 2798 qui
881 2727 1130 2781 advertit
1161 2728 1311 2782 alios
1341 2728 1685 2783 Graecorum
1722 2731 2107 2799 imperatores

444 2820 576 2870 ante
616 2815 1128 2870 consecrationem
1158 2816 1459 2870 decretum
1491 2817 1604 2871 sibi
1639 2818 1783 2871 mitti
1817 2818 2104 2885 voluisse,

444 2905 699 2960 attendat
728 2905 973 2960 eosdem
991 2906 1312 2960 Romanam
1335 2906 1681 2962 electionem
1702 2924 2000 2979 nunquam
2017 2925 2108 2962 re-

440 2996 756 3064 probasse;
794 2995 1051 3049 attendat
1073 2996 1248 3049 etiam
1278 2998 1554 3066 posteros
1589 2998 1952 3066 eorumdem,
1974 2999 2110 3068 quia

448 3083 558 3137 hoc
591 3085 947 3138 contrarium
979 3085 1101 3140 Deo
1124 3089 1266 3154 erat,
1300 3085 1535 3154 penitus
1564 3087 1891 3156 respuisse.
1917 3087 2110 3158 Itaque

444 3187 875 3243 percurramus
891 3177 1228 3229 sanctorum
1248 3175 1484 3229 Patrum
1503 3175 1735 3229 decreta
1749 3191 1880 3246 quae
1895 3177 1965 3230 de
1977 3193 2112 3246 pon-

2219 1934 2514 1998 recturus,
2559 1931 2773 1984 debent
2805 1929 3026 1984 habere
3048 1929 3363 2000 judicium.

2249 2037 2254 2040 ·
2289 2018 2618 2090 Gregorius
2639 2017 2934 2072 Gaudioso
2952 2019 3232 2088 episeopo
3280 2019 3432 2074 inter
3463 2020 3694 2072 caetera:
3729 2037 3746 2061 ι
3779 2014 3832 2067 Et

2220 2106 2352 2160 ideo
2401 2108 2739 2161 fraternitas
2772 2110 2905 2160 tuas
2937 2108 3011 2160 ad
3038 2107 3382 2178 praedictam
3431 2106 3736 2161 Ecelesiam
3763 2103 3832 2155 ire

2220 2195 2577 2265 properabit,
2593 2196 2884 2250 etclerum
2908 2196 3256 2266 plebemque
3279 2196 3590 2250 admonere
3613 2193 3830 2258 festinet,

2221 2289 2283 2338 ut
2314 2287 2536 2338 remoto
2570 2284 2818 2338 dissidio
2873 2301 2986 2337 uno
3020 2285 3346 2354 eodemque
3377 2299 3668 2338 consensu
3696 2279 3837 2334 talem

2219 2373 2666 2443 praeficiendum
2681 2373 2798 2427 sibi
2827 2377 3100 2444 expetant
3119 2373 3489 2427 sacerdotem
3517 2371 3613 2443 qui
3638 2387 3666 2422 a
3695 2382 3839 2422 vene-

2167 2479 2180 2490 '
2223 2463 2421 2516 randis
2480 2463 2808 2516 canonibus
2841 2463 3177 2516 nullatenus
3225 2465 3559 2530 respuatur.
3588 2459 3685 2524 Qui
3728 2457 3838 2510 dum

2223 2551 2400 2604 fuerit
2419 2537 2774 2621 postulatus,
2809 2567 2942 2605 cum
2965 2551 3336 2604 solemnitate
3353 2552 3597 2616 electus,
3621 2545 3839 2601 omnium

2223 2641 2766 2710 subseriptionibus
2787 2641 3102 2694 roboratus
3129 2645 3184 2693 ct
3203 2640 3538 2694 dilectionis
3568 2642 3675 2690 tuae
3703 2633 3840 2687 testi-

2223 2730 2417 2784 monio
2451 2730 2774 2783 litterarum
2806 2731 2879 2784 ad
2900 2745 3009 2784 nos
3041 2730 3369 2784 sacrandus
3408 2722 3840 2784 occurrat.Com-

2222 2834 2533 2873 monemus
2557 2820 2731 2872 etiam
2763 2819 3060 2872 utnullum
3085 2817 3586 2890 eligipermittatis
3599 2814 3665 2868 de
3691 2812 3841 2865 altera

2224 2906 2514 2977 Ecclesia,
2568 2907 2680 2960 nisi
2736 2907 2886 2961 forte
2937 2909 3087 2961 inter
3115 2908 3368 2962 clericos
3405 2907 3595 2976 ipsius
3628 2899 3843 2956 civitatis

2223 2996 2425 3051 nullus
2456 2997 2527 3048 ad
2555 2996 2961 3066 episcopatum
2993 2997 3232 3067 dignus,
3282 2997 3444 3066 quod
3475 2993 3701 3049 evenire
3749 3002 3843 3040 non

2226 3085 2761 3155 credimus,potcrit
2784 3085 3424 3155 inveniri,provisurus
3445 3087 3572 3137 ante
3593 3078 3766 3136 omnia
3789 3090 3846 3129 ne

2226 3176 2297 3229 ad
2321 3174 2645 3244 cujuslibet
2667 3175 3141 3228 conversationis
3173 3176 3448 3229 meritum
3479 3172 3705 3228 lascivae
3733 3180 3846 3237 per-

449 3261 672 3316 tiﬁcum
690 3263 1057 3332 promotione
1076 3265 1495 3333 statuerunt,ut
1512 3267 1772 3319 sciamus
1803 3265 1943 3336 quid
1954 3266 2110 3336 juris
2148 3235 2199 3298 c
2225 3280 2390 3318 sonas
2422 3263 2691 3333 aspirare
2723 3268 3108 3334 praesumant,
3141 3267 3199 3317 et
3226 3267 3286 3317 tu
3306 3263 3634 3334 periculum
3654 3253 3846 3314 ordinis

447 3351 904 3421 imperatoribus
939 3369 1181 3406 suorum
1221 3353 1315 3409 vel
1356 3354 1753 3424 quorumlibet
1783 3360 2111 3425 temporum

445 3440 506 3494 in
535 3441 761 3494 eisdem
783 3447 1193 3496 servaverunt.

517 3527 637 3581 Leo
659 3529 1132 3582 doetoreximius
1163 3532 1220 3583 et
1246 3531 1478 3600 primus
1510 3531 1800 3587 Ecclesia
1827 3534 2106 3587 Romanis

444 3617 733 3688 pontifex,
750 3619 1066 3671 Anastasio
1082 3618 1703 3674 Thessalonicensium
1718 3622 1996 3690 cpiscolio
2010 3622 2110 3693 qui

448 3707 614 3759 vices
632 3706 880 3760 Romani
893 3706 1190 3774 pontiticis
1204 3723 1384 3776 super
1395 3709 1780 3781 quadraginta
1793 3711 2108 3779 episcopos

448 3792 664 3864 Illyrici
686 3798 742 3848 et
761 3794 990 3849 Graciaa
1017 3794 1289 3864 habebat,
1315 3797 1403 3850 sic
1439 3798 1594 3852 inter
1616 3799 2058 3866 emteratscribit
2092 3816 2102 3853 :

453 3904 474 3928 ει
511 3883 595 3936 De
624 3897 881 3952 persona
900 3883 1297 3937 consecrandi
1329 3885 1615 3956 episcopi,
1641 3889 1698 3940 et
1727 3887 1797 3941 de
1829 3888 1968 3940 cleri
1989 3887 2107 3956 ple-

445 3971 660 4041 bisque
720 3987 1027 4026 consensu
1083 3973 1574 4042 metropolitanus
1618 3976 1964 4030 fraternitati
1993 3980 2108 4032 tua)

450 4060 710 4116 referat:
747 4081 769 4110 ι
797 4061 867 4114 Et
895 4062 1068 4132 paulo
1098 4065 1235 4132 post
1268 4077 1279 4116 :
1319 4085 1341 4110 α
1377 4063 1823 4134 Mctropolitano
1855 4082 1996 4120 vero
2019 4067 2111 4120 dc-

447 4148 671 4220 functo,
705 4166 839 4205 cum
868 4151 928 4204 in
955 4151 1084 4205 loco
1151 4149 1286 4221 ejus
1316 4153 1467 4208 alius
1498 4154 1606 4207 fuit
1665 4156 2106 4227 subrogandus,

450 4240 984 4308 comprovinciales
1016 4241 1282 4311 episcopi
1317 4241 1390 4295 ad
1420 4242 1714 4297 civitatem
1744 4246 2111 4315 metropolim

451 4330 825 4398 conveniant,
852 4332 914 4382 ut
955 4330 1214 4383 omnium
1263 4331 1612 4385 clericorum
1641 4335 1815 4403 atque
1848 4335 2106 4388 omnium

449 4419 666 4472 civium
700 4419 996 4473 voluntate
1034 4419 1330 4490 discussa,
1359 4435 1433 4473 ex
1452 4423 1818 4492 presbyteris
1837 4422 2106 4493 ejusdem

449 4507 740 4562 Ecclesiae
770 4507 865 4561 vel
897 4523 969 4561 ex
992 4507 1339 4563 diaconibus
1360 4510 1613 4579 optimus
1632 4511 1945 4583 deligatur.
1967 4516 2110 4566 Cum

2225 3355 2326 3421 tui,
2360 3353 2516 3424 qupd
2547 3353 2722 3422 absit,
2755 3354 3046 3408 ineurras.
3085 3375 3106 3402 η

2297 3442 2388 3496 Ex
2431 3441 2681 3496 concilio
2731 3441 2982 3496 Nicaeno
3017 3442 3254 3496 Patrum
3282 3457 3562 3509 cccxvm,
3609 3452 3726 3507 cap.
3768 3431 3797 3486 6
3837 3444 3847 3482 ί

2229 3554 2250 3580 α
2287 3533 2403 3586 Per
2426 3530 2620 3584 omnia
2652 3534 2847 3584 autem
2895 3531 3274 3584 manifestum
3304 3533 3398 3584 est
3455 3530 3610 3601 quia,
3652 3526 3701 3580 si
3739 3520 3850 3593 quis

2224 3628 2442 3694 praeter
2483 3622 2845 3676 voluntatem
2894 3626 2950 3674 et
2995 3621 3421 3674 conscientiam
3462 3609 3852 3696 metropalitani

2227 3713 2490 3781 epise0pi
2522 3711 2702 3765 fuerit
2723 3711 3048 3780 ordinatus,
3081 3709 3237 3763 hunc
3261 3709 3579 3764 concilium
3609 3713 3852 3774 magnum

2226 3806 2279 3854 et
2311 3796 2580 3854 sanetum
2645 3799 2877 3853 censuit
2906 3814 3022 3852 non
3079 3797 3297 3852 debere
3328 3813 3471 3852 esse
3519 3796 3849 3866 episcopum.

2225 3891 2399 3959 Sane,
2424 3890 2478 3943 si
2507 3888 2803 3944 communi
2837 3888 3098 3942 omnium
3129 3902 3432 3940 consensu
3463 3878 3856 3940 rationabiliter

2223 3981 2468 4049 probato
2493 3978 2822 4032 secundum
2840 3976 3316 4032 ecclesiasticam
3335 3976 3626 4048 regulam,
3657 3972 3760 4025 duo
3781 3961 3856 4017 vel

2224 4075 2349 4122 tres
2396 4068 2768 4122 animositate
2813 4067 2974 4120 ducti
3023 4082 3128 4136 per
3158 4065 3598 4120 contentionem
3651 4060 3855 4114 contra-

2225 4159 2445 4227 dicunt,
2505 4157 2765 4211 obtineat
2792 4155 3180 4226 plurimorum
3214 4155 3594 4210 sacerdotum
3649 4149 3856 4203 senten-

2225 4247 2324 4301 tia.
2361 4267 2383 4296 ι

2294 4335 2384 4389 Ex
2407 4352 2485 4388 vu
2535 4335 2763 4406 synodo
2786 4333 3115 4388 universali
3145 4332 3341 4386 habita
3371 4349 3404 4386 a
3437 4349 3474 4385 v
3505 4322 3854 4402 patriarchis,

2225 4442 2357 4480 cum
2405 4441 2550 4480 cccx.
2579 4423 2856 4478 Pati-ibus
2912 4424 3024 4477 sub
3054 4422 3314 4476 Adriano
3362 4422 3554 4492 primo
3587 4413 3856 4490 pontiﬁce,

2223 4531 2351 4584 cap.
2381 4515 2451 4568 3:
2490 4536 2511 4562 α
2545 4513 2750 4568 Omnis
2779 4512 2987 4566 electio
3020 4510 3282 4582 episcopi
3309 4511 3402 4565 vel
3433 4504 3761 4580 presbyteri
3779 4501 3859 4554 aut

451 4612 595 4668 ergo
610 4597 681 4650 de
705 4597 921 4650 summi
954 4597 1282 4651 sacerdotis
1305 4597 1588 4653 electione
1612 4601 1970 4670 tractabitur,
1987 4602 2108 4655 illle
2145 4595 2194 4656 D
2221 4603 2454 4656 diaconi
2475 4618 2505 4654 a
2523 4601 2894 4672 principibus
2920 4601 3091 4668 facta,
3107 4599 3271 4653 irrita
3289 4603 3542 4667 maneat,
3559 4591 3859 4651 secundum

446 4685 723 4740 omnibus
752 4690 1133 4755 praeponatur
1155 4701 1330 4756 quem
1352 4687 1492 4740 cleri
1518 4689 1829 4759 plebisque
1853 4705 2108 4744 consen-

445 4789 552 4828 sus
584 4774 960 4828 concorditer
984 4775 1394 4845 postulaverit,
1424 4775 1501 4830 ita
1528 4781 1587 4830 ut
1609 4778 1734 4831 siin
1757 4778 1928 4833 aliam
1958 4779 2108 4834 forte

445 4879 766 4932 personam
789 4865 1042 4934 partium
1063 4879 1130 4917 se
1162 4867 1296 4918 vota
1327 4864 1656 4935 diviserint,
1681 4869 2110 4938 metropolitani

442 4951 670 5021 judicio
691 4954 744 5008 is
761 4955 928 5007 altari
948 4957 1330 5023 praeponatur
1353 4956 1453 5024 qui
1474 4955 1804 5026 majoribus
1825 4957 2107 5012 ctstudiis

440 5040 687 5110 juvatur
716 5047 771 5096 et
810 5043 1058 5112 meritis,
1093 5046 1316 5096 tantum
1345 5048 1406 5096 ut
1435 5045 1635 5098 nullus
1668 5046 1870 5099 invitis
1903 5051 1960 5100 et
1991 5061 2108 5100 non

445 5131 782 5197 petentibus
798 5133 1120 5199 ordinetur,
1141 5147 1214 5184 ne
1228 5132 1437 5185 civitas
1462 5133 1805 5202 epiSCOpum
1820 5151 1933 5186 non
1949 5139 2104 5203 opta-

443 5220 565 5269 tum
589 5226 687 5270 aut
720 5223 1050 5273 contemnat
1067 5224 1165 5272 aut
1185 5220 1392 5289 oderit,
1415 5221 1638 5275 cuinon
1670 5223 1898 5276 licuerit
1929 5223 2103 5277 habe-

438 5319 503 5358 re
525 5321 700 5375 quem
731 5307 917 5360 votuit
943 5323 954 5360 :
996 5331 1017 5355 »
1050 5308 1192 5360 Item
1211 5308 1368 5362 idem
1401 5325 1412 5361 :
1443 5330 1465 5358 α
1495 5310 1668 5364 Nulla
1692 5313 1840 5364 ratio
1879 5312 2022 5364 sinit
2043 5315 2103 5366 ut

438 5392 591 5446 inter
625 5395 943 5463 episcopos
978 5396 1304 5450 habeantur
1347 5399 1447 5468 qui
1492 5414 1600 5452 nec
1632 5413 1663 5450 a
1695 5399 1932 5452 clericis
1965 5405 2104 5454 sunt

443 5483 613 5536 electi
645 5499 751 5536 nec
799 5499 829 5535 a
887 5484 1057 5553 plebe
1117 5486 1377 5554 expetiti,
1411 5501 1522 5540 nec
1575 5503 1607 5540 a
1635 5487 2102 5557 provincialibus

437 5586 573 5626 cum
606 5571 1288 5645 metropolitanijudicio
1319 5577 1673 5632 consecrati.
1712 5600 1734 5624 η

509 5660 870 5719 C(slestinus
897 5680 907 5718 :
931 5685 952 5711 α
979 5661 1104 5719 Nec
1122 5664 1386 5721 emeritis
1410 5667 1468 5721 in
1482 5666 1611 5722 suis
1630 5665 1918 5723 Ecclesiis
1935 5684 2101 5739 pere-

2221 4692 2485 4762 regulam
2511 4706 2643 4761 quae
2675 4690 2817 4744 dicit
2850 4705 2860 4742 :
2895 4689 2957 4744 Si
2989 4690 3126 4760 quis
3147 4688 3472 4758 episcopus
3495 4678 3863 4741 saecularibus

2224 4779 2618 4849 potestatibus
2679 4794 2828 4832 usus
2877 4777 3206 4833 Ecclesiam
3245 4792 3350 4846 per
3404 4777 3576 4846 ipsos
3607 4768 3858 4830 obtineat,

2225 4871 2551 4938 deponatur
2580 4870 2636 4921 et
2663 4869 3040 4940 segregetur,
3079 4880 3403 4935 omnesque
3463 4864 3569 4936 qui
3608 4860 3689 4916 illi
3718 4870 3860 4912 com-

2225 4957 2542 5012 municant.
2569 4978 2591 5004 ιι

2295 5046 2383 5099 Ex
2400 5063 2499 5098 vui
2532 5045 2781 5114 synodo,
2798 5044 2936 5099 item
2957 5043 3300 5114 universali,
3316 5043 3516 5098 habita
3531 5058 3614 5095 av
3636 5035 3855 5110 patriar-

2219 5136 2349 5189 chis
2392 5151 2522 5188 cum
2556 5133 2830 5187 l’atribus
2854 5149 3020 5202 cch,
3047 5133 3161 5188 sub
3193 5133 3435 5187 Nieolao
3468 5132 3660 5202 primo
3690 5120 3882 5196 ponti-~

2217 5224 2355 5278 tice:
2383 5247 2403 5269 «ι
2424 5223 2836 5276 Promotiones
2861 5227 2916 5276 et
2937 5222 3421 5276 consecrationes
3441 5222 3860 5289 episcoporum,

2217 5312 2588 5366 concordans
2603 5310 2904 5380 prioribus
2925 5310 3215 5379 conciliis,
3237 5311 3527 5364 electione
3543 5324 3614 5362 ac
3646 5301 3859 5359 decreto

2214 5400 2627 5470 episcoporum
2643 5400 2789 5469 ﬁeri,
2807 5399 2936 5453 haec
2955 5401 3157 5452 sancta
3171 5403 3227 5453 et
3240 5398 3604 5453 universalis
3619 5389 3862 5466 synodus

2213 5489 2496 5558 deﬁnivit,
2521 5490 2578 5543 et
2591 5488 2792 5542 statuit
2812 5487 3022 5559 atquej
3032 5503 3136 5542 ure
3158 5486 3577 5560 promulgavit,
3594 5480 3864 5539 neminem

2211 5579 2500 5634 laicorum
2553 5579 2888 5648 principum
2917 5578 3012 5632 vel
3042 5579 3345 5647 potentum
3377 5577 3571 5632 semet
3615 5575 3862 5630 inserere

2217 5669 2494 5725 electioni
2511 5668 2602 5723 vel
2614 5668 2969 5739 promotioni
2981 5667 3456 5739 patriarchae,vel
3474 5663 3864 5738 metrOpolitae,
