3978 6178
152 311 246 374 461

152 505 534 579 auteujuslibet
555 505 832 576 episcopi,
849 521 922 560 ne
942 505 1216 560 videlicet
1238 505 1568 560 inordinata
1586 505 1743 574 hinc,
1765 489 1816 549 Α

151 603 194 651 et
219 599 510 666 incongrua
540 595 631 648 ﬁat
661 595 930 648 confusio
960 595 1052 648 vel
1080 595 1747 663 contentio,praesertim

151 700 257 740 cum
282 684 478 736 nullam
508 684 564 736 in
590 684 810 738 talibus
839 687 1186 753 potestatem
1205 699 1557 753 quemquam
1577 689 1744 752 pote-

148 775 445 827 stativorum
473 773 751 826 laicorum
781 772 997 827 habere
1029 773 1359 840 conveniat,
1396 773 1502 826 sed
1547 773 1744 842 potius

148 861 292 915 silere
319 867 368 915 et
395 862 686 916 attendere
711 861 843 930 sibi,
869 876 1181 932 quousque
1203 861 1553 933 regulariter
1571 877 1602 913 a
1625 860 1742 913 col-

147 950 272 1022 legio
300 949 567 1009 Ecclesiae
597 950 888 1020 suscipiat
905 950 1078 1004 ﬁnem
1099 950 1306 1004 electio
1329 949 1506 1003 futuri
1527 949 1750 1019 pontiﬁ-

147 1037 302 1092 cis.Si
327 1039 452 1108 quis
483 1053 620 1092 vero
654 1038 938 1093 laicorum
968 1039 1039 1093 ad
1059 1038 1515 1093 concertandum
1538 1041 1594 1092 et
1615 1054 1750 1092 coo-

149 1126 420 1196 perandum
449 1127 730 1181 invitatur
775 1129 848 1180 ab
893 1127 1179 1194 Ecclesia,
1229 1126 1368 1180 licet
1405 1126 1747 1197 hujusmodi

149 1230 250 1268 cum
277 1216 608 1280 reverentia,
655 1215 710 1269 si
755 1215 902 1269 forte
950 1216 1206 1270 voluerit
1248 1231 1312 1270 se
1344 1216 1751 1284 obtemperare

148 1302 555 1371 asciscentibus,
588 1306 812 1358 tantum
831 1305 986 1358 enim
1018 1304 1260 1374 dignum
1307 1307 1603 1372 pastorem
1637 1303 1750 1356 sibi

145 1392 445 1462 regulariter
484 1393 558 1445 ad
607 1409 776 1446 suam
825 1393 1076 1447 salutem
1123 1392 1392 1446 Ecclesia
1422 1395 1748 1462 promovet.

145 1477 375 1551 Quisquis
387 1485 578 1534 autem
595 1482 969 1535 saecularium
983 1482 1312 1551 principum
1325 1485 1423 1535 aut
1435 1484 1752 1550 potentum.

145 1573 221 1620 aut
239 1569 460 1622 alterius
495 1570 802 1639 dignitatis
826 1570 1348 1637 laicus,adversus
1383 1585 1752 1623 communem

144 1672 194 1710 ac
219 1663 618 1712 consonantem
639 1663 810 1729 atque
834 1660 1176 1712 canonicam
1200 1659 1546 1713 electionem
1565 1658 1756 1712 eccle-

147 1746 324 1799 siastici
341 1747 562 1801 ordinis
580 1763 763 1818 agere
778 1748 1106 1814 tentaverit,
1127 1748 1433 1800 anathema
1448 1748 1543 1816 sit,
1566 1747 1756 1802 donec

143 1833 328 1888 obediat
354 1839 407 1888 et
433 1837 786 1903 consentiat,
831 1837 988 1906 quod
1033 1835 1302 1889 Ecclesia
1349 1836 1422 1889 de
1465 1835 1752 1890 electione

141 1925 276 1993 atque
301 1924 661 1980 ordinatione
691 1925 915 1995 pr0prii
945 1924 1226 1995 praesulis
1259 1939 1324 1978 se
1365 1924 1516 1979 velle
1545 1939 1754 1978 mons-

143 2012 354 2066 traverit.
389 2036 408 2060 ἰ

194 2133 307 2188 Item
327 2151 396 2189 ex
413 2136 671 2190 concilio
697 2136 1062 2194 Antiocheno
1087 2153 1274 2192 cxxu:
1306 2159 1326 2184 α
1351 2136 1412 2191 Si
1434 2136 1570 2208 quis
1591 2151 1756 2206 prcs-

144 2219 368 2291 bytervel
386 2225 678 2280 diaconus
699 2241 804 2295 per
825 2225 1175 2280 saecularem
1192 2226 1532 2297 dignitatem
1550 2226 1758 2279 Eccle-

145 2311 257 2364 siam
271 2312 484 2366 Domini
513 2314 858 2381 obtinuerit,
876 2313 1210 2384 dejiciatur,
1227 2320 1281 2369 et
1300 2317 1427 2384 ipse
1451 2317 1507 2369 et
1530 2315 1761 2368 ordina-

146 2402 216 2451 tor
238 2416 263 2452 a
291 2404 695 2456 communione
720 2403 912 2457 modis
936 2405 1212 2458 omnibus
1235 2404 1680 2470 abscinduntur,
1706 2407 1761 2456 et

145 2489 230 2541 sub
255 2491 612 2546 anathemate
645 2492 782 2559 sint,
817 2493 971 2544 sicut
1001 2492 1202 2546 Simon
1231 2493 1440 2562 Magus
1467 2509 1496 2544 a
1527 2493 1756 2545 Petro.»

196 2575 264 2630 Ex
292 2581 505 2649 synodo
538 2580 881 2650 Symmachi
915 2581 1212 2651 pontiﬁcis
1244 2597 1377 2634 cum
1414 2580 1684 2634 ducentis
1708 2583 1764 2634 ct

146 2667 418 2721 octodecim
437 2670 774 2739 episcopis:
803 2692 823 2716 ιι
844 2669 972 2723 Non
989 2670 1205 2739 placuit
1221 2670 1403 2724 laicos
1420 2670 1486 2722 ad
1505 2673 1763 2725 statuen-

146 2752 250 2807 dum
267 2756 468 2828 aliquid
493 2760 554 2811 in
583 2757 854 2811 Ecclesia
877 2758 1098 2812 habere
1121 2759 1373 2829 aliquam
1393 2763 1760 2826 potestatem,

147 2843 216 2895 cui
241 2845 632 2917 subsequendi
665 2849 858 2900 manet
887 2849 1240 2915 necessitas,
1276 2863 1391 2901 non
1445 2847 1763 2900 auctoritas

145 2928 437 2999 imperandi.
466 2957 488 2981 ιι
513 2935 598 3005 [In
621 2935 857 2988 eadem:
904 2957 924 2983 ι
965 2935 1248 2990 Defuncto
1293 2935 1590 3004 pontiﬁce,
1630 2934 1762 2988 siin

149 3023 469 3076 unumtotius
489 3023 865 3077 iuclinaverit
882 3023 1273 3078 ecclesiastici
1290 3024 1514 3078 ordinis
1530 3023 1760 3092 electio,

149 3116 487 3165 consecretur
515 3111 864 3182 episcopus.
881 3112 941 3165 Si
962 3127 1127 3181 vero,
1143 3116 1206 3166 ut
1229 3112 1354 3166 ﬁeri
1377 3112 1548 3180 solet,
1572 3111 1764 3166 studia

149 3198 386 3267 coeperint
415 3216 556 3256 esse
590 3200 850 3270 diversa,
884 3200 1195 3254 convincat
1244 3201 1533 3255 sententia
1573 3200 1764 3270 pluri-
1796 3221 1846 3282 ο

149 3300 349 3343 morum.
382 3313 404 3337 ι

203 3409 271 3465 Ex
300 3415 554 3469 Romano
581 3413 944 3468 Pontiﬁcali:
975 3437 996 3460 «
1021 3413 1376 3468 Benedictus
1399 3415 1633 3468 natione
1656 3414 1766 3468 Ro-

152 3514 319 3555 manus
339 3502 472 3557 fecit
493 3505 884 3558 constitutum
905 3504 966 3556 in
989 3503 1243 3557 ecclesia
1265 3503 1418 3558 beati
1444 3502 1599 3556 Petri
1621 3519 1764 3572 apo-

153 3588 275 3656 stoli,
305 3592 357 3644 in
384 3608 500 3663 quo
546 3592 833 3646 sederunt
881 3592 1144 3662 episcOpi
1194 3593 1566 3663 septuaginta
1614 3592 1765 3661 duo;

153 3678 436 3749 presbyteri
461 3682 714 3736 Romani
728 3681 966 3752 triginta
981 3685 1123 3750 tres,
1138 3683 1434 3750 praesente
1455 3681 1636 3749 clero,
1654 3680 1766 3734 sub

153 3767 490 3841 anathemate,
525 3772 594 3824 ut
621 3769 841 3838 nullus,
885 3769 1158 3840 pontiﬁce
1205 3770 1468 3824 Romano
1509 3769 1763 3835 vivente,

153 3859 228 3906 aut
252 3856 516 3928 episcopo
550 3858 807 3912 civitatis
839 3874 987 3928 suae,
1012 3861 1332 3927 praesumat
1353 3858 1629 3928 loquiaut
1650 3857 1770 3912 sibi

153 3947 313 4008 partes
342 3945 556 4014 facere,
573 3947 694 4000 nisi
723 3950 896 4000 tertio
929 3947 1021 4000 die
1039 3947 1426 4016 depositionis
1443 3945 1596 4016 ejus,
1620 3946 1763 4001 adu-

155 4034 258 4086 nato
284 4035 430 4090 clero
463 4039 520 4090 et
551 4035 692 4089 ﬁliis
725 4035 1034 4104 Ecclesiae,
1068 4039 1127 4088 et
1165 4039 1301 4088 tunc
1345 4034 1552 4089 electio
1583 4035 1703 4088 ﬁat.
1741 4057 1762 4083 ιο

156 4115 223 4171 Ex
245 4122 459 4178 eodem:
485 4145 508 4174 ι
525 4123 866 4193 Stephanus
896 4125 1132 4179 natione
1162 4123 1420 4191 Siculus,
1437 4139 1768 4194 congrega-

157 4206 213 4259 tis
236 4211 516 4283 episcOpis
547 4212 730 4266 totius
752 4213 985 4266 Tusciae
1008 4215 1181 4283 atque
1203 4210 1556 4281 Campaniae,
1579 4211 1772 4266 consi-

157 4294 384 4355 dentibus
415 4302 640 4371 pariter
670 4301 979 4356 duodecim
1009 4300 1312 4370 episcopis
1335 4301 1691 4355 Francorum
1714 4303 1771 4354 et

161 4382 398 4444 Romanis
428 4390 820 4460 presbyteris,
854 4391 914 4444 in
942 4391 1260 4460 praesentia
1309 4389 1486 4444 totius
1532 4389 1679 4443 cleri
1716 4391 1774 4444 et

160 4477 336 4544 populi,
359 4479 673 4533 concilium
704 4478 844 4534 fecit
872 4479 933 4532 in
961 4479 1218 4533 ecclesia
1264 4478 1768 4547 Constantiniana,

610 303 952 368 CONTRA
998 300 1512 368 GUIBERTUM
1556 303 2064 366 ANTIPAPAM
2107 305 2335 367 LIBRI
2379 306 2581 370 DUO.
2618 342 2691 352 —
2721 307 2872 370 LIB.
2910 307 2990 372 Il.

3396 315 3516 374 462

1854 505 2164 560 anathema
2196 506 2291 560 sit.
2324 506 2464 560 Item
2497 507 2650 576 quod
2672 506 2876 561 electio
2907 509 3199 577 pontiﬁcis
3230 524 3350 565 non
3376 526 3516 580 per-

1852 593 2033 647 tineat
2062 595 2230 649 laicis
2262 598 2504 648 tantum.
2544 617 2564 642 ιι

1928 681 2013 734 Ex
2047 683 2295 737 concilio
2329 683 2972 753 l.aodiceuse,cap.t‘2:
3025 708 3044 732 ι’
3093 687 3224 742 Non
3255 691 3347 742 est
3375 704 3516 758 per-

1864 769 2206 825 mittendum
2236 773 2428 826 turbae
2446 772 2766 826 electiones
2799 788 3003 826 eorum
3035 773 3363 846 facere,qui
3381 779 3520 832 sunt

1867 859 1938 911 ad
1972 861 2366 915 sacerdotium
2396 861 2778 931 provehendi.
2819 885 2840 909 υ

1931 949 2071 1002 Item
2103 965 2175 1002 ex
2207 951 2447 1004 decreto
2468 951 2771 1005 Coelestini
2795 952 3124 1020 pontiﬁcis:
3156 974 3177 1001 α
3204 953 3521 1008 Docendus

1862 1040 1952 1090 est
1967 1039 2242 1106 populus,
2261 1043 2454 1092 etnon
2477 1040 2841 1109 sequendus,
2869 1056 3119 1111 nosque,
3145 1042 3199 1096 si
3221 1043 3523 1115 nesciunt,

1861 1139 1964 1178 eos
1995 1126 2134 1196 quid
2166 1126 2360 1196 liceat,
2388 1127 2604 1198 quidve
2627 1142 2743 1181 non
2765 1128 2957 1198 liceat,
2985 1144 3380 1202 commouere,
3407 1147 3524 1186 non

1863 1229 2224 1268 consensum
2257 1216 2526 1284 praebere
2556 1216 2862 1270 debemus.
2903 1239 2924 1264 ι»

1939 1303 2222 1357 Decursis
2253 1305 2448 1374 itaque
2478 1308 2560 1357 tot
2592 1307 2929 1358 sanctorum
2951 1306 3193 1360 Patrum
3213 1309 3526 1363 auctorita-

1862 1394 2045 1460 tibus,
2081 1393 2420 1446 I.atinorum
2454 1393 2684 1447 scilicet
2715 1397 2772 1447 et
2803 1394 3165 1464 Graecorum,
3196 1399 3353 1466 patet
3382 1397 3527 1450 nihil

1859 1481 2017 1553 juris
2049 1481 2439 1549 imperatoriae
2471 1483 2745 1550 potestati
2779 1482 2836 1534 in
2869 1483 3207 1551 pontiﬁcum
3238 1484 3526 1540 electione

1867 1585 1974 1624 seu
2006 1569 2370 1640 promotione
2403 1569 2473 1622 ab
2511 1570 2733 1623 eisdem
2767 1571 3108 1624 attributum
3129 1588 3288 1638 esse,
3315 1573 3430 1628 imo
3453 1588 3526 1626 ne

1863 1675 1976 1729 qua
2008 1658 2232 1712 laicalis
2265 1662 2528 1726 potestas
2561 1658 2676 1711 sibi
2695 1659 3012 1728 quidquam
3047 1660 3103 1712 in
3126 1659 3219 1713 his
3249 1660 3525 1730 vindicet,

1863 1763 1894 1800 a
1929 1747 2284 1816 quibusdam
2317 1761 2524 1800 eorum
2557 1746 2668 1800 sub
2700 1747 3085 1815 anathemate,
3105 1748 3218 1802 hoc
3239 1751 3532 1818 est,sepa—

1787 1861 1834 1921 Β
1863 1835 2089 1889 ratione
2123 1852 2155 1888 a
2186 1834 2328 1902 Deo,
2361 1833 2674 1921 inhibitum
2704 1833 2915 1888 fuisse.
2942 1835 3012 1888 Et
3033 1837 3193 1889 certe
3225 1836 3336 1890 sub
3368 1852 3525 1906 prie-

1866 1923 2005 1977 fatis
2039 1923 2322 1978 Romanis
2353 1920 2758 1992 pontiﬁcibus,
2789 1921 3068 1992 leguntur
3097 1922 3405 1977 exstitisse
3426 1939 3530 1992 po-

1865 2011 2182 2066 tentissimi
2229 2011 2644 2080 imperatores,
2696 2026 2814 2064 non
2859 2011 3053 2065 solum
3112 2009 3363 2082 Orienti,
3423 2011 3530 2065 sed

1863 2099 2040 2154 etiam
2069 2099 2372 2154 Occidenti
2403 2099 2783 2169 imperantes,
2820 2099 3050 2152 scilicet
3080 2098 3530 2154 Valentinianus

1865 2192 1923 2243 et
1952 2187 2330 2242 Theodosius
2362 2185 2662 2254 Juniores,
2708 2185 3054 2255 Martianus,
3108 2186 3429 2241 Mauricius
3472 2190 3528 2242 et

1865 2276 2120 2331 Phocas.
2159 2275 2228 2328 Et
2257 2290 2390 2328 cum
2408 2274 2670 2343 praefatae
2692 2275 3062 2328 universales
3083 2275 3313 2344 synodi,
3329 2275 3388 2328 id
3411 2279 3523 2342 est,

1865 2366 2055 2437 prima
2103 2367 2157 2417 et
2204 2363 2454 2432 septima
2502 2377 2534 2414 a
2582 2365 2664 2415 tot
2709 2361 2984 2415 Patribus
3041 2365 3360 2432 agerentur
3421 2361 3528 2414 Ni-

1869 2470 2011 2520 ceze,
2045 2450 2540 2505 Christianissimi
2572 2451 2959 2518 imperatores
3017 2447 3441 2503 Constantinus
3474 2452 3532 2504 et

1867 2544 2005 2597 item
2057 2539 2481 2594 Constantinus
2530 2541 2587 2592 et
2631 2537 2796 2592 Irene
2847 2541 3033 2592 mater
3081 2536 3217 2608 ejus
3260 2537 3531 2592 adfuisse

1867 2632 2181 2703 leguntur;
2234 2628 2341 2682 sed
2391 2631 2446 2681 et
2496 2626 2717 2681 Basilio
2767 2641 2981 2698 magno
3024 2627 3375 2695 imperatore
3423 2641 3529 2696 pe-

1864 2723 2022 2772 tente
2070 2722 2143 2786 et.
2183 2717 2502 2786 praesente,
2554 2714 2770 2785 legitur
2820 2718 3027 2768 octava
3076 2713 3342 2784 synodus
3393 2713 3531 2767 item

1867 2807 2228 2862 universalis
2242 2803 2751 2873 ConstantinOpoli
2770 2803 3064 2857 celebrata
3078 2802 3290 2856 fuisse.
3307 2801 3530 2873 Itaque,

1869 2913 2002 2950 cum
2032 2896 2222 2965 primo
2255 2908 2457 2946 earum
2490 2895 2762 2946 censeret
2793 2907 2910 2946 non
2957 2891 3292 2945 habendum
3323 2907 3530 2960 quem-

1867 3001 2042 3056 quam
2067 2984 2413 3052 episcopum
2427 2982 2557 3034 sine
2574 2980 2824 3034 consilio
2836 2979 3270 3050 metropolitani
3283 2981 3534 3048 septima

1867 3089 2012 3128 vero
2041 3072 2216 3125 tiium
2250 3086 2558 3124 sacrorum
2591 3069 2863 3124 ordinum
2883 3069 3228 3122 electionem
3251 3083 3285 3120 a
3305 3068 3532 3137 princi-

1869 3162 2047 3233 pibus
2079 3159 2419 3230 prohiberet
2448 3159 2609 3228 ﬁeri;
2640 3162 2846 3212 octava
2869 3173 3006 3211 vero
3029 3157 3142 3212 sub
3161 3157 3530 3211 anathemate

1869 3249 2250 3304 interdiceret
2280 3246 2623 3317 pontiﬁcum
2655 3246 3000 3300 electionem
3019 3244 3207 3298 laicali
3230 3245 3528 3315 potestati.

1870 3337 2153 3409 Nunquid
2181 3337 2284 3407 qui
2314 3339 2645 3405 praesentes
2668 3335 2909 3388 aderant
2926 3335 3314 3404 imperatores
3337 3333 3532 3404 questi

1871 3432 2012 3482 sunt
2040 3427 2152 3481 hoc
2185 3427 2256 3480 ad
2275 3425 2370 3478 sui
2402 3429 2797 3493 contemptum
2819 3422 2966 3492 ﬁeri,
2994 3429 3055 3477 ut
3082 3423 3226 3476 nihil
3245 3424 3315 3477 de
3337 3423 3532 3492 ponti-

1873 3517 2050 3570 ﬁcum
2081 3515 2369 3569 electione
2393 3529 2598 3568 eorum
2619 3513 2856 3584 quidem
2879 3511 3202 3567 referretur
3219 3513 3535 3582 potestati?

1873 3605 1995 3660 Imo
2018 3605 2214 3675 potius
2236 3605 2517 3675 leguntur
2538 3606 2880 3657 sanctorum
2903 3601 3134 3656 Patrum
3157 3601 3534 3656 constitutio-

1873 3711 1982 3750 nes
2014 3693 2328 3764 amplexati
2359 3693 2577 3760 fuisse,
2613 3705 2836 3760 easque
2868 3691 3105 3761 quidam
3145 3706 3370 3759 eorum,
3402 3691 3538 3758 post

1872 3785 2132 3854 quinque
2165 3781 2627 3853 patriarcharum
2656 3779 3131 3848 subscriptiones
3153 3779 3282 3832 suis
3301 3792 3536 3849 quoque

1874 3871 2430 3941 subscriptionibus
2459 3869 2802 3922 roborassc.
2824 3867 2988 3937 Item,
3014 3883 3147 3921 cum
3169 3868 3540 3939 contingeret

1876 3962 2160 4031 praefatos
2185 3961 2585 4014 Romanorum
2613 3958 2925 4027 pontiﬁces
2955 3958 3027 4010 de
3056 3957 3398 4027 pontiﬁcum
3421 3955 3539 4010 ele-

1882 4051 2072 4107 ctione
2103 4049 2448 4116 decernere,
2470 4047 2716 4118 contigit
2733 4061 2979 4099 suorum
3000 4049 3330 4115 temporum
3350 4047 3538 4116 impe-

1878 4144 2106 4197 ratores
2141 4139 2253 4192 hoc
2284 4138 2357 4190 ad
2400 4135 2498 4188 sui
2527 4135 2757 4203 imperii
2786 4134 3068 4204 injuriam
3115 4135 3246 4188 ﬁeri
3292 4137 3538 4205 questos

1881 4230 2071 4285 fuisse
2093 4229 2120 4282 ‘2
2151 4227 2282 4281 Non
2312 4224 2604 4295 equidem.

1951 4320 2098 4373 Sunt
2126 4319 2319 4370 autem
2348 4313 2608 4384 quidam,
2643 4327 2846 4365 eorum
2877 4314 3078 4364 contra
3123 4325 3276 4382 quos
3321 4311 3540 4364 scribi-

1880 4425 2036 4479 mus,
2069 4407 2168 4478 qui
2200 4405 2402 4475 putant
2423 4418 2489 4457 se
2520 4401 2758 4472 quidam
2779 4400 2980 4472 magni
3007 4401 3065 4455 in
3084 4400 3176 4454 sui
3194 4399 3541 4454 defensione

1882 4497 2285 4562 adiuvenisse,
2303 4509 2434 4546 cum
2449 4491 2825 4545 introducunt
2845 4489 3198 4561 Gregorium
3219 4495 3275 4544 et
3291 4488 3541 4543 Ambro-

161 4561 205 4612 in
226 4578 325 4634 quo
353 4567 649 4622 damnavit
677 4566 1128 4622 Constantinum
1154 4566 1512 4637 neOphytum
1537 4567 1763 4620 invaso-

1943 4603 2041 4643 um
2063 4561 2316 4640 asaaculi
2331 4581 2702 4651 principibus
2724 4579 2798 4632 ad
2819 4581 3218 4649 pontiﬁcatum
3239 4581 3542 4650 promotos

163 4664 257 4704 rem
283 4655 434 4710 sedis
465 4657 830 4726 apostolicae,
865 4659 920 4711 et
950 4656 1143 4710 allatis
1182 4656 1374 4709 sacris
1421 4654 1770 4724 canonibus,

164 4737 330 4810 eisque
355 4743 576 4816 liquido
606 4745 1016 4815 perscrutatis,
1032 4744 1255 4815 prolata
1278 4746 1369 4797 est
1390 4744 1677 4799 sententia
1699 4742 1773 4796 ab

166 4827 331 4884 eodem
342 4834 588 4888 concilio
603 4834 716 4888 sub
739 4833 1124 4888 anathematis
1146 4833 1476 4901 interdicto,
1495 4836 1555 4886 ut
1575 4831 1774 4885 nullus

168 4926 378 4984 unquam
407 4920 692 4976 laicorum
722 4936 1018 4991 nequeex
1048 4921 1164 4974 alio
1203 4919 1409 4974 ordine
1454 4921 1776 4987 praesumat

169 5001 258 5055 nisi
282 5022 378 5075 per
401 5009 717 5064 distinctos
747 5009 970 5081 gradus
1002 5009 1334 5064 ascendens
1366 5007 1652 5061 diaconus
1679 5009 1778 5060 aut

169 5093 434 5165 Presbyter
459 5099 656 5153 factus
685 5098 862 5153 fuerit
891 5097 1232 5167 cardinalis,
1257 5097 1330 5151 ad
1359 5111 1597 5151 sacrum
1627 5110 1776 5165 pon-

168 5177 379 5240 tiﬁcatus
406 5187 688 5242 honorem
719 5186 1074 5259 promoveri.
1114 5210 1135 5236 ιι

226 5305 294 5361 Ex
320 5314 557 5368 concilio
591 5313 809 5367 Leonis
857 5312 953 5382 IV,
989 5312 1404 5382 episcoporum
1447 5326 1500 5379 ιι,
1544 5325 1670 5379 cap.
1705 5309 1737 5361 5
1763 5320 1800 5364 ε·

180 5412 192 5436 α
207 5392 383 5468 Siquis
397 5402 828 5468 sacerdotibus,
847 5417 954 5455 seu
968 5400 1318 5470 primatibus
1337 5397 1656 5466 nobilibus,
1673 5413 1783 5452 seu

177 5488 350 5542 caetero
365 5489 517 5545 clero
531 5490 712 5562 hujus
726 5493 946 5544 sanctis
963 5490 1242 5544 Romana:
1257 5486 1544 5542 Ecclesiae
1557 5486 1787 5540 electio-

177 5583 280 5626 nem
310 5577 540 5633 Romani
558 5579 854 5650 pontiﬁcis
877 5578 1282 5634 contradicere
1310 5576 1783 5648 praasumpserit,

180 5658 301 5717 sicut
325 5666 378 5721 in
405 5668 650 5726 concilio
698 5668 853 5724 beati
897 5667 1180 5740 Stephani
1226 5666 1450 5740 legitur
1480 5667 1783 5736 statutum,

1889 4679 2099 4734 fuisse.
2114 4673 2280 4738 Quod
2312 4671 2446 4740 quia
2470 4669 2744 4722 frivolum
2759 4711 2772 4739 ,
2787 4671 3038 4740 quiaque
3055 4669 3267 4722 falsum
3297 4669 3394 4736 sit,
3414 4666 3544 4720 evi-

1890 4765 2048 4820 denti
2071 4760 2296 4834 judicio
2330 4757 2614 4826 clarebit;
2647 4757 2876 4811 collatis
2908 4772 3114 4811 eorum
3151 4755 3544 4811 electionibus

1887 4868 2020 4907 cum
2051 4867 2178 4920 cap.
2211 4848 2245 4901 8
2275 4847 2507 4918 synodi,
2541 4846 2698 4916 quod
2738 4861 2920 4914 supra
2969 4845 3344 4913 scripsimus.
3396 4844 3547 4898 Nam

1888 4941 2158 5014 quamvis
2189 4937 2503 4992 multorum
2523 4950 2810 4988 annorum
2830 4934 3142 4987 interstitio
3163 4949 3197 4986 a
3219 4949 3284 4986 se
3306 4933 3542 5002 distent,

1887 5034 2083 5086 tamen
2110 5029 2185 5081 ita
2207 5026 2322 5080 sibi
2357 5025 2720 5079 concordare
2754 5023 3025 5080 videntur
3045 5027 3105 5076 ut
3127 5026 3183 5076 et
3203 5022 3469 5093 synodus
3491 5024 3550 5076 et

1894 5135 2099 5176 eorum
2132 5116 2340 5169 electio
2369 5113 2461 5168 vel
2481 5112 2789 5183 promotio,
2807 5127 2922 5166 uno
2946 5112 3270 5184 eodemque
3294 5112 3399 5167 Dei
3420 5111 3549 5180 Spi-

1896 5213 2010 5264 ritu
2043 5215 2169 5261 acta
2193 5206 2382 5258 fuisse
2405 5204 2745 5274 probentur.
2763 5202 2860 5255 Sic
2883 5201 3038 5255 enim
3057 5203 3114 5254 in
3132 5202 3322 5272 gestis
3346 5216 3551 5256 eorum

1895 5296 2257 5354 describitur
2283 5293 2378 5346 vel
2413 5293 2698 5360 Scriptum
2731 5291 3004 5344 habetur:
3026 5290 3553 5362 Gregorium,licet

1892 5388 2032 5442 totis
2051 5385 2281 5438 viribus
2298 5382 2666 5449 retinentem,
2684 5379 2903 5448 clerus,
2921 5383 3283 5451 senatusque
3297 5385 3354 5435 et
3369 5396 3552 5450 popu-

1893 5478 1989 5532 lus
2027 5477 2328 5529 Romanus
2361 5469 2475 5522 sibi
2505 5469 3229 5538 concorditerpontiﬁcem
3254 5471 3367 5524 sibi
3399 5471 3555 5524 dele-

1894 5569 2129 5641 gerunt.
2166 5564 2239 5616 At
2269 5561 2365 5615 ille
2399 5575 2531 5612 cum
2554 5559 2859 5613 decretum
2882 5559 3282 5630 generalitatis
3302 5558 3553 5613 evadere

1897 5653 2182 5730 nequivit,
2199 5665 2635 5708 consensurum
2665 5663 2732 5705 se
2762 5649 2997 5706 tandem
3026 5648 3340 5722 aliquando
3364 5647 3554 5702 simu-
