3948 6168
402 286 520 350 463

1450 279 1519 344 ει
1565 277 1948 343 ANBELMI
1988 273 2405 342 LUCENSIS
2441 274 2833 340 EPISGOP-I

3728 278 3847 343 464

403 484 563 554 lavit,
595 486 653 539 et
680 481 1019 552 imperatori
1052 479 1359 548 Mauricio,
1391 478 1569 550 cujus
1598 478 1784 533 filium
1803 493 1879 532 ex
1907 475 2064 531 lava-
2108 472 2152 527 Α
2180 476 2567 547 corripuisse,
2602 475 2887 548 graviter,
2920 475 3198 546 tulerunt,
3229 490 3481 547 cumque
3500 475 3689 549 hujus
3714 491 3851 548 gra-

403 589 504 627 cro
544 575 749 627 sancto
781 572 1149 640 susceperat,
1184 569 1431 622 latenter
1470 565 1697 622 litteras
1726 566 2062 636 destinavit,

400 660 709 733 adjurans,
745 673 819 714 ne
851 674 1111 728 unquam
1139 672 1459 712 assensum
1490 656 1722 726 populis
1743 656 2059 726 praeberet,

400 754 462 804 ut
493 766 561 804 se
590 748 775 819 hujus
792 747 1037 802 honoris
1055 747 1247 817 gloria
1264 746 1670 800 sublimarent.
1704 742 1821 799 Sed
1848 743 2059 813 praefe-

400 841 530 892 ctus
561 837 749 904 urbis,
783 835 1114 890 Germanus
1138 835 1392 904 nomine,
1417 833 1552 904 ejus
1569 834 1836 887 nuntium
1855 833 2060 886 antici-

397 927 557 996 pavit
589 925 1203 995 comprehensumque
1236 940 1304 977 ac
1334 923 1585 992 diruptis
1612 921 2057 992 epistolis,con-

397 1030 645 1070 sensum
677 1029 851 1084 quem
881 1014 1136 1084 populus
1170 1012 1390 1067 fecerat
1434 1011 1773 1082 imperatori
1821 1010 2054 1065 direxit.

396 1104 470 1157 At
500 1104 599 1157 ille
630 1103 851 1172 gratias
884 1117 1072 1172 agens
1104 1102 1225 1156 Deo
1256 1117 1363 1172 pro
1403 1101 1658 1155 amicitia
1702 1099 1955 1169 diaconi,
1987 1113 2057 1154 eo

396 1191 550 1263 quod
581 1192 771 1246 locum
802 1190 1106 1245 deferendi
1129 1190 1182 1244 ei
1205 1190 1472 1259 honoris,
1494 1193 1555 1244 ut
1584 1190 1870 1260 cupierat,
1890 1204 2057 1258 repe-

395 1281 596 1348 risset,
629 1279 825 1349 ipsum
854 1279 1113 1334 ordinari
1141 1280 1443 1349 praeepit.
1467 1297 1489 1329 ι
1517 1278 1641 1347 (Ex
1672 1277 1876 1332 Gestis
1908 1276 2056 1332 Gre-

391 1368 553 1440 gorii
559 1369 596 1437 .)

463 1458 604 1511 Item
637 1457 696 1510 in
727 1456 928 1512 Gestis
958 1456 1294 1510 Ambrosii:
1334 1478 1355 1503 ι
1390 1454 1537 1510 Cum
1576 1455 1832 1526 populus
1862 1453 2057 1525 magis

391 1546 705 1617 magisque
736 1545 1126 1599 acclamaret:
1158 1545 1475 1599 Peccatum
1506 1548 1667 1599 tuum
1703 1558 1888 1613 super
1916 1558 2049 1597 nos.

390 1633 653 1706 Cumque
684 1635 781 1688 ille
810 1635 1040 1688 videret
1068 1649 1236 1688 suam
1264 1633 1645 1687 intentionem
1691 1631 1838 1687 nihil
1871 1647 2053 1701 posse

391 1722 704 1791 proiicere,
730 1723 932 1793 fugam
953 1722 1199 1791 paravit,
1217 1736 1628 1792 egressusque
1650 1721 1842 1775 noctis
1859 1720 2052 1774 medio

2174 564 2275 634 tia,
2310 569 2591 635 quantum
2620 565 2683 621 in
2716 580 2783 621 se
2815 568 2958 637 erat,
2993 581 3027 620 a
3075 568 3291 636 papatu
3335 566 3761 637 deposuerunt,
3792 570 3850 621 et

2175 668 2391 722 nomen
2422 653 2695 725 ejusdem
2726 654 2787 709 in
2817 669 3042 710 canone
3066 656 3534 711 consecrationis
3550 655 3849 710 nominari

2176 744 2491 797 vetuerunt
2515 760 2528 799 :
2563 744 2815 815 ideoque
2843 744 3147 799 decretum
3176 743 3313 815 ejus
3344 744 3417 799 de
3441 744 3579 814 jure
3610 745 3851 799 irritum

2177 844 2314 886 esse
2348 831 2604 901 debebit,
2637 833 2774 903 quia
2807 848 2941 887 cum
2969 849 3003 886 a
3031 835 3154 887 toto
3177 833 3320 888 orbe
3346 848 3498 903 papa
3527 833 3853 888 haberetur

2171 918 2339 990 juxta
2368 920 2712 975 eorumdem
2741 921 3093 976 sententiam
3123 921 3353 977 eisdem
3378 937 3529 993 papa
3557 938 3679 977 non
3708 922 3844 990 fuit,

2174 1011 2347 1079 quasi
2369 1025 2491 1065 non
2521 1025 2598 1064 ex
2628 1010 2734 1064 Dei
2765 1009 2874 1064 sed
2919 1025 3127 1066 eorum
3156 1013 3381 1065 tantum
3420 1010 3705 1082 penderet
3736 1028 3848 1067 vo-

2173 1096 2417 1167 luntate,
2451 1098 2785 1168 quempiam
2814 1098 3137 1169 quemlibet
3167 1114 3309 1154 esse
3360 1100 3452 1154 vel
3497 1115 3617 1155 non
3665 1115 3847 1165 esse;

2175 1186 2479 1241 Romanus
2509 1187 2665 1241 enim
2694 1187 2978 1257 pontifex,
3012 1190 3076 1241 ut
3105 1188 3408 1258 sapientes
3451 1192 3705 1257 norunt,
3725 1204 3851 1243 non

2174 1275 2346 1331 modo
2379 1275 2613 1346 deponi,
2640 1276 2747 1330 sed
2767 1276 2942 1332 etiam
2963 1276 3124 1332 nullo
3144 1275 3628 1348 Christianojure
3648 1294 3684 1332 a
3704 1293 3853 1348 quo-

2171 1362 2315 1418 libet
2343 1366 2540 1434 potest
2571 1363 2849 1435 judicari.
2886 1364 3108 1421 Deinde
3156 1366 3295 1436 quia
3343 1381 3477 1420 cum
3520 1366 3580 1420 in
3631 1367 3849 1422 eodem

2169 1451 2408 1507 decreto
2431 1454 2666 1507 cautum
2694 1455 2859 1508 esset
2887 1455 2950 1507 ut
2981 1453 3187 1509 Romae
3216 1455 3512 1524 pontiﬁcis
3557 1454 3781 1510 electio
3812 1472 3848 1509 a

2172 1540 2437 1595 Romano
2469 1541 2631 1596 clero
2661 1544 2718 1596 et
2761 1542 2978 1612 populo
3027 1547 3294 1614 agerent,
3345 1546 3404 1597 et
3442 1547 3653 1614 postea
3705 1545 3846 1616 regi

2169 1629 2603 1698 notiﬁcaretur,
2652 1630 2769 1699 ipsi
2815 1630 3129 1700 praefatum
3174 1630 3475 1686 decretum
3516 1632 3845 1699 violantes,

2169 1716 2479 1789 elegerunt
2508 1718 2665 1789 quod
2713 1718 2803 1773 eis
2850 1734 2969 1774 non
3018 1720 3253 1790 licebat,
3302 1720 3470 1793 prius
3515 1719 3847 1777 Cadalaum

395 1811 692 1864 civitatem
716 1826 846 1865 cum
865 1810 1133 1863 Ticinum
1157 1826 1223 1864 se
1244 1825 1496 1880 pergere
1520 1812 1770 1880 putaret,
1788 1824 1958 1863 mane
1980 1809 2054 1863 ad
2096 1838 2148 1903 Β
2166 1806 2575 1877 Parmensem,
2610 1810 2819 1877 postea
2847 1807 3225 1863 Wicbertum
3270 1810 3695 1880 Ravennatem,
3746 1810 3846 1865 in-

391 1902 619 1967 portam
633 1899 886 1952 civitatis
901 1898 1361 1953 Mediolanensis
1383 1914 1515 1970 quae
1528 1899 1744 1953 dicitur
1765 1899 2049 1967 Romana,

390 1986 711 2040 invenitur.
745 1987 1008 2056 Cumque
1035 1986 1312 2040 inventus
1345 1986 1745 2041 custodiretur
1774 2002 1807 2039 a
1835 1985 2051 2056 populo

390 2074 579 2128 missa
609 2075 891 2128 relatione
938 2075 1011 2127 ad
1060 2076 1480 2144 imperatorem
1524 2074 2051 2129 clementissimum

390 2162 891 2231 Valentinianum,
937 2162 1039 2233 qui
1082 2162 1196 2217 hoc
1240 2177 1471 2217 summo
1517 2162 1737 2235 gaudio
1801 2162 2047 2233 accepit,

391 2251 549 2323 quod
574 2250 814 2322 judices
844 2251 917 2305 ad
949 2266 1016 2305 se
1056 2251 1268 2306 directi
1320 2252 1393 2306 ad
1442 2250 1844 2307 sacerdotium
1884 2253 2051 2322 pete-

390 2343 615 2394 rentur.
653 2363 676 2388 ι»

460 2427 613 2482 Ecce
637 2444 712 2482 ex
730 2428 823 2482 his
851 2432 908 2483 et
928 2429 1173 2499 praefato
1192 2429 1379 2498 capite
1395 2428 1804 2498 patentissime
1822 2428 2049 2500 colligi-

383 2520 499 2587 tur,
526 2516 696 2590 juxta
724 2518 986 2587 priscam
1014 2517 1505 2572 consuetudinem
1537 2516 1820 2588 prmfatos
1850 2519 2047 2588 ponti-

386 2607 533 2659 ﬁces
565 2606 788 2660 electos
820 2606 1041 2672 fuisse;
1063 2606 1170 2659 sed
1189 2607 1328 2677 quia
1350 2606 1686 2661 nullatenus
1708 2606 2049 2676 promoveri

386 2694 775 2765 patiebantur,
792 2709 926 2748 cum
940 2696 999 2748 in
1016 2693 1262 2748 alterius
1284 2693 1569 2749 electione
1582 2694 1901 2764 praefectus
1916 2696 2047 2749 vice

387 2784 809 2852 Romanorum,
857 2782 1162 2836 Mauricii:
1210 2782 1273 2837 in
1317 2782 1560 2837 alterius
1602 2798 1745 2837 vero
1791 2785 2046 2854 populus

388 2872 779 2926 Valentiniani
810 2872 1029 2943 legitur
1057 2871 1360 2926 auxillium
1382 2873 1704 2943 expetisse,
1728 2876 1883 2941 patet
1910 2888 2048 2942 pro-

386 2961 559 3030 fecto,
590 2961 760 3031 juxta
801 2978 926 3030 cap.
974 2960 1008 3013 8
1057 2960 1289 3031 synodi,
1342 2960 1673 3015 Ecclesiam
1721 2961 2045 3016 saeculares

381 3054 705 3119 potestates
735 3051 793 3103 in
826 3050 920 3104 sui
946 3049 1309 3120 adjutorium
1338 3049 1649 3118 invitasse,
1672 3065 1895 3120 easque
1926 3067 2045 3105 non

382 3140 456 3192 im
469 3140 630 3208 peric
653 3139 761 3193 sed
788 3139 1120 3193 obedientia
1147 3142 1286 3192 tunc
1316 3154 1460 3193 usas
1489 3137 1700 3192 fuisse.
1720 3139 1887 3203 Quod
1909 3139 2044 3210 qui-

383 3228 514 3281 dem
550 3245 666 3281 non
696 3229 929 3281 videtur
957 3229 1130 3281 nobis
1154 3228 1282 3282 fieri
1304 3242 1421 3281 non
1444 3228 1644 3290 licere,
1668 3229 1721 3282 si
1744 3229 2044 3299 contingat

379 3316 624 3386 dignum
656 3317 975 3386 quemlibet
1006 3331 1370 3370 consensum
1400 3316 1459 3370 in
1488 3316 1580 3370 sui
1608 3317 2038 3386 promotionem

380 3405 649 3472 prmbere
681 3404 945 3476 regalem
974 3420 1121 3458 vero
1152 3407 1502 3473 potestatem
1532 3405 1835 3477 contingat
1864 3406 1923 3459 in
1954 3421 2046 3460 ea-

380 3492 512 3544 dem
533 3492 777 3545 dioecesi
801 3492 1038 3559 adesse,
1054 3494 1118 3545 ut
1139 3491 1586 3545 Valentinianus
1598 3494 1737 3546 tunc
1751 3493 1809 3545 in
1821 3493 2041 3548 Medio-

378 3579 607 3631 lanensi
644 3580 861 3650 legitur
891 3579 1180 3633 adfuisse.
1215 3579 1292 3633 Ut
1321 3583 1513 3633 autem
1550 3584 1849 3650 quaeratur
1879 3586 2041 3638 extra

378 3667 708 3735 (liwcesim,
744 3683 874 3720 cum
908 3667 1087 3737 longo
1119 3666 1400 3721 intestitio
1429 3669 1623 3737 possit
1660 3670 1897 3741 abesse,
1933 3672 2041 3726 ab-

378 3754 717 3810 surdissum
734 3761 844 3822 est,
865 3771 997 3808 cum
1019 3755 1532 3811 sanctissimorum
1549 3757 1788 3813 Patrum
1805 3759 2041 3831 legibus

382 3846 663 3898 statutum
693 3844 771 3897 sit
798 3860 871 3899 ne
904 3844 1054 3897 intra
1085 3847 1209 3900 tres
1238 3860 1482 3901 menses
1510 3845 1809 3903 viduatam
1856 3847 2041 3902 relin-

379 3936 562 4003 quant
589 3932 923 3987 ltcclesiam
953 3948 985 3986 a
1013 3934 1311 4003 pontifice.

448 4020 616 4085 Quod
638 4037 782 4077 vero
815 4022 873 4075 in
906 4022 1164 4076 Historia
1194 4023 1481 4093 tripartita
1521 4023 1736 4096 legitur
1776 4024 2037 4080 Valenti-

372 4110 757 4180 nianusimp.
790 4111 1016 4166 dixisse
1049 4111 1397 4166 Ambrosio:
1422 4112 1581 4167 Deus
1602 4113 1719 4166 tibi
1746 4114 2040 4168 commisit

379 4200 627 4267 animas,
654 4215 762 4270 ego
784 4216 1028 4271 corpora
1048 4217 1061 4268 ;
1080 4216 1255 4271 quam
1278 4202 1541 4271 pessime
1570 4202 1871 4257 cohmreat
1887 4218 2038 4272 prea-

370 4288 851 4359 cedentibus,qui
884 4290 1026 4361 legit
1057 4289 1361 4361 intelligat.
1398 4290 1580 4345 Valde
1611 4291 1769 4345 enim
1799 4295 2035 4346 contra-

370 4377 524 4430 rium
556 4379 810 4443 videtur,
846 4382 903 4431 et
924 4378 1035 4433 hoc
1053 4394 1187 4432 eum
1206 4379 1453 4447 dixisse,
1469 4384 1526 4433 et
1547 4382 1661 4433 uta
1685 4395 1752 4434 se
1773 4380 2038 4449 pontifex

2167 1895 2418 1950 duentes
2442 1910 2547 1950 eos
2574 1896 2921 1966 apostolicis
2953 1897 3317 1969 insignibus,
3350 1901 3636 1954 vocantes
3689 1915 3848 1969 apo-

2169 1984 2414 2038 stolices
2444 1987 2764 2053 apostatas,
2800 1985 3149 2039 Antichristi
3196 2002 3633 2057 prmcessores.
3666 1988 3848 2042 Prm-

2167 2073 2328 2126 terea
2360 2076 2554 2127 autem
2583 2073 2870 2143 praefatus
2910 2073 3259 2130 Wicbertus
3305 2080 3405 2129 aut
3444 2076 3544 2130 sui
3588 2078 3654 2130 ut
3702 2092 3842 2131 suae

2164 2160 2319 2230 parti
2332 2160 2595 2215 favorem
2609 2162 3278 2234 ascriberent,quaedam
3299 2164 3358 2217 in
3373 2165 3578 2219 eodem
3591 2164 3847 2220 decreto

2165 2248 2456 2320 addendo,
2491 2251 2761 2320 quaedam
2789 2251 3088 2321 mutando,
3120 2251 3199 2307 ita
3221 2251 3363 2307 illud
3393 2252 3789 2309 reddiderunt
3812 2271 3848 2308 a

2163 2353 2230 2393 se
2263 2337 2587 2409 dissidens,
2622 2343 2685 2393 ut
2713 2342 2812 2394 aut
2828 2344 3014 2409 pauca
3036 2343 3134 2394 aut
3156 2340 3315 2395 nulla
3336 2341 3695 2411 exemplaria
3718 2344 3846 2400 sibi

2164 2427 2584 2482 concordantia
2615 2427 2847 2483 valeant
2878 2429 3151 2484 inveniri.
3171 2427 3362 2495 Quare
3391 2433 3585 2484 autem
3615 2430 3845 2486 decre-

2162 2516 2285 2569 tum
2316 2518 2427 2584 est,
2454 2515 2611 2587 quod
2641 2532 2673 2571 a
2705 2532 2773 2572 se
2803 2518 2882 2571 ita
2914 2517 3259 2588 discrepare
3306 2517 3561 2588 videtur,
3597 2522 3663 2574 ut
3692 2522 3842 2591 quid

2162 2602 2221 2658 in
2243 2620 2311 2658 eo
2341 2604 2720 2674 potissimum
2749 2606 2912 2661 credi
2943 2606 3170 2674 debeat,
3202 2607 3511 2679 ignoretur
3531 2608 3560 2661 ?

2233 2690 2350 2747 Sed
2380 2696 2441 2747 ut
2470 2694 2703 2748 tandem
2733 2694 3060 2749 invincibili
3094 2695 3290 2766 gladio
3336 2694 3644 2766 feriamus,
3679 2713 3838 2767 prm—

2161 2780 2318 2836 fatus
2348 2782 2655 2852 Nicolaus,
2690 2798 2845 2838 unus
2878 2781 3107 2838 scilicet
3137 2784 3491 2855 patriarcha,
3526 2800 3662 2839 cum
3684 2802 3840 2858 quo-

2159 2869 2303 2924 libet
2331 2871 2748 2942 epi300porum
2776 2873 3044 2942 concilio,
3080 2888 3198 2928 non
3236 2872 3421 2943 potuit
3448 2874 3835 2946 abrumpere,

2156 2958 2274 3014 imo
2304 2975 2414 3014 nec
2443 2963 2691 3030 mutare,
2725 2976 2841 3015 non
2876 2961 3173 3016 obviantia
3221 2962 3379 3029 fidei,
3425 2962 3675 3033 praefata
3724 2965 3837 3020 de-

2157 3050 2318 3100 creta
2370 3053 2709 3104 sanctorum
2753 3050 3014 3122 quinque
3063 3050 3550 3122 patriarcharum,
3594 3053 3839 3109 scilicet

2158 3136 2425 3205 Romani,
2456 3137 2861 3206 Alexandrini,
2897 3139 3270 3209 Antiocheni,
3318 3140 3831 3211 Jerosolymitani,

2154 3220 2805 3296 Constantinopolitani,
2824 3232 2880 3282 et
2901 3231 2963 3281 ut
2992 3244 3069 3282 ex
3083 3243 3330 3283 numero
3352 3228 3620 3298 prmfatis
3646 3245 3836 3301 syno-

2153 3313 2251 3368 dis
2281 3315 2549 3384 apposito
2582 3316 2784 3386 colligi
2815 3319 3029 3385 potest,
3067 3319 3406 3372 sanctorum
3439 3317 3834 3388 Patrum,nu-

2151 3417 2314 3456 mero
2345 3418 2453 3457 CGL
2482 3406 2537 3457 et
2565 3419 2635 3458 eo
2667 3404 2939 3474 amplius,
2975 3407 3057 3469 tot
3088 3398 3328 3477 quidem
3353 3405 3634 3478 leguntur
3661 3424 3832 3479 prae-

2151 3490 2304 3546 fatas
2335 3492 2788 3548 constitutiones
2821 3492 2951 3548 suis
2980 3494 3349 3563 temporibus
3399 3495 3710 3567 statuisse,
3769 3498 3832 3552 in

2151 3579 2369 3649 quibus
2398 3595 2516 3635 non
2544 3580 2924 3635 inveniuntur
2950 3581 3273 3652 quidquam
3300 3583 3485 3655 regias
3536 3587 3829 3654 potestati

2149 3664 2210 3719 in
2237 3668 2580 3736 pontificum
2598 3669 2886 3724 eloctione
2908 3683 3018 3724 seu
3040 3670 3410 3739 promotione
3431 3674 3831 3731 concessisse

2148 3755 2287 3823 imo,
2324 3758 2385 3810 ut
2413 3757 2760 3826 pradictum
2784 3760 2895 3827 est,
2921 3759 3369 3814 considentibus
3388 3774 3522 3814 cum
3540 3761 3633 3816 eis
3647 3760 3831 3818 Chri-

2150 3843 2538 3899 stianissimis
2555 3845 3012 3916 imperatoribus
3030 3850 3087 3902 et
3103 3862 3217 3902 non
3244 3849 3827 3921 contradicentibus,

2146 3930 2426 4004 leguntur
2437 3934 2550 3989 sub
2568 3938 2855 4004 perpetuo
2877 3936 3245 3991 anathemate
3265 3938 3552 3992 vetuisse.
3567 3938 3746 4004 Quod
3770 3942 3829 3997 si

2147 4018 2259 4074 hoc
2290 4020 2709 4077 vindicandum
2738 4026 2830 4078 est
2876 4038 2954 4078 ex
2996 4023 3342 4080 Grmcorum
3388 4026 3829 4096 imperatorum

2147 4111 2596 4181 consuetudine,
2611 4111 2706 4165 vel
2729 4127 2803 4165 ex
2824 4112 3218 4168 Ambrosiana
3234 4115 3331 4168 vel
3354 4114 3829 4187 exGregoriana

2144 4196 2447 4262 electione,
2483 4203 2732 4269 constat,
2748 4203 2810 4254 ut
2831 4202 3214 4270 prmmissum
3245 4207 3355 4272 est,
3372 4204 3618 4259 eosdem
3636 4205 3825 4275 ipsos

2139 4284 2253 4339 hoc
2271 4288 2452 4341 veluti
2472 4288 2592 4342 Deo
2610 4289 2927 4343 adversum
2943 4290 3276 4360 respuisse,
3293 4292 3641 4347 eorumdem
3663 4310 3822 4349 vero

2138 4376 2478 4443 pontiﬁcum
2510 4377 2859 4431 electionem
2891 4380 2949 4433 et
2978 4380 3407 4448 promotionem
3437 4397 3543 4435 VIII
3570 4383 3826 4453 synodo

373 4464 716 4537 eligeretur,
740 4467 896 4536 quod
918 4467 1135 4519 ibidem
1157 4467 1534 4536 praemissum
1561 4472 1672 4535 est,
1698 4468 2034 4523 nullatenus
2139 4465 2412 4533 quamvis
2443 4469 2810 4535 praepostere
2842 4467 3266 4524 concordesse.

364 4554 912 4608 consensisse.Hoc
935 4559 1128 4608 autem
1153 4556 1292 4608 nihil
1314 4557 1487 4609 nobis
1510 4558 2029 4626 adversatur,cum
2061 4543 2119 4608 D
2208 4551 2280 4606 Et
2312 4554 2586 4623 quamvis
2615 4554 3029 4625 decretum,de
3059 4572 3177 4627 quo
3206 4557 3510 4628 agimus,a
3540 4559 3827 4628 prmfatis

364 4642 575 4696 beatus
607 4642 932 4714 Gregorius
967 4644 1231 4697 eamdem
1256 4644 1573 4698 Historiam
1600 4646 1947 4700 mendosam
1971 4650 2027 4701 et

365 4748 397 4784 ει
434 4733 695 4786 Homana
728 4732 995 4785 Ecclesia
1028 4734 1389 4801 repudiatam
1425 4732 1697 4788 afﬁrmet.

433 4820 579 4874 Sunt
627 4824 764 4875 item
808 4822 907 4892 qui
959 4821 1291 4891 objiciunt:
1349 4822 1662 4877 Nicolaum
1720 4822 2028 4878 Juniorem

361 4909 598 4964 decreto
630 4912 837 4980 Synodi
874 4911 1279 4977 constituisse,
1316 4914 1379 4963 ut
1412 4911 1664 4965 obeunte
1697 4913 2023 4981 apostolico

357 4999 632 5064 pontiﬁce
665 5015 989 5052 successor
1017 4998 1356 5069 eligeretur,
1393 5004 1449 5052 et
1486 5000 1696 5053 electio
1729 4999 1864 5070 ejus
1896 5002 2023 5072 regi

359 5085 777 5142 notirir-aretur.
802 5088 976 5141 Facta
1011 5103 1152 5141 vero
1176 5088 1484 5156 electione,
1509 5094 1564 5141 et
1586 5092 1647 5142 ut
1676 5090 2024 5157 praedictum

358 5177 467 5237 est,
506 5177 630 5241 regi
655 5176 969 5245 notiticata,
997 5178 1075 5229 ita
1097 5178 1331 5230 domum
1353 5179 1616 5246 pontifex
1639 5194 2025 5232 consecrare-

355 5264 471 5313 tur.
508 5259 670 5323 Quod
706 5264 755 5315 si
791 5265 1209 5318 admittendum
1256 5270 1365 5333 est,
1422 5270 1481 5319 ut
1531 5268 1755 5320 ratione
1801 5267 2020 5321 factum

359 5348 606 5415 dicatur,
640 5350 960 5419 objicimus
991 5354 1061 5407 ad
1096 5356 1205 5408 hoc
1240 5354 1660 5408 confutandum
1710 5355 2020 5423 praefatum

356 5453 560 5509 regem
576 5443 632 5492 et
657 5440 965 5509 optimates
979 5442 1112 5512 ejus
1128 5459 1193 5497 se
1215 5459 1282 5497 ea
1304 5444 1719 5498 constitutione
1740 5444 2019 5515 indignos

356 5527 603 5597 fecisse,
640 5529 891 5598 primum
922 5530 1054 5599 quia
1096 5535 1300 5601 postea
1334 5533 1642 5602 praefatum
1688 5532 2015 5605 Nicolaum,

355 5615 770 5676 Coloniensem
801 5618 1316 5694 archiepiscopum
1344 5638 1455 5694 pro
1487 5623 1618 5679 suis
1658 5622 2016 5681 excessibus

2135 4640 2427 4695 Ecclesiae
2442 4643 2679 4714 legibus
2692 4644 2928 4713 penitus
2945 4646 3594 4715 enervetur,videamus
3608 4650 3826 4705 tamen

2132 4727 2325 4783 adhuc
2357 4730 2498 4800 quid
2529 4731 2601 4785 de
2631 4746 2701 4785 eo
2734 4733 2945 4786 iterum
2977 4731 3265 4789 Ecclesia
3295 4739 3352 4788 et
3388 4736 3599 4790 saeculi
3630 4736 3821 4809 leges

2134 4822 2437 4887 censeant,
2472 4823 2534 4873 ut
2565 4820 2801 4888 penitus
2833 4826 3173 4877 evacuatur.
3218 4822 3307 4876 Ex
3353 4824 3584 4894 synodo
3627 4840 3815 4896 papa

2134 4905 2361 4973 Hilarii,
2397 4923 2523 4976 cap.
2557 4907 2619 4962 ιε
2659 4930 2681 4955 ει
2707 4909 2853 4963 Illud
2899 4911 3055 4979 quod
3078 4912 3332 4981 quisque
3354 4912 3656 4966 commisit
3674 4916 3823 4982 epi-

2135 5010 2355 5064 scopus
2389 4996 2590 5050 illicite
2622 5002 2721 5050 aut
2752 5001 2810 5051 et
2831 5015 2861 5051 a
2893 4999 3318 5054 decessoribus
3340 5001 3563 5055 invenit
3580 5002 3824 5058 admis-

2134 5098 2286 5150 sum,
2322 5085 2373 5136 si
2404 5087 2709 5153 proprium
2739 5088 2864 5140 vult
2893 5088 3078 5141 vitare
3100 5089 3816 5158 periculum,damnabit:

2134 5169 2283 5224 Nam
2307 5172 2362 5225 in
2385 5189 2471 5241 se,
2489 5174 2770 5243 quidquid
2796 5175 2851 5228 in
2872 5177 2986 5229 alio
2999 5191 3116 5231 non
3140 5178 3454 5246 resecabit,
3470 5179 3766 5235 inveniet.
3792 5205 3817 5228 ι

2120 5300 2127 5333 ;
2202 5261 2475 5316 Gelasius
2501 5262 2822 5317 Cresconio
2854 5264 3065 5318 Joanni
3101 5270 3159 5319 et
3187 5266 3462 5321 Messalas
3494 5268 3821 5338 episcopis

2127 5353 2281 5409 inter
2312 5358 2560 5407 caetera:
2612 5377 2633 5401 α
2669 5354 3069 5410 Decessorum
3102 5360 3318 5412 statuta
3345 5358 3501 5412 sicut
3529 5358 3818 5430 legitima

2127 5447 2184 5497 et
2210 5443 2394 5515 justa,
2419 5459 2842 5498 successorem
2876 5446 3175 5502 custodire
3208 5446 3502 5518 convenit,
3516 5447 3597 5502 ita
3617 5448 3818 5505 debet

2127 5532 2301 5589 etiam
2330 5532 2636 5587 malefacta
2668 5534 2990 5605 corrigere.
3028 5558 3050 5583 η

2129 5622 2412 5697 Pelagius
2443 5621 2814 5682 Armentario
2838 5624 3127 5700 magistro
3155 5625 3424 5700 militum,
3465 5626 3624 5685 inter
3671 5641 3813 5685 om-
