4008 6172
768 289 1114 353 CONTRA
1144 287 1645 355 GUIBER’I‘UM
1674 285 2175 350 ANTIPAPAM
2219 286 2449 350 LIBRI
2483 287 2684 354 DUO.
2721 324 2794 334 —
2827 289 3098 351 1.13.11.
3153 237 3157 242 ’

3533 291 3652 354 466

204 499 328 550 tera
363 511 374 547 :
417 515 439 540 ε
462 493 686 547 Postea
714 506 890 561 quam
913 489 1200 544 Ecclesiae
1220 488 1360 559 jura
1389 488 1877 542 documentorum
1915 471 1952 529 λ
1991 489 2132 553 Quae
2181 489 2328 543 dixit
2359 507 2368 542 :
2405 490 2476 544 Si
2515 507 2618 545 nos
2665 492 2824 560 ipsos
2856 491 3287 560 judicarcmus,
3323 510 3354 546 θ
3405 495 3654 550 Domino

211 597 450 655 quoque
479 580 969 636 intercedentium
1000 580 1218 633 fuerint
1257 577 1598 631 auctoritate
1628 577 1871 644 ﬁrmata,

205 672 545 727 nullatenus
575 670 648 724 ab
693 669 791 723 his
823 669 1166 722 discedendi
1208 667 1456 720 liberam
1487 665 1749 736 pontifex
1777 664 1870 718 vel

203 761 254 815 si
282 760 426 814 velit
446 759 816 828 permittatur
844 757 1060 812 habere
1083 756 1394 811 licentiam.
1425 775 1446 804 ι

272 849 574 902 Adrianus
607 846 1027 918 Engelramino
1062 862 1074 899 :
1116 867 1136 892 «
1171 845 1636 899 Constitutiones
1667 845 1872 896 contra

204 943 406 992 sancta
434 936 676 991 decreta
709 935 1110 989 Romanorum
1138 933 1486 1004 praesulum,
1510 932 1729 986 nullius
1753 932 1873 984 sint

203 1025 503 1080 momenti.
540 1049 564 1073 η

265 1113 599 1186 Gregorius
629 1115 690 1168 in
708 1111 989 1182 Registro
1025 1128 1037 1166 :
1074 1133 1096 1159 ιι
1131 1110 1422 1180 Imperiali
1444 1109 1864 1164 constitutione

203 1205 404 1274 aperte
436 1202 736 1256 sancitum
765 1215 905 1255 esse
936 1203 1000 1254 ut
1028 1214 1098 1254 ea
1128 1215 1264 1270 quae
1287 1203 1491 1253 contra
1519 1198 1688 1269 leges
1706 1197 1870 1266 ﬁunt,

203 1307 317 1345 non
352 1291 552 1346 solum
581 1289 828 1358 inutilia,
865 1289 973 1343 sed
1003 1288 1176 1343 etiam
1207 1304 1314 1359 pro
1335 1287 1572 1343 infectis
1602 1286 1874 1343 habenda

205 1381 343 1434 sint.
380 1401 402 1428 ι

269 1467 357 1521 Ex
392 1468 680 1522 Romanis
708 1467 944 1538 legibus
979 1481 991 1520 :
1030 1488 1052 1514 α
1080 1465 1144 1519 Id
1175 1468 1397 1520 tantum
1429 1465 1500 1518 de
1527 1481 1700 1519 sacra
1738 1480 1872 1519 res-

203 1557 492 1627 ponsione
524 1555 919 1610 substantiam
952 1558 1264 1622 mutuetur,
1299 1553 1677 1625 quodlegum
1709 1553 1872 1608 auxi-

204 1645 277 1700 lia
303 1647 772 1715 prosequuntur.
809 1668 829 1691 n
869 1644 1009 1698 Item
1043 1660 1056 1698 :
1097 1665 1119 1692 ε
1173 1642 1459 1698 Generale
1511 1646 1872 1712 prmeeptum

202 1734 496 1790 beneﬁcio
548 1734 793 1802 speciali
844 1732 1291 1787 anteferendum
1337 1734 1449 1786 est.
1498 1755 1518 1780 υ
1569 1731 1637 1784 Et
1686 1732 1867 1784 item:

1992 595 2104 632 non
2124 579 2538 650 judicaremur
2568 581 2626 638 (Ἰ
2655 581 2788 634 Cor.
2825 582 2906 649 ii).
2931 601 2954 629 ι

2061 667 2603 722 Excommunicatio
2648 673 2838 723 autem
2870 686 3002 740 quae
3049 671 3106 723 in
3134 672 3378 740 praefato
3412 675 3649 728 decreto

1990 756 2331 810 terribiliter
2360 758 2654 825 profertur
2681 775 2714 811 a
2745 760 3073 827 \Vicberto,
3109 763 3205 812 aut
3237 776 3266 812 a
3301 763 3428 814 suis
3461 762 3651 816 fauto-

1991 844 2196 913 ribus,
2247 846 2425 900 indita
2461 847 2748 916 creditur,
2786 849 3063 917 quoniam
3111 849 3169 901 in
3217 851 3652 918 antiquioribus

1993 933 2263 1003 ejusdem
2295 936 2514 989 decreti
2562 937 3020 1005 exemplaribus,
3053 937 3232 1008 longe
3263 939 3431 992 aliter
3465 938 3652 992 habe-

1991 1024 2107 1076 tur.
2131 1022 2200 1076 Et
2219 1023 2346 1078 haec
2365 1024 2600 1094 quidem
2623 1026 2817 1078 veniet
2845 1041 3027 1094 super
3043 1042 3148 1081 eos
3162 1027 3260 1096 qui
3293 1043 3420 1080 eam
3435 1027 3655 1081 ibidem

1991 1111 2050 1163 in
2081 1113 2176 1164 sui
2202 1111 2464 1166 favorem
2493 1114 2846 1180 indiderunt,
2882 1117 2940 1167 et
2967 1130 3148 1182 super
3177 1130 3283 1168 eos
3305 1116 3404 1186 qui
3431 1131 3559 1169 eam
3583 1116 3652 1169 ti-

1989 1201 2262 1254 mendam
2296 1216 2433 1255 esse
2471 1201 2670 1257 dicere
2701 1205 3066 1271 praesumunt
3100 1219 3110 1256 :
3145 1219 3326 1272 super
3355 1203 3488 1257 illos
3525 1203 3654 1274 qui-

1988 1288 2140 1356 dem,
2175 1293 2236 1343 ut
2275 1290 2530 1344 incidant
2570 1291 2628 1344 in
2660 1291 2888 1345 foveam
2937 1307 3111 1361 quam
3156 1291 3449 1360 foderunt,
3505 1295 3561 1346 et
3590 1295 3654 1346 ut

1987 1379 2391 1448 apprehendat
2419 1394 2523 1433 eos
2543 1380 2728 1448 captio
2753 1396 2928 1450 quam
2959 1379 3404 1434 occultaverunt
3433 1397 3444 1434 :
3471 1396 3655 1450 super

1985 1465 2096 1520 hos
2128 1470 2341 1535 autem,
2389 1467 2661 1536 quoniam
2711 1468 2790 1520 illi
2825 1468 3259 1537 trepidaverunt
3316 1471 3522 1522 timore
3554 1468 3655 1522 ubi

1987 1569 2105 1608 non
2135 1557 2300 1608 esset
2331 1555 2520 1623 timor,
2555 1556 2832 1626 quoniam
2855 1557 3141 1610 Dominus
3174 1557 3231 1609 in
3265 1557 3651 1626 generatione

1977 1643 2144 1711 justa
2174 1645 2284 1696 est.
2304 1643 2451 1697 Nam
2483 1645 2536 1696 si
2564 1645 2623 1696 in
2654 1645 3032 1715 generatione
3061 1644 3225 1714 justa
3257 1649 3366 1713 est,
3403 1647 3463 1698 in
3492 1662 3651 1713 prae-

1989 1731 2124 1785 fatis
2154 1732 2430 1786 Patribus
2462 1731 2589 1798 fuit,
2626 1736 2682 1786 et
2719 1749 2825 1802 per
2852 1749 2959 1787 eos
2989 1733 3225 1786 locutus
3255 1739 3368 1798 est,
3403 1734 3655 1803 ideoque

207 1847 228 1871 ι
258 1821 596 1892 Contrajus
617 1822 908 1891 rescripta
924 1822 1306 1890 nonvaleant,
1328 1834 1682 1892 quocunque
1697 1820 1871 1874 modo
1903 1841 1948 1901 Β
1985 1820 2218 1873 illorum
2249 1821 2582 1875 maledictio
2619 1821 2769 1876 sicut
2804 1822 2906 1874 Dei
2941 1822 3204 1890 pavenda
3229 1825 3338 1874 est.
3367 1823 3449 1875 De
3483 1822 3656 1875 male-

198 1912 418 1966 fuerint
457 1912 784 1981 impetrata.
827 1909 994 1974 Quod
1026 1910 1183 1964 enim
1221 1910 1456 1980 publica
1498 1909 1638 1980 jura
1679 1925 1872 1978 praes-

206 2001 458 2069 cribunt,
491 1999 687 2070 magis
733 1999 906 2069 sequi
937 1998 1177 2070 judices
1219 1998 1452 2052 debent.
1505 2021 1525 2045 η
1572 1997 1644 2052 Et
1670 1998 1823 2052 infra
1857 2014 1868 2051 :

204 2110 228 2134 α
260 2088 613 2143 Personalia
644 2088 934 2156 rescripta
964 2103 1098 2158 quis
1153 2103 1284 2140 cum
1319 2086 1457 2158 jure
1487 2087 1870 2156 concordant,

203 2177 438 2231 valeant
469 2191 634 2230 more
665 2178 962 2245 veterum,
995 2178 1054 2230 et
1103 2175 1327 2247 negotii
1353 2175 1427 2230 de
1475 2191 1591 2246 quo
1615 2175 1876 2245 loquitur

202 2269 410 2320 nostra
439 2264 756 2334 rescriptio
787 2264 923 2318 ﬁnis
954 2263 1090 2318 latae
1119 2263 1428 2319 sententiis
1447 2263 1715 2318 terminis
1738 2279 1874 2318 cen-

201 2361 428 2409 scatur.
459 2352 734 2423 Speciale
765 2355 959 2407 autem
989 2353 1042 2407 si
1071 2352 1212 2423 quid
1243 2353 1482 2424 legibus
1514 2368 1583 2406 ac
1606 2352 1630 2422 j
1642 2352 1731 2406 uri
1761 2352 1873 2405 im-

201 2446 398 2514 portat
424 2441 726 2513 injuriam,
751 2441 1031 2496 abolitum
1057 2441 1438 2510 exstirpetur.
1467 2463 1488 2489 »
1515 2440 1660 2494 Item
1680 2441 1744 2494 ‘?«
1773 2440 1874 2494 Illa

199 2548 372 2585 sacra
416 2529 896 2600 uniuscujusque
939 2529 1329 2599 supplicantis
1379 2529 1680 2583 desiderio
1727 2544 1872 2583 con-

201 2636 380 2674 cessa
416 2618 794 2688 pravaleant,
817 2621 876 2672 et
895 2616 1126 2672 effectui
1147 2617 1575 2687 mancipantur,
1590 2632 1724 2687 quae
1742 2632 1876 2670 cum

195 2708 357 2779 juris
386 2712 445 2761 et
475 2707 679 2777 legum
725 2705 951 2759 ratione
1001 2705 1363 2760 concordant
1413 2721 1424 2758 :
1457 2720 1525 2759 ea
1569 2721 1711 2759 vero
1743 2720 1876 2774 quae

203 2797 580 2866 surreptione
611 2793 706 2848 vel
738 2793 910 2848 falsis
941 2793 1225 2862 precibus
1271 2793 1521 2847 forsitan
1554 2793 1874 2862 impetran-

202 2888 320 2952 tur,
368 2883 598 2938 nullum
631 2882 1104 2952 supplicantibus
1136 2882 1328 2937 ferant
1359 2880 1702 2935 remedium.
1740 2900 1764 2929 ι

275 2973 387 3026 His
437 2973 636 3042 itaque
683 2971 958 3024 decursis
1001 2973 1161 3040 patet
1206 2969 1515 3040 praefatum
1572 2969 1873 3024 decretum

202 3062 430 3116 nullius
459 3059 740 3115 momenti
773 3074 933 3126 esse,
967 3074 1076 3113 nec
1108 3073 1368 3129 unquam
1405 3058 1627 3128 aliquid
1646 3057 1874 3128 jurium

198 3151 513 3205 habuisse.
547 3148 618 3203 Et
649 3148 778 3203 hinc
809 3147 1016 3202 dicens
1045 3163 1162 3202 non
1180 3145 1508 3218 praejudico
1531 3148 1719 3201 beatae
1751 3161 1868 3199 me-

191 3239 398 3294 moria
444 3253 610 3308 papa:
640 3237 884 3290 N-icolao
905 3278 919 3305 ,
971 3252 1081 3291 nec
1109 3235 1431 3306 quidquam
1479 3235 1616 3305 ejus
1650 3235 1866 3289 honori

189 3327 459 3398 derogo,
509 3325 750 3380 Patrum
800 3325 1123 3379 sententias
1168 3325 1273 3378 Dei
1324 3323 1546 3393 Spiritu
1601 3324 1872 3378 conditas

198 3413 534 3485 sequendo.
568 3414 759 3468 Homo
797 3413 1014 3483 quippe
1043 3412 1178 3478 fuit,
1228 3413 1401 3482 eique
1449 3416 1512 3465 ut
1549 3414 1751 3466 contra
1781 3411 1872 3466 fas

198 3506 410 3574 ageret
441 3503 688 3571 subripi
716 3502 920 3572 potuit.
953 3501 1080 3556 Nec
1121 3501 1338 3554 mirum
1369 3501 1483 3555 hoc
1513 3500 1704 3554 eidem
1736 3515 1872 3554 con-

193 3592 441 3664 tigisse,
499 3606 636 3644 cum
678 3589 915 3661 quidam
962 3589 1151 3659 ipsius
1189 3589 1482 3644 decessor
1540 3588 1873 3642 inveniatur

197 3679 484 3751 quiddam
504 3679 871 3746 decrevisse,
897 3680 955 3732 et
983 3677 1209 3733 meliori
1228 3693 1378 3732 usus
1397 3677 1649 3731 consilio
1666 3679 1872 3745 postea

193 3769 574 3823 immutasse.
603 3765 908 3837 Siquidem
943 3765 1288 3820 Bonifacius
1319 3764 1623 3820 secundus
1655 3764 1872 3836 legitur

193 3873 272 3911 ex
303 3856 546 3911 decreto
577 3855 962 3909 constituisse
999 3854 1280 3926 Vigilium
1322 3853 1634 3908 diaconum
1665 3853 1781 3907 sibi
1814 3853 1872 3906 in

189 3945 546 4014 pontiﬁcatu
576 3943 922 3997 succedere.
955 3942 1122 4007 Quod
1153 3942 1290 4012 quia
1308 3943 1575 3998 Romano
1597 3942 1756 3996 clero
1777 3942 1871 3995 vi-

195 4049 338 4088 sum
377 4035 472 4086 est
515 4031 845 4086 canonibus
889 4031 1217 4098 adversari,
1267 4035 1564 4100 praesente
1608 4030 1768 4084 clero
1797 4030 1870 4096 ab

203 4121 420 4175 eodem
439 4119 814 4189 suppositum
830 4121 923 4173 est
943 4119 1091 4191 igni,
1109 4123 1242 4173 ante
1262 4119 1700 4172 confessionem
1717 4118 1873 4172 beati

197 4210 366 4264 Petri
406 4208 682 4276 apostoli.
714 4207 785 4260 Et
814 4211 970 4262 certe
1021 4207 1310 4276 praefatus
1358 4207 1642 4261 Nicolaus
1673 4206 1870 4260 divino

201 4302 368 4352 metu
404 4312 742 4351 concussus
787 4296 898 4350 hoc
931 4295 1086 4349 idem
1123 4295 1390 4363 fecisset,
1424 4294 1476 4348 si
1519 4296 1602 4347 tot
1630 4295 1870 4348 Patrum

201 4387 536 4440 sententias
568 4388 705 4438 tunc
728 4384 788 4438 in
819 4400 1000 4438 unum
1030 4383 1330 4452 collectas,
1355 4382 1625 4451 vidisset,
1651 4399 1871 4454 easque

198 4489 318 4528 suo
353 4474 593 4528 decreto
623 4476 740 4528 tam
772 4472 1147 4528 concorditer
1183 4472 1489 4527 adversari
1518 4472 1869 4541 perpendis-

193 4566 316 4616 set.

261 4651 491 4704 Beatus
523 4664 760 4720 quoque
799 4649 1175 4721 Augustinus
1213 4648 1429 4703 librum
1477 4648 1872 4703 Retractatio-

193 4753 344 4792 num
375 4737 727 4807 composuit,
762 4737 821 4791 in
853 4737 1282 4792 correctionem
1305 4752 1514 4792 eorum
1543 4753 1676 4808 qua
1704 4739 1871 4807 prius

199 4828 441 4880 incaute
471 4825 811 4895 descripsit,
858 4828 914 4880 et
935 4828 997 4880 ut
1027 4826 1179 4880 idem
1222 4826 1478 4896 quisque
1509 4827 1752 4895 sapiens
1781 4824 1870 4877 fa-

195 4916 318 4969 ciat
339 4955 356 4982 ,
389 4913 484 4967 his
514 4914 714 4968 verbis
750 4913 1202 4978 commonefacit
1235 4929 1246 4969 :
1280 4914 1360 4968 ait
1396 4915 1550 4967 enim
1581 4913 1644 4967 in
1672 4928 1872 4983 prooe-

196 5004 320 5056 mio
369 5001 642 5071 ejusdem
681 5001 814 5056 libri
849 5019 862 5056 :
899 5025 922 5051 α
955 5003 1163 5072 Neque
1210 5004 1368 5058 enim
1413 5003 1727 5072 quisquam
1756 5001 1873 5054 nisi

197 5089 538 5160 ini—pudens,
572 5090 821 5160 ideoque
867 5106 996 5145 mea
1027 5095 1218 5145 errata
1259 5088 1744 5160 reprehendendo
1778 5105 1869 5142 me

195 5178 635 5248 reprehendere
656 5179 915 5232 audebit.
949 5178 1068 5232 Sed
1097 5183 1154 5233 et
1185 5179 1235 5233 si
1259 5179 1419 5248 dicit,
1444 5194 1562 5232 non
1584 5178 1868 5232 debuisse

198 5280 264 5319 ea
295 5282 332 5319 ε
363 5281 456 5319 me
485 5265 623 5332 dici,
674 5281 806 5336 qua)
836 5270 1044 5335 postea
1075 5267 1218 5322 mihi
1250 5267 1425 5322 etiam
1457 5266 1866 5336 displicerent,

201 5368 408 5408 verum
437 5354 598 5422 dicit,
633 5356 692 5408 et
722 5369 954 5408 mecum
983 5355 1123 5409 facit
1158 5371 1168 5410 ε
1193 5371 1399 5410 eorum
1429 5355 1646 5425 quippe
1674 5371 1872 5425 reprc-

205 5441 427 5496 hensor
453 5446 566 5510 est,
620 5457 873 5511 quorum
904 5447 963 5497 et
1012 5460 1125 5513 ego
1167 5459 1302 5497 sum
1336 5459 1349 5497 :
1383 5443 1491 5497 sed
1530 5445 1686 5497 sicut
1717 5444 1874 5498 volet

205 5531 464 5600 quisque
494 5531 744 5600 accipiat
772 5531 885 5584 hoc
913 5533 1071 5603 quod
1095 5532 1268 5602 facio,
1291 5547 1380 5585 me
1411 5537 1604 5587 tamen
1635 5537 1874 5602 aposto-

203 5617 378 5672 licam
399 5619 756 5675 sententiam
785 5619 960 5675 etiam
994 5621 1055 5676 in
1100 5621 1210 5676 hac
1260 5636 1327 5676 re
1358 5623 1588 5691 oportet
1631 5621 1868 5678 intueri.

1905 3195 1956 3256 C

1987 1909 2240 1963 dictione
2270 1925 2414 1963 vero
2447 1909 2680 1964 illorum
2701 1911 2800 1980 qui
2823 1910 3163 1964 eorumdem
3187 1911 3428 1963 Patrum
3447 1911 3654 1964 decre-

1985 1997 2062 2051 tis
2094 2013 2212 2052 non
2245 1997 2544 2065 obediunt,
2581 1997 2720 2051 dicit
2751 1998 2907 2051 idem
2938 1998 3225 2052 Dominus
3255 2014 3362 2067 per
3392 1999 3655 2068 prophe-

1987 2089 2104 2139 tam
2141 2102 2151 2140 :
2180 2108 2201 2132 «
2227 2085 2579 2139 Benedicam
2602 2086 3112 2140 maledictionibus
3134 2086 3650 2152 νθδιιιὶε(ι11ιρΙίιο]).

1987 2174 2092 2244 ιι);
2132 2199 2152 2221 ››
2202 2177 2259 2228 et
2289 2174 2427 2228 item
2477 2190 2487 2227 :
2528 2196 2549 2222 (ι
2595 2174 2946 2228 Maledicent
2997 2175 3080 2227 illi
3125 2179 3181 2228 et
3228 2179 3288 2227 tu
3333 2175 3655 2229 benediccs

1987 2261 2178 2332 (Psal.
2212 2263 2396 2331 cvm).
2437 2285 2458 2311 ιι
2486 2261 2556 2316 Et
2587 2261 2864 2316 Salomon
2897 2278 2909 2317 :
2949 2285 2971 2310 α
2992 2263 3157 2316 Sicut
3179 2263 3384 2316 avisin
3417 2268 3655 2315 contra-

1987 2351 2141 2405 rium
2171 2351 2401 2419 volans,
2435 2353 2492 2404 et
2522 2365 2734 2418 passer
2765 2351 3010 2420 quilibet
3039 2351 3264 2404 vadens
3300 2367 3310 2404 :
3348 2351 3436 2403 sic
3471 2351 3654 2404 male-

1987 2439 2207 2492 dictum
2240 2439 2459 2492 frustra
2491 2439 2779 2508 prolatum
2814 2455 2997 2507 super
3025 2456 3158 2493 eum
3190 2440 3386 2492 veniet
3415 2440 3515 2508 qui
3547 2438 3650 2490 mi-

1987 2529 2065 2581 sit
2094 2527 2237 2582 illud
2279 2526 2603 2595 (Proverb.
2651 2530 2834 2595 xxvr).
2875 2548 2896 2577 io
2939 2528 3062 2581 Hoc
3113 2531 3314 2580 contra
3355 2529 3656 2580 decretum

1988 2616 2164 2686 cujus
2197 2631 2264 2670 se
2296 2615 2646 2670 Wicbertus
2676 2617 3018 2670 auctoritate
3041 2615 3323 2684 defendit,
3357 2619 3419 2670 ut
3447 2616 3656 2669 doceat

1989 2721 2056 2759 se
2087 2721 2224 2759 esse
2257 2704 2415 2774 quod
2445 2720 2562 2758 non
2587 2708 2696 2771 est,
2729 2720 2838 2758 nec
2869 2721 3124 2774 unquam
3158 2720 3296 2759 esse
3328 2705 3560 2773 poterit.

2060 2794 2142 2847 De
2175 2809 2420 2847 numero
2452 2808 2593 2847 vero
2624 2809 2912 2848 annorum
2942 2794 3162 2864 quibus
3193 2793 3322 2847 haec
3355 2792 3654 2846 damnabi-

1986 2882 2062 2936 lis
2096 2882 2462 2936 consuetudo
2494 2883 2901 2950 permansisse
2932 2882 3174 2949 dicitur,
3211 2885 3271 2935 ut
3301 2883 3510 2935 saeculi
3544 2897 3652 2950 po—

1987 2972 2172 3024 testas
2216 2986 2321 3039 pro
2374 2985 2484 3023 suo
2528 2970 2697 3023 libitu
2745 2970 3053 3038 pontiﬁces
3097 2973 3471 3038 promoveat,
3519 2968 3653 3037 jure

1989 3058 2225 3112 causari
2269 3072 2383 3111 non
2424 3059 2640 3126 potest.
2688 3057 2837 3110 Nam
2869 3058 2940 3110 de
2988 3058 3245 3110 diversis
3277 3056 3654 3110 consuetudi-

1989 3146 2184 3213 nibus,
2218 3146 2316 3198 illa
2348 3145 2725 3214 potissimum
2759 3146 3060 3214 sequenda
3079 3147 3190 3212 est,
3217 3160 3349 3213 quae
3381 3160 3512 3198 cum
3539 3145 3655 3196 ori-

1986 3235 2185 3306 ginem
2215 3237 2498 3301 sumeret,
2531 3233 2854 3288 catholicos
2876 3234 3088 3286 Patres
3123 3248 3368 3286 suorum
3391 3232 3654 3300 priorum

1987 3323 2227 3376 Patrum
2260 3322 2514 3392 vestigia
2563 3323 2859 3375 sectantes
2906 3323 3182 3375 auctores
3233 3320 3464 3388 habuit,
3501 3320 3657 3373 sicut

1985 3411 2192 3464 Patres
2216 3411 2482 3480 septimm
2508 3413 2564 3464 et
2587 3412 2810 3464 octavae
2834 3409 3044 3480 synodi
3065 3409 3255 3463 secuti
3278 3411 3416 3462 sunt
3433 3410 3647 3462 statuta

1985 3502 2327 3554 sanctorum
2356 3499 2594 3552 Patrum
2646 3499 3046 3551 Romanorum
3075 3497 3446 3567 pontificum,
3480 3499 3536 3550 et
3566 3496 3652 3549 illi

1984 3588 2471 3642 consuetudinem
2516 3587 2587 3640 ab
2637 3585 3039 3654 apostolorum
3087 3585 3498 3656 temporibus,
3547 3599 3654 3653 per

1987 3692 2193 3733 omnes
2225 3676 2530 3730 Ecclesias
2561 3676 2956 3730 observatam.
2982 3673 3067 3728 Ea
3097 3691 3238 3728 vero
3255 3674 3651 3744 perversitas,

1985 3783 2119 3838 quae
2160 3783 2194 3820 a
2234 3765 2440 3819 saeculi
2484 3764 2856 3834 principibus
2904 3764 3323 3832 superinducta
3367 3765 3484 3824 est,
3536 3777 3655 3816 non

1955 3909 1957 3914 .
1984 3853 2333 3925 prmjudicat
2353 3853 2553 3908 .eidem
2587 3857 2810 3906 sanctae
2850 3851 3264 3906 consuetudini
3293 3849 3657 3922 quantalibet

1985 3947 2311 4012 temporum
2358 3941 2679 3995 obtinuerit
2725 3939 3037 3994 curricula.
3081 3939 3313 4010 Alioqui
3363 3939 3651 3993 Dominus

1987 4033 2146 4086 Deus
2180 4033 2382 4085 noster
2412 4029 2742 4098 culpandus
2760 4032 2871 4096 est,
2900 4029 2997 4098 qui
3018 4028 3172 4080 ﬁlios
3204 4028 3385 4080 Israel
3420 4027 3653 4098 longis-

1985 4121 2136 4176 sima
2165 4117 2599 4174 consuetudine
2633 4117 2745 4170 sub
2769 4116 3053 4169 servitute
3072 4116 3363 4182 detentos,
3388 4118 3508 4167 tum
3541 4115 3654 4168 sub

1981 4209 2310 4274 Pharaone,
2344 4209 2467 4259 tum
2498 4206 2611 4259 sub
2642 4204 2795 4273 Cyro
2827 4204 2918 4257 vel
2943 4203 3118 4256 Dario
3149 4202 3440 4268 liberavit,
3477 4203 3652 4256 ethu-

1984 4311 2221 4352 manum
2253 4309 2443 4365 genus
2476 4294 2586 4346 sub
2623 4292 2839 4346 diaboli
2871 4293 3155 4347 servitute
3187 4292 3366 4362 longa
3402 4305 3652 4345 consue-

1984 4385 2182 4439 tudine
2214 4384 2535 4451 detentum,
2567 4386 2702 4450 post
2732 4382 2998 4452 quinque
3018 4381 3198 4434 millia
3214 4394 3503 4434 annorum
3521 4393 3650 4432 cur-

1981 4473 2168 4526 ricula
2189 4473 2432 4541 propria
2449 4475 2633 4525 morte
2658 4471 2922 4525 redemit.
2943 4470 2986 4523 P
3000 4472 3244 4524 raeterea
3268 4484 3398 4524 cum
3418 4467 3650 4521 Veteris

1900 4547 1950 4606 Β
1985 4564 2041 4615 et
2069 4561 2218 4615 Novi
2251 4559 2610 4614 Testamenti
2657 4559 2893 4630 legibus
2942 4558 3294 4612 adulterium
3333 4555 3644 4610 inhibitum

1985 4651 2081 4718 sit,
2117 4650 2169 4702 si
2199 4649 2300 4719 qui
2329 4663 2508 4720 reges
2539 4647 2891 4700 adulterium
2923 4645 3343 4714 commiserint,
3378 4641 3644 4714 nunquid

1983 4752 2189 4792 eorum
2219 4736 2560 4790 auctoritate
2591 4735 2814 4804 posteri
2835 4750 3012 4807 reges
3033 4733 3347 4790 adulterari
3365 4733 3482 4788 sibi
3512 4731 3650 4786 lici-

1981 4829 2105 4880 tum
2134 4825 2466 4895 putabunt?
2492 4825 2688 4879 Absit.

2055 4913 2126 4968 Et
2157 4914 2395 4985 quidem
2429 4916 2653 4967 certum
2690 4914 2782 4966 est
2813 4926 3022 4984 regum
3053 4913 3256 4965 contra
3285 4910 3455 4984 leges
3486 4924 3649 4967 com-

1981 5003 2167 5056 missa
2213 5001 2549 5056 nullatenus
2594 5001 2898 5071 sequenda
2944 5015 3118 5067 esse,
3167 4999 3336 5072 leges
3385 5017 3529 5055 vero
3576 5001 3650 5055 ab

1983 5090 2208 5144 eisdem
2240 5091 2494 5144 calcatas
2528 5089 2586 5142 in
2620 5105 2728 5144 suo
2763 5091 2913 5142 statu
2948 5103 3186 5142 manere
3218 5088 3457 5144 debere.
3497 5089 3650 5144 Hinc

1985 5182 2075 5233 est
2097 5179 2250 5249 quod
2283 5179 2472 5234 sancti
2499 5179 2608 5232 Dei
2639 5181 2929 5247 martyres
2968 5180 3026 5232 et
3061 5178 3309 5232 Romani
3336 5178 3649 5248 pontiﬁces

1987 5267 2045 5320 in
2077 5268 2206 5322 suis
2243 5268 2476 5322 statutis
2523 5267 2902 5321 inseruerunt
2945 5266 3208 5320 dicentes
3241 5284 3252 5321 :
3293 5287 3314 5316 ‹‹
3353 5267 3486 5322 Non
3514 5268 3653 5322 licet

1982 5356 2318 5424 imperatori
2367 5355 2460 5408 vel
2508 5355 2782 5424 cuiquam
2828 5355 3100 5423 pietatem
3153 5356 3508 5410 custodienti
3537 5356 3646 5409 ali-

1981 5445 2120 5514 quid
2153 5447 2354 5497 contra
2386 5444 2711 5497 divinitatis
2746 5444 3015 5496 mandata
3037 5460 3424 5512 praesumere.
3461 5444 3650 5513 Injus-

1979 5535 2102 5586 tum
2135 5532 2597 5602 enimjudicium
2618 5535 2674 5585 et
2697 5531 2976 5600 deﬁnitio,
3006 5534 3166 5602 regis
3184 5538 3342 5587 metu
3360 5532 3649 5603 veljussu

1977 5635 2012 5675 a
2037 5619 2346 5694 judicibus
2390 5621 2686 5690 ordinata,
2719 5637 2839 5676 non
2889 5622 3122 5678 valeant
3154 5639 3166 5676 :
3201 5637 3310 5678 nec
3357 5620 3643 5691 quidquid
