3948 6168
394 293 514 356 46⁸7

1431 293 1496 354 S.
1537 291 1915 354 ANSELMI
1968 289 2379 354 LUCENSIS
2421 291 2832 356 EPISCOPI.

3709 298 3806 360 468

396 498 602 553 contra
633 495 996 566 evangelicae
1034 494 1128 546 vel
1175 493 1538 562 propheticae
1584 495 1683 547 aut
1713 491 2060 561 apostolicae
2091 472 2149 542 Β.
2186 506 2300 562 qua
2332 493 2711 563 suggerenda
2739 495 2879 546 sunt
2905 508 3011 562 per
3040 509 3186 548 suos
3215 494 3502 548 diaconos
3531 494 3712 564 potius
3730 497 3806 548 in-

399 586 685 641 doctrinae
735 584 1212 638 constitutionem
1266 581 1394 636 sive
1446 585 1786 636 sanctorum
1827 582 2066 634 Patrum

402 680 597 730 actum
629 673 823 740 fuerit,
873 672 1068 738 stabit,
1103 675 1157 725 et
1190 671 1345 741 quod
1379 671 1450 723 ab
1486 669 1823 723 inﬁdelibus
1855 672 1911 722 et
1944 669 2064 746 hac:

403 764 908 832 ramis-Sanctum
932 761 1060 827 erit,
1094 760 1330 813 Omnino
1362 759 1717 813 cassabitur.
1845 751 1873 757 ’⁷
1907 739 2056 758 ”⁵“““’

476 853 618 905 Item
648 849 944 902 Adrianus
967 850 1039 902 ad
1068 849 1549 919 Engelrammum
1565 849 1911 917 episcopum
1939 862 2068 916 cap.

405 937 474 994 48
509 955 520 992 :
561 961 581 988 α
619 939 759 991 Item
790 937 1049 1008 generali
1081 938 1316 991 decreto
1349 936 1767 990 constituimus
1796 939 1860 989 ut
1891 950 2069 989 exse-

409 1028 694 1081 crandum
726 1027 1030 1080 anathema
1063 1027 1178 1094 ﬁat,
1213 1031 1269 1079 et
1302 1025 1479 1078 veluti
1511 1025 1940 1095 praevaricator
1971 1041 2070 1077 ca-

408 1113 640 1167 tholicas
672 1112 807 1165 ﬁdei
840 1128 1077 1180 semper
1107 1113 1256 1180 apud
1290 1112 1474 1165 Deum
1494 1126 1635 1163 reus
1657 1111 1903 1178 existat,
1946 1110 2074 1180 qui-

411 1216 640 1270 cunque
681 1202 915 1271 Regum
971 1201 1061 1254 vel
1110 1203 1410 1269 potentum
1459 1199 1742 1268 deinceps
1785 1191 2076 1252 cum

410 1305 725 1344 censuram
755 1289 813 1342 in
853 1304 1206 1358 quocunque
1247 1288 1563 1340 crediderit
1613 1288 1705 1340 vel
1737 1287 2074 1356 permiserit

409 1378 762 1432 violandam.
821 1399 842 1425 ι)
882 1377 1021 1430 Item
1054 1377 1208 1430 idem
1249 1377 1319 1429 ad
1363 1376 1632 1430 eumdem
1667 1392 1678 1430 :
1718 1400 1737 1421 «ι
1775 1375 2078 1430 Constitu-

409 1468 603 1520 tiones
635 1469 842 1520 contra
875 1470 1079 1520 sancta
1128 1467 1365 1520 decreta
1412 1466 1810 1519 Romanorum
1841 1480 2076 1534 praesu-

412 1557 552 1624 lum,
586 1555 805 1608 nullius
839 1554 957 1608 sint
985 1554 1282 1607 momenti.
1324 1576 1343 1598 η

483 1643 544 1696 Si
576 1647 770 1697 autem
811 1643 1002 1696 omnis
1034 1642 1332 1711 plantatio,
1387 1657 1559 1711 quam
1599 1642 1774 1695 Pater
1813 1641 2078 1696 caelestis

414 1748 531 1786 non
560 1731 861 1801 plantavit,
897 1731 1314 1799 eradicabitur,
1340 1734 1396 1784 et
1428 1731 1578 1798 si,ut
1601 1731 1946 1799 praedictum
1965 1733 2077 1799 est,

415 1820 572 1889 quod
604 1820 676 1872 ab
709 1819 1046 1873 inﬁdelibus
1077 1822 1132 1872 et
1162 1820 1459 1873 haereticis
1491 1823 1682 1874 actum
1716 1819 1909 1888 fuerit,
1952 1836 2080 1873 om-

417 1909 552 1962 nino
587 1909 939 1975 cassabitur,
974 1908 1237 1978 nunquid
1259 1909 1386 1962 haec
1409 1909 1678 1978 impietas
1711 1908 2081 1979 Eutychiani-

419 2000 644 2051 starum
670 1997 1091 2065 imperatorum
1124 1997 1370 2066 cassari,
1406 2000 1462 2052 et
1491 1998 1778 2051 eradicari
1826 2013 1940 2052 non
1973 1999 2077 2052 de-

418 2085 560 2139 bet?
590 2085 758 2140 Certe
795 2086 1071 2156 quisquis
1119 2085 1569 2140 ecclesiasticus
1601 2103 1706 2156 pro
1740 2103 1851 2140 suo
1882 2087 2080 2141 ofﬁcio

419 2173 800 2227 vehementer
830 2189 947 2228 non
969 2175 1336 2239 accenditur,
1357 2178 1420 2229 ut
1447 2177 1602 2229 tanta
1635 2177 1894 2244 pravitas
1926 2191 1959 2229 a
1977 2175 2085 2230 Dei

420 2263 592 2316 domo
624 2262 908 2316 radicitus
942 2263 1244 2332 avellatur,
1276 2265 1400 2318 zelo
1434 2264 1705 2335 ejusdem
1735 2265 1946 2318 domus
1981 2264 2087 2319 Dei

419 2367 538 2405 non
579 2351 922 2420 comeditur,
959 2354 1014 2405 et
1040 2353 1194 2422 apud
1226 2353 1410 2407 Deum
1443 2353 1608 2406 canis
1640 2357 1836 2407 mutus
1869 2353 2085 2406 latrare

423 2455 540 2494 non
571 2441 776 2494 valens
807 2444 1131 2510 reputatur.
1157 2441 1302 2506 Quis
1326 2441 1481 2495 enim
1499 2458 1614 2496 non
1637 2443 1902 2496 advertat
1934 2441 2086 2494 hanc

423 2530 652 2596 pestem
702 2530 1081 2582 seminarium
1114 2545 1251 2584 esse
1282 2531 1632 2586 Simoniacae
1672 2533 1998 2595 haereseos,
2033 2532 2091 2584 et

426 2617 605 2669 totius
637 2615 988 2671 Christianae
1017 2619 1328 2690 religionis
1359 2620 1791 2674 lamentabilem
1822 2621 2089 2674 destruc-

430 2704 691 2758 tionem?
722 2705 945 2776 Nempe
976 2723 1109 2761 cum
1159 2706 1416 2777 dignitas
1458 2709 1818 2777 epiSCOpalis
1863 2724 1894 2761 a
1926 2709 2092 2778 prin—

431 2793 562 2862 cipe
590 2793 837 2863 adipisci
869 2810 1049 2864 posse
1080 2800 1370 2865 speratur,
1394 2798 1742 2864 contemptis
1776 2797 1905 2850 suis
1936 2798 2097 2865 epis-

433 2883 597 2951 copis
627 2898 695 2936 ac
729 2882 966 2937 clericis
998 2884 1101 2939 Dei
1125 2883 1396 2938 Ecclesia
1417 2884 1735 2954 deseritur,
1772 2890 1828 2940 et
1857 2886 1928 2940 ab
1960 2886 2094 2940 aliis

430 2970 669 3040 quidem
690 2972 904 3044 ingens
938 2975 1184 3042 pecunia
1214 2974 1541 3028 aulicorum
1563 2975 1881 3044 marsupiis
1905 2975 2095 3029 infun-

432 3060 605 3128 ditur,
640 3062 704 3114 ut
732 3063 1071 3117 eorumdem
1095 3061 1381 3135 suffragia
1404 3064 1476 3117 ad
1507 3068 1623 3118 tam
1646 3064 1929 3118 nefariam
1958 3079 2094 3134 pro-

433 3149 750 3205 motionem
780 3156 1136 3218 mereantur,
1157 3151 1230 3205 ab
1261 3152 1394 3206 aliis
1425 3154 1668 3208 inﬁnitae
1689 3154 1955 3223 pecuniae
1975 3153 2096 3208 dis-

433 3238 646 3306 pendio
674 3241 810 3307 plus
842 3241 1127 3296 decennio
1147 3241 1207 3294 in
1233 3241 1510 3296 saeculari
1540 3244 1706 3296 curia
1736 3242 2092 3311 deservitur,

436 3331 642 3397 aestus,
675 3329 919 3398 pluviae,
953 3330 1199 3404 frigora,
1253 3334 1312 3384 et
1351 3335 1564 3385 caetera
1607 3331 1974 3385 incommoda
2008 3347 2103 3400 pa-

435 3416 790 3471 tientissime
821 3419 1184 3487 tolerantur;
1219 3418 1292 3471 ab
1325 3420 1456 3472 aliis
1488 3422 1680 3473 autem
1711 3421 1805 3473 vel
1839 3420 1932 3473 sui
1965 3435 2101 3488 pas-

437 3502 607 3571 toris,
641 3505 735 3557 vel
766 3504 942 3573 cujus
959 3505 1243 3558 honorem
1261 3506 1524 3559 ambiunt
1546 3522 1707 3560 mors
1732 3508 2105 3560 incessanter

440 3592 690 3660 optatur,
715 3592 788 3645 ab
801 3591 914 3646 alio
939 3591 1036 3644 alii
1059 3593 1440 3647 vehementer
1457 3594 1770 3663 invidetur,
1795 3595 1931 3650 dum
1945 3595 2104 3665 quod

442 3679 557 3734 sibi
588 3683 788 3749 sperat
815 3680 888 3733 ab
920 3697 989 3735 eo
1024 3681 1252 3751 subripi
1292 3698 1474 3751 posse
1506 3686 1772 3752 putatur;
1803 3686 1919 3738 imo
1950 3685 2100 3754 proh

403 3770 406 3772 ⁷
442 3765 641 3822 dolor!
673 3767 734 3821 in
757 3771 974 3823 tantam
1004 3771 1111 3824 Dei
1142 3770 1418 3841 injuriam
1447 3771 1740 3826 interdum
1770 3772 2099 3844 prosilitur,

440 3857 505 3910 ut
534 3858 592 3910 et
629 3857 826 3911 servis
853 3861 911 3912 et
949 3858 1292 3913 fornicariis
1325 3860 1584 3932 dignitas
1616 3861 1729 3915 ista
1758 3866 2098 3932 praestetur.

442 3943 618 3998 Tales
647 3946 862 4016 quippe
894 3962 1024 4001 cum
1058 3947 1251 4018 adepti
1273 3947 1505 4014 fuerint,
1529 3951 1689 4021 quod
1717 3951 1910 4006 taliter
1926 3966 2102 4020 expe-

438 4033 675 4104 tierunt,
736 4026 1053 4105 peccantes
1099 4037 1306 4092 saeculi
1346 4041 1703 4109 potestates,
1766 4041 2101 4094 nullatenus

441 4128 810 4202 praesumunt
855 4127 1235 4199 redarguere,
1287 4129 1563 4199 quoniam
1593 4129 1665 4182 ab
1712 4129 1831 4183 illis
1863 4145 1930 4184 se
1962 4145 2104 4198 pro-

442 4218 635 4270 motos
667 4214 857 4270 fuisse
886 4218 1295 4284 meminerunt,
1315 4218 1432 4271 imo
1465 4233 1537 4272 ne
1568 4217 1932 4289 redarguere
1954 4234 2106 4286 prae-

443 4309 774 4374 sumerent,
823 4305 1075 4374 promoti
1117 4305 1370 4361 fuerunt.
1419 4305 1490 4361 Et
1532 4306 1592 4359 hi
1633 4305 1724 4360 lac
1773 4307 2009 4377 quidem
2038 4306 2110 4374 {et

441 4393 634 4447 lanam
665 4394 976 4464 accipiunt,
999 4395 1106 4449 sed
1135 4395 1532 4463 perditissima
1555 4396 1825 4450 viventes
1848 4394 2108 4449 omnium

443 4482 693 4537 salutem
722 4483 1050 4554 negligunt.
1087 4482 1184 4538 Sic
1207 4486 1422 4556 quippe
1443 4485 1718 4554 impletur
1749 4485 1906 4556 quod
1925 4485 2108 4555 scrip-

441 4573 565 4626 tum
582 4573 700 4626 est:
723 4592 746 4623 ι
771 4572 961 4626 Ruina
981 4573 1183 4643 populi
1201 4574 1544 4628 sacerdotes
1565 4574 1704 4627 mali
1720 4574 1858 4644 (Isa.
1876 4574 2059 4643 xxrv).
2081 4598 2102 4623 ι»

443 4661 514 4715 Et
544 4661 682 4716 item
715 4678 728 4716 :
767 4683 788 4708 «
825 4661 897 4715 Et
939 4663 1050 4716 erit
1091 4663 1245 4717 sicut
1274 4663 1563 4732 populus,
1599 4664 1675 4716 ita
1725 4667 1781 4717 et
1822 4663 2106 4718 sacerdos

443 4749 605 4820 (Ose.
638 4752 739 4820 1v).
777 4772 801 4799 »
835 4750 1188 4805 Sacerdotes
1219 4751 1434 4822 quippe
1467 4769 1498 4805 a
1521 4753 1738 4822 p0pulo
1761 4767 1878 4806 non
1912 4752 2106 4806 viden-

442 4843 539 4906 tur
567 4839 808 4909 distare,
843 4855 979 4893 cum
1025 4841 1279 4912 quisque
1312 4840 1575 4894 certatim
1624 4856 1692 4894 se
1722 4839 2107 4910 p0pularibus

445 4928 780 4985 actionibus
812 4929 1010 4984 studet
1049 4929 1370 4999 implicare.
1417 4928 1566 4982 Nam
1616 4944 1750 4982 cum
1779 4943 1951 4982 nemo
1987 4929 2107 4982 Deo

443 5019 704 5075 militans
747 5019 1006 5089 implicet
1035 5034 1102 5072 se
1133 5017 1524 5073 saecularibus
1557 5017 1836 5088 negotiis,
1871 5016 2107 5087 quidam

444 5123 652 5164 eorum
681 5123 800 5163 non
823 5123 1134 5176 canonum,
1167 5106 1272 5161 sed
1306 5121 1516 5159 canum
1540 5108 1596 5158 et
1626 5105 1969 5174 accipitrum
1993 5109 2111 5161 stu-

446 5197 560 5261 dia,
595 5199 653 5248 et
697 5194 961 5264 reliquos
1010 5195 1247 5249 mundis
1296 5195 1472 5248 luxus
1510 5197 1789 5248 exercent
1823 5211 1834 5248 :
1870 5195 2109 5264 quidam

446 5287 660 5350 autem,
695 5283 868 5351 quasi
901 5284 1061 5337 Deus
1081 5283 1278 5337 laudet
1309 5283 1367 5336 in
1398 5283 1706 5337 sacerdote
1731 5283 1882 5352 quod
1910 5299 2108 5352 repre-

446 5372 649 5427 hendit
676 5372 737 5425 in
770 5371 968 5439 divite,
989 5371 1342 5426 amiciuntur
1362 5371 1812 5442 peregrinorum
1832 5371 2110 5442 pellibus,

449 5467 525 5532 et,
558 5461 785 5516 relictis
825 5462 952 5516 suis
1003 5460 1442 5514 cathedralibus
1484 5459 1780 5525 ecclesiis,
1815 5460 2108 5513 assistunt

448 5551 924 5622 imperatoribus,
979 5565 1112 5603 cum
1143 5564 1402 5603 canones
1450 5549 1704 5618 Spiritus
1756 5548 1861 5601 Dei
1893 5547 2113 5602 conditi

447 5641 798 5714 prohibeant
842 5639 1152 5710 pontiﬁces
1202 5636 1412 5705 palatia
1461 5638 1624 5707 regis
1676 5636 1858 5701 adire,
1901 5637 2006 5691 sed
2061 5637 2114 5690 si

2133 4529 2194 4598 D

2185 581 2412 634 timare.
2465 578 2728 651 Cumque
2774 581 2950 635 iidem
2999 583 3154 635 sacri
3185 598 3451 636 canones
3500 582 3810 652 prohibeant

2187 669 2299 723 sub
2330 669 2818 738 interminatione,
2853 686 3144 741 quemque
3189 672 3526 740 pontiﬁcem
3549 689 3580 726 a
3611 687 3708 726 sua
3735 689 3810 726 ea-

2187 758 2435 812 thedrali
2467 759 2723 812 ecclesia
2762 759 2955 813 tribus
3004 759 3328 814 Dominicis
3375 759 3584 814 diebus
3610 761 3811 827 abesse,

2194 847 2342 901 alios
2371 847 2605 917 quidem
2636 862 2844 902 eorum
2873 847 2974 900 vix
3013 851 3101 902 ter
3139 853 3237 902 aut
3264 852 3477 919 quater
3504 851 3560 901 in
3588 865 3743 918 anno,
3770 853 3815 904 et

2188 935 2302 989 hos
2335 935 2436 988 vix
2467 949 2619 988 anno
2669 936 2902 1006 integro
2951 935 3236 1008 contingit
3280 937 3527 991 easdem
3565 937 3811 990 revisere.

2191 1024 2262 1078 Et
2283 1026 2345 1078 ut
2374 1023 2488 1078 soli
2517 1039 2632 1077 non
2663 1027 2927 1093 peccent,
2961 1026 3066 1078 sed
3111 1025 3255 1078 ﬁant
3294 1028 3361 1078 ut
3407 1025 3681 1094 scriptum
3707 1028 3813 1080 est:

2195 1135 2218 1160 ιι
2271 1113 2519 1183 laqueus
2556 1111 2845 1183 juvenum
2893 1111 3030 1182 (Isa.
3074 1114 3234 1182 LXII),
3274 1137 3296 1160 η
3333 1114 3475 1166 dant
3523 1112 3816 1182 exemplum

2191 1200 2427 1255 clericis
2458 1217 2601 1256 suas
2629 1202 2829 1255 itidem
2860 1202 3150 1256 ecclesias
3181 1202 3492 1270 deserere,
3527 1204 3580 1256 et
3603 1201 3704 1256 sub
3731 1217 3818 1272 spe

2193 1289 2572 1358 episcopandi
2604 1305 2812 1360 regum
2845 1290 3026 1344 curiae
3057 1290 3331 1344 militare.

2261 1377 2376 1431 Sed
2409 1378 2705 1446 objicitur,
2742 1377 2993 1432 clericos
3024 1382 3087 1432 ut
3117 1379 3315 1433 divina
3347 1377 3545 1432 ofﬁcia
3577 1378 3818 1448 principi-

2190 1466 2304 1520 bus
2328 1466 2663 1534 exhibeant,
2691 1467 3032 1520 eorumdem
3063 1467 3396 1520 inhabitare
3429 1468 3645 1521 curiam
3673 1482 3819 1535 opor-

2188 1558 2332 1624 tere,
2369 1556 2540 1626 quasi
2563 1570 2680 1609 non
2715 1555 3035 1624 sitjustius
3065 1557 3219 1625 apud
3251 1557 3464 1620 Deum,
3494 1561 3548 1610 et
3567 1555 3708 1625 apud
3733 1554 3817 1610 ho-

2189 1645 2382 1698 mines
2415 1643 2884 1710 convenientius,
2910 1659 3204 1714 quemque
3227 1645 3579 1714 episcopum
3599 1645 3654 1696 in
3678 1642 3822 1713 cujus

2193 1733 2433 1786 dioecesi
2467 1731 2752 1802 contingit
2773 1733 3096 1802 principem
3129 1733 3369 1802 adesse,
3397 1733 3587 1787 eidem
3615 1731 3821 1786 idoneos

2112 1842 2168 1906 Β
2192 1824 2248 1874 et
2277 1819 2597 1891 religiosos
2619 1821 2869 1875 clericos
2889 1821 2962 1874 ad
2984 1821 3182 1874 divina
3203 1823 3490 1892 mysteria
3514 1820 3824 1875 celebranda

2194 1909 2472 1980 dirigere,
2513 1911 2571 1963 et
2614 1925 2718 1978 pro
2763 1911 3048 1978 temporis
3093 1910 3511 1978 diuturnitate,
3552 1926 3661 1980 qua
3699 1908 3823 1961 idem

2194 1997 2412 2052 ibidem
2440 2001 2720 2066 moratur,
2753 1997 2906 2053 alios
2927 1999 3062 2052 aliis
3086 1999 3303 2070 jubere
3335 1998 3674 2053 succedere.

2268 2086 2378 2140 His
2408 2086 2585 2140 tantis
2616 2086 2884 2140 cladibus
2931 2102 3065 2156 qua
3109 2087 3462 2159 contingunt
3490 2103 3564 2140 ex
3592 2083 3824 2156 praefatis

2195 2173 3021 2245 promotionibus,Gregorius
3035 2176 3325 2244 septimus
3340 2175 3581 2230 obviare
3595 2174 3822 2242 cupiens,

2201 2265 2463 2319 Romana
2493 2263 2718 2333 synodo
2747 2264 3170 2335 quinquaginta
3196 2264 3634 2334 episcoporum,
3664 2260 3823 2315 consi-

2199 2351 2370 2406 dente
2416 2351 2903 2421 presbyterorum
2932 2356 2987 2406 et
3025 2352 3301 2407 abbatum
3333 2351 3709 2417 multitudine,
3740 2362 3824 2417 per

2201 2441 2394 2495 omnia
2424 2441 2647 2495 sanctis
2687 2442 2950 2510 praefatis
2993 2443 3271 2497 Patribus
3328 2440 3704 2496 consonantia
3737 2437 3819 2490 de-

2201 2532 2356 2582 creta
2399 2529 2633 2597 statuit,
2666 2530 2873 2584 dicens
2914 2547 2925 2585 :
2965 2551 2988 2582 ι
3022 2531 3085 2585 Si
3131 2532 3266 2601 quis
3300 2531 3584 2600 deinceps
3627 2527 3824 2596 episco-

2198 2621 2398 2688 patum
2428 2618 2522 2672 vel
2552 2618 2844 2673 abbatiam
2888 2618 2960 2673 de
3007 2635 3181 2674 manu
3213 2619 3477 2691 alicujus
3523 2618 3680 2671 laicae
3706 2629 3816 2684 per-

2201 2723 2366 2762 sonae
2412 2706 2763 2783 susceperit,
2812 2708 3156 2762 nullatenus
3203 2709 3360 2763 inter
3409 2708 3716 2778 episcopos
3750 2702 3823 2755 ha-

2200 2796 2425 2864 beatur,
2461 2811 2570 2850 nec
2603 2795 2718 2848 ulla
2749 2795 2805 2850 ei
2825 2797 2887 2849 ut
2916 2797 3196 2868 epis00po
3213 2802 3314 2852 aut
3346 2795 3547 2851 abbati
3574 2790 3825 2848 audientia

2203 2884 2577 2951 concedatur,
2613 2885 2860 2956 insuper
2879 2886 2932 2940 ei
2960 2887 3210 2958 gratiam
3228 2885 3391 2941 beati
3415 2885 3573 2940 Petri
3589 2885 3640 2937 et
3665 2877 3826 2934 introi-

2203 2977 2324 3028 tum
2353 2972 2640 3027 Ecclesiae
2671 2974 3098 3043 interdicimus,
3134 2989 3454 3045 quousque
3483 2974 3669 3026 locum
3685 2981 3824 3038 quem

2203 3064 2316 3117 sub
2331 3062 2573 3117 crimine
2593 3065 2708 3117 tam
2721 3062 3060 3117 ambitionis
3073 3078 3248 3134 quam
3261 3061 3688 3126 inobedientiaz,
3700 3052 3825 3126 quod

2205 3153 2296 3205 est
2327 3151 2530 3204 scelus
2565 3151 2936 3219 idololatriae,
2960 3152 3157 3222 coepit,
3181 3150 3594 3221 resipiscendo
3621 3161 3724 3201 non
3741 3144 3824 3196 de-

2205 3239 2368 3294 serit.
2409 3238 2692 3293 Similiter
2719 3239 2893 3293 etiam
2931 3239 3002 3294 de
3032 3239 3423 3295 inferioribus
3464 3241 3520 3293 et
3548 3233 3824 3293 ecclesias-

2203 3327 2338 3382 ticis
2368 3326 2774 3399 dignitatibus,
2812 3328 3244 3382 constituimus.
3289 3351 3311 3376 n
3355 3328 3503 3382 Item
3536 3342 3548 3381 :
3585 3347 3605 3373 α
3637 3323 3694 3378 Si
3717 3319 3823 3391 quis

2208 3417 2643 3486 imperatorum,
2690 3431 2918 3487 regum,
2954 3416 3190 3485 ducum,
3223 3417 3645 3482 marchionum,
3676 3407 3824 3464 comi-

2210 3509 2351 3573 tum,
2396 3504 2489 3558 vel
2520 3504 2767 3574 quilibet
2809 3505 3183 3558 saecularium
3219 3507 3576 3574 potestatum
3605 3502 3692 3554 aut
3715 3510 3823 3566 per-

2212 3609 2491 3648 sonarum
2532 3592 2943 3647 investituram
2985 3593 3455 3662 episcopatuum,
3488 3592 3580 3645 vel
3610 3585 3823 3655 alicujus

2212 3681 2638 3736 ecclesiasticae
2687 3681 2991 3753 dignitatis
3022 3681 3163 3735 dare
3203 3678 3668 3751 praesumpserit,
3696 3673 3824 3744 ejus-

2212 3771 2345 3824 dem
2374 3770 2681 3824 sententiae
2708 3769 2946 3824 vinculo
2967 3785 3036 3824 se
3056 3769 3366 3823 astrictum
3396 3784 3537 3824 esse
3567 3766 3718 3821 sciat.
3749 3785 3766 3808 ι»

2283 3859 2356 3912 Et
2397 3858 2673 3928 quoniam
2713 3859 3052 3912 sanctorum
3092 3858 3440 3913 auctoritate
3487 3854 3823 3911 monstratum

2214 3951 2324 4016 est,
2355 3947 2698 4016 pontiﬁcum
2747 3947 3089 4002 electionem
3126 3946 3403 4000 saeculari
3443 3940 3701 4016 potestati
3733 3950 3824 3991 non

2216 4035 2552 4106 subjacere,
2571 4034 2917 4088 libetadhuc
2938 4035 3586 4090 Christianissimorum
3611 4032 3823 4097 impera-

2213 4128 2427 4192 torum,
2458 4139 2608 4194 quas
2631 4124 2740 4177 hac
2771 4124 2842 4178 de
2873 4139 3054 4179 causa
3076 4127 3400 4178 sanxerunt
3422 4117 3822 4178 constitutiones

2213 4214 2285 4267 ad
2315 4213 2572 4268 medium
2602 4213 2915 4281 deducere,
2935 4216 2996 4267 ut
3024 4215 3216 4282 pateat
3245 4212 3442 4280 nobis,
3477 4211 3529 4266 si
3557 4199 3823 4280 quidjuris

2212 4309 2271 4362 in
2303 4310 2506 4363 eadem
2528 4324 2708 4363 causa
2732 4309 3048 4364 voluerunt
3076 4309 3397 4363 vindicare.
3434 4308 3558 4362 Hoc
3581 4302 3718 4359 enim
3735 4295 3822 4350 Ca-

2212 4397 2377 4451 rolus
2419 4399 2476 4450 et
2504 4396 2844 4452 Ludovicus
2878 4397 3128 4470 gloriosi
3171 4398 3558 4468 imperatores
3587 4393 3642 4447 in
3671 4385 3822 4459 primo

2213 4485 2368 4540 libro
2398 4485 2797 4555 Capitulorum
2816 4501 3062 4540 suorum
3094 4487 3428 4540 statuerunt
3459 4501 3471 4539 :
3501 4505 3523 4531 α
3555 4481 3823 4536 Sacrorum

2215 4589 2504 4628 canonum
2526 4588 2645 4627 non
2674 4574 2887 4643 ignari,
2912 4577 2973 4628 ut
2992 4574 3051 4626 in
3065 4573 3168 4628 Dei
3183 4573 3422 4628 nomine
3452 4571 3646 4626 sancta
3666 4559 3824 4652 Eccle:

2215 4664 2303 4718 sia
2334 4678 2444 4716 suo
2477 4661 2721 4716 liberius
2752 4661 3009 4730 potiatur
3041 4661 3284 4729 honore,
3328 4672 3636 4715 assensum
3667 4646 3820 4707 ordini

2219 4750 2634 4806 ecclesiastico
2655 4736 3824 4819 praebemus,utscilicetepiscopiperelec-

2216 4840 2434 4894 tionem
2465 4838 2605 4892 cleri
2639 4840 2694 4891 et
2723 4838 2943 4907 populi,
2978 4837 3307 4892 secundum
3337 4840 3549 4893 statuta
3579 4833 3823 4886 canonum

2218 4927 2289 4982 de
2319 4933 2557 4997 propria
2599 4926 2865 4996 dioecesi,
2899 4929 3120 4980 remota
3153 4939 3539 4996 personarum
3569 4924 3621 4975 et
3655 4922 3822 4970 mune-

2219 5031 2347 5071 rum
2381 5016 2750 5085 acceptione,
2785 5014 2861 5070 ob
2893 5015 3028 5069 vitae
3057 5015 3328 5069 meritum
3357 5017 3414 5068 et
3435 5006 3720 5092 sapientiae

2219 5120 2360 5159 num
2391 5104 2702 5175 eligantur,
2735 5105 2799 5157 ut
2826 5103 3010 5158 verbo
3043 5106 3098 5156 et
3137 5102 3405 5172 exemplo
3437 5099 3550 5156 sibi
3579 5088 3821 5160 subjectis

2219 5193 2511 5263 prodesse
2541 5193 2792 5246 valeant.
2821 5213 2843 5239 ι»
2879 5189 3050 5245 Certe
3083 5191 3422 5245 constitutio
3441 5190 3564 5244 haec
3585 5189 3689 5239 tam
3716 5186 3823 5228 con-

2223 5281 2646 5346 sonantissima
2691 5282 3035 5335 sanctorum
3076 5281 3318 5334 Patrum
3356 5264 3820 5334 constitutionibus

2221 5385 2360 5426 esse
2391 5369 2790 5439 perpenditur,
2822 5370 2886 5423 ut
2914 5370 2968 5422 si
2999 5368 3092 5422 vel
3127 5384 3160 5421 a
3189 5367 3432 5421 Nicaena
3480 5365 3565 5419 vel
3611 5348 3821 5430 qualibet

2221 5458 2394 5514 etiam
2416 5458 2841 5512 universalium
2855 5457 3213 5528 synodorum
3230 5451 3704 5526 promulgaretur,
3730 5447 3820 5492 ηοη

2222 5548 2417 5600 minus
2439 5546 2657 5616 Spiritu
2685 5547 2790 5599 Dei
2817 5561 2926 5614 per
2947 5547 3195 5600 istorum
3219 5560 3341 5612 ora,
3373 5558 3543 5614 quam
3574 5549 3669 5608 per
3695 5538 3820 5583 eam’

2223 5636 2353 5689 dem
2375 5634 2598 5704 prolata
2621 5634 2978 5688 crederetur.
3003 5634 3127 5688 Hoc
3142 5632 3358 5703 quippe
3379 5632 3544 5686 docet
3564 5627 3700 5681 hunc
3714 5622 3819 5669 esse
