3948 6168
173 336 274 399 469

671 331 1012 394 CONTRA
1042 329 1555 394 GUIBERTUM
1585 329 2093 416 ANTIPAPAM
2127 331 2355 393 LIBRI
2387 333 2590 399 DUO.
2619 371 2695 382 —
2727 335 2890 400 LIB.
2925 339 3002 398 ΙΙ.

3440 343 3560 405 470

170 537 433 600 honorem,
472 531 616 586 hanc
664 547 800 585 esse
846 531 1173 586 libertatem
1223 533 1445 585 sanctae
1487 529 1778 584 Ecclesiae
1808 508 1871 573 Α
1897 531 2160 586 actiones
2193 532 2404 587 imitari
2436 535 2787 590 maluerunt.
2823 537 3166 594 Permittant
3199 544 3420 596 sanctae
3455 543 3558 597 Dei

171 624 363 677 clerum
390 621 608 675 scilicet
640 620 825 674 eidem
875 623 930 674 et
973 620 1253 690 populum
1285 620 1520 674 sibimet
1551 619 1782 689 pontifi-

169 728 273 766 cem
319 710 524 782 eligere
571 709 806 775 debere,
859 709 968 762 hoc
1030 710 1090 762 in
1153 708 1786 763 clectione'cananum

167 801 350 852 statuta
376 798 660 852 servanda
691 813 830 852 esse
863 801 1298 865 commemorat,
1351 797 1464 850 hoc
1495 797 1787 851 Simonis-

166 904 271 943 cam
299 887 563 942 haeresim
583 885 953 955 prohibenda
976 886 1298 956 impugnat,
1325 885 1439 939 hoc
1457 886 1592 939 vitae
1615 887 1790 940 meri-

167 983 264 1030 tum
313 979 363 1028 et
415 975 760 1045 sapientiam
817 974 1078 1044 pastoris
1135 974 1420 1028 electione
1469 975 1788 1044 quaerenda

164 1065 503 1132 demonstrat,
524 1067 602 1132 et,
636 1063 793 1134 quad
817 1064 1026 1116 mirum
1044 1066 1152 1126 est,
1178 1062 1535 1117 brevissime
1559 1063 1791 1117 videtur

167 1159 373 1224 tangere
403 1153 560 1223 quod
591 1153 802 1207 beatus
832 1151 1160 1223 Gregorius
1184 1151 1394 1205 scribit
1422 1151 1493 1204 de
1513 1151 1788 1221 pontiﬁce

163 1241 353 1296 scilicet
371 1257 384 1294 :
405 1262 426 1286 α
455 1241 532 1295 Ut
553 1241 831 1312 quisquis
850 1241 1211 1310 perpendere
1225 1240 1434 1294 debeat
1446 1239 1697 1310 qualiter
1716 1240 1790 1294 ad

160 1330 520 1400 pontificatum
543 1332 764 1400 veniat,
797 1334 854 1384 et
882 1331 992 1383 rite
1013 1330 1261 1384 veniens
1283 1329 1535 1400 qualiter
1558 1329 1786 1399 doceat,

161 1421 202 1472 et
226 1421 366 1472 recte
396 1418 625 1473 docens
656 1417 906 1490 qualiter
934 1418 1112 1471 vivat.
1152 1437 1174 1466 ι

215 1509 354 1562 Patet
367 1509 564 1579 itaque
578 1512 920 1561 sanctorum
935 1507 1334 1561 Romanorum
1349 1506 1677 1576 praesulum
1689 1522 1787 1560 au-

159 1598 384 1650 ctoritate
412 1602 469 1650 et
503 1597 771 1664 Patrum,
804 1598 1143 1649 sanctarum
1174 1595 1599 1649 universalium
1622 1610 1790 1664 syno-

158 1686 328 1739 dorum
347 1685 619 1753 septimae
633 1689 806 1755 atque
820 1688 1062 1754 octavae,
1084 1684 1422 1753 pontiﬁcum
1443 1683 1788 1736 electionem

154 1775 264 1827 clcri
294 1777 344 1828 et
373 1774 572 1844 populi
607 1773 901 1844 cujusque
924 1789 1062 1827 esse
1095 1772 1344 1826 debere:
1376 1775 1530 1840 patet
1553 1787 1787 1841 quoque

1895 618 2181 674 Ecclesiae
2214 622 2294 675 uti
2314 639 2423 676 suo
2448 621 2605 693 jure,
2639 629 2694 678 et
2716 625 2937 680 honore
2972 628 3196 682 scilicet
3231 633 3556 686 secundum

1895 715 2234 764 sanctorum
2281 713 2520 766 Patrum
2553 714 2891 768 sanctiones
2921 717 3230 784 pontiﬁces
3262 720 3379 772 sibi
3415 721 3557 775 deli-

1893 813 2036 869 gere
2071 802 2127 852 et
2159 815 2529 868 promovere.

1965 886 2036 940 Et
2084 889 2358 958 quoniam
2402 906 2581 959 supra
2613 891 2871 946 diximus
2921 893 3074 948 hanc
3105 898 3332 964 pestem
3364 896 3557 952 Simo-

1894 976 2079 1030 niacae
2112 975 2418 1032 haereseos
2460 980 2841 1033 seminarium
2875 996 3034 1052 esse,
3071 999 3266 1051 operae
3306 985 3559 1054 pretium

1894 1068 1985 1119 est
1997 1065 2290 1120 adversus
2305 1066 2576 1136 ejusdem
2588 1067 2841 1123 haeresis
2857 1072 3200 1125 sacerdotes
3218 1073 3556 1144 insurgere,

1894 1157 1950 1207 et
1978 1155 2049 1208 de
2068 1169 2271 1208 eorum
2295 1157 2625 1211 sacerdotio
2649 1162 2704 1211 et
2727 1159 3022 1212 sacrificio
3057 1160 3297 1215 Patrum
3317 1166 3561 1218 senten-

1892 1243 2006 1296 tias
2042 1243 2100 1296 in
2124 1244 2378 1298 medium
2407 1245 2722 1300 adducere.

1963 1337 2028 1390 In
2059 1338 2327 1406 epistola,
2363 1341 2628 1410 septimm
2659 1343 2868 1412 synodi
2893 1345 3272 1415 universalis,
3301 1346 3561 1402 Adriano

1890 1442 2056 1495 papae
2093 1426 2335 1496 directa,
2387 1429 2476 1482 sic
2506 1430 2656 1484 inter
2701 1433 2917 1485 caetera
2961 1433 3209 1503 legitur:
3252 1457 3271 1482 α
3309 1435 3428 1490 Eos
3460 1437 3562 1506 qui

1891 1529 1998 1584 per
2044 1517 2353 1584 pecuniam
2386 1533 2594 1571 manus
2645 1520 3052 1588 imposuerunt
3096 1523 3187 1574 vel
3234 1523 3557 1592 imponunt.

1893 1602 2105 1656 Petrus
2137 1603 2372 1658 divinus
2406 1605 2732 1673 apostolus,
2773 1607 2948 1677 cujus
2974 1609 3312 1663 cathedram
3355 1614 3561 1665 sortita

1898 1695 1987 1744 est
2006 1693 2287 1745 sanctitas
2311 1697 2528 1762 vestra,
2560 1698 2835 1764 tanquam
2868 1696 3166 1751 Simonem
3195 1700 3430 1769 Magum
3471 1701 3566 1755 de-

1901 1781 2080 1850 ponit.
2100 1781 2488 1836 Tolerabiliar
2510 1784 2666 1836 enim
2687 1788 2778 1836 est
2806 1784 3132 1838 Macedonii
3154 1790 3206 1840 et
3229 1804 3433 1840 eorum
3457 1789 3560 1858 qui

154 1859 674 1916 Ch’iStianiSSimOS
693 1862 1100 1932 imperatores:
1136 1859 1603 1926 COllstanﬁnum,
1630 1859 1788 1914 (ἶοῐι-
1817 1856 1873 1918 Β
1903 1875 2062 1926 circa
2094 1871 2290 1940 ipsum
2313 1875 2449 1924 sunt
2473 1872 2658 1923 sancti
2683 1872 2936 1940 Spiritus
2958 1874 3435 1943 impngnatorum
3460 1856 3562 1928 iiu-

154 1955 388 2018 stantem,
422 1951 924 2018 Valentinianum,
971 1949 1393 2017 Theodosium,
1446 1949 1784 2017 Arcadium,

153 2037 458 2104 Honorium,
483 2039 786 2103 Carolum,
807 2039 1194 2108 Ludovicum,
1212 2041 1580 2107 caeterasque
1595 2037 1709 2091 ﬁde
1733 2041 1789 2093 et

154 2127 404 2200 religione
459 2131 828 2199 prestantes,
871 2129 1135 2182 eamdem
1184 2126 1670 2181 consuetudinem
1715 2127 1787 2180 ab

153 2217 518 2286 apostolorum
531 2218 905 2286 temporibus
919 2217 1294 2270 observatam
1315 2215 1552 2270 minime
1564 2215 1788 2269 violas-

153 2322 222 2359 se.
256 2306 407 2361 Patet
436 2309 621 2361 etiam
655 2309 792 2361 item
825 2305 1371 2360 Christianissimos
1401 2304 1788 2373 imperatores

149 2391 1086 2468 ConstantinumMagnum,etitem
1098 2391 1791 2462 Canstantinum,etEire-

152 2498 261 2553 nen,
291 2486 342 2538 et
370 2484 686 2554 Basilium,
731 2482 1005 2538 Carolum
1032 2497 1269 2553 quoque
1302 2485 1357 2535 et
1397 2480 1785 2548 Ludovicum,

149 2571 416 2641 praefatam
438 2573 795 2627 electionem
817 2571 1089 2625 saeculari
1105 2569 1383 2640 potestati
1399 2570 1635 2640 legibus
1655 2569 1789 2622 abs-

149 2661 348 2729 tulisse,
378 2675 727 2733 quanquam
749 2659 801 2713 si
818 2660 992 2714 etiam
1014 2658 1357 2714 earumdem
1380 2657 1788 2712 sanctionibus

151 2749 240 2804 hac
252 2767 358 2804 non
370 2750 817 2820 prohiberetur,
837 2746 1313 2818 patriarchalium
1331 2747 1561 2801 sedium
1583 2748 1788 2800 aucto-

150 2840 402 2909 ritatilnon
423 2841 632 2893 minus
655 2837 1052 2893 obaudiretur.
1072 2835 1458 2890 Pontiﬁcibus
1480 2834 1656 2904 enim,
1671 2849 1789 2888 non

151 2929 603 2999 imperatoribus,
634 2927 851 2998 legitur
880 2927 1040 2980 Deus
1062 2924 1295 2979 dixisse
1321 2939 1333 2978 :
1365 2946 1387 2969 «ι
1411 2921 1789 2993 Quaecunque

150 3015 505 3090 alligaveritis
535 3031 724 3086 super
747 3017 985 3083 terram,
1010 3015 1214 3069 errunt
1231 3012 1408 3085 ligata
1435 3014 1493 3066 et
1515 3011 1571 3064 in
1594 3011 1784 3081 cmlis,

149 3110 238 3160 etc.
256 3107 485 3176 (Matth.
519 3106 715 3174 xvm).
757 3126 778 3151 η
812 3103 954 3158 Item
986 3102 1180 3173 prima
1202 3100 1502 3173 pontiﬁci:
1542 3122 1564 3148 ιι
1598 3100 1788 3154 Pasce

1900 1962 1997 2031 pia
2031 1960 2306 2014 haeresis.
2359 1958 2445 2012 Illi
2495 1960 2648 2012 enim
2689 1964 3034 2029 creaturam,
3075 1966 3129 2015 et
3179 1980 3418 2017 servum
3463 1965 3566 2018 Dei

1900 2049 2092 2104 Patris
2119 2052 2176 2102 et
2193 2047 2324 2100 Filii
2349 2047 2630 2116 Spiritum
2664 2053 2933 2102 sanctum
2954 2051 3256 2105 delirando
3291 2050 3563 2106 fatentur.

1896 2137 1998 2192 Isti
2033 2152 2206 2190 suum
2237 2135 2507 2204 spiritum
2540 2141 2811 2190 sanctum
2829 2138 3093 2192 efﬁciunt
3121 2154 3400 2194 servum:
3433 2141 3568 2194 Om-

1898 2227 1990 2280 nis
2024 2225 2179 2279 enim
2217 2223 2490 2277 dominus
2529 2225 2627 2293 qui
2677 2224 2871 2292 habet,
2925 2227 2978 2278 si
3011 2227 3133 2279 vult
3170 2227 3388 2293 vendit,
3437 2229 3566 2284 sive

1900 2329 2159 2381 servum,
2194 2313 2320 2365 sive
2339 2311 2557 2381 aliquid
2580 2327 2786 2365 eorum
2807 2329 2940 2382 quae
2972 2314 3238 2382 possidet
3261 2331 3272 2367 :
3292 2315 3567 2369 similiter

1898 2404 1955 2456 et
1984 2401 2085 2471 qui
2114 2400 2271 2465 emit,
2297 2399 2574 2453 dominus
2606 2400 2816 2454 valens
2838 2415 2976 2454 esse
2999 2400 3132 2469 ejus
3157 2402 3311 2471 quod
3335 2403 3562 2472 emerit,

1897 2504 2004 2559 per
2035 2488 2290 2558 pretium
2317 2487 2585 2558 pecuniae
2615 2486 2758 2541 illud
2789 2488 3058 2558 acquirit.
3093 2489 3175 2541 Ita
3198 2493 3254 2542 et
3281 2491 3380 2559 qui
3412 2491 3565 2545 hanc

1898 2577 2160 2648 iniquam
2219 2577 2510 2630 actionem
2560 2581 2896 2645 operantur,
2962 2576 3278 2632 detrahunt
3323 2577 3567 2646 Spiritui

1900 2663 2439 2736 sancta,aequaliter
2450 2668 2766 2734 peccantes
2779 2663 2874 2718 his
2887 2665 2990 2735 qui
3004 2664 3569 2734 blasphemaverunt

1899 2754 2199 2814 dicentes:
2233 2752 2293 2806 in
2324 2752 2656 2806 Beelzebub
2696 2751 2917 2823 ejicere
2948 2753 3249 2808 Christum
3278 2754 3569 2809 daemonia

1899 2843 2058 2913 (Luc.
2075 2843 2429 2912 u),atque,ut
2442 2842 2644 2895 verius
2659 2841 2947 2911 dicamus,
2966 2843 2996 2897 J
3006 2843 3135 2897 udae
3157 2846 3570 2912 comparantur

1897 2930 2203 3002 proditori,
2219 2931 2320 3000 qui
2337 2929 2368 2983 ,Ι
2378 2930 2563 2984 udmis
2587 2931 2690 2984 Dei
2709 2931 3080 2984 aceisaribus
3095 2931 3398 2985 Christum
3415 2947 3563 2986 ven-

1897 3019 2059 3073 didit.
2091 3017 2354 3089 Cumque
2385 3022 2630 3072 sanctus
2655 3017 2912 3088 Spiritus
2935 3019 3462 3074 consubstantialis
3486 3021 3564 3074 sit

1897 3106 2154 3176 Christo,
2174 3105 2309 3176 ejus
2331 3105 2444 3174 ipsi
2467 3107 2800 3176 proditores
2827 3111 3016 3162 erunt.
3053 3107 3124 3161 Et
3151 3107 3359 3177 procul
3381 3107 3562 3162 dubia

151 3211 269 3250 oves
296 3210 458 3250 meas
490 3195 688 3264 (Joan.
720 3193 910 3261 xxm.)
936 3215 958 3240 η
995 3191 1140 3246 Item
1169 3188 1457 3261 apostolis
1478 3189 1782 3244 omnibus:
1819 3205 1872 3270 ο
1898 3211 2014 3249 non
2047 3196 2138 3249 est
2167 3193 2224 3248 in
2255 3193 2343 3247 eis
2373 3195 2563 3266 gratia
2600 3193 2856 3264 Spiritus
2892 3195 3102 3264 sancti,
3153 3195 3211 3248 id
3240 3197 3334 3249 est
3365 3210 3562 3250 sacer-

153 3305 170 3332 ι
208 3283 415 3340 Euntes
459 3285 676 3338 docete
718 3295 925 3336 omnes
971 3283 1182 3353 gentes
1215 3279 1455 3349 (Matth.
1494 3277 1722 3347 xxvm).
1761 3300 1784 3326 ιι

151 3371 607 3430 Patriarcharum
639 3371 795 3426 enim
828 3373 982 3424 tanta
1010 3371 1104 3424 est
1133 3368 1474 3437 auctoritas,
1507 3370 1570 3421 ut
1597 3365 1789 3420 amni-

151 3463 314 3516 modis
334 3462 664 3518 haereticus
689 3459 1122 3529 comprobetur,
1147 3457 1424 3528 quisquis
1447 3454 1789 3510 earumdem

152 3551 424 3620 synadicis
439 3548 992 3626 constitutionibus,
1013 3546 1254 3601 obviare
1273 3545 1492 3600 nititur.
1509 3542 1792 3609 Quaecun-

150 3654 242 3709 que
263 3643 412 3696 enim
425 3638 823 3696 communiter
843 3635 1153 3691 statuerint
1178 3633 1502 3705 sequenda,
1537 3634 1610 3688 ab
1635 3634 1793 3688 omni

150 3725 391 3782 Ecclesia
412 3729 753 3795 serventur,
779 3723 1480 3796 quaecunque'docuerint
1499 3737 1790 3792 respuen-

151 3816 227 3885 da,
241 3819 614 3888 respuantur,
639 3829 750 3870 nec
767 3829 1023 3885 unquam
1044 3828 1078 3866 a
1098 3811 1380 3883 quolibet,
1408 3811 1523 3865 nisi
1547 3811 1696 3866 forte
1717 3812 1791 3866 ab

152 3905 346 3961 eisdem
359 3905 710 3962 earumdem
725 3917 1034 3958 commune
1047 3900 1337 3972 judicium
1356 3899 1786 3954 retractabitur.

152 3991 589 4051 Firmamentum
620 3991 774 4047 enim
805 3989 1157 4046 Christianae
1188 3988 1323 4044 ﬂdei
1341 3989 1398 4042 in
1417 4004 1619 4044 eorum
1642 3989 1792 4042 sedi-

151 4081 247 4136 bus
272 4100 374 4154 per
412 4084 657 4138 beatum
686 4081 926 4134 Petrum
964 4093 1272 4133 sessorem
1313 4078 1672 4143 earumdem,
1713 4078 1792 4131 ita

154 4169 546 4241 Deuslocavit,
565 4174 625 4224 ut
655 4171 708 4223 si
728 4185 883 4223 unus
914 4183 989 4222 ex
1020 4168 1209 4221 tribus
1231 4166 1658 4236 principalibus
1677 4167 1791 4236 {pa-

152 4260 402 4316 triarchis
416 4259 720 4328 ceciderit,
745 4258 858 4312 duo
873 4259 1047 4324 stent;
1063 4255 1220 4326 quod
1237 4255 1291 4309 si
1308 4255 1424 4310 duo
1442 4255 1778 4322 ceciderint,

155 4362 266 4403 cum
294 4366 396 4419 pro
428 4349 548 4404 fide
578 4347 736 4402 Petri
766 4361 838 4400 ne
874 4346 1105 4399 deficiat
1127 4359 1160 4397 a
1180 4343 1414 4398 Christo
1443 4347 1669 4398 aratum
1694 4345 1789 4413 sit,

155 4438 306 4492 unius
327 4438 559 4493 scilicet
579 4435 828 4491 Romani
841 4434 1190 4504 patriarchae
1207 4432 1356 4488 ﬁdes
1374 4432 1431 4485 in
1446 4448 1561 4504 qua
1580 4433 1794 4486 fratres

1898 3283 2041 3338 datii
2054 3282 2358 3337 sanctitas.
2376 3282 2524 3336 Nam
2538 3281 2637 3353 qui
2650 3297 2766 3336 non
2779 3285 3155 3353 acceperunt,
3171 3297 3287 3336 non
3302 3282 3520 3337 habent
3543 3300 3554 3337 :

1899 3372 1994 3426 Ait
2014 3371 2168 3426 enim
2184 3371 2397 3425 Petrus
2427 3370 2685 3424 Simoni:
2726 3391 2747 3418 ιι
2791 3369 2925 3424 Νοιι
2965 3373 3056 3424 est
3074 3370 3180 3424 tibi
3207 3386 3345 3440 pars
3368 3386 3562 3442 neque

1900 3475 2036 3514 sors
2059 3460 2117 3513 in
2141 3474 2415 3513 sermone
2429 3459 2540 3514 ista
2555 3458 2829 3529 quoniam
2843 3459 3195 3512 existimasti
3215 3460 3433 3512 donum
3453 3460 3561 3514 Dei

1897 3548 2149 3618 pecunia
2161 3547 2460 3616 possideri
2472 3546 2778 3617 (Act.vm).
2793 3547 2973 3601 nNam
2985 3548 3384 3619 etvigesimus
3399 3551 3455 3603 et
3470 3564 3560 3603 ac-

1899 3643 2069 3694 tavus
2089 3653 2275 3692 canon
2289 3635 2708 3707 apostolorum,
2725 3639 2780 3691 et
2793 3639 2961 3690 actus
2973 3639 3334 3707 earumdem,
3351 3638 3562 3692 tertius

1900 3731 1958 3782 et
1987 3731 2232 3798 quartus
2268 3725 2420 3780 liber
2453 3726 2703 3797 Regum,
2739 3725 2993 3780 alienum
3024 3727 3262 3780 omnino
3293 3741 3324 3779 a
3356 3742 3562 3781 sacer-

1901 3817 2058 3872 dotio
2070 3815 2449 3886 pronuntiant
2466 3829 2619 3883 eum,
2645 3814 2744 3884 qui
2767 3814 3020 3885 aliquam
3039 3814 3266 3869 dederit
3286 3815 3378 3869 vel
3401 3828 3564 3870 acce-

1899 3905 2052 3975 perit
2079 3903 2371 3974 pecunian
2399 3903 2458 3956 in
2486 3904 2682 3974 aliqua
2713 3905 2995 3972 tempore,
3028 3904 3156 3958 sive
3189 3908 3320 3958 ante
3350 3919 3562 3958 manus

1900 3992 2355 4062 impositionem,
2384 3990 2511 4044 sive
2534 3991 2590 4043 in
2608 4005 2818 4044 manus
2849 3991 3244 4060 impositione,
3281 3992 3409 4046 sive
3430 3993 3566 4060 post

1900 4096 2112 4135 manus
2143 4079 2608 4148 impositionem:
2658 4078 2944 4147 Accipere
2989 4080 3144 4133 enim
3174 4083 3265 4134 est
3294 4080 3564 4150 quando-

1902 4183 2152 4238 cumque
2171 4169 2462 4236 accipere.
2485 4188 2505 4213 υ
2528 4165 2670 4219 Item
2689 4180 2761 4218 ex
2791 4167 2991 4218 ultima
3022 4168 3268 4235 epistola
3293 4169 3566 4237 ejusdem

1903 4256 2150 4328 synodi:
2190 4275 2213 4304 α
2246 4255 2451 4310 Omnis
2482 4269 2624 4324 ergo
2649 4255 2966 4322 episcopus
2987 4255 3080 4308 vel
3113 4256 3443 4326 presbyter,
3467 4259 3566 4310 aut

1902 4346 2188 4400 diaconus
2209 4343 2536 4411 convictus,
2556 4343 2713 4412 quod
2730 4357 2837 4412 per
2851 4343 3134 4410 pecunias
3157 4358 3367 4397 manus
3389 4344 3566 4413 impo-

1905 4434 2178 4489 sitionem
2225 4431 2453 4486 dederit
2495 4431 2589 4485 vel
2632 4431 2944 4500 acceperit,
2978 4436 3035 4486 et
3081 4448 3113 4485 a
3144 4433 3476 4486 sacerdotio
3511 4437 3569 4487 et

154 4539 278 4580 suos
331 4526 658 4592 conﬁrmet,
717 4539 1016 4593 nunquam
1065 4522 1313 4576 deficiat.
1369 4521 1536 4586 Quod
1593 4521 1792 4591 utique
1820 4561 1876 4624 D
1909 4523 2094 4596 gradu
2126 4521 2374 4576 decidat.
2408 4519 2705 4574 Fortassis
2735 4523 2928 4575 autem
2962 4520 3162 4575 dicunt
3195 4521 3396 4591 aliqui,
3430 4520 3568 4591 quia

156 4613 406 4671 Christus
419 4617 584 4670 Deus
597 4611 837 4683 nosterj
848 4628 940 4666 am
963 4610 1276 4665 ostendere
1300 4611 1576 4682 dignatus
1595 4613 1706 4679 est,
1734 4611 1792 4663 in

158 4703 574 4758 universalibus
622 4701 887 4773 synadis,
934 4699 1057 4770 jam
1107 4700 1178 4754 ab
1218 4700 1408 4768 ipsius
1439 4699 1793 4754 ascensione

158 4793 319 4847 octies
336 4792 753 4848 universaliter
769 4789 1104 4844 celebratis.
1126 4788 1275 4842 Nam
1299 4803 1414 4842 una
1435 4788 1528 4842 vel
1560 4788 1792 4842 duabus

158 4894 183 4930 a
209 4880 310 4936 fide
337 4881 772 4950 corruentibus,
799 4880 1103 4934 Romanus
1134 4877 1190 4931 in
1214 4876 1484 4948 ejusdem
1502 4877 1638 4930 fidei
1658 4876 1793 4930 fun-

161 4967 854 5039 damentalicetpulsatus,
879 4967 1015 5022 licet
1037 4982 1393 5034 concussus,
1419 4968 1614 5020 tamen
1637 4965 1796 5019 stetit

162 5055 475 5114 immobilis.
513 5080 535 5104 ι
552 5057 780 5113 Οωὶιιιιι
807 5057 962 5111 enim
980 5060 1036 5111 et
1061 5060 1214 5111 terra
1236 5055 1594 5123 transibunt,
1615 5054 1795 5108 verba

164 5150 328 5201 autem
358 5149 492 5218 ejus
513 5163 630 5202 non
651 5146 1006 5215 transibunt,
1036 5166 1057 5194 »
1084 5147 1185 5216 qui
1206 5145 1380 5199 dixit:
1415 5166 1435 5190 ιι
1471 5143 1560 5196 Tu
1598 5158 1664 5197 es
1686 5142 1795 5196 Pe-

164 5233 272 5288 trus
311 5243 366 5292 et
403 5253 585 5307 super
623 5237 773 5290 hanc
832 5239 1055 5305 petram
1109 5233 1414 5289 aedificabo
1464 5231 1795 5284 Ecclesium

165 5335 348 5393 meam,
394 5331 450 5380 et
495 5329 679 5395 partae
711 5325 883 5379 inferi
915 5340 1033 5379 non
1070 5322 1475 5395 praevalebunt
1505 5320 1796 5375 adversus

167 5425 292 5481 eam,
324 5421 432 5469 etc.
474 5415 711 5483 (Matth.
745 5415 890 5484 xvr).
921 5437 942 5461 η

222 5501 461 5559 Caveant
483 5505 676 5575 itaque
697 5504 897 5558 saeculi
925 5504 1248 5573 potestates
1267 5501 1434 5572 sequi
1456 5501 1610 5572 quod
1631 5501 1800 5571 Euty-

169 5588 444 5650 chianistze
467 5591 854 5665 imperatd'es
876 5592 1325 5661 adinvenerunt,
1344 5591 1586 5662 nequod
1608 5590 1761 5644 absit
1785 5589 1795 5643 ι

168 5691 279 5734 eum
332 5683 417 5739 eis
470 5685 690 5758 pariter
747 5684 1082 5754 puniantur,
1115 5682 1386 5754 'quorum
1427 5685 1540 5736 tam
1585 5696 1799 5751 pravas

1907 4611 2305 4682 paenitentiam
2336 4609 2566 4681 agimus
2598 4625 2702 4678 pro
2734 4614 2994 4680 peccato,
3017 4614 3073 4664 et
3096 4610 3380 4664 Dominus
3400 4610 3568 4680 igno-

1905 4705 2034 4755 scet
2063 4699 2226 4753 illud.
2255 4698 2335 4753 [ta
2363 4702 2473 4767 est,
2510 4699 2647 4768 quia
2669 4713 2874 4753 omnes
2899 4704 3144 4770 agentes
3169 4699 3567 4769 paenitentiam

1903 4790 2063 4844 Deus
2095 4789 2365 4857 suscipit,
2391 4790 2445 4841 et
2475 4788 2736 4860 indulget
2771 4803 2875 4858 per
2903 4790 3302 4858 paenitentiam
3329 4792 3570 4858 peccata

1905 4893 2038 4948 quae
2056 4876 2178 4948 jam
2201 4879 2424 4946 patrata
2445 4880 2614 4946 sunt;
2651 4900 2672 4926 η
2695 4881 2751 4930 et
2773 4877 2956 4931 infra:
2987 4899 3008 4924 α
3043 4877 3156 4931 Sed
3177 4879 3314 4947 quia
3346 4893 3568 4931 secun-

1906 4967 2045 5021 dum
2075 4966 2445 5037 Apastolum,
2493 4965 3038 5035 irreprehensibilis
3077 4965 3251 5020 debet
3282 4966 3570 5020 sacerdos

1906 5071 2066 5123 esse,
2101 5056 2200 5126 qui
2235 5071 2343 5124 per
2379 5055 2663 5124 pecunias
2696 5069 3047 5124 quemquam
3098 5059 3426 5122 consecrat,
3477 5055 3572 5108 vel

1908 5147 2294 5199 consecratus
2313 5144 2660 5214 est,alienus
2679 5146 2770 5197 est
2785 5159 2818 5196 a
2837 5143 3190 5211 sacerdotio,
3208 5145 3362 5198 sicut
3377 5145 3571 5198 omnis

1906 5233 2197 5289 Ecclesiae
2246 5233 2471 5288 scimus
2513 5231 2732 5286 alumni
2775 5247 2851 5288 ex
2893 5229 3208 5287 Cananicis
3238 5233 3572 5305 disciplinis

1906 5322 2142 5377 eruditi.
2181 5345 2201 5368 η

1979 5411 2121 5465 Item
2150 5425 2224 5464 ex
2241 5409 2489 5478 epistola
2504 5407 2815 5462 Paschalis
2836 5425 3002 5478 papae
3023 5409 3570 5466 Medialanensibus

1908 5501 2130 5554 missa:
2172 5521 2192 5544 α
2229 5497 2288 5553 Si
2321 5498 2454 5567 quis
2478 5497 2787 5568 objecerit,
2824 5514 2939 5551 non
2959 5500 3443 5554 consecrationes
3466 5499 3576 5553 sed

1910 5603 2007 5642 res
2027 5588 2190 5658 ipsas
2209 5603 2341 5659 quae
2359 5587 2804 5641 consecratione
2821 5588 3394 5658 praveniunt,vendi,
3413 5587 3572 5641 vide-

1909 5681 2006 5732 tur
2037 5677 2272 5748 quidem
2313 5675 2532 5749 aliquid
2565 5675 2782 5746 dicere,
2821 5677 2962 5732 nihil
2998 5682 3189 5733 autem
3219 5677 3454 5748 penitus
3490 5689 3576 5728 sa-
