4008 6172
414 370 527 430 471

1434 369 1497 431 s.
1551 318 1935 431 ANSEL'Mi
1973 320 2385 430 LUCENS’IS
2430 316 2820 431 scissor!
3680 346 3776 441 in

415 588 574 638 prun.
615 569 757 620 Nam
793 584 925 620 cum
957 568 1280 636 corporalis
1305 566 1611 634 Ecclesiae,
1638 566 1960 636 episcopus
1984 566 2077 619 vel
2100 549 2153 612 Ᾱ
2188 565 2492 635 prephetis
2513 566 2674 636 ponit
2691 570 2745 621 et
2766 567 2903 622 dicit
2925 583 2936 622 :
2958 588 2980 615 «ι
2998 566 3390 638 Sibimetipsis
3405 586 3590 642 regem
3609 577 3789 629 consti-

416 662 600 710 almas
634 660 761 710 sine
784 658 963 710 rebus
985 657 1395 724 corporalibus
1418 655 1817 710 exterioribus
1843 656 1898 708 in
1919 654 2076 709 nullo

416 748 704 814 proficiat,
726 747 879 797 sicut
911 761 1017 797 nec
1042 746 1233 797 anima
1258 746 1387 797 sine
1412 760 1660 813 corpore
1677 743 2079 813 temporaliter

414 836 576 899 vivit,
599 836 872 903 quisquis
906 850 1106 886 eorum
1139 834 1385 886 alterum
1416 833 1613 885 vendit
1645 833 1773 885 sine
1795 847 1911 902 quo
1942 831 2078 883 alte-

416 940 542 976 rum
592 923 704 975 hab
732 939 808 974 ϊθ
859 937 973 974 non
1006 922 1291 989 provenit,
1327 925 1598 975 neutrum
1628 936 1744 973 non
1775 920 2076 973 venditum

415 1012 784 1079 derelinquit.
809 1010 992 1073 Quam
1017 1015 1201 1063 tamen
1225 1009 1621 1079 objectionem
1644 1024 1816 1062 sacer
1832 1007 2075 1062 Chalce-

413 1100 697 1154 donensis
730 1115 915 1153 canon
947 1098 1181 1169 penitus
1224 1098 1592 1167 exterminat,
1626 1112 1759 1151 eum
1791 1111 2073 1167 procura-

408 1189 598 1241 torem
614 1189 708 1242 vel
728 1187 1105 1241 defensorem
1128 1186 1435 1255 Ecclesiae,
1457 1186 1554 1241 vel
1582 1200 1937 1257 quemquam
1962 1183 2074 1238 Ec-

414 1276 616 1330 clesiae
634 1275 993 1346 subjectum,
1010 1275 1156 1330 adeo
1178 1290 1284 1345 per
1304 1275 1588 1346 pecunias
1607 1273 2074 1343 ordinariprohi-

411 1365 567 1433 beat,
588 1367 650 1418 ut
669 1364 1101 1419 interventores
1132 1379 1369 1434 quoque
1400 1363 1544 1418 tanti
1566 1362 1814 1418 sceleris
1836 1362 2073 1417 anathe-

414 1455 589 1508 matis
619 1468 899 1507 mucrone
931 1452 1216 1508 succidat.

480 1540 629 1607 Quid
650 1542 863 1612 plura?
896 1541 958 1596 Si
980 1542 1447 1596 anathematizati
1478 1544 1536 1595 et
1562 1538 2075 1607 excommunicati,

409 1636 473 1686 ut
502 1636 557 1685 et
589 1646 731 1684 vere
762 1630 1047 1699 haeretici,
1082 1630 1396 1685 Simoniaci
1438 1633 1495 1683 et
1526 1629 1803 1699 neophyti
1836 1629 1908 1683 ab
1956 1627 2073 1681 Ec-

411 1720 593 1774 clesia
624 1722 761 1772 sunt
790 1719 1065 1788 separati,
1110 1720 1244 1789 quis
1277 1736 1391 1772 non
1425 1721 1620 1772 videat
1658 1718 1816 1788 quod
1857 1716 2073 1788 hujus-

407 1810 566 1863 modi
597 1808 971 1863 sacerdotum
1002 1809 1205 1862 missae
1236 1811 1291 1862 et
1313 1809 1614 1861 orationes
1640 1808 1827 1861 Deum
1859 1806 1931 1859 ad
1963 1807 2075 1859 ira-

409 1897 683 1952 cundiam
730 1911 913 1966 super
955 1898 1233 1967 populum
1266 1899 1610 1966 provocent,
1651 1911 1823 1966 quem
1855 1894 2074 1948 talibus

406 1986 629 2057 placari
662 1986 1051 2040 credebamus
1069 1988 1097 2040 ἱ)
1117 1986 1415 2056 Scriptum
1439 1988 1533 2039 est
1548 1985 1733 2039 enim:
1763 2006 1784 2030 ιι
1815 1984 1951 2037 Veri
1975 1998 2076 2037 sa-

410 2075 613 2129 crificii
646 2075 816 2128 locus
848 2077 1012 2127 extra
1045 2074 1392 2128 catholicam
1422 2073 1753 2127 Ecclesiam
1778 2074 2021 2126 nonest.
2049 2092 2070 2120 ι

408 2163 480 2218 Et
510 2165 683 2217 item:
716 2162 1077 2216 Haereticum
1115 2163 1407 2217 hominem
1436 2167 1572 2232 post
1602 2162 1857 2232 primam
1891 2166 1951 2216 et
1980 2176 2074 2215 se-

408 2252 653 2307 cundam
686 2250 1120 2322 correptionem
1139 2250 1343 2305 devito
1367 2250 1491 2320 (Tit
1521 2255 1629 2319 III).
1660 2249 1901 2314 Quando
1926 2265 2073 2321 ergo

406 2341 553 2395 tales
585 2340 900 2410 episcopos
937 2340 1029 2392 vel
1070 2340 1335 2406 abbates,
1369 2340 1460 2393 vel
1503 2339 1769 2410 reliquos
1820 2338 2073 2392 clericos

405 2444 521 2486 non
551 2428 903 2496 devitamus,
931 2427 984 2481 si
1012 2443 1217 2481 eorum
1247 2428 1468 2482 missas
1500 2428 1794 2496 audimus,
1830 2427 1925 2482 vel
1940 2442 2075 2481 cum

409 2518 498 2572 eis
512 2532 771 2583 oramus,
793 2532 927 2570 cum
950 2516 1066 2570 illis
1090 2516 1757 2571 excommunicationem
1778 2517 2072 2571 subimus.

407 2606 567 2671 Quos
598 2605 835 2675 quidem
864 2605 1208 2659 sacerdotes
1239 2620 1378 2660 esse
1412 2606 1624 2659 saltem
1655 2605 1921 2674 credere,
1958 2621 2076 2661 om-

408 2695 548 2749 nino
595 2708 801 2747 errare
850 2695 960 2763 est,
1004 2710 1138 2748 cum
1181 2693 1395 2748 Petrus
1425 2693 1649 2748 Simoni
1689 2694 1872 2747 dicat;
1913 2695 2074 2748 «Pe-

411 2783 585 2837 cunia
615 2784 713 2835 tua
742 2786 938 2835 tecum
979 2781 1057 2835 sit
1084 2783 1147 2836 in
1177 2782 1521 2851 perditione,
1555 2783 1694 2853 quia
1723 2782 2075 2837 existimasti

411 2873 627 2926 donum
650 2871 756 2925 Dei
772 2870 1021 2941 pecunia
1043 2870 1345 2940 possideri
1375 2870 1532 2939 (Act.
1558 2871 1702 2940 VIII).
1739 2892 1760 2918 ιι
1796 2869 1911 2924 Ubi
1941 2885 2077 2923 cum

410 2960 764 3015 existimasti
780 2958 1018 3028 dicitur,
1040 2974 1157 3012 non
1171 2974 1275 3027 pro
1298 2974 1367 3012 eo
1384 2959 1543 3030 quod
1560 2957 1784 3027 fecerit,
1807 2958 1917 3039 sed
1940 2958 2077 3029 quia

411 3064 478 3105 se
507 3064 689 3119 posse
721 3048 918 3102 facere
949 3047 1221 3116 credidit,
1254 3047 1698 3115 condemnatur,
1725 3063 1858 3102 cum
1879 3048 2076 3101 minus

410 3139 488 3194 sit
509 3138 850 3193 existimare
880 3152 1058 3208 quam
1089 3137 1355 3192 credere.
1376 3137 1437 3191 In
1455 3137 1569 3192 hoc
1594 3152 1741 3209 ergo
1759 3137 1917 3208 quod
1935 3136 2077 3191 sub-
2104 3196 2111 3201 ,

400 3227 698 3300 jungitur,
733 3248 757 3279 ι
778 3242 896 3280 non
912 3229 1003 3281 est
1024 3226 1129 3280 tibi
1144 3242 1287 3297 pars
1322 3241 1514 3298 neque
1541 3241 1681 3281 sors
1716 3226 1776 3280 in
1800 3240 2075 3280 sermone
2106 3224 2125 3300 ς

409 3316 526 3371 isto
558 3315 784 3385 (Ibid.),
820 3339 843 3365 η
876 3318 1143 3386 patenter
1171 3316 1503 3371 ostenditur
1531 3315 1670 3385 quia
1709 3314 1856 3369 nihil
1886 3330 2076 3369 sacrm

408 3404 759 3460 ordinationi
788 3404 849 3458 in
877 3403 987 3457 hac
1016 3404 1382 3473 promotione
1413 3404 1754 3474 percipitur.

472 3484 623 3547 ‘Item
653 3507 726 3546 ex
756 3492 1035 3563 Registro
1058 3493 1212 3546 beati
1248 3492 1523 3563 Gregorii
1557 3492 1631 3545 ad
1649 3491 1899 3563 Sigium,
1925 3491 2078 3546 inter

412 3583 626 3635 caetera
649 3596 661 3633 :
700 3601 724 3631 ιι
750 3578 868 3635 Cur
891 3596 1007 3635 non
1026 3581 1433 3650 perpenditur,
1455 3595 1561 3634 cur
1585 3596 1703 3635 non
1723 3580 2070 3649 advertitur,

411 3668 550 3739 quia
576 3667 909 3723 benedictio
940 3668 1022 3721 illi
1072 3670 1132 3723 in
1169 3668 1644 3723 maledictionem
1671 3670 1942 3739 vertitur,
1975 3670 2078 3739 qui

412 3757 485 3811 ad
516 3756 629 3811 hoc
660 3761 721 3811 ut
752 3757 1074 3827 hmreticus
1103 3758 1202 3812 ﬁat
1229 3760 1650 3829 promovetur?
1674 3781 1697 3806 ιι
1732 3758 1896 3827 Item,
1921 3758 2075 3812 idem

410 3846 471 3901 in
501 3846 745 3901 eodem:
786 3868 807 3893 α
839 3846 1030 3901 Grave
1061 3848 1297 3902 omnino
1329 3850 1386 3901 et
1415 3848 1563 3901 ultra
1595 3844 1772 3919 quam
1810 3847 1929 3902 dici
1967 3863 2076 3918 po-

314 3990 325 3995 ,
412 3936 529 3991 test
568 3933 797 3989 facinus
847 3937 959 4005 est,
993 3939 1263 3991 sanctum
1293 3934 1576 4007 Spiritum
1606 3936 1708 4007 qui
1739 3935 1937 3991 omnia
1975 3952 2075 3990 re—

412 4022 610 4091 demit,
649 4024 994 4078 venundari.
1035 4043 1057 4074 ι

482 4112 625 4166 Item
655 4111 1012 4168 Ambrosius
1042 4113 1103 4167 in
1131 4113 1419 4168 Pastorali
1444 4129 1455 4168 :
1509 4134 1530 4160 α
1578 4114 1802 4185 Nempe
1841 4115 1954 4169 hoc
1984 4118 2076 4169 est

413 4201 571 4271 quod
601 4201 779 4256 nimis
799 4202 992 4270 doleo,
1017 4202 1153 4273 quia
1181 4202 1671 4273 archiepiscopus
1694 4218 1827 4257 cum
1848 4218 1954 4273 per
1982 4218 2079 4272 pe-

415 4288 649 4344 cuniam
690 4291 948 4362 aliquem
990 4292 1337 4362 episcOpum
1377 4291 1676 4345 ordinaret
1717 4292 2073 4361 specialiter,

413 4378 707 4433 ordinavit
734 4380 1061 4450 leprosum.
1090 4400 1111 4427 ι
1153 4379 1297 4434 Item
1338 4379 1558 4433 ibidem
1581 4395 1647 4447 λα
1669 4379 1834 4445 Quod
1849 4380 2079 4449 accepit

410 4467 665 4536 pecunia
705 4467 834 4537 fuit,
877 4468 1033 4539 quod
1069 4467 1229 4523 dedit
1247 4467 1414 4538 lepra
1444 4467 1588 4522 fuit:
1616 4490 1637 4515 ιι
1662 4467 1805 4522 Item
1822 4468 2071 4522 ibidem:

2186 658 2439 721 tuerunt,
2458 658 2641 709 etnon
2658 655 3055 725 perme(0.sce
3076 664 3223 725 vm).
3254 679 3274 704 ι)
3301 657 3367 712 Et
3385 658 3612 715 iterum:
3648 686 3665 709 α
3695 662 3785 717 Sa-

2190 743 2410 797 criﬁcia
2457 759 2659 797 eorum
2698 748 2973 814 tanquam
3014 746 3181 814 panis
3229 746 3438 810 luctus;
3481 765 3663 804 omnes
3700 754 3783 822 qui

2187 833 2537 886 manducent
2568 848 2635 886 ea
2667 833 3215 887 contaminabuntur
3243 833 3415 901 (Osee
3444 842 3536 903 ix).
3570 860 3589 884 ιι
3620 837 3680 890 Et
3704 854 3791 907 per

2189 919 2401 974 Isaiam
2432 921 2684 991 Spiritus
2718 927 2960 976 sanctus
2980 923 3258 976 clamatet
3288 923 3448 977 dicit:
3476 946 3497 971 «
3517 924 3611 979 Vae
3627 926 3788 995 vobis,

2186 1008 2291 1062 ﬁlii
2323 1009 2688 1078 desertores;
2713 1009 2842 1065 haec
2858 1010 2998 1064 dicit
3012 1010 3295 1065 Dominus
3322 1028 3333 1065 :
3362 1011 3645 1066 Habuistis
3672 1030 3791 1068 con;

2186 1098 2386 1152 silium
2418 1102 2475 1153 et
2500 1114 2616 1153 non
2644 1115 2750 1169 per
2777 1115 2890 1168 me,
2916 1102 2972 1154 et
3001 1099 3231 1155 fecistis
3255 1101 3675 1155 conventionem
3695 1118 3793 1156 non

2184 1202 2292 1258 per
2333 1186 2617 1258 Spiritum
2665 1202 2881 1257 meum,
2926 1187 3189 1258 adjicere
3227 1192 3464 1259 peccata
3491 1204 3655 1260 super
3676 1206 3796 1261 pec-

2187 1280 2315 1330 cata
2346 1275 2510 1345 (Isai.
2541 1277 2702 1346 xxx).
2740 1299 2763 1324 ι»

2259 1364 2653 1435 Hieronymus
2685 1379 2868 1433 super
2895 1364 3211 1420 duodecim
3237 1366 3550 1436 prophetas
3580 1382 3591 1420 :
3629 1389 3651 1414 ιι
3686 1366 3793 1423 Odit

2187 1453 2347 1507 Deus
2396 1452 2690 1507 sacriﬁcia
2727 1452 3167 1522 haereticorum,
3214 1456 3271 1509 et
3310 1469 3344 1508 a
3384 1469 3448 1509 se
3486 1452 3716 1525 projicit,
3752 1458 3798 1508 et

2184 1542 2652 1613 quotiescunque
2681 1542 2795 1597 sub
2827 1543 3063 1597 nomine
3094 1543 3327 1597 Domini
3348 1542 3556 1597 fuerint
3581 1557 3793 1613 congre-

2185 1630 2324 1702 gati,
2358 1630 2747 1685 detestabitur
2776 1628 3023 1685 fetorem
3050 1646 3273 1694 eorum,
3319 1637 3375 1688 et
3419 1630 3623 1686 claudit
3648 1646 3794 1685 nares

2185 1734 2329 1773 suas
2365 1736 2376 1773 :
2410 1719 2626 1775 Odisse
2668 1723 2862 1775 autem
2911 1724 2966 1775 et
3006 1720 3297 1791 projicere
3344 1724 3399 1776 et
3428 1736 3539 1774 non
3578 1718 3797 1788 odorari,

2104 1862 2145 1885 Η
2184 1806 2437 1862 humana
2486 1808 2746 1880 loquitur
2793 1809 3241 1878 consuetudine,
3294 1813 3357 1863 ut
3412 1824 3518 1864 nos
3563 1806 3797 1862 affectum

2107 1919 2159 1981 Β
2184 1896 2290 1950 Dei
2323 1897 2547 1951 nostris
2580 1898 2958 1954 sermonibus
2991 1913 3448 1969 cognoscamus.
3482 1896 3548 1950 Et
3581 1897 3628 1951 si
3656 1896 3799 1950 holo-

2184 1988 2388 2040 causta
2417 1986 2753 2053 obtulerint,
2777 1984 3400 2056 videanturjejunare,
3421 1986 3554 2040 dare
3584 1985 3804 2039 eleemo-

2184 2089 2386 2145 synas,
2436 2074 2775 2144 pudicitiam
2812 2075 3100 2145 polliceri,
3154 2091 3287 2145 quae
3337 2074 3666 2129 holocausta
3692 2073 3807 2125 sunt

2182 2178 2322 2216 vera
2369 2178 2487 2217 non
2530 2178 2598 2218 ea
2642 2163 2898 2232 suscipit
2948 2162 3257 2218 Dominus.
3308 2163 3441 2219 Non
3470 2163 3616 2217 enim
3644 2159 3805 2214 sacri-

2181 2250 2449 2305 ﬁciorum
2497 2251 2980 2323 magnitudinem,
3028 2251 3136 2306 sed
3179 2250 3549 2307 oﬁ'erentium
3595 2246 3806 2317 respicit

2182 2339 2560 2394 voluntatem.
2599 2363 2620 2389 ι»

2255 2427 2531 2500 Pelagius
2574 2427 2799 2482 Viatori
2829 2430 2886 2482 et
2917 2427 3234 2499 Pangratio
3264 2427 3425 2484 inter
3452 2429 3686 2482 caetera:
3727 2443 3746 2472 ι
3775 2422 3815 2476 Α

2184 2516 2698 2571 schismaticorum
2720 2516 3033 2571 sacriﬁciis
3062 2518 3259 2587 potius
3293 2521 3490 2573 autem
3508 2511 3807 2585 sacrilegiis

2184 2605 2481 2659 abstinere
2512 2605 2761 2660 debetis.
2792 2628 2812 2652 »
2835 2604 2977 2659 Item
3007 2606 3069 2659 in
3102 2605 3307 2659 eadem
3337 2604 3622 2677 epistola:
3654 2623 3674 2651 ι
3705 2600 3814 2654 Non

2185 2697 2278 2749 est
2306 2693 2527 2748 Christi
2551 2709 2794 2764 corpus,
2810 2694 2967 2764 quod
2986 2694 3414 2748 schismaticus
3437 2692 3690 2748 conﬁcit:
3712 2688 3816 2742 Nec

2186 2783 2343 2837 enim
2370 2782 2627 2836 divisum
2656 2797 2795 2837 esse
2824 2782 3126 2837 Christum
3146 2783 3357 2853 poterit
3375 2783 3681 2854 quisquam
3706 2776 3815 2831 sine

2186 2871 2437 2942 apostoli
2470 2871 2882 2942 reprobatione
2899 2871 3220 2943 configere.
3256 2871 3468 2941 Unam,
3495 2874 3554 2924 ut
3572 2881 3717 2937 saepe
3735 2864 3812 2918 di-

2185 2963 2342 3014 ctum
2372 2963 2482 3030 est,
2516 2975 2649 3031 quae
2678 2959 2898 3014 Christi
2928 2974 3146 3028 corpus
3177 2961 3288 3028 est,
3321 2975 3465 3014 esse
3490 2959 3702 3013 constat
3720 2951 3814 3006 Ec-

2186 3048 2449 3116 clesiam,
2497 3063 2629 3119 quae
2676 3047 2737 3101 in
2780 3047 2896 3102 duo
2944 3048 3040 3101 vel
3071 3047 3240 3117 plura
3268 3047 3455 3102 dividi
3489 3061 3602 3101 non
3628 3042 3814 3115 potest.

2186 3135 2469 3191 Similiter
2484 3137 2640 3191 enim
2658 3152 2791 3191 cum
2809 3136 2882 3191 ab
2897 3151 2967 3192 ea
2983 3136 3300 3208 quisquam
3322 3134 3685 3201 discesserit,
3704 3144 3823 3185 esse

2136 3208 2420 3293 Ldesistit
2447 3224 2737 3280 Ecclesia.
2770 3225 2967 3280 Unum
2996 3225 3058 3280 in
3088 3224 3426 3280 Jerusalem
3454 3222 3721 3293 templum
3744 3218 3823 3273 est

2184 3315 2359 3370 idolis
2382 3328 2635 3370 necesse
2658 3316 2751 3369 est
2766 3316 2829 3370 ut
2842 3313 3123 3383 immolet,
3162 3314 3261 3384 qui
3284 3313 3670 3384 semetipsum
3689 3305 3821 3363 divi-

2185 3403 2350 3459 serit.
2390 3426 2411 3451 υ

2254 3490 2584 3564 Gregorius
2617 3493 2675 3546 in
2700 3492 2980 3564 Registro
3006 3505 3019 3546 :
3053 3490 3179 3546 Nos
3212 3489 3721 3546 consecrationem
3747 3481 3825 3539 di—

2184 3596 2320 3636 cere
2349 3581 2509 3635 nullo
2540 3581 2713 3636 modo
2742 3595 3089 3650 possumus,
3122 3594 3257 3651 quas
3283 3579 3356 3634 ab
3378 3574 3820 3634 excommunica-

2184 3669 2263 3724 tis
2284 3668 2622 3723 hominibus
2645 3671 2738 3722 est
2767 3667 3085 3722 celebrata.
3124 3687 3147 3717 ι

2258 3757 2401 3812 Haec
2434 3756 2629 3827 itaque
2659 3759 2774 3809 tam
2804 3755 3059 3825 patentia
3097 3757 3335 3826 tamque
3373 3752 3684 3810 manifesta
3710 3747 3828 3821 sunt

2187 3848 2249 3900 ut
2286 3845 2595 3901 dilucidari
2624 3860 2742 3899 non
2761 3847 2993 3916 egeant.
3029 3843 3451 3898 Patentissime
3484 3852 3725 3911 namque
3749 3831 3831 3889 Si-

2188 3933 2611 4001 moniacorum,
2643 3932 3041 3986 sacerdotium
3073 3935 3131 3987 et
3170 3931 3467 3985 sacriﬁcia
3510 3929 3666 3983 irrita
3711 3935 3832 3978 esse

2189 4022 2396 4076 demon
2406 4024 2614 4089 strant,
2630 4021 2903 4091 quamvis
2915 4020 3153 4091 quidam
3173 4019 3509 4088 scripserit,
3525 4014 3677 4089 quod
3698 4010 3835 4067 sicut

2188 4110 2250 4164 in
2281 4110 2632 4181 baptismate
2679 4108 3168 4176 Simoniacorum,
3216 4108 3294 4161 ita
3341 4110 3398 4162 et
3430 4108 3490 4161 in
3520 4100 3833 4159 earumdem

2189 4198 2481 4253 sacriﬁcio
2510 4198 2702 4252 virtus
2723 4196 2976 4267 Spiritus
3000 4199 3188 4252 sancti
3212 4198 3661 4266 cooperaretur,
3692 4185 3835 4245 scili-

2186 4290 2278 4341 cet
2292 4292 2352 4343 ut
2374 4302 2492 4344 non
2511 4286 2737 4342 eisdem
2751 4287 2829 4340 sit
2856 4301 3065 4341 verum
3092 4289 3149 4340 et
3181 4284 3445 4341 salutare
3470 4278 3832 4341 sacriﬁcium,

2186 4375 2295 4430 sed
2326 4376 2420 4430 his
2453 4376 2671 4447 quibus
2702 4375 3035 4430 exhibetur.
3069 4373 3236 4440 Quod
3266 4390 3341 4428 ex
3369 4369 3705 4445 prmmissis
3733 4365 3833 4420 Pa-

2183 4467 2339 4519 trum
2367 4465 2681 4521 sententiis
2711 4464 3090 4535 apertissime
3130 4462 3440 4530 refellitur,
3494 4464 3552 4516 et
3599 4456 3829 4513 maxime

419 4575 442 4603 α
475 4554 703 4611 Aurum
731 4556 879 4610 dans
909 4555 1240 4627 perdidisti,
1276 4559 1333 4611 et
1375 4558 1639 4611 sanctam
1668 4556 1918 4629 gratiam
1959 4572 2075 4611 non
2097 4550 2161 4630 λέ,
2185 4568 2259 4608 ex
2279 4568 2349 4609 eo
2380 4553 2539 4630 quod
2559 4554 2803 4609 dicitur:
2829 4551 3143 4607 Sacriﬁcia
3162 4567 3363 4607 eorum
3388 4557 3663 4623 tanquam
3680 4540 3839 4618 panis

413 4644 807 4715 acquisivisti.
845 4666 868 4693 ι)

485 4733 788 4788 Hactenus
818 4731 889 4787 de
929 4732 1398 4789 Simoniacorum
1427 4733 1781 4802 sacerdotio,
1814 4748 1972 4788 nunc
2003 4733 2075 4789 de

414 4836 621 4878 eorum
653 4822 946 4877 sacriﬁcio
980 4821 1217 4876 Patrum
1246 4822 1569 4876 sententias
1604 4825 2071 4892 perscrutemur.

484 4909 814 4981 Cyprianus
845 4911 905 4964 in
936 4909 1183 4981 epistola
1212 4910 1287 4965 ad
1320 4909 1656 4966 Cornelium
1681 4927 1693 4964 :
1719 4932 1741 4958 «
1767 4909 2078 4965 Existimat

414 4998 630 5068 aliquis
660 5015 892 5055 summa
931 5002 988 5055 et
1017 5015 1250 5071 magna,
1286 5004 1384 5055 aut
1427 5015 1546 5055 non
1578 5002 1803 5055 sciente
1832 5003 1931 5054 aut
1959 5015 2077 5054 non

413 5087 783 5157 permittente
831 5089 953 5143 Deo
1003 5089 1062 5143 in
1106 5088 1374 5145 Ecclesia
1422 5088 1528 5144 Dei
1575 5088 1721 5158 ﬁeri,
1771 5093 1827 5144 et
1875 5103 2076 5143 sacer-

416 5173 609 5242 dotes,
646 5175 705 5229 id
727 5179 839 5246 est,
876 5178 982 5231 Dei
1011 5178 1456 5248 dispensatores
1486 5193 1604 5234 non
1635 5182 1807 5233 erunt
1836 5177 1908 5232 de
1940 5176 2075 5247 ejus

416 5263 706 5317 sententia
765 5265 1035 5330 ordinati,
1090 5266 1202 5321 hoc
1242 5270 1299 5321 et
1340 5267 1515 5321 ﬁdem
1562 5282 1680 5321 non
1711 5266 1930 5320 habere
1960 5280 2077 5335 qua

415 5350 695 5421 vivimus,
715 5350 828 5406 hoc
850 5352 1073 5407 estDeo
1091 5353 1374 5410 honorem
1397 5356 1691 5411 non'dare.
1707 5353 1824 5410 Sed
1847 5354 1919 5408 de
1941 5354 2075 5424 ejus

416 5441 708 5495 sententia
748 5440 1017 5510 ordinati,
1060 5442 1171 5497 hoc
1220 5447 1312 5498 est
1362 5444 1536 5500 ﬁdem
1565 5460 1683 5499 non
1714 5444 1931 5498 habere
1960 5458 2076 5514 qua

416 5530 693 5597 vivimus,
734 5529 846 5583 hoc
895 5533 985 5583 est
1028 5530 1149 5585 Deo
1180 5531 1464 5587 honorem
1511 5550 1629 5588 non
1659 5534 1818 5587 dare.
1852 5531 1969 5587 Sed
2001 5531 2073 5585 de

417 5618 468 5689 ej
480 5635 549 5671 us
581 5621 869 5674 sententia
893 5636 1008 5689 non
1030 5621 1374 5677 ordinantur
1397 5624 1761 5687 sacerdotes,
1787 5623 1887 5692 qui
1910 5624 2077 5675 extra

417 5708 745 5765 Ecclesiam
791 5713 955 5779 tiunt,
989 5710 1144 5765 sicut
1185 5711 1314 5780 ipse
1349 5711 1633 5767 Dominus
1674 5712 1733 5767 in
1763 5710 2077 5765 duodecim

2182 4641 2396 4711 luctus,
2443 4657 2604 4697 ames
2648 4642 2748 4715 qui
2792 4657 2859 4696 ea
2900 4640 3253 4695 manducent
3297 4635 3841 4715 contaminabuntur

2185 4729 2363 4801 (Osee
2383 4730 2485 4798 ιχ).
2520 4730 2651 4785 Non
2682 4730 2838 4785 enim
2856 4728 3138 4783 exhibitio
3170 4726 3571 4798 baptismatis,
3605 4727 3659 4777 et
3682 4714 3846 4775 sacri-

2183 4818 2303 4872 ﬁcii
2320 4818 2607 4872 Dominici
2631 4818 2923 4887 corporis,
2954 4817 3191 4872 omnino
3210 4816 3392 4870 simili
3408 4813 3529 4868 sibi
3552 4810 3844 4867 collatione

2185 4906 2445 4963 conferri
2504 4907 2715 4961 valent.
2777 4907 2928 4960 Nam
2984 4904 3343 4960 necessitate
3406 4904 3626 4974 urgent
3664 4893 3845 4954 omnia

2182 4996 2471 5067 baptizata
2495 4995 2839 5051 conceditur
2854 4995 3174 5063 baptizare,
3210 4993 3323 5047 sub
3355 4990 3494 5046 ﬁdei
3526 4992 3847 5055 interroga-

2184 5085 2361 5155 tione,
2386 5088 2442 5139 et
2469 5085 2706 5139 nomine
2728 5083 3053 5151 Trinitatis,
3086 5087 3142 5136 et
3164 5082 3317 5136 trina
3348 5079 3674 5144 mersione,
3698 5068 3846 5145 quod

2185 5175 2385 5245 utique
2425 5188 2781 5227 concessum
2824 5175 2917 5227 est
2963 5174 3203 5241 prepter
3248 5185 3382 5224 eum
3444 5166 3550 5238 qui
3593 5158 3846 5235 periculo

2183 5263 2390 5317 mortis
2422 5265 2689 5333 urgetur,
2716 5276 2787 5315 ne
2819 5261 2870 5316 si
2903 5263 3042 5315 tunc
3072 5259 3146 5314 ad
3178 5257 3556 5313 sacerdotem
3583 5267 3717 5307 cum
3737 5260 3844 5333 non

2183 5351 2437 5406 adfuerit
2482 5331 2772 5417 curratur,
2821 5349 3017 5403 subito
3062 5362 3180 5402 non
3228 5345 3424 5400 valeat
3470 5337 3730 5396 inveniri
3755 5331 3849 5406 qui

2183 5440 2474 5509 baptisma
2505 5438 2818 5493 ministret.
2853 5436 3012 5492 Solis
3044 5437 3237 5490 autem
3270 5429 3697 5489 sacerdotibus
3727 5422 3849 5480 lici-

2184 5532 2305 5583 tum
2329 5530 2420 5583 est
2449 5528 2821 5582 Dominicum
2844 5540 3065 5596 corpus
3090 5524 3408 5590 conﬁcere,
3434 5518 3595 5591 quod
3620 5513 3848 5589 quidem

2184 5633 2302 5672 non
2334 5617 2618 5685 baptizato
2650 5615 2804 5669 illico
2839 5614 3119 5667 morituro
3144 5611 3559 5668 necessarium
3590 5620 3710 5660 non
3740 5604 3846 5656 est.

2185 5708 2485 5778 Baptisma
2531 5706 2688 5759 enim
2743 5700 3025 5776 praecedit
3057 5701 3347 5758 Dominici
3393 5694 3675 5769 corporis
3703 5704 3851 5764 pre-
