3948 6168
131 385 226 453 473
594 388 936 451 CONTRA
981 375 1494 452 GUIBERTUM
1535 373 2044 452 ANTIPAPAM
2087 371 2316 452 LIBRI
2363 391 2657 454 DUO.—
2698 392 2856 454 LIB.
2905 393 2976 453 11.

3385 396 3506 460 474

124 591 424 659 ceptionem,
452 588 690 659 ideoque
725 589 1126 642 necessarium
1163 592 1252 643 est
1287 595 1348 644 ut
1377 606 1482 658 per
1514 605 1732 659 quem-
1769 577 1803 636 Χ
1842 592 1960 658 est,
1999 591 2098 660 qui
2135 606 2250 644 non
2295 592 2566 662 sequitur
2596 593 2940 646 catholicam
2973 595 3294 650 veritatem.
3331 595 3503 650 Schi-

122 681 234 733 libet
260 678 560 746 baptizetur
579 682 887 747 antequam
915 678 1282 731 Dominicum
1305 693 1522 747 corpus
1547 695 1576 731 a
1601 695 1730 732 mo-

121 769 274 820 rituro
292 767 582 835 expetitur.
600 765 794 836 Magis
813 783 1062 836 namque
1080 767 1395 820 dolendum
1415 772 1504 820 est
1529 783 1730 836 quem-

119 857 241 925 piam
286 855 497 924 absque
543 855 830 922 baptismo
885 856 1160 908 humanis
1213 857 1394 909 rebus
1439 856 1729 910 excedere

119 959 258 1012 quam
286 944 618 1012 baptizatum
641 944 871 1013 absque
893 944 1269 997 cucharistize
1293 945 1724 1012 communione,

119 1031 344 1102 quamvis
383 1032 509 1084 sine
557 1035 806 1102 utroque
854 1048 973 1086 non
1020 1032 1310 1100 salvetur,
1355 1033 1452 1101 qui
1493 1033 1730 1102 quidem

117 1123 380 1189 utrumque
421 1123 626 1188 posset
672 1136 926 1174 sumere.
981 1121 1128 1173 Nam
1151 1121 1269 1190 .qui
1313 1121 1456 1174 dixit
1488 1137 1499 1174 :
1531 1142 1553 1171 «
1599 1122 1729 1175 Nisi

117 1206 221 1276 quis
247 1211 467 1261 renatus
498 1207 677 1262 fuerit
707 1224 778 1262 ex
809 1225 958 1279 aqua
998 1213 1052 1262 et
1091 1209 1311 1279 Spiritu
1346 1225 1460 1262 non
1492 1209 1731 1263 intrabit

117 1295 160 1348 in
185 1311 403 1365 regnum
426 1295 531 1350 Dei
549 1297 741 1367 (Joan.
768 1298 895 1366 111));
923 1321 944 1344 ››
965 1296 1116 1351 idem
1152 1298 1295 1352 dixit
1321 1315 1331 1351 :
1359 1322 1378 1344 α
1417 1297 1546 1351 Nisi
1567 1301 1728 1351 man-

116 1382 424 1437 ducaveritis
460 1400 705 1438 carnem
745 1385 843 1438 ﬁlii
885 1385 1141 1439 hominis
1173 1389 1228 1440 et
1273 1385 1542 1440 biberitis
1592 1386 1726 1456 ejus

115 1471 434 1542 sanguinem,
452 1489 572 1527 non
598 1473 890 1528 habebitis
911 1475 1086 1527 vitam
1110 1476 1166 1527 in
1183 1475 1560 1542 vobis(J0an.
1578 1477 1677 1545 vx),
1700 1497 1721 1524 ι»

113 1557 213 1611 ideo
246 1562 422 1614 autem
471 1561 600 1614 dixi
643 1563 713 1616 de
754 1564 1011 1632 potentia
1062 1563 1333 1617 sumendi
1380 1568 1722 1634 utrumque,

113 1647 337 1715 quoniam
367 1651 655 1718 parvulus
699 1653 869 1705 modo
919 1656 1092 1706 natus
1133 1653 1306 1706 modo
1339 1657 1578 1706 renatus
1611 1669 1727 1706 non

113 1735 228 1788 valet
255 1753 477 1791 carnem
512 1739 880 1793 Dominicam
912 1741 1287 1810 manducare,
1312 1741 1447 1794 licet
1479 1741 1725 1811 sangui-

111 1838 210 1877 nem
227 1824 480 1895 ejusdem
509 1829 707 1896 possit
726 1831 824 1882 vix
848 1830 931 1882 ori
967 1829 1227 1882 infusum
1247 1829 1556 1900 deglutire.
1579 1829 1728 1883 Nam

1844 680 2127 732 smaticus
2142 684 2231 732 est
2251 681 2347 749 qui
2372 697 2486 733 non
2506 682 2854 749 amplecitur
2873 682 3217 736 catholicam
3244 701 3463 752 pacem.
3478 706 3498 735 »

1915 767 2054 821 Item
2087 784 2234 837 papa
2256 768 2534 839 Pelagius
2558 770 2616 823 in
2640 786 2749 824 suo
2777 771 3035 840 Regesto
3067 772 3383 826 introducit
3407 775 3504 827 be-

1842 861 1998 909 atum
2030 857 2431 926 Augustinum
2473 859 2548 911 ita
2590 859 2964 913 deﬁnientem
2998 860 3258 912 schisma
3291 861 3349 913 in
3379 862 3505 929 epi-

1843 945 1993 998 stola
2017 945 2086 997 ad
2104 945 2473 999 Valerianum
2499 948 2836 1015 patricium;
2863 949 3012 1001 inter
3038 951 3250 1001 caetera
3277 965 3286 1002 :
3320 949 3505 1003 «Vide

1842 1036 2037 1086 utrum
2069 1033 2429 1087 schismatici
2473 1052 2589 1088 non
2643 1037 2786 1099 sint,
2825 1038 2921 1106 qui
2957 1053 3022 1090 se
3056 1037 3127 1090 ab
3160 1038 3505 1092 eminentis-

1842 1122 1990 1175 sima
2039 1126 2093 1176 et
2133 1122 2623 1177 manifestissima
2673 1126 3016 1179 auctoritate
3049 1127 3503 1195 apostolicarum

1840 1211 2068 1263 sedium
2102 1215 2544 1278 separaverunt.

1911 1299 2078 1362 Item,
2123 1299 2276 1352 idem
2317 1300 2596 1369 Pelagius
2630 1300 2688 1353 in
2719 1302 2970 1370 epistola
3002 1302 3071 1354 ad
3106 1302 3402 1356 Viatorem
3449 1307 3504 1357 et

1835 1387 2217 1458 Pangratium
2237 1388 2457 1441 inducit
2479 1389 2874 1459 Augustinum
2897 1389 2972 1442 ita
2997 1391 3284 1444 dicentem
3313 1408 3366 1445 ;‹‹
3392 1391 3504 1456 Qui

1839 1476 2155 1530 adversum
2185 1478 2588 1531 auctoritatem
2637 1479 2866 1531 illarum
2899 1477 3333 1548 Ecclesiarum,
3369 1496 3501 1550 quae

1838 1563 2195 1632 apostolicas
2225 1565 2400 1618 sedes
2433 1568 2489 1618 et
2518 1567 2802 1634 epistolas
2832 1567 3101 1635 accipere
3133 1571 3497 1638 meruerunt,

1837 1653 2054 1705 temere
2106 1647 2306 1716 credit,
2343 1653 2833 1707 immanissimum
2879 1655 3223 1708 schismatis
3275 1657 3500 1710 crimen

1835 1755 1867 1792 a
1900 1756 1966 1794 se
1998 1742 2347 1810 propulsare
2381 1758 2497 1795 non
2528 1743 2758 1811 poterit.
2797 1765 2816 1789 »

1909 1829 2050 1882 Haec
2083 1845 2216 1882 cum
2247 1830 2322 1882 ita
2353 1830 2500 1898 sint,
2548 1847 2619 1884 ex
2665 1831 2758 1884 his
2800 1835 2952 1900 patet
2985 1847 3088 1885 eos
3119 1848 3256 1886 esse
3288 1832 3501 1886 Eccle-

111 1913 231 1982 quod
259 1914 462 1968 dicitur
495 1933 506 1969 :
551 1938 575 1962 α
623 1917 753 1970 Nisi
787 1918 1300 1985 manducaveritis,
1343 1941 1362 1964 η
1397 1919 1466 1970 de
1499 1918 1594 1971 his
1626 1918 1725 1987 qui
1761 1950 1802 2005 Β
1837 1917 1983 1969 siam
2017 1917 2117 1987 qui
2150 1919 2606 1986 apostolicarum
2655 1919 3057 1973 Ecclesiarum
3095 1921 3500 1974 auctoritatem

109 2001 407 2056 manducare
437 2009 713 2075 possent,
733 2006 1136 2074 accipiendum
1168 2009 1327 2076 puto.
1351 2007 1536 2060 Nemo
1570 2008 1724 2060 enim

109 2088 212 2142 dicit
235 2091 299 2145 de
335 2107 402 2146 eo
442 2094 545 2163 qui
595 2095 946 2148 manducare
992 2111 1108 2148 non
1157 2097 1378 2164 potest,
1414 2095 1521 2148 sed
1551 2095 1622 2148 de
1657 2111 1724 2147 eo

109 2178 181 2246 qui
200 2183 390 2248 potest.

161 2274 248 2328 His
277 2276 346 2329 ita
377 2277 660 2332 decursis
678 2278 988 2334 dicendum
1008 2281 1242 2334 videtur
1273 2281 1532 2334 haeresim
1554 2281 1725 2334 Aria-

108 2375 272 2416 norum
293 2406 306 2430 ,
337 2367 390 2418 et
417 2365 928 2439 Sabellianorum,
962 2372 1014 2421 et
1047 2368 1636 2436 Macedonianorum,
1673 2373 1729 2423 ct

107 2447 563 2522 Photinianorum,
584 2457 758 2525 atque
782 2473 1010 2510 omnem
1036 2458 1374 2528 generalem
1400 2458 1676 2512 haeresim
1695 2474 1728 2511 a

108 2536 150 2589 S.
171 2538 255 2592 Dei
275 2540 562 2596 Ecclesiae
599 2545 1035 2616 impugnatione
1070 2560 1371 2615 cessasse,
1392 2550 1448 2599 et
1479 2547 1597 2600 Deo
1620 2563 1726 2615 pro

107 2627 265 2681 eadem
285 2636 589 2702 pugnante
607 2638 994 2702 cessaturum,
1018 2635 1070 2687 si
1093 2651 1207 2704 qua
1226 2635 1506 2704 deinceps
1530 2634 1728 2687 existi-

102 2719 249 2768 matur
273 2720 407 2772 oriri
439 2736 652 2788 posse.
682 2721 822 2775 Hmc
856 2738 1020 2789 vero,
1047 2723 1102 2776 id
1135 2726 1227 2776 est
1257 2723 1727 2778 Simoniacorum

105 2801 328 2876 haeresis,
353 2824 484 2877 quae
506 2809 574 2861 in
598 2809 760 2863 initio
793 2812 1096 2865 nascentis
1122 2811 1410 2865 Ecclesiae
1433 2813 1726 2866 adversus

104 2905 202 2945 eam
227 2897 407 2949 statim
435 2913 609 2950 arma
642 2900 943 2968 corripuit,
976 2915 1168 2970 usque
1200 2901 1259 2954 in
1289 2901 1464 2954 ﬂnem
1499 2891 1724 2970 saeculi,

104 2985 236 3048 prout
257 2984 362 3038 sibi
380 2985 662 3040 diabolus
677 2987 1044 3042 vexilliferos
1060 2993 1113 3043 et
1139 3005 1430 3059 saquaces
1445 2990 1724 3058 inveniet,

105 3073 144 3120 et
160 3071 218 3123 ad
232 3072 490 3142 ejusdem
511 3076 928 3144 probationem
951 3078 1214 3132 eamdem
1239 3078 1587 3150 impugnare
1610 3095 1728 3133 non

105 3162 334 3216 cessabit.
373 3186 394 3210 α
427 3164 682 3235 Oportet
712 3166 869 3220 enim
900 3166 1171 3220 haereses
1205 3182 1363 3232 esse,
1401 3190 1423 3214 »
1461 3170 1521 3220 ut
1552 3168 1628 3220 ait
1657 3168 1723 3220 B.

105 3249 405 3323 Apostolus,
457 3277 479 3304 ι
529 3257 600 3307 ut
643 3255 743 3325 qui
787 3256 1017 3324 probati
1066 3259 1203 3309 sunt
1249 3255 1546 3309 manifesti
1591 3257 1729 3310 ﬁant

103 3335 228 3402 (Cor.
253 3343 344 3408 χι).
377 3361 399 3391 ι
426 3341 554 3396 Sed
588 3343 1168 3398 animadvertendum
1201 3348 1290 3398 est
1311 3386 1324 3413 ,
1374 3346 1530 3415 quod
1561 3345 1728 3399 Chri-

101 3431 202 3480 stus
229 3429 393 3498 Deus,
418 3433 521 3502 qui
561 3447 731 3484 suam
762 3431 1090 3486 Ecclesiam
1125 3449 1308 3501 super
1336 3432 1472 3486 ﬁdei
1504 3436 1727 3502 petram

101 3513 452 3573 adiﬁcandam
482 3519 784 3588 promisit,
805 3520 994 3590 primo
1018 3521 1277 3575 omnium
1310 3522 1727 3576 haereticorum

101 3606 449 3670 apostolorum
481 3608 786 3679 opposuit,
823 3609 1116 3676 videlicet,
1151 3614 1209 3664 ut
1248 3610 1402 3663 sicut
1434 3609 1723 3678 Ecclesia,

102 3690 240 3747 idest
267 3697 637 3751 credentium
684 3697 995 3751 multitudo
1043 3699 1203 3752 novit
1248 3715 1311 3752 se
1360 3699 1532 3752 fidem
1568 3699 1728 3752 Petri

101 3793 295 3851 Semper
322 3785 546 3840 debere
581 3785 781 3855 sequi,
819 3786 906 3838 sic
936 3787 994 3840 in
1028 3790 1374 3857 perpetuum
1403 3788 1731 3841 meminerit

102 3867 324 3935 ejusdem
354 3875 613 3928 nefaria:
650 3875 903 3928 haeresis
936 3877 1136 3930 virosa
1168 3878 1224 3929 et
1253 3876 1552 3929 mortifera
1585 3892 1730 3929 con-

101 3959 246 4012 sortia
265 3961 487 4034 fugere,
515 3963 583 4016 in
607 3964 781 4034 cujus
813 3965 999 4033 capite
1031 3967 1260 4018 constat
1282 3965 1541 4018 omnium
1563 3965 1730 4019 Chri-

107 4046 317 4103 stianum
330 4053 664 4120 principem
681 4053 1374 4123 maledictionisjaculum
1392 4054 1726 4107 intorsisse.

99 4131 210 4189 Haec
236 4153 362 4193 cum
392 4140 472 4194 ita
501 4140 648 4208 sint,
673 4142 1008 4212 quicunque
1038 4156 1144 4212 pro
1168 4157 1278 4196 suo
1302 4157 1483 4211 posse
1514 4142 1586 4195 ab
1619 4142 1725 4195 hu-

97 4219 176 4288 jus
193 4228 363 4293 pestis
394 4229 848 4299 impugnatione
875 4231 1230 4296 cessaverit,
1253 4243 1382 4284 cum
1415 4231 1652 4284 Simone
1675 4232 1729 4283 et

99 4309 204 4379 ejus
222 4318 583 4386 sequacibus
607 4319 932 4386 portionem
962 4320 1222 4388 habebit,
1245 4320 1474 4373 dicente
1499 4319 1562 4372 Β.
1584 4319 1727 4372 Grc-

102 4403 234 4468 gorio
257 4420 267 4457 :
297 4428 317 4451 u
339 4405 633 4477 Quisquis
657 4410 859 4461 contra
885 4407 1353 4462 Simeniacorum
1378 4408 1654 4462 haeresim
1673 4409 1730 4461 et

101 4485 503 4564 Neophytorum
537 4511 646 4565 pro
678 4496 858 4549 ofﬁcii
907 4499 998 4551 sui
1037 4499 1168 4551 loco
1202 4498 1583 4551 vehementer
1613 4512 1730 4550 non

100 4583 296 4649 asserit,
331 4599 466 4638 cum
499 4600 570 4638 eo
613 4598 680 4638 se
715 4600 832 4638 non
870 4585 1093 4640 dubitet
1126 4586 1346 4639 habere
1377 4583 1726 4656 portionem,

103 4666 181 4732 qui
202 4669 354 4735 prius
383 4673 500 4726 hoc
531 4672 835 4742 piaculare
864 4674 1151 4745 ﬂagitium
1182 4674 1494 4728 commisit.
1525 4693 1548 4723 »

153 4764 448 4824 Sciendum
481 4774 575 4824 est
608 4772 800 4824 autem
843 4771 999 4840 quod
1044 4769 1202 4823 aliud
1246 4773 1339 4823 est
1386 4769 1731 4823 haereticum

102 4865 229 4921 esse,
248 4857 394 4910 aliud
430 4857 901 4912 schismaticum.
927 4858 1229 4928 Siquidem
1257 4862 1367 4925 est,
1393 4859 1493 4928 qui
1527 4857 1730 4910 catho-

100 4936 204 4995 lica:
231 4942 514 5000 Ecclesiae
565 4947 738 5001 ﬁdem
785 4947 1091 5016 relinquit,
1136 4949 1192 5000 et
1238 4947 1332 5000 sui
1362 4947 1455 5000 vel
1487 4945 1730 5000 alterius

93 5027 289 5086 iet-roris
318 5035 475 5088 viam
498 5037 670 5106 sequi
693 5034 901 5107 diligit.
925 5034 1251 5105 Itemjuxta
1277 5035 1514 5088 beatum
1546 5034 1730 5087 Isido-

104 5127 234 5172 rum:
263 5144 281 5166 ιι
314 5121 421 5186 Qui
455 5139 687 5177 sacram
719 5122 1080 5192 Scripturam
1112 5124 1280 5178 aliter
1307 5123 1731 5192 interpretatur

104 5218 246 5270 Quam
262 5210 479 5282 ﬂagitat
502 5227 720 5266 sensus
739 5211 995 5282 Spiritus
1029 5213 1216 5266 sancti
1248 5226 1354 5281 per
1383 5226 1556 5282 quem
1581 5211 1730 5265 scri-

106 5294 180 5358 pta
207 5301 305 5366 est,
329 5299 465 5354 licet
497 5301 568 5353 ab
600 5299 870 5355 Ecclesia
899 5316 1016 5354 non
1045 5301 1386 5369 recesserit,
1408 5301 1726 5354 haereticus

106 5385 348 5451 appellari
383 5393 595 5458 potest.
635 5414 656 5436 η
690 5389 1120 5444 Schismaticus
1151 5405 1292 5444 vero
1328 5392 1418 5444 est
1449 5390 1549 5460 qui
1593 5391 1728 5460 qui-

105 5467 210 5525 dem
231 5479 438 5530 rectam
474 5494 540 5532 se
569 5478 834 5533 conﬁteri
864 5479 1040 5533 fidem
1065 5478 1322 5547 simulat,
1349 5479 1455 5533 sed
1485 5483 1726 5534 sancto-

107 5572 208 5612 rum
235 5563 462 5619 Patrum
510 5567 852 5621 traditiones
893 5568 1148 5636 superbe
1183 5568 1532 5636 contemnit,
1573 5572 1628 5622 et
1660 5584 1726 5622 se

109 5645 269 5718 aliqua
300 5655 698 5709 malevolentia
733 5656 803 5710 ab
834 5656 1051 5710 unitate
1083 5655 1371 5711 Ecclesiae
1404 5657 1636 5711 scindit.

159 5735 287 5793 Item
326 5741 494 5813 juxta
523 5745 801 5801 sanctum
832 5744 1234 5818 Augustinum
1276 5751 1350 5802 ;’«
1393 5743 1729 5803 Haeréticus

1837 2009 2194 2075 sequuntur;
2228 2023 2333 2060 eos
2354 2023 2493 2061 vero
2519 2007 2792 2061 omnibus
2822 2009 3014 2062 modis
3048 2025 3184 2062 esse
3211 2009 3503 2062 schisma-

1835 2094 2007 2164 ticos,
2044 2095 2143 2164 qui
2175 2097 2374 2148 contra
2409 2098 2788 2166 prmscriptas
2816 2097 3191 2150 auctoritates
3223 2098 3502 2167 apostoli-

1837 2197 2036 2235 carum
2068 2183 2316 2249 sodium,
2345 2187 2400 2237 et
2430 2188 2767 2238 sanctorum
2799 2186 3037 2239 Patrum
3071 2185 3204 2254 plus
3237 2202 3410 2255 quam
3431 2201 3501 2240 cc

1835 2271 2145 2339 pontifices
2177 2272 2235 2324 in
2269 2271 2537 2325 Ecclesia
2567 2273 2673 2324 Dei
2707 2273 2978 2326 ordinare
3012 2274 3290 2326 nituntur.

1913 2381 1934 2405 «ι
1970 2358 2400 2413 Schismaticus
2431 2376 2571 2413 vero
2620 2359 2786 2429 juxta
2837 2360 3267 2414 Antiochenum
3298 2360 3500 2414 conci-

1835 2448 1997 2516 lium,
2032 2449 2086 2502 si
2117 2450 2508 2516 permanserit
2547 2449 2752 2502 turbas
2801 2448 3027 2502 faciens
3075 2452 3131 2502 et
3177 2450 3500 2503 seditiones

1836 2536 2143 2606 Ecclesiae,
2160 2551 2266 2606 per
2286 2541 2599 2591 extraneas
2630 2540 2952 2605 potestates
2972 2541 3245 2607 tanquam
3269 2538 3503 2592 seditio-

1837 2641 1944 2678 sus
1976 2626 2453 2694 comprimendus
2486 2628 2594 2678 cst.
2628 2649 2647 2672 »ι
2669 2657 2738 2664 -
2760 2647 2780 2673 «
2816 2625 2994 2678 Multa
3026 2641 3298 2696 namque,
3334 2630 3395 2680 ut
3423 2625 3502 2680 ait

1837 2714 2414 2785 Augustinus,etiam
2430 2731 2562 2768 cum
2579 2715 2780 2767 invitis
2798 2714 3056 2786 benigna
3075 2715 3324 2784 quadam
3337 2731 3504 2785 aspe-

1834 2803 2002 2857 ritate
2019 2803 2344 2872 plectendis
2359 2803 2586 2874 agenda
2601 2806 2756 2871 sunt,
2775 2819 3028 2873 quorum
3046 2803 3241 2873 potius
3276 2803 3503 2858 utilitati

1838 2886 2266 2946 consulendum
2291 2895 2382 2944 est
2411 2907 2586 2961 quam
2605 2889 2907 2945 voluntati.
2937 2893 3084 2944 Nam
3102 2893 3162 2944 in
3181 2892 3502 2961 corripien-

1837 2979 1909 3033 do
1935 2978 2051 3033 ﬁlio
2075 2979 2395 3049 quamlibet
2426 2993 2656 3048 aspere,
2682 2995 2977 3050 nunquam
3000 2983 3192 3032 tamen
3215 2996 3380 3033 amor
3403 2995 3501 3049 pa-

1836 3072 2042 3122 ternus
2075 3069 2372 3121 amittitur.
2406 3068 2497 3121 Fit
2526 3071 2720 3122 tamen
2770 3069 2924 3138 quod
2977 3069 3156 3122 nollet
3186 3070 3248 3122 ut
3278 3067 3499 3136 doleat,

1837 3158 1938 3228 qui
1967 3157 2140 3210 etiam
2173 3157 2392 3209 invitus
2425 3156 2655 3209 videtur
2684 3157 2883 3209 dolere
2907 3156 3230 3209 sanandus.
3261 3176 3282 3203 »

1909 3247 2048 3298 Item
2073 3245 2350 3315 Pelagius
2372 3244 2681 3298 Valeriano
2705 3244 2948 3312 patricio
2971 3261 2982 3298 :
3005 3265 3026 3290 α
3056 3244 3184 3297 Non
3202 3244 3504 3314 persequi-

1834 3337 1951 3401 tur,
1986 3333 2102 3387 nisi
2135 3334 2234 3404 qui
2265 3333 2335 3386 ad
2368 3333 2583 3386 malum
2617 3334 2794 3404 cogit.
2829 3332 2936 3396 Qui
2966 3347 3110 3386 vero
3143 3333 3360 3386 malum
3408 3332 3502 3386 vel

1836 3423 2055 3476 factum
2077 3422 2202 3491 jam
2234 3422 2419 3490 punit,
2447 3421 2541 3474 vel
2575 3421 2844 3489 prohibet
2884 3437 2957 3476 ne
2995 3421 3112 3491 fiat,
3147 3437 3264 3476 non
3302 3436 3504 3490 perse-

1837 3512 2037 3581 quitur
2068 3511 2199 3579 iste,
2234 3510 2340 3564 sed
2372 3509 2584 3580 diligit.
2627 3510 2776 3563 Nam
2808 3509 2882 3577 si,
2915 3512 2977 3562 ut
3007 3510 3244 3580 quidam
3276 3513 3498 3581 putant,

1837 3615 2009 3653 nemo
2041 3615 2148 3652 nec
2181 3599 2592 3668 reprimendus
2624 3615 2656 3651 a
2691 3599 2862 3668 malo,
2884 3614 2993 3652 nec
3023 3599 3412 3653 retrahendus
3433 3599 3505 3652 ad

1837 3688 2058 3742 bonum
2091 3692 2211 3756 est,
2246 3687 2532 3741 humanas
2565 3702 2631 3741 ac
2663 3687 2894 3741 divinas
2925 3687 3095 3758 leges
3127 3702 3380 3741 necesse
3412 3691 3505 3741 est

1839 3776 2134 3844 evacuari,
2163 3793 2294 3846 quae
2326 3780 2381 3830 et
2411 3775 2581 3829 malis
2613 3791 2847 3843 poenam
2869 3775 3116 3829 etbonis
3147 3775 3501 3846 praemiaju-

1838 3865 1994 3918 stitia
2026 3864 2309 3918 suadente
2344 3865 2730 3917 constituunt.
2771 3864 2987 3917 Malum
3018 3867 3211 3918 autem
3242 3864 3506 3917 schisma

1838 3955 1930 4006 est
1962 3953 2135 4005 etiam
2167 3967 2275 4020 per
2301 3954 2617 4005 extraneas
2647 3955 2970 4020 potestates
2994 3954 3459 4022 Opprimendum.
3479 3975 3500 3999 »

1911 4051 2109 4118 Itaque
2143 4049 2215 4117 si,
2250 4053 2310 4102 ut
2340 4065 2413 4102 ex
2444 4049 2537 4102 his
2568 4053 2724 4117 patet
2755 4051 3119 4103 schismatici
3154 4068 3261 4118 per
3291 4054 3507 4105 extra-

1839 4153 1983 4192 neas
2005 4139 2328 4206 potestates
2360 4142 2498 4190 sunt
2529 4137 2916 4206 opprimendi,
2940 4140 3204 4207 nunquid
3236 4144 3291 4192 et
3317 4140 3505 4196 Simo.-

1839 4227 1990 4280 niaci
2025 4227 2097 4280 ab
2136 4227 2361 4280 eisdem
2410 4242 2527 4279 non
2578 4227 2716 4278 sunt
2767 4226 3187 4294 opprimendi?
3227 4227 3504 4297 Nunquid

1839 4317 2035 4370 minus
2066 4315 2449 4384 delinquunt?
2481 4314 2601 4367 Imo
2632 4313 2845 4383 magis.
2867 4313 3014 4366 Nam
3036 4314 3086 4366 si
3105 4314 3378 4369 Christus
3408 4317 3508 4370 Dei

1840 4404 2029 4458 Filius
2061 4407 2114 4457 et
2137 4404 2392 4473 Spiritus
2425 4402 2558 4472 ejus
2577 4405 2632 4455 et
2652 4403 2846 4455 Patris
2878 4417 2985 4471 per
3017 4403 3212 4456 omnia
3244 4404 3508 4473 aequales

1837 4496 1978 4546 sunt
2021 4493 2266 4547 Judaeus
2318 4494 2374 4546 et
2417 4491 2818 4559 Simoniacus,
2855 4491 2955 4560 qui
3002 4493 3316 4562 utrumque
3356 4507 3507 4546 ven-

1839 4582 2002 4650 dunt,
2037 4597 2212 4651 pares
2235 4597 2351 4634 non
2376 4581 2588 4634 erunt?
2619 4580 2763 4634 Item
2786 4595 2919 4634 cum
2951 4595 3025 4634 ex
3052 4580 3390 4649 praemissis
3414 4595 3512 4635 au-

1745 4654 1802 4717 Ῑ)
1836 4671 2209 4725 ctoritatibus
2224 4668 2884 4736 constet,Simoniacum
2905 4669 3269 4723 Paracletum
3287 4684 3505 4739 emere,

1835 4759 2107 4813 Judaeum
2157 4774 2299 4812 vero
2343 4758 2563 4828 liqueat
2606 4757 2907 4812 Christum
2954 4758 3206 4827 emisse,
3242 4758 3508 4828 nunquid

1835 4848 2130 4902 constabit
2159 4848 2404 4902 eosdem
2436 4847 2653 4901 malitia
2676 4849 2739 4901 et
2753 4847 2961 4901 merito
2994 4861 3170 4916 pares
3201 4845 3507 4901 habendos

1839 4938 2019 4990 esse?
2051 4936 2121 4989 Et
2150 4937 2388 5006 quidem
2417 4936 2495 4990 ita
2526 4937 2780 4990 videtur.

1913 5036 2077 5088 Patet
2106 5036 2302 5105 itaque
2331 5034 2923 5100 Simoniaeos,veluti
2951 5032 3176 5104 primos
3207 5033 3265 5085 et
3291 5031 3508 5100 praeci-

1841 5139 1992 5194 puos
2010 5123 2350 5193 haereticos,
2368 5125 2441 5178 ab
2455 5124 2732 5178 omnibus
2752 5122 3027 5176 ﬁdelibus
3041 5121 3436 5190 respuendos,
3453 5123 3510 5174 et

1840 5213 1894 5265 si
1924 5214 2260 5267 commoniti
2289 5229 2402 5268 non
2435 5213 2810 5281 resipuerint,
2843 5211 3014 5264 etiam
3046 5209 3120 5263 ab
3153 5209 3374 5263 exteris
3405 5225 3506 5278 po-

1840 5302 2156 5355 testatibus
2187 5301 2630 5372 opprimendos.
2661 5321 2683 5350 «
2716 5299 3049 5353 Verendum
3081 5299 3298 5369 quippe
3319 5301 3430 5365 est,
3447 5300 3510 5351 ut

1837 5390 1914 5444 ait
1945 5390 2604 5461 Gregorius,quemque
2635 5404 2742 5459 pro
2775 5403 2886 5442 suo
2919 5388 3116 5443 ofﬁcio
3142 5392 3198 5441 et
3217 5388 3348 5442 loco
3371 5402 3510 5440 con-

1833 5482 1922 5534 tra
1947 5480 2188 5534 eosdem
2211 5479 2592 5533 vehementer
2616 5493 2732 5532 non
2764 5477 3167 5542 inardescere,
3184 5491 3510 5546 eorumque

1834 5569 2180 5623 detestanda
2202 5568 2388 5622 errori
2405 5568 2543 5621 totis
2569 5567 2949 5636 nisibus,non
2963 5566 3224 5619 obviare.
3249 5587 3268 5612 η
3283 5586 3303 5615 α
3323 5564 3510 5618 Error

1831 5673 2102 5729 namque,
2129 5662 2189 5710 ut
2221 5657 2298 5710 ait
2331 5657 2704 5710 Innocentius
2722 5673 2890 5725 papa,
2917 5656 3013 5708 cui
3035 5672 3150 5710 non
3179 5653 3505 5722 resistitur,

1833 5747 2208 5817 approbatur,
2222 5748 2280 5802 et
2301 5744 2523 5801 veritas
2538 5757 2673 5802 cum
2689 5746 2932 5802 minime
2945 5741 3484 5814 defensaturoppri
3495 5772 3517 5788 η
