  <div class='ocr_page' id='page_1' title='image "/cluster/home/n/w/nwhite01/storage/ocr_20150623/149/hvd.32044054760079/243.png"; bbox 0 0 3948 6168; ppageno 0'>
   <div class='ocr_carea' id='block_1_1' title="bbox 465 348 587 412">
    <p class='ocr_par' dir='ltr' id='par_1_1' title="bbox 465 348 587 412">
     <span class='ocr_line' id='line_1_1' title="bbox 465 348 587 412; baseline -0.008 0"><span class='ocrx_word' id='word_1_1' title='bbox 465 348 587 412; x_wconf 80' lang='lat'><strong>475</strong></span> 
     </span>
    </p>
   </div>
   <div class='ocr_carea' id='block_1_2' title="bbox 1485 347 2883 415">
    <p class='ocr_par' dir='ltr' id='par_1_2' title="bbox 1485 347 2883 415">
     <span class='ocr_line' id='line_1_2' title="bbox 1485 347 2883 415; baseline 0.004 -6"><span class='ocrx_word' id='word_1_2' title='bbox 1485 347 1549 409; x_wconf 88' lang='lat' dir='ltr'>S.</span> <span class='ocrx_word' id='word_1_3' title='bbox 1599 347 1978 412; x_wconf 88' lang='lat' dir='ltr'>ANSELMI</span> <span class='ocrx_word' id='word_1_4' title='bbox 2023 349 2431 414; x_wconf 85' lang='lat' dir='ltr'>LUCENSIS</span> <span class='ocrx_word' id='word_1_5' title='bbox 2471 351 2883 415; x_wconf 89' lang='lat' dir='ltr'>EPISCOPI.</span> 
     </span>
    </p>
   </div>
   <div class='ocr_carea' id='block_1_3' title="bbox 3730 361 3824 423">
    <p class='ocr_par' dir='ltr' id='par_1_3' title="bbox 3730 361 3824 423">
     <span class='ocr_line' id='line_1_3' title="bbox 3730 361 3824 423; baseline 0.021 -2"><span class='ocrx_word' id='word_1_6' title='bbox 3730 361 3824 423; x_wconf 81' lang='grc'>476</span> 
     </span>
    </p>
   </div>
   <div class='ocr_carea' id='block_1_4' title="bbox 466 530 3821 626">
    <p class='ocr_par' dir='ltr' id='par_1_4' title="bbox 466 530 3821 626">
     <span class='ocr_line' id='line_1_4' title="bbox 466 530 3821 626; baseline 0.004 -24"><span class='ocrx_word' id='word_1_7' title='bbox 466 547 662 603; x_wconf 86' lang='lat' dir='ltr'>mitur.</span> <span class='ocrx_word' id='word_1_8' title='bbox 688 530 719 597; x_wconf 61' lang='grc' dir='ltr'>ἶ</span> <span class='ocrx_word' id='word_1_9' title='bbox 744 548 884 603; x_wconf 90' lang='lat' dir='ltr'>[tem</span> <span class='ocrx_word' id='word_1_10' title='bbox 912 548 1086 602; x_wconf 91' lang='lat' dir='ltr'>idem.</span> <span class='ocrx_word' id='word_1_11' title='bbox 1111 569 1134 599; x_wconf 73' lang='grc' dir='ltr'>ι</span> <span class='ocrx_word' id='word_1_12' title='bbox 1163 548 1483 620; x_wconf 87' lang='lat' dir='ltr'>Negligere</span> <span class='ocrx_word' id='word_1_13' title='bbox 1511 547 1725 620; x_wconf 89' lang='lat' dir='ltr'>quippe</span> <span class='ocrx_word' id='word_1_14' title='bbox 1759 564 1891 603; x_wconf 92' lang='lat' dir='ltr'>cum</span> <span class='ocrx_word' id='word_1_15' title='bbox 1921 550 2125 620; x_wconf 87' lang='lat' dir='ltr'>possis</span> <span class='ocrx_word' id='word_1_16' title='bbox 2161 533 2199 593; x_wconf 82' lang='grc' dir='ltr'>Α</span> <span class='ocrx_word' id='word_1_17' title='bbox 2229 550 2526 621; x_wconf 80' lang='lat' dir='ltr'>superbiae</span> <span class='ocrx_word' id='word_1_18' title='bbox 2574 552 2904 606; x_wconf 80' lang='lat' dir='ltr'>contumaci</span> <span class='ocrx_word' id='word_1_19' title='bbox 2938 552 3316 626; x_wconf 81' lang='lat' dir='ltr'>delinquitur,</span> <span class='ocrx_word' id='word_1_20' title='bbox 3365 554 3629 625; x_wconf 90' lang='lat' dir='ltr'>optimum</span> <span class='ocrx_word' id='word_1_21' title='bbox 3668 563 3745 613; x_wconf 87' lang='lat' dir='ltr'>est</span> <span class='ocrx_word' id='word_1_22' title='bbox 3774 565 3821 616; x_wconf 91' lang='lat' dir='ltr'>ut</span> 
     </span>
    </p>
   </div>
   <div class='ocr_carea' id='block_1_5' title="bbox 466 635 2125 710">
    <p class='ocr_par' dir='ltr' id='par_1_5' title="bbox 466 635 2125 710">
     <span class='ocr_line' id='line_1_5' title="bbox 466 635 2125 710; baseline 0.002 -21"><span class='ocrx_word' id='word_1_23' title='bbox 466 635 779 691; x_wconf 84' lang='lat' dir='ltr'>deturbare</span> <span class='ocrx_word' id='word_1_24' title='bbox 827 651 1180 707; x_wconf 83' lang='lat' dir='ltr'>perversos,</span> <span class='ocrx_word' id='word_1_25' title='bbox 1232 637 1375 691; x_wconf 83' lang='lat' dir='ltr'>nihil</span> <span class='ocrx_word' id='word_1_26' title='bbox 1431 641 1523 692; x_wconf 92' lang='lat' dir='ltr'>est</span> <span class='ocrx_word' id='word_1_27' title='bbox 1578 637 1735 692; x_wconf 83' lang='lat' dir='ltr'>aliud</span> <span class='ocrx_word' id='word_1_28' title='bbox 1784 654 1960 710; x_wconf 88' lang='lat' dir='ltr'>quam</span> <span class='ocrx_word' id='word_1_29' title='bbox 2015 638 2125 693; x_wconf 91' lang='lat' dir='ltr'>fo-</span> 
     </span>
    </p>
   </div>
   <div class='ocr_carea' id='block_1_6' title="bbox 463 740 1958 780">
    <p class='ocr_par' dir='ltr' id='par_1_6' title="bbox 463 740 1958 780">
     <span class='ocr_line' id='line_1_6' title="bbox 463 740 1958 780; baseline -0.001 -3"><span class='ocrx_word' id='word_1_30' title='bbox 463 740 628 780; x_wconf 89' lang='lat' dir='ltr'>vere.</span> <span class='ocrx_word' id='word_1_31' title='bbox 666 748 687 773; x_wconf 71' lang='grc' dir='ltr'>»ο</span> <span class='ocrx_word' id='word_1_32' title='bbox 1952 770 1958 775; x_wconf 91' lang='grc'><strong>.</strong></span> 
     </span>
    </p>
   </div>
   <div class='ocr_carea' id='block_1_7' title="bbox 537 812 2123 885">
    <p class='ocr_par' dir='ltr' id='par_1_7' title="bbox 537 812 2123 885">
     <span class='ocr_line' id='line_1_7' title="bbox 537 812 2123 885; baseline 0.004 -20"><span class='ocrx_word' id='word_1_33' title='bbox 537 812 910 883; x_wconf 77' lang='lat' dir='ltr'>Augustinus</span> <span class='ocrx_word' id='word_1_34' title='bbox 954 828 965 867; x_wconf 90' lang='lat'>:</span> <span class='ocrx_word' id='word_1_35' title='bbox 1012 835 1033 859; x_wconf 84' lang='lat'><strong>«</strong></span> <span class='ocrx_word' id='word_1_36' title='bbox 1068 812 1351 885; x_wconf 88' lang='lat' dir='ltr'>Quisquis</span> <span class='ocrx_word' id='word_1_37' title='bbox 1381 816 1539 868; x_wconf 89' lang='lat' dir='ltr'>metu</span> <span class='ocrx_word' id='word_1_38' title='bbox 1569 814 1891 885; x_wconf 82' lang='lat' dir='ltr'>cujuslibet</span> <span class='ocrx_word' id='word_1_39' title='bbox 1920 820 2123 884; x_wconf 87' lang='lat' dir='ltr'>potes-</span> 
     </span>
    </p>
   </div>
   <div class='ocr_carea' id='block_1_8' title="bbox 465 899 2120 973">
    <p class='ocr_par' dir='ltr' id='par_1_8' title="bbox 465 899 2120 973">
     <span class='ocr_line' id='line_1_8' title="bbox 465 899 2120 973; baseline 0.003 -20"><span class='ocrx_word' id='word_1_40' title='bbox 465 899 600 954; x_wconf 80' lang='lat' dir='ltr'>tatis</span> <span class='ocrx_word' id='word_1_41' title='bbox 620 901 922 955; x_wconf 81' lang='lat' dir='ltr'>veritatem</span> <span class='ocrx_word' id='word_1_42' title='bbox 940 901 1210 970; x_wconf 82' lang='lat' dir='ltr'>occultat,</span> <span class='ocrx_word' id='word_1_43' title='bbox 1232 903 1378 955; x_wconf 91' lang='lat' dir='ltr'>iram</span> <span class='ocrx_word' id='word_1_44' title='bbox 1400 902 1504 956; x_wconf 92' lang='lat' dir='ltr'>Dei</span> <span class='ocrx_word' id='word_1_45' title='bbox 1529 918 1711 972; x_wconf 81' lang='lat' dir='ltr'>super</span> <span class='ocrx_word' id='word_1_46' title='bbox 1732 919 1797 957; x_wconf 91' lang='lat' dir='ltr'>se</span> <span class='ocrx_word' id='word_1_47' title='bbox 1819 907 2120 973; x_wconf 81' lang='lat' dir='ltr'>provocat,</span> 
     </span>
    </p>
   </div>
   <div class='ocr_carea' id='block_1_9' title="bbox 465 989 1833 1061">
    <p class='ocr_par' dir='ltr' id='par_1_9' title="bbox 465 989 1833 1061">
     <span class='ocr_line' id='line_1_9' title="bbox 465 989 1833 1061; baseline 0.003 -20"><span class='ocrx_word' id='word_1_48' title='bbox 465 989 597 1059; x_wconf 86' lang='lat' dir='ltr'>quia</span> <span class='ocrx_word' id='word_1_49' title='bbox 630 990 825 1060; x_wconf 90' lang='lat' dir='ltr'>magis</span> <span class='ocrx_word' id='word_1_50' title='bbox 853 991 1013 1044; x_wconf 86' lang='lat' dir='ltr'>timet</span> <span class='ocrx_word' id='word_1_51' title='bbox 1043 990 1339 1045; x_wconf 86' lang='lat' dir='ltr'>hominem</span> <span class='ocrx_word' id='word_1_52' title='bbox 1370 1007 1545 1061; x_wconf 89' lang='lat' dir='ltr'>quam</span> <span class='ocrx_word' id='word_1_53' title='bbox 1577 992 1782 1046; x_wconf 90' lang='lat' dir='ltr'>Deum.</span> <span class='ocrx_word' id='word_1_54' title='bbox 1812 1014 1833 1039; x_wconf 79' lang='grc' dir='ltr'>ι·</span> 
     </span>
    </p>
   </div>
   <div class='ocr_carea' id='block_1_10' title="bbox 535 1077 2125 1148">
    <p class='ocr_par' dir='ltr' id='par_1_10' title="bbox 535 1077 2125 1148">
     <span class='ocr_line' id='line_1_10' title="bbox 535 1077 2125 1148; baseline 0.003 -17"><span class='ocrx_word' id='word_1_55' title='bbox 535 1078 926 1133; x_wconf 86' lang='lat' dir='ltr'>Ambrosius:</span> <span class='ocrx_word' id='word_1_56' title='bbox 957 1100 979 1125; x_wconf 75' lang='grc' dir='ltr'>ιι</span> <span class='ocrx_word' id='word_1_57' title='bbox 1003 1077 1350 1133; x_wconf 88' lang='lat' dir='ltr'>Consentire</span> <span class='ocrx_word' id='word_1_58' title='bbox 1373 1082 1484 1148; x_wconf 92' lang='lat' dir='ltr'>est,</span> <span class='ocrx_word' id='word_1_59' title='bbox 1500 1096 1615 1134; x_wconf 90' lang='lat' dir='ltr'>non</span> <span class='ocrx_word' id='word_1_60' title='bbox 1650 1080 1843 1134; x_wconf 91' lang='lat' dir='ltr'>solum</span> <span class='ocrx_word' id='word_1_61' title='bbox 1868 1081 2125 1135; x_wconf 85' lang='lat' dir='ltr'>scienter</span> 
     </span>
    </p>
   </div>
   <div class='ocr_carea' id='block_1_11' title="bbox 462 1167 2123 1240">
    <p class='ocr_par' dir='ltr' id='par_1_11' title="bbox 462 1167 2123 1240">
     <span class='ocr_line' id='line_1_11' title="bbox 462 1167 2123 1240; baseline 0.002 -20"><span class='ocrx_word' id='word_1_62' title='bbox 462 1167 615 1220; x_wconf 90' lang='lat' dir='ltr'>mala</span> <span class='ocrx_word' id='word_1_63' title='bbox 646 1167 771 1221; x_wconf 83' lang='lat' dir='ltr'>fieri</span> <span class='ocrx_word' id='word_1_64' title='bbox 801 1168 1165 1237; x_wconf 89' lang='lat' dir='ltr'>permittere,</span> <span class='ocrx_word' id='word_1_65' title='bbox 1187 1169 1294 1223; x_wconf 89' lang='lat' dir='ltr'>sed</span> <span class='ocrx_word' id='word_1_66' title='bbox 1317 1170 1489 1222; x_wconf 91' lang='lat' dir='ltr'>etiam</span> <span class='ocrx_word' id='word_1_67' title='bbox 1514 1168 1819 1223; x_wconf 90' lang='lat' dir='ltr'>malefacta</span> <span class='ocrx_word' id='word_1_68' title='bbox 1845 1185 1962 1224; x_wconf 87' lang='lat' dir='ltr'>non</span> <span class='ocrx_word' id='word_1_69' title='bbox 1992 1185 2123 1240; x_wconf 90' lang='lat' dir='ltr'>per-</span> 
     </span>
    </p>
   </div>
   <div class='ocr_carea' id='block_1_12' title="bbox 464 1256 706 1325">
    <p class='ocr_par' dir='ltr' id='par_1_12' title="bbox 464 1256 706 1325">
     <span class='ocr_line' id='line_1_12' title="bbox 464 1256 706 1325; baseline -0.017 -17"><span class='ocrx_word' id='word_1_70' title='bbox 464 1256 655 1325; x_wconf 87' lang='lat' dir='ltr'>sequi.</span> <span class='ocrx_word' id='word_1_71' title='bbox 686 1278 706 1303; x_wconf 79' lang='grc' dir='ltr'><strong><em>η</em></strong></span> 
     </span>
    </p>
   </div>
   <div class='ocr_carea' id='block_1_13' title="bbox 531 1343 2124 1417">
    <p class='ocr_par' dir='ltr' id='par_1_13' title="bbox 531 1343 2124 1417">
     <span class='ocr_line' id='line_1_13' title="bbox 531 1343 2124 1417; baseline 0.002 -19"><span class='ocrx_word' id='word_1_72' title='bbox 531 1343 857 1415; x_wconf 77' lang='lat' dir='ltr'>Gregorius</span> <span class='ocrx_word' id='word_1_73' title='bbox 883 1361 895 1399; x_wconf 90' lang='lat'>:</span> <span class='ocrx_word' id='word_1_74' title='bbox 923 1366 944 1393; x_wconf 82' lang='lat'><strong>«</strong></span> <span class='ocrx_word' id='word_1_75' title='bbox 964 1343 1073 1408; x_wconf 89' lang='lat' dir='ltr'>Qui</span> <span class='ocrx_word' id='word_1_76' title='bbox 1090 1360 1206 1400; x_wconf 88' lang='lat' dir='ltr'>non</span> <span class='ocrx_word' id='word_1_77' title='bbox 1228 1346 1475 1417; x_wconf 83' lang='lat' dir='ltr'>corrigit</span> <span class='ocrx_word' id='word_1_78' title='bbox 1497 1348 1842 1413; x_wconf 90' lang='lat' dir='ltr'>resecanda,</span> <span class='ocrx_word' id='word_1_79' title='bbox 1861 1348 2124 1401; x_wconf 84' lang='lat' dir='ltr'>commit-</span> 
     </span>
    </p>
   </div>
   <div class='ocr_carea' id='block_1_14' title="bbox 460 1432 2123 1507">
    <p class='ocr_par' dir='ltr' id='par_1_14' title="bbox 460 1432 2123 1507">
     <span class='ocr_line' id='line_1_14' title="bbox 460 1432 2123 1507; baseline 0.004 -23"><span class='ocrx_word' id='word_1_80' title='bbox 460 1432 545 1485; x_wconf 89' lang='lat' dir='ltr'>tit.</span> <span class='ocrx_word' id='word_1_81' title='bbox 581 1456 602 1479; x_wconf 78' lang='lat'><strong>»</strong></span> <span class='ocrx_word' id='word_1_82' title='bbox 640 1432 785 1486; x_wconf 89' lang='lat' dir='ltr'>Item</span> <span class='ocrx_word' id='word_1_83' title='bbox 812 1433 870 1486; x_wconf 91' lang='lat' dir='ltr'>in</span> <span class='ocrx_word' id='word_1_84' title='bbox 903 1433 1261 1488; x_wconf 90' lang='lat' dir='ltr'>Moralibus:</span> <span class='ocrx_word' id='word_1_85' title='bbox 1291 1455 1313 1485; x_wconf 71' lang='grc' dir='ltr'><strong>α</strong></span> <span class='ocrx_word' id='word_1_86' title='bbox 1350 1435 1704 1505; x_wconf 89' lang='lat' dir='ltr'>Plerumque</span> <span class='ocrx_word' id='word_1_87' title='bbox 1735 1438 1920 1506; x_wconf 89' lang='lat' dir='ltr'>quieti</span> <span class='ocrx_word' id='word_1_88' title='bbox 1949 1440 2123 1507; x_wconf 90' lang='lat' dir='ltr'>atque</span> 
     </span>
    </p>
   </div>
   <div class='ocr_carea' id='block_1_15' title="bbox 458 1520 2125 1595">
    <p class='ocr_par' dir='ltr' id='par_1_15' title="bbox 458 1520 2125 1595">
     <span class='ocr_line' id='line_1_15' title="bbox 458 1520 2125 1595; baseline 0.002 -22"><span class='ocrx_word' id='word_1_89' title='bbox 458 1520 806 1575; x_wconf 88' lang='lat' dir='ltr'>inconcussi</span> <span class='ocrx_word' id='word_1_90' title='bbox 835 1521 1242 1591; x_wconf 87' lang='lat' dir='ltr'>relinquimur,</span> <span class='ocrx_word' id='word_1_91' title='bbox 1259 1522 1313 1577; x_wconf 91' lang='lat' dir='ltr'>si</span> <span class='ocrx_word' id='word_1_92' title='bbox 1335 1523 1574 1577; x_wconf 90' lang='lat' dir='ltr'>obviare</span> <span class='ocrx_word' id='word_1_93' title='bbox 1597 1524 1799 1592; x_wconf 85' lang='lat' dir='ltr'>pravis</span> <span class='ocrx_word' id='word_1_94' title='bbox 1823 1541 1926 1593; x_wconf 86' lang='lat' dir='ltr'>pro</span> <span class='ocrx_word' id='word_1_95' title='bbox 1953 1525 2125 1595; x_wconf 78' lang='lat' dir='ltr'>justi-</span> 
     </span>
    </p>
   </div>
   <div class='ocr_carea' id='block_1_16' title="bbox 458 1608 2124 1669">
    <p class='ocr_par' dir='ltr' id='par_1_16' title="bbox 458 1608 2124 1669">
     <span class='ocr_line' id='line_1_16' title="bbox 458 1608 2124 1669; baseline 0.003 -8"><span class='ocrx_word' id='word_1_96' title='bbox 458 1608 536 1662; x_wconf 87' lang='lat' dir='ltr'>tia</span> <span class='ocrx_word' id='word_1_97' title='bbox 565 1624 683 1662; x_wconf 91' lang='lat' dir='ltr'>non</span> <span class='ocrx_word' id='word_1_98' title='bbox 713 1624 1013 1663; x_wconf 88' lang='lat' dir='ltr'>curamus.</span> <span class='ocrx_word' id='word_1_99' title='bbox 1031 1610 1146 1665; x_wconf 92' lang='lat' dir='ltr'>Sed</span> <span class='ocrx_word' id='word_1_100' title='bbox 1170 1611 1222 1664; x_wconf 93' lang='lat' dir='ltr'>si</span> <span class='ocrx_word' id='word_1_101' title='bbox 1244 1610 1316 1663; x_wconf 91' lang='lat' dir='ltr'>ad</span> <span class='ocrx_word' id='word_1_102' title='bbox 1339 1615 1576 1665; x_wconf 85' lang='lat' dir='ltr'>aeternae</span> <span class='ocrx_word' id='word_1_103' title='bbox 1601 1612 1736 1665; x_wconf 87' lang='lat' dir='ltr'>vitae</span> <span class='ocrx_word' id='word_1_104' title='bbox 1762 1612 2124 1669; x_wconf 71' lang='lat' dir='ltr'>desiderium</span> 
     </span>
    </p>
   </div>
   <div class='ocr_carea' id='block_1_17' title="bbox 459 1697 2121 1770">
    <p class='ocr_par' dir='ltr' id='par_1_17' title="bbox 459 1697 2121 1770">
     <span class='ocr_line' id='line_1_17' title="bbox 459 1697 2121 1770; baseline 0.002 -21"><span class='ocrx_word' id='word_1_105' title='bbox 459 1697 692 1750; x_wconf 90' lang='lat' dir='ltr'>animus</span> <span class='ocrx_word' id='word_1_106' title='bbox 732 1699 981 1767; x_wconf 83' lang='lat' dir='ltr'>exarsit,</span> <span class='ocrx_word' id='word_1_107' title='bbox 1020 1699 1074 1751; x_wconf 93' lang='lat' dir='ltr'>si</span> <span class='ocrx_word' id='word_1_108' title='bbox 1119 1714 1325 1753; x_wconf 91' lang='lat' dir='ltr'>verum</span> <span class='ocrx_word' id='word_1_109' title='bbox 1356 1699 1555 1753; x_wconf 90' lang='lat' dir='ltr'>lumen</span> <span class='ocrx_word' id='word_1_110' title='bbox 1595 1700 1718 1770; x_wconf 86' lang='lat' dir='ltr'>jam</span> <span class='ocrx_word' id='word_1_111' title='bbox 1759 1701 2121 1754; x_wconf 85' lang='lat' dir='ltr'>intrinsecus</span> 
     </span>
    </p>
   </div>
   <div class='ocr_carea' id='block_1_18' title="bbox 458 1785 2119 1859">
    <p class='ocr_par' dir='ltr' id='par_1_18' title="bbox 458 1785 2119 1859">
     <span class='ocr_line' id='line_1_18' title="bbox 458 1785 2119 1859; baseline 0.003 -21"><span class='ocrx_word' id='word_1_112' title='bbox 458 1785 732 1855; x_wconf 88' lang='lat' dir='ltr'>respicit,</span> <span class='ocrx_word' id='word_1_113' title='bbox 762 1786 813 1839; x_wconf 89' lang='lat' dir='ltr'>si</span> <span class='ocrx_word' id='word_1_114' title='bbox 846 1785 905 1838; x_wconf 92' lang='lat' dir='ltr'>in</span> <span class='ocrx_word' id='word_1_115' title='bbox 940 1801 1006 1840; x_wconf 91' lang='lat' dir='ltr'>se</span> <span class='ocrx_word' id='word_1_116' title='bbox 1037 1787 1267 1840; x_wconf 88' lang='lat' dir='ltr'>flamma</span> <span class='ocrx_word' id='word_1_117' title='bbox 1300 1788 1487 1841; x_wconf 90' lang='lat' dir='ltr'>sancti</span> <span class='ocrx_word' id='word_1_118' title='bbox 1534 1788 1792 1842; x_wconf 85' lang='lat' dir='ltr'>fervoris</span> <span class='ocrx_word' id='word_1_119' title='bbox 1824 1791 2119 1859; x_wconf 80' lang='lat' dir='ltr'>accendit,</span> 
     </span>
    </p>
   </div>
   <div class='ocr_carea' id='block_1_19' title="bbox 460 1872 2118 1948">
    <p class='ocr_par' dir='ltr' id='par_1_19' title="bbox 460 1872 2118 1948">
     <span class='ocr_line' id='line_1_19' title="bbox 460 1872 2118 1948; baseline 0.004 -24"><span class='ocrx_word' id='word_1_120' title='bbox 460 1872 520 1925; x_wconf 91' lang='lat' dir='ltr'>in</span> <span class='ocrx_word' id='word_1_121' title='bbox 550 1877 830 1942; x_wconf 89' lang='lat' dir='ltr'>quantum</span> <span class='ocrx_word' id='word_1_122' title='bbox 852 1874 1021 1928; x_wconf 94' lang='lat' dir='ltr'>locus</span> <span class='ocrx_word' id='word_1_123' title='bbox 1044 1875 1310 1940; x_wconf 86' lang='lat' dir='ltr'>admittit,</span> <span class='ocrx_word' id='word_1_124' title='bbox 1328 1876 1386 1928; x_wconf 88' lang='lat' dir='ltr'>in</span> <span class='ocrx_word' id='word_1_125' title='bbox 1409 1878 1689 1945; x_wconf 84' lang='lat' dir='ltr'>quantum</span> <span class='ocrx_word' id='word_1_126' title='bbox 1712 1892 1893 1931; x_wconf 89' lang='lat' dir='ltr'>causa</span> <span class='ocrx_word' id='word_1_127' title='bbox 1915 1879 2118 1948; x_wconf 83' lang='lat' dir='ltr'>exigit,</span> 
     </span>
    </p>
   </div>
   <div class='ocr_carea' id='block_1_20' title="bbox 460 1960 2121 2036">
    <p class='ocr_par' dir='ltr' id='par_1_20' title="bbox 460 1960 2121 2036">
     <span class='ocr_line' id='line_1_20' title="bbox 460 1960 2121 2036; baseline 0.005 -23"><span class='ocrx_word' id='word_1_128' title='bbox 460 1960 747 2014; x_wconf 88' lang='lat' dir='ltr'>debemus</span> <span class='ocrx_word' id='word_1_129' title='bbox 811 1977 918 2031; x_wconf 89' lang='lat' dir='ltr'>pro</span> <span class='ocrx_word' id='word_1_130' title='bbox 989 1962 1336 2017; x_wconf 86' lang='lat' dir='ltr'>defensione</span> <span class='ocrx_word' id='word_1_131' title='bbox 1401 1962 1653 2034; x_wconf 65' lang='lat' dir='ltr'>justitim</span> <span class='ocrx_word' id='word_1_132' title='bbox 1719 1966 2121 2036; x_wconf 89' lang='lat' dir='ltr'>nosmetipsos</span> 
     </span>
    </p>
   </div>
   <div class='ocr_carea' id='block_1_21' title="bbox 462 2047 2121 2124">
    <p class='ocr_par' dir='ltr' id='par_1_21' title="bbox 462 2047 2121 2124">
     <span class='ocr_line' id='line_1_21' title="bbox 462 2047 2121 2124; baseline 0.004 -22"><span class='ocrx_word' id='word_1_133' title='bbox 462 2047 727 2119; x_wconf 82' lang='lat' dir='ltr'>objicere</span> <span class='ocrx_word' id='word_1_134' title='bbox 747 2091 761 2116; x_wconf 93' lang='lat'>,</span> <span class='ocrx_word' id='word_1_135' title='bbox 796 2053 854 2104; x_wconf 93' lang='lat' dir='ltr'>et</span> <span class='ocrx_word' id='word_1_136' title='bbox 879 2051 1183 2119; x_wconf 83' lang='lat' dir='ltr'>perversis</span> <span class='ocrx_word' id='word_1_137' title='bbox 1233 2051 1305 2104; x_wconf 89' lang='lat' dir='ltr'>ad</span> <span class='ocrx_word' id='word_1_138' title='bbox 1347 2051 1569 2122; x_wconf 83' lang='lat' dir='ltr'>injuste</span> <span class='ocrx_word' id='word_1_139' title='bbox 1599 2055 2121 2124; x_wconf 85' lang='lat' dir='ltr'>prorumpentibus</span> 
     </span>
    </p>
   </div>
   <div class='ocr_carea' id='block_1_22' title="bbox 461 2137 2120 2210">
    <p class='ocr_par' dir='ltr' id='par_1_22' title="bbox 461 2137 2120 2210">
     <span class='ocr_line' id='line_1_22' title="bbox 461 2137 2120 2210; baseline 0.004 -19"><span class='ocrx_word' id='word_1_140' title='bbox 461 2137 633 2191; x_wconf 89' lang='lat' dir='ltr'>etiam</span> <span class='ocrx_word' id='word_1_141' title='bbox 657 2153 789 2191; x_wconf 90' lang='lat' dir='ltr'>cum</span> <span class='ocrx_word' id='word_1_142' title='bbox 810 2139 883 2192; x_wconf 86' lang='lat' dir='ltr'>ab</span> <span class='ocrx_word' id='word_1_143' title='bbox 914 2141 1003 2193; x_wconf 91' lang='lat' dir='ltr'>eis</span> <span class='ocrx_word' id='word_1_144' title='bbox 1033 2156 1150 2193; x_wconf 88' lang='lat' dir='ltr'>non</span> <span class='ocrx_word' id='word_1_145' title='bbox 1182 2140 1505 2210; x_wconf 75' lang='lat' dir='ltr'>quaerimur</span> <span class='ocrx_word' id='word_1_146' title='bbox 1533 2141 1794 2196; x_wconf 88' lang='lat' dir='ltr'>obviare.</span> <span class='ocrx_word' id='word_1_147' title='bbox 1818 2143 1965 2197; x_wconf 89' lang='lat' dir='ltr'>Nam</span> <span class='ocrx_word' id='word_1_148' title='bbox 1990 2160 2120 2198; x_wconf 91' lang='lat' dir='ltr'>cum</span> 
     </span>
    </p>
   </div>
   <div class='ocr_carea' id='block_1_23' title="bbox 449 2224 2122 2300">
    <p class='ocr_par' dir='ltr' id='par_1_23' title="bbox 449 2224 2122 2300">
     <span class='ocr_line' id='line_1_23' title="bbox 449 2224 2122 2300; baseline 0.004 -22"><span class='ocrx_word' id='word_1_149' title='bbox 449 2224 743 2296; x_wconf 82' lang='lat' dir='ltr'>justitiam</span> <span class='ocrx_word' id='word_1_150' title='bbox 787 2244 962 2297; x_wconf 89' lang='lat' dir='ltr'>quam</span> <span class='ocrx_word' id='word_1_151' title='bbox 1007 2244 1116 2282; x_wconf 91' lang='lat' dir='ltr'>nos</span> <span class='ocrx_word' id='word_1_152' title='bbox 1159 2244 1425 2283; x_wconf 91' lang='lat' dir='ltr'>amamus</span> <span class='ocrx_word' id='word_1_153' title='bbox 1454 2230 1514 2282; x_wconf 90' lang='lat' dir='ltr'>in</span> <span class='ocrx_word' id='word_1_154' title='bbox 1546 2229 1679 2283; x_wconf 92' lang='lat' dir='ltr'>aliis</span> <span class='ocrx_word' id='word_1_155' title='bbox 1717 2230 1967 2300; x_wconf 90' lang='lat' dir='ltr'>feriunt,</span> <span class='ocrx_word' id='word_1_156' title='bbox 2011 2248 2122 2286; x_wconf 90' lang='lat' dir='ltr'>nos</span> 
     </span>
    </p>
   </div>
   <div class='ocr_carea' id='block_1_24' title="bbox 457 2314 2119 2386">
    <p class='ocr_par' dir='ltr' id='par_1_24' title="bbox 457 2314 2119 2386">
     <span class='ocr_line' id='line_1_24' title="bbox 457 2314 2119 2386; baseline 0.004 -19"><span class='ocrx_word' id='word_1_157' title='bbox 457 2314 840 2370; x_wconf 89' lang='lat' dir='ltr'>nihilominus</span> <span class='ocrx_word' id='word_1_158' title='bbox 883 2332 991 2370; x_wconf 91' lang='lat' dir='ltr'>sua</span> <span class='ocrx_word' id='word_1_159' title='bbox 1035 2318 1426 2386; x_wconf 90' lang='lat' dir='ltr'>percussione</span> <span class='ocrx_word' id='word_1_160' title='bbox 1458 2318 1836 2386; x_wconf 89' lang='lat' dir='ltr'>confodiunt,</span> <span class='ocrx_word' id='word_1_161' title='bbox 1890 2322 2119 2373; x_wconf 87' lang='lat' dir='ltr'>etiamsi</span> 
     </span>
    </p>
   </div>
   <div class='ocr_carea' id='block_1_25' title="bbox 454 2404 1144 2460">
    <p class='ocr_par' dir='ltr' id='par_1_25' title="bbox 454 2404 1144 2460">
     <span class='ocr_line' id='line_1_25' title="bbox 454 2404 1144 2460; baseline 0 -5"><span class='ocrx_word' id='word_1_162' title='bbox 454 2405 726 2457; x_wconf 91' lang='lat' dir='ltr'>venerari</span> <span class='ocrx_word' id='word_1_163' title='bbox 758 2404 1083 2460; x_wconf 84' lang='lat' dir='ltr'>videantur.</span> <span class='ocrx_word' id='word_1_164' title='bbox 1122 2426 1144 2455; x_wconf 69' lang='grc' dir='ltr'><strong>ι</strong></span> 
     </span>
    </p>
   </div>
   <div class='ocr_carea' id='block_1_26' title="bbox 528 2490 2120 2567">
    <p class='ocr_par' dir='ltr' id='par_1_26' title="bbox 528 2490 2120 2567">
     <span class='ocr_line' id='line_1_26' title="bbox 528 2490 2120 2567; baseline 0.004 -23"><span class='ocrx_word' id='word_1_165' title='bbox 528 2490 599 2545; x_wconf 88' lang='lat' dir='ltr'>Et</span> <span class='ocrx_word' id='word_1_166' title='bbox 646 2494 920 2562; x_wconf 91' lang='lat' dir='ltr'>quoniam</span> <span class='ocrx_word' id='word_1_167' title='bbox 968 2509 1002 2546; x_wconf 92' lang='lat' dir='ltr'>a</span> <span class='ocrx_word' id='word_1_168' title='bbox 1053 2495 1407 2564; x_wconf 86' lang='lat' dir='ltr'>quibusdam</span> <span class='ocrx_word' id='word_1_169' title='bbox 1439 2511 1640 2550; x_wconf 91' lang='lat' dir='ltr'>eorum</span> <span class='ocrx_word' id='word_1_170' title='bbox 1683 2496 2044 2567; x_wconf 84' lang='lat' dir='ltr'>ignorantia,</span> <span class='ocrx_word' id='word_1_171' title='bbox 2088 2513 2120 2550; x_wconf 91' lang='lat' dir='ltr'>a</span> 
     </span>
    </p>
   </div>
   <div class='ocr_carea' id='block_1_27' title="bbox 457 2580 2119 2655">
    <p class='ocr_par' dir='ltr' id='par_1_27' title="bbox 457 2580 2119 2655">
     <span class='ocr_line' id='line_1_27' title="bbox 457 2580 2119 2655; baseline 0.003 -21"><span class='ocrx_word' id='word_1_172' title='bbox 457 2580 813 2650; x_wconf 88' lang='lat' dir='ltr'>quibusdam</span> <span class='ocrx_word' id='word_1_173' title='bbox 846 2597 986 2637; x_wconf 87' lang='lat' dir='ltr'>vero</span> <span class='ocrx_word' id='word_1_174' title='bbox 1024 2584 1415 2655; x_wconf 88' lang='lat' dir='ltr'>negligentia,</span> <span class='ocrx_word' id='word_1_175' title='bbox 1464 2584 1536 2637; x_wconf 88' lang='lat' dir='ltr'>ab</span> <span class='ocrx_word' id='word_1_176' title='bbox 1578 2585 1875 2655; x_wconf 87' lang='lat' dir='ltr'>aliquibus</span> <span class='ocrx_word' id='word_1_177' title='bbox 1924 2589 2119 2639; x_wconf 89' lang='lat' dir='ltr'>autem</span> 
     </span>
    </p>
   </div>
   <div class='ocr_carea' id='block_1_28' title="bbox 2226 639 3822 713">
    <p class='ocr_par' dir='ltr' id='par_1_28' title="bbox 2226 639 3822 713">
     <span class='ocr_line' id='line_1_28' title="bbox 2226 639 3822 713; baseline 0.008 -23"><span class='ocrx_word' id='word_1_178' title='bbox 2226 639 2479 708; x_wconf 88' lang='lat' dir='ltr'>primum</span> <span class='ocrx_word' id='word_1_179' title='bbox 2508 639 2700 694; x_wconf 88' lang='lat' dir='ltr'>levius</span> <span class='ocrx_word' id='word_1_180' title='bbox 2730 641 3047 713; x_wconf 89' lang='lat' dir='ltr'>mitiusque</span> <span class='ocrx_word' id='word_1_181' title='bbox 3070 659 3201 697; x_wconf 90' lang='lat' dir='ltr'>cum</span> <span class='ocrx_word' id='word_1_182' title='bbox 3222 643 3500 697; x_wconf 90' lang='lat' dir='ltr'>eisdemet</span> <span class='ocrx_word' id='word_1_183' title='bbox 3529 660 3647 700; x_wconf 90' lang='lat' dir='ltr'>cum</span> <span class='ocrx_word' id='word_1_184' title='bbox 3666 647 3822 703; x_wconf 87' lang='lat' dir='ltr'>schis-</span> 
     </span>
    </p>
   </div>
   <div class='ocr_carea' id='block_1_29' title="bbox 2230 727 3821 805">
    <p class='ocr_par' dir='ltr' id='par_1_29' title="bbox 2230 727 3821 805">
     <span class='ocr_line' id='line_1_29' title="bbox 2230 727 3821 805; baseline 0.005 -24"><span class='ocrx_word' id='word_1_185' title='bbox 2230 727 2494 781; x_wconf 90' lang='lat' dir='ltr'>smaticis</span> <span class='ocrx_word' id='word_1_186' title='bbox 2529 732 2756 799; x_wconf 80' lang='lat' dir='ltr'>agatur,</span> <span class='ocrx_word' id='word_1_187' title='bbox 2781 732 2837 784; x_wconf 90' lang='lat' dir='ltr'>et</span> <span class='ocrx_word' id='word_1_188' title='bbox 2868 734 2927 783; x_wconf 87' lang='lat' dir='ltr'>ul:</span> <span class='ocrx_word' id='word_1_189' title='bbox 2957 746 3064 799; x_wconf 91' lang='lat' dir='ltr'>pro</span> <span class='ocrx_word' id='word_1_190' title='bbox 3095 731 3183 785; x_wconf 90' lang='lat' dir='ltr'>eis</span> <span class='ocrx_word' id='word_1_191' title='bbox 3215 734 3431 802; x_wconf 82' lang='lat' dir='ltr'>oretur,</span> <span class='ocrx_word' id='word_1_192' title='bbox 3470 754 3491 779; x_wconf 74' lang='grc' dir='ltr'>α</span> <span class='ocrx_word' id='word_1_193' title='bbox 3532 749 3597 788; x_wconf 91' lang='lat' dir='ltr'>ne</span> <span class='ocrx_word' id='word_1_194' title='bbox 3625 735 3767 805; x_wconf 88' lang='lat' dir='ltr'>forte,</span> <span class='ocrx_word' id='word_1_195' title='bbox 3804 760 3821 783; x_wconf 80' lang='grc' dir='ltr'>ι</span> 
     </span>
    </p>
   </div>
   <div class='ocr_carea' id='block_1_30' title="bbox 2232 816 3823 891">
    <p class='ocr_par' dir='ltr' id='par_1_30' title="bbox 2232 816 3823 891">
     <span class='ocr_line' id='line_1_30' title="bbox 2232 816 3823 891; baseline 0.006 -22"><span class='ocrx_word' id='word_1_196' title='bbox 2232 816 2385 870; x_wconf 88' lang='lat' dir='ltr'>sicut</span> <span class='ocrx_word' id='word_1_197' title='bbox 2410 818 2488 870; x_wconf 90' lang='lat' dir='ltr'>ait</span> <span class='ocrx_word' id='word_1_198' title='bbox 2518 817 2864 887; x_wconf 90' lang='lat' dir='ltr'>Apostolus,</span> <span class='ocrx_word' id='word_1_199' title='bbox 2891 841 2912 865; x_wconf 77' lang='grc' dir='ltr'>α</span> <span class='ocrx_word' id='word_1_200' title='bbox 2940 819 3037 873; x_wconf 91' lang='lat' dir='ltr'>det</span> <span class='ocrx_word' id='word_1_201' title='bbox 3067 819 3185 873; x_wconf 91' lang='lat' dir='ltr'>illis</span> <span class='ocrx_word' id='word_1_202' title='bbox 3216 819 3375 874; x_wconf 89' lang='lat' dir='ltr'>Deus</span> <span class='ocrx_word' id='word_1_203' title='bbox 3405 821 3693 891; x_wconf 88' lang='lat' dir='ltr'>reprobum</span> <span class='ocrx_word' id='word_1_204' title='bbox 3719 839 3823 879; x_wconf 87' lang='lat' dir='ltr'>sen-</span> 
     </span>
    </p>
   </div>
   <div class='ocr_carea' id='block_1_31' title="bbox 2231 906 3827 981">
    <p class='ocr_par' dir='ltr' id='par_1_31' title="bbox 2231 906 3827 981">
     <span class='ocr_line' id='line_1_31' title="bbox 2231 906 3827 981; baseline 0.006 -23"><span class='ocrx_word' id='word_1_205' title='bbox 2231 920 2393 975; x_wconf 90' lang='lat' dir='ltr'>sum,</span> <span class='ocrx_word' id='word_1_206' title='bbox 2431 908 2493 958; x_wconf 93' lang='lat' dir='ltr'>ut</span> <span class='ocrx_word' id='word_1_207' title='bbox 2525 906 2578 959; x_wconf 90' lang='lat' dir='ltr'>si</span> <span class='ocrx_word' id='word_1_208' title='bbox 2608 906 2964 974; x_wconf 89' lang='lat' dir='ltr'>resipiscant</span> <span class='ocrx_word' id='word_1_209' title='bbox 2994 924 3027 961; x_wconf 94' lang='lat' dir='ltr'>a</span> <span class='ocrx_word' id='word_1_210' title='bbox 3055 907 3282 979; x_wconf 90' lang='lat' dir='ltr'>laqueis</span> <span class='ocrx_word' id='word_1_211' title='bbox 3314 907 3553 976; x_wconf 87' lang='lat' dir='ltr'>diaboli,</span> <span class='ocrx_word' id='word_1_212' title='bbox 3588 925 3617 963; x_wconf 89' lang='lat' dir='ltr'>a</span> <span class='ocrx_word' id='word_1_213' title='bbox 3653 912 3827 981; x_wconf 85' lang='lat' dir='ltr'>quibus</span> 
     </span>
    </p>
   </div>
   <div class='ocr_carea' id='block_1_32' title="bbox 2230 993 3825 1066">
    <p class='ocr_par' dir='ltr' id='par_1_32' title="bbox 2230 993 3825 1066">
     <span class='ocr_line' id='line_1_32' title="bbox 2230 993 3825 1066; baseline 0.004 -20"><span class='ocrx_word' id='word_1_214' title='bbox 2230 993 2451 1065; x_wconf 83' lang='lat' dir='ltr'>alligati</span> <span class='ocrx_word' id='word_1_215' title='bbox 2480 997 2751 1049; x_wconf 88' lang='lat' dir='ltr'>tenentur</span> <span class='ocrx_word' id='word_1_216' title='bbox 2771 995 2967 1065; x_wconf 81' lang='lat' dir='ltr'>(Rom.</span> <span class='ocrx_word' id='word_1_217' title='bbox 2992 1012 3042 1065; x_wconf 74' lang='lat'>1,</span> <span class='ocrx_word' id='word_1_218' title='bbox 3073 995 3135 1049; x_wconf 92' lang='lat' dir='ltr'>Il</span> <span class='ocrx_word' id='word_1_219' title='bbox 3169 996 3310 1050; x_wconf 85' lang='lat' dir='ltr'>Tim.</span> <span class='ocrx_word' id='word_1_220' title='bbox 3338 997 3432 1066; x_wconf 83' lang='grc' dir='ltr'>ιι).</span> <span class='ocrx_word' id='word_1_221' title='bbox 3459 1020 3481 1044; x_wconf 76' lang='lat' dir='ltr'>n</span> <span class='ocrx_word' id='word_1_222' title='bbox 3506 996 3656 1060; x_wconf 86' lang='lat' dir='ltr'>Quod</span> <span class='ocrx_word' id='word_1_223' title='bbox 3683 1000 3727 1052; x_wconf 90' lang='lat' dir='ltr'>si</span> <span class='ocrx_word' id='word_1_224' title='bbox 3751 1016 3825 1052; x_wconf 85' lang='lat' dir='ltr'>ra-</span> 
     </span>
    </p>
   </div>
   <div class='ocr_carea' id='block_1_33' title="bbox 2232 1081 3828 1155">
    <p class='ocr_par' dir='ltr' id='par_1_33' title="bbox 2232 1081 3828 1155">
     <span class='ocr_line' id='line_1_33' title="bbox 2232 1081 3828 1155; baseline 0.004 -21"><span class='ocrx_word' id='word_1_225' title='bbox 2232 1081 2372 1135; x_wconf 88' lang='lat' dir='ltr'>tioni</span> <span class='ocrx_word' id='word_1_226' title='bbox 2396 1097 2511 1136; x_wconf 90' lang='lat' dir='ltr'>non</span> <span class='ocrx_word' id='word_1_227' title='bbox 2535 1083 2922 1153; x_wconf 89' lang='lat' dir='ltr'>acquiverint,</span> <span class='ocrx_word' id='word_1_228' title='bbox 2947 1083 3262 1139; x_wconf 86' lang='lat' dir='ltr'>Simoniaci</span> <span class='ocrx_word' id='word_1_229' title='bbox 3284 1085 3502 1155; x_wconf 87' lang='lat' dir='ltr'>pariter</span> <span class='ocrx_word' id='word_1_230' title='bbox 3519 1088 3574 1140; x_wconf 90' lang='lat' dir='ltr'>et</span> <span class='ocrx_word' id='word_1_231' title='bbox 3591 1087 3828 1141; x_wconf 87' lang='lat' dir='ltr'>schisma-</span> 
     </span>
    </p>
   </div>
   <div class='ocr_carea' id='block_1_34' title="bbox 2232 1170 3827 1243">
    <p class='ocr_par' dir='ltr' id='par_1_34' title="bbox 2232 1170 3827 1243">
     <span class='ocr_line' id='line_1_34' title="bbox 2232 1170 3827 1243; baseline 0.004 -20"><span class='ocrx_word' id='word_1_232' title='bbox 2232 1170 2359 1238; x_wconf 89' lang='lat' dir='ltr'>tici,</span> <span class='ocrx_word' id='word_1_233' title='bbox 2402 1173 2464 1224; x_wconf 90' lang='lat' dir='ltr'>ut</span> <span class='ocrx_word' id='word_1_234' title='bbox 2506 1170 2855 1225; x_wconf 91' lang='lat' dir='ltr'>incurabilia</span> <span class='ocrx_word' id='word_1_235' title='bbox 2903 1172 3165 1227; x_wconf 87' lang='lat' dir='ltr'>membra</span> <span class='ocrx_word' id='word_1_236' title='bbox 3200 1173 3271 1227; x_wconf 90' lang='lat' dir='ltr'>ab</span> <span class='ocrx_word' id='word_1_237' title='bbox 3304 1172 3583 1228; x_wconf 64' lang='lat' dir='ltr'>Ecclesiae</span> <span class='ocrx_word' id='word_1_238' title='bbox 3628 1189 3827 1243; x_wconf 81' lang='lat' dir='ltr'>corpore</span> 
     </span>
    </p>
   </div>
   <div class='ocr_carea' id='block_1_35' title="bbox 2232 1259 3825 1332">
    <p class='ocr_par' dir='ltr' id='par_1_35' title="bbox 2232 1259 3825 1332">
     <span class='ocr_line' id='line_1_35' title="bbox 2232 1259 3825 1332; baseline 0.004 -21"><span class='ocrx_word' id='word_1_239' title='bbox 2232 1259 2671 1324; x_wconf 78' lang='lat' dir='ltr'>abscinduntur,</span> <span class='ocrx_word' id='word_1_240' title='bbox 2697 1264 2752 1314; x_wconf 90' lang='lat' dir='ltr'>et</span> <span class='ocrx_word' id='word_1_241' title='bbox 2782 1264 2843 1314; x_wconf 91' lang='lat' dir='ltr'>ut</span> <span class='ocrx_word' id='word_1_242' title='bbox 2873 1260 3092 1315; x_wconf 91' lang='lat' dir='ltr'>dictum</span> <span class='ocrx_word' id='word_1_243' title='bbox 3124 1264 3233 1332; x_wconf 90' lang='lat' dir='ltr'>est,</span> <span class='ocrx_word' id='word_1_244' title='bbox 3266 1261 3341 1316; x_wconf 92' lang='lat' dir='ltr'>ab</span> <span class='ocrx_word' id='word_1_245' title='bbox 3373 1262 3587 1317; x_wconf 87' lang='lat' dir='ltr'>exteris</span> <span class='ocrx_word' id='word_1_246' title='bbox 3612 1266 3825 1332; x_wconf 83' lang='lat' dir='ltr'>potesta-</span> 
     </span>
    </p>
   </div>
   <div class='ocr_carea' id='block_1_36' title="bbox 2230 1347 2849 1416">
    <p class='ocr_par' dir='ltr' id='par_1_36' title="bbox 2230 1347 2849 1416">
     <span class='ocr_line' id='line_1_36' title="bbox 2230 1347 2849 1416; baseline 0.005 -16"><span class='ocrx_word' id='word_1_247' title='bbox 2230 1348 2391 1401; x_wconf 89' lang='lat' dir='ltr'>tibus</span> <span class='ocrx_word' id='word_1_248' title='bbox 2426 1347 2849 1416; x_wconf 88' lang='lat' dir='ltr'>opprimantur.</span> 
     </span>
    </p>
   </div>
   <div class='ocr_carea' id='block_1_37' title="bbox 2302 1434 3829 1509">
    <p class='ocr_par' dir='ltr' id='par_1_37' title="bbox 2302 1434 3829 1509">
     <span class='ocr_line' id='line_1_37' title="bbox 2302 1434 3829 1509; baseline 0.004 -21"><span class='ocrx_word' id='word_1_249' title='bbox 2302 1434 2618 1489; x_wconf 87' lang='lat' dir='ltr'>Sciendum</span> <span class='ocrx_word' id='word_1_250' title='bbox 2643 1439 2735 1490; x_wconf 91' lang='lat' dir='ltr'>est</span> <span class='ocrx_word' id='word_1_251' title='bbox 2756 1438 3155 1509; x_wconf 78' lang='lat' dir='ltr'>Augustinum</span> <span class='ocrx_word' id='word_1_252' title='bbox 3183 1438 3255 1492; x_wconf 92' lang='lat' dir='ltr'>de</span> <span class='ocrx_word' id='word_1_253' title='bbox 3287 1438 3558 1493; x_wconf 88' lang='lat' dir='ltr'>omnibus</span> <span class='ocrx_word' id='word_1_254' title='bbox 3585 1438 3829 1494; x_wconf 68' lang='lat' dir='ltr'>haereticis</span> 
     </span>
    </p>
   </div>
   <div class='ocr_carea' id='block_1_38' title="bbox 2231 1524 3828 1596">
    <p class='ocr_par' dir='ltr' id='par_1_38' title="bbox 2231 1524 3828 1596">
     <span class='ocr_line' id='line_1_38' title="bbox 2231 1524 3828 1596; baseline 0.001 -17"><span class='ocrx_word' id='word_1_255' title='bbox 2231 1528 2287 1579; x_wconf 91' lang='lat' dir='ltr'>et</span> <span class='ocrx_word' id='word_1_256' title='bbox 2320 1524 2720 1579; x_wconf 89' lang='lat' dir='ltr'>schismaticis</span> <span class='ocrx_word' id='word_1_257' title='bbox 2744 1525 2816 1579; x_wconf 89' lang='lat' dir='ltr'>ad</span> <span class='ocrx_word' id='word_1_258' title='bbox 2838 1526 3151 1596; x_wconf 89' lang='lat' dir='ltr'>quemdam</span> <span class='ocrx_word' id='word_1_259' title='bbox 3172 1527 3411 1581; x_wconf 89' lang='lat' dir='ltr'>Petrum</span> <span class='ocrx_word' id='word_1_260' title='bbox 3444 1527 3528 1581; x_wconf 91' lang='lat' dir='ltr'>sic</span> <span class='ocrx_word' id='word_1_261' title='bbox 3558 1527 3828 1596; x_wconf 85' lang='lat' dir='ltr'>scripisse:</span> 
     </span>
    </p>
   </div>
   <div class='ocr_carea' id='block_1_39' title="bbox 2235 1612 3829 1685">
    <p class='ocr_par' dir='ltr' id='par_1_39' title="bbox 2235 1612 3829 1685">
     <span class='ocr_line' id='line_1_39' title="bbox 2235 1612 3829 1685; baseline 0.003 -22"><span class='ocrx_word' id='word_1_262' title='bbox 2235 1633 2256 1663; x_wconf 72' lang='grc' dir='ltr'><strong>α</strong></span> <span class='ocrx_word' id='word_1_263' title='bbox 2300 1612 2671 1667; x_wconf 90' lang='lat' dir='ltr'>Firmissime</span> <span class='ocrx_word' id='word_1_264' title='bbox 2716 1616 2849 1668; x_wconf 91' lang='lat' dir='ltr'>tene</span> <span class='ocrx_word' id='word_1_265' title='bbox 2894 1617 2951 1668; x_wconf 91' lang='lat' dir='ltr'>et</span> <span class='ocrx_word' id='word_1_266' title='bbox 2999 1615 3336 1669; x_wconf 87' lang='lat' dir='ltr'>nullatenus</span> <span class='ocrx_word' id='word_1_267' title='bbox 3386 1614 3637 1685; x_wconf 86' lang='lat' dir='ltr'>dubites,</span> <span class='ocrx_word' id='word_1_268' title='bbox 3669 1628 3829 1669; x_wconf 88' lang='lat' dir='ltr'>omnes</span> 
     </span>
    </p>
   </div>
   <div class='ocr_carea' id='block_1_40' title="bbox 2232 1700 3831 1774">
    <p class='ocr_par' dir='ltr' id='par_1_40' title="bbox 2232 1700 3831 1774">
     <span class='ocr_line' id='line_1_40' title="bbox 2232 1700 3831 1774; baseline 0.001 -21"><span class='ocrx_word' id='word_1_269' title='bbox 2232 1700 2579 1755; x_wconf 81' lang='lat' dir='ltr'>haereticum</span> <span class='ocrx_word' id='word_1_270' title='bbox 2633 1705 2688 1755; x_wconf 90' lang='lat' dir='ltr'>et</span> <span class='ocrx_word' id='word_1_271' title='bbox 2745 1702 3189 1757; x_wconf 88' lang='lat' dir='ltr'>schismaticum</span> <span class='ocrx_word' id='word_1_272' title='bbox 3248 1704 3617 1774; x_wconf 88' lang='lat' dir='ltr'>quantumvis</span> <span class='ocrx_word' id='word_1_273' title='bbox 3667 1704 3831 1756; x_wconf 86' lang='lat' dir='ltr'>multas</span> 
     </span>
    </p>
   </div>
   <div class='ocr_carea' id='block_1_41' title="bbox 2232 1782 3830 1863">
    <p class='ocr_par' dir='ltr' id='par_1_41' title="bbox 2232 1782 3830 1863">
     <span class='ocr_line' id='line_1_41' title="bbox 2232 1782 3830 1863; baseline -0.001 -20"><span class='ocrx_word' id='word_1_274' title='bbox 2232 1790 2627 1843; x_wconf 87' lang='lat' dir='ltr'>eleemosinas</span> <span class='ocrx_word' id='word_1_275' title='bbox 2648 1791 2840 1857; x_wconf 88' lang='lat' dir='ltr'>faciat,</span> <span class='ocrx_word' id='word_1_276' title='bbox 2859 1790 2951 1844; x_wconf 89' lang='lat' dir='ltr'>vel</span> <span class='ocrx_word' id='word_1_277' title='bbox 2970 1792 3140 1844; x_wconf 89' lang='lat' dir='ltr'>etiam</span> <span class='ocrx_word' id='word_1_278' title='bbox 3162 1806 3269 1861; x_wconf 91' lang='lat' dir='ltr'>pro</span> <span class='ocrx_word' id='word_1_279' title='bbox 3282 1790 3519 1846; x_wconf 86' lang='lat' dir='ltr'>Christo</span> <span class='ocrx_word' id='word_1_280' title='bbox 3541 1782 3830 1863; x_wconf 81' lang='lat' dir='ltr'>sanguinem</span> 
     </span>
    </p>
   </div>
   <div class='ocr_carea' id='block_1_42' title="bbox 2232 1878 3831 1950">
    <p class='ocr_par' dir='ltr' id='par_1_42' title="bbox 2232 1878 3831 1950">
     <span class='ocr_line' id='line_1_42' title="bbox 2232 1878 3831 1950; baseline 0 -20"><span class='ocrx_word' id='word_1_281' title='bbox 2232 1878 2463 1946; x_wconf 86' lang='lat' dir='ltr'>fundat,</span> <span class='ocrx_word' id='word_1_282' title='bbox 2506 1895 2638 1932; x_wconf 90' lang='lat' dir='ltr'>cum</span> <span class='ocrx_word' id='word_1_283' title='bbox 2679 1879 2913 1933; x_wconf 87' lang='lat' dir='ltr'>diabolo</span> <span class='ocrx_word' id='word_1_284' title='bbox 2962 1882 3016 1933; x_wconf 90' lang='lat' dir='ltr'>et</span> <span class='ocrx_word' id='word_1_285' title='bbox 3065 1879 3297 1950; x_wconf 83' lang='lat' dir='ltr'>angelis</span> <span class='ocrx_word' id='word_1_286' title='bbox 3330 1878 3465 1950; x_wconf 85' lang='lat' dir='ltr'>ejus</span> <span class='ocrx_word' id='word_1_287' title='bbox 3500 1882 3698 1934; x_wconf 68' lang='lat' dir='ltr'>seterno</span> <span class='ocrx_word' id='word_1_288' title='bbox 3738 1878 3831 1949; x_wconf 83' lang='lat' dir='ltr'>igni</span> 
     </span>
    </p>
   </div>
   <div class='ocr_carea' id='block_1_43' title="bbox 2232 1965 3833 2038">
    <p class='ocr_par' dir='ltr' id='par_1_43' title="bbox 2232 1965 3833 2038">
     <span class='ocr_line' id='line_1_43' title="bbox 2232 1965 3833 2038; baseline 0 -19"><span class='ocrx_word' id='word_1_289' title='bbox 2232 1967 2702 2036; x_wconf 88' lang='lat' dir='ltr'>mancipandum,</span> <span class='ocrx_word' id='word_1_290' title='bbox 2721 1967 2836 2022; x_wconf 92' lang='lat' dir='ltr'>nisi</span> <span class='ocrx_word' id='word_1_291' title='bbox 2867 1970 2999 2021; x_wconf 85' lang='lat' dir='ltr'>ante</span> <span class='ocrx_word' id='word_1_292' title='bbox 3022 1967 3199 2021; x_wconf 86' lang='lat' dir='ltr'>finem</span> <span class='ocrx_word' id='word_1_293' title='bbox 3217 1968 3356 2021; x_wconf 63' lang='lat' dir='ltr'>vitae</span> <span class='ocrx_word' id='word_1_294' title='bbox 3373 1966 3553 2038; x_wconf 81' lang='lat' dir='ltr'>hujus</span> <span class='ocrx_word' id='word_1_295' title='bbox 3584 1965 3833 2021; x_wconf 62' lang='lat' dir='ltr'>catholica!</span> 
     </span>
    </p>
   </div>
   <div class='ocr_carea' id='block_1_44' title="bbox 2230 2054 3505 2127">
    <p class='ocr_par' dir='ltr' id='par_1_44' title="bbox 2230 2054 3505 2127">
     <span class='ocr_line' id='line_1_44' title="bbox 2230 2054 3505 2127; baseline 0.002 -20"><span class='ocrx_word' id='word_1_296' title='bbox 2230 2054 2643 2125; x_wconf 88' lang='lat' dir='ltr'>incorporetur</span> <span class='ocrx_word' id='word_1_297' title='bbox 2673 2059 2730 2109; x_wconf 89' lang='lat' dir='ltr'>et</span> <span class='ocrx_word' id='word_1_298' title='bbox 2760 2056 3162 2127; x_wconf 85' lang='lat' dir='ltr'>reintegretur</span> <span class='ocrx_word' id='word_1_299' title='bbox 3193 2055 3505 2111; x_wconf 88' lang='lat' dir='ltr'>Ecclesiae.</span> 
     </span>
    </p>
   </div>
   <div class='ocr_carea' id='block_1_45' title="bbox 2301 2143 3836 2215">
    <p class='ocr_par' dir='ltr' id='par_1_45' title="bbox 2301 2143 3836 2215">
     <span class='ocr_line' id='line_1_45' title="bbox 2301 2143 3836 2215; baseline -0.002 -19"><span class='ocrx_word' id='word_1_300' title='bbox 2301 2144 2603 2197; x_wconf 86' lang='lat' dir='ltr'>Hactenus</span> <span class='ocrx_word' id='word_1_301' title='bbox 2623 2148 2825 2197; x_wconf 89' lang='lat' dir='ltr'>contra</span> <span class='ocrx_word' id='word_1_302' title='bbox 2853 2159 2959 2198; x_wconf 90' lang='lat' dir='ltr'>eos</span> <span class='ocrx_word' id='word_1_303' title='bbox 2990 2145 3091 2215; x_wconf 88' lang='lat' dir='ltr'>qui</span> <span class='ocrx_word' id='word_1_304' title='bbox 3122 2145 3325 2199; x_wconf 88' lang='lat' dir='ltr'>dicunt</span> <span class='ocrx_word' id='word_1_305' title='bbox 3358 2145 3464 2199; x_wconf 91' lang='lat' dir='ltr'>Dei</span> <span class='ocrx_word' id='word_1_306' title='bbox 3488 2143 3777 2199; x_wconf 86' lang='lat' dir='ltr'>Ecclesiam</span> <span class='ocrx_word' id='word_1_307' title='bbox 3794 2143 3836 2194; x_wconf 89' lang='lat' dir='ltr'>et</span> 
     </span>
    </p>
   </div>
   <div class='ocr_carea' id='block_1_46' title="bbox 2229 2228 3834 2305">
    <p class='ocr_par' dir='ltr' id='par_1_46' title="bbox 2229 2228 3834 2305">
     <span class='ocr_line' id='line_1_46' title="bbox 2229 2228 3834 2305; baseline -0.001 -20"><span class='ocrx_word' id='word_1_308' title='bbox 2229 2232 2569 2300; x_wconf 81' lang='lat' dir='ltr'>pontificum</span> <span class='ocrx_word' id='word_1_309' title='bbox 2602 2231 2736 2302; x_wconf 84' lang='lat' dir='ltr'>ejus</span> <span class='ocrx_word' id='word_1_310' title='bbox 2768 2233 3201 2287; x_wconf 90' lang='lat' dir='ltr'>ordinationem</span> <span class='ocrx_word' id='word_1_311' title='bbox 3230 2232 3419 2305; x_wconf 66' lang='lat' dir='ltr'>regias</span> <span class='ocrx_word' id='word_1_312' title='bbox 3448 2232 3699 2303; x_wconf 88' lang='lat' dir='ltr'>potestati</span> <span class='ocrx_word' id='word_1_313' title='bbox 3726 2228 3834 2284; x_wconf 88' lang='lat' dir='ltr'>sub-</span> 
     </span>
    </p>
   </div>
   <div class='ocr_carea' id='block_1_47' title="bbox 2225 2319 3838 2391">
    <p class='ocr_par' dir='ltr' id='par_1_47' title="bbox 2225 2319 3838 2391">
     <span class='ocr_line' id='line_1_47' title="bbox 2225 2319 3838 2391; baseline -0.001 -19"><span class='ocrx_word' id='word_1_314' title='bbox 2225 2319 2448 2391; x_wconf 82' lang='lat' dir='ltr'>jacere,</span> <span class='ocrx_word' id='word_1_315' title='bbox 2475 2324 2795 2391; x_wconf 87' lang='lat' dir='ltr'>contraque</span> <span class='ocrx_word' id='word_1_316' title='bbox 2818 2320 3288 2375; x_wconf 89' lang='lat' dir='ltr'>Simoniacorum</span> <span class='ocrx_word' id='word_1_317' title='bbox 3310 2321 3689 2376; x_wconf 89' lang='lat' dir='ltr'>sacerdotium</span> <span class='ocrx_word' id='word_1_318' title='bbox 3708 2322 3754 2372; x_wconf 89' lang='lat' dir='ltr'>et</span> <span class='ocrx_word' id='word_1_319' title='bbox 3771 2332 3838 2371; x_wconf 87' lang='lat' dir='ltr'>sa-</span> 
     </span>
    </p>
   </div>
   <div class='ocr_carea' id='block_1_48' title="bbox 2229 2406 3833 2464">
    <p class='ocr_par' dir='ltr' id='par_1_48' title="bbox 2229 2406 3833 2464">
     <span class='ocr_line' id='line_1_48' title="bbox 2229 2406 3833 2464; baseline -0.002 -3"><span class='ocrx_word' id='word_1_320' title='bbox 2229 2408 2516 2462; x_wconf 83' lang='lat' dir='ltr'>crificium</span> <span class='ocrx_word' id='word_1_321' title='bbox 2546 2409 2693 2462; x_wconf 89' lang='lat' dir='ltr'>satis</span> <span class='ocrx_word' id='word_1_322' title='bbox 2726 2408 2965 2463; x_wconf 89' lang='lat' dir='ltr'>dictum.</span> <span class='ocrx_word' id='word_1_323' title='bbox 2993 2409 3163 2464; x_wconf 91' lang='lat' dir='ltr'>Nunc</span> <span class='ocrx_word' id='word_1_324' title='bbox 3196 2412 3384 2464; x_wconf 89' lang='lat' dir='ltr'>restat</span> <span class='ocrx_word' id='word_1_325' title='bbox 3414 2410 3484 2463; x_wconf 92' lang='lat' dir='ltr'>de</span> <span class='ocrx_word' id='word_1_326' title='bbox 3512 2406 3833 2463; x_wconf 86' lang='lat' dir='ltr'>facultatibus</span> 
     </span>
    </p>
   </div>
   <div class='ocr_carea' id='block_1_49' title="bbox 2230 2494 3834 2568">
    <p class='ocr_par' dir='ltr' id='par_1_49' title="bbox 2230 2494 3834 2568">
     <span class='ocr_line' id='line_1_49' title="bbox 2230 2494 3834 2568; baseline -0.003 -18"><span class='ocrx_word' id='word_1_327' title='bbox 2230 2496 2517 2550; x_wconf 83' lang='lat' dir='ltr'>Ecclesiae</span> <span class='ocrx_word' id='word_1_328' title='bbox 2549 2497 2766 2567; x_wconf 90' lang='lat' dir='ltr'>dicere,</span> <span class='ocrx_word' id='word_1_329' title='bbox 2800 2513 2950 2568; x_wconf 89' lang='lat' dir='ltr'>quas</span> <span class='ocrx_word' id='word_1_330' title='bbox 2983 2498 3160 2552; x_wconf 90' lang='lat' dir='ltr'>iidem</span> <span class='ocrx_word' id='word_1_331' title='bbox 3192 2498 3553 2553; x_wconf 90' lang='lat' dir='ltr'>contendunt</span> <span class='ocrx_word' id='word_1_332' title='bbox 3582 2496 3681 2551; x_wconf 82' lang='lat' dir='ltr'>sub</span> <span class='ocrx_word' id='word_1_333' title='bbox 3708 2494 3834 2565; x_wconf 78' lang='lat' dir='ltr'>regia</span> 
     </span>
    </p>
   </div>
   <div class='ocr_carea' id='block_1_50' title="bbox 2227 2585 2740 2641">
    <p class='ocr_par' dir='ltr' id='par_1_50' title="bbox 2227 2585 2740 2641">
     <span class='ocr_line' id='line_1_50' title="bbox 2227 2585 2740 2641; baseline 0.002 -3"><span class='ocrx_word' id='word_1_334' title='bbox 2227 2585 2447 2639; x_wconf 89' lang='lat' dir='ltr'>ditionc</span> <span class='ocrx_word' id='word_1_335' title='bbox 2480 2600 2740 2641; x_wconf 90' lang='lat' dir='ltr'>manere.</span> 
     </span>
    </p>
   </div>
   <div class='ocr_carea' id='block_1_51' title="bbox 2999 2679 3028 2695">
    <p class='ocr_par' dir='ltr' id='par_1_51' title="bbox 2999 2679 3028 2695">
     <span class='ocr_line' id='line_1_51' title="bbox 2999 2679 3028 2695; baseline 0 0"><span class='ocrx_word' id='word_1_336' title='bbox 2999 2679 3028 2695; x_wconf 42' lang='grc' dir='ltr'><strong>ἢ</strong></span> 
     </span>
    </p>
   </div>
   <div class='ocr_carea' id='block_1_52' title="bbox 1082 2873 3264 3010">
    <p class='ocr_par' dir='ltr' id='par_1_52' title="bbox 1082 2873 3264 3010">
     <span class='ocr_line' id='line_1_52' title="bbox 1082 2873 3264 3010; baseline 0.001 -5"><span class='ocrx_word' id='word_1_337' title='bbox 1082 2873 1203 3010; x_wconf 91' lang='lat' dir='ltr'>S.</span> <span class='ocrx_word' id='word_1_338' title='bbox 1325 2874 2019 3007; x_wconf 80' lang='lat' dir='ltr'>ANSELMI</span> <span class='ocrx_word' id='word_1_339' title='bbox 2131 2876 3264 3009; x_wconf 75' lang='lat' dir='ltr'>COLLEGTANEA</span> 
     </span>
    </p>
   </div>
   <div class='ocr_carea' id='block_1_53' title="bbox 1289 3107 3056 3186">
    <p class='ocr_par' dir='ltr' id='par_1_53' title="bbox 1289 3107 3056 3186">
     <span class='ocr_line' id='line_1_53' title="bbox 1289 3107 3056 3186; baseline 0.003 -24"><span class='ocrx_word' id='word_1_340' title='bbox 1289 3108 1483 3180; x_wconf 86' lang='lat' dir='ltr'>(Apud</span> <span class='ocrx_word' id='word_1_341' title='bbox 1503 3107 1808 3180; x_wconf 65' lang='lat' dir='ltr'>Camswu,</span> <span class='ocrx_word' id='word_1_342' title='bbox 1830 3111 1876 3163; x_wconf 82' lang='lat' dir='ltr'><strong><em>A</em></strong></span> <span class='ocrx_word' id='word_1_343' title='bbox 1889 3111 2109 3182; x_wconf 80' lang='lat' dir='ltr'>aliquae</span> <span class='ocrx_word' id='word_1_344' title='bbox 2126 3110 2446 3183; x_wconf 81' lang='lat' dir='ltr'>Lectionis,</span> <span class='ocrx_word' id='word_1_345' title='bbox 2467 3114 2607 3167; x_wconf 91' lang='lat' dir='ltr'>tom.</span> <span class='ocrx_word' id='word_1_346' title='bbox 2622 3111 2697 3165; x_wconf 85' lang='lat' dir='ltr'><strong>VI</strong></span> <span class='ocrx_word' id='word_1_347' title='bbox 2714 3155 2727 3183; x_wconf 92' lang='lat'>,</span> <span class='ocrx_word' id='word_1_348' title='bbox 2746 3129 2884 3186; x_wconf 84' lang='lat' dir='ltr'>pag.</span> <span class='ocrx_word' id='word_1_349' title='bbox 2906 3109 3056 3183; x_wconf 75' lang='grc'><strong>235.)</strong></span> 
     </span>
    </p>
   </div>
   <div class='ocr_carea' id='block_1_54' title="bbox 1888 3351 2463 3431">
    <p class='ocr_par' dir='ltr' id='par_1_54' title="bbox 1888 3351 2463 3431">
     <span class='ocr_line' id='line_1_54' title="bbox 1888 3351 2463 3431; baseline 0.003 -2"><span class='ocrx_word' id='word_1_350' title='bbox 1888 3351 2463 3431; x_wconf 80' lang='lat' dir='ltr'>LECTORI</span> 
     </span>
    </p>
   </div>
   <div class='ocr_carea' id='block_1_55' title="bbox 526 3516 3836 3595">
    <p class='ocr_par' dir='ltr' id='par_1_55' title="bbox 526 3516 3836 3595">
     <span class='ocr_line' id='line_1_55' title="bbox 526 3516 3836 3595; baseline -0.002 -18"><span class='ocrx_word' id='word_1_351' title='bbox 526 3522 594 3577; x_wconf 90' lang='lat' dir='ltr'>In</span> <span class='ocrx_word' id='word_1_352' title='bbox 622 3524 1373 3595; x_wconf 10' lang='lat' dir='ltr'>manuscriptoﬁcodicequo</span> <span class='ocrx_word' id='word_1_353' title='bbox 1398 3524 1489 3576; x_wconf 88' lang='lat' dir='ltr'>usi</span> <span class='ocrx_word' id='word_1_354' title='bbox 1516 3538 1732 3595; x_wconf 81' lang='lat' dir='ltr'>sumus,</span> <span class='ocrx_word' id='word_1_355' title='bbox 1755 3522 2233 3593; x_wconf 79' lang='lat' dir='ltr'>subjiciehantur</span> <span class='ocrx_word' id='word_1_356' title='bbox 2251 3522 2944 3595; x_wconf 75' lang='lat' dir='ltr'>sequentessententiae,</span> <span class='ocrx_word' id='word_1_357' title='bbox 2966 3521 3040 3576; x_wconf 89' lang='lat' dir='ltr'>ab</span> <span class='ocrx_word' id='word_1_358' title='bbox 3072 3522 3216 3593; x_wconf 88' lang='lat' dir='ltr'>ipso,</span> <span class='ocrx_word' id='word_1_359' title='bbox 3236 3529 3297 3577; x_wconf 90' lang='lat' dir='ltr'>ut</span> <span class='ocrx_word' id='word_1_360' title='bbox 3324 3523 3568 3578; x_wconf 83' lang='lat' dir='ltr'>vtdelur</span> <span class='ocrx_word' id='word_1_361' title='bbox 3585 3516 3836 3594; x_wconf 75' lang='lat' dir='ltr'>Anselmq,</span> 
     </span>
    </p>
   </div>
   <div class='ocr_carea' id='block_1_56' title="bbox 457 3592 3838 3669">
    <p class='ocr_par' dir='ltr' id='par_1_56' title="bbox 457 3592 3838 3669">
     <span class='ocr_line' id='line_1_56' title="bbox 457 3592 3838 3669; baseline -0.001 -19"><span class='ocrx_word' id='word_1_362' title='bbox 457 3610 536 3650; x_wconf 77' lang='lat' dir='ltr'>ex</span> <span class='ocrx_word' id='word_1_363' title='bbox 558 3596 747 3669; x_wconf 55' lang='lat' dir='ltr'>variis</span> <span class='ocrx_word' id='word_1_364' title='bbox 776 3592 1119 3669; x_wconf 56' lang='lat' dir='ltr'>auctoribus</span> <span class='ocrx_word' id='word_1_365' title='bbox 1146 3592 1429 3661; x_wconf 66' lang='lat' dir='ltr'>rolléctie,</span> <span class='ocrx_word' id='word_1_366' title='bbox 1456 3594 1667 3665; x_wconf 84' lang='lat' dir='ltr'>quibus</span> <span class='ocrx_word' id='word_1_367' title='bbox 1695 3592 2644 3669; x_wconf 40' lang='lat' dir='ltr'>demonstrarestudet—Ecclesiae</span> <span class='ocrx_word' id='word_1_368' title='bbox 2672 3593 2997 3669; x_wconf 69' lang='lat' dir='ltr'>facultates</span> <span class='ocrx_word' id='word_1_369' title='bbox 3021 3592 3133 3669; x_wconf 81' lang='lat' dir='ltr'>non</span> <span class='ocrx_word' id='word_1_370' title='bbox 3155 3608 3291 3648; x_wconf 87' lang='lat' dir='ltr'>esse</span> <span class='ocrx_word' id='word_1_371' title='bbox 3311 3594 3380 3647; x_wconf 90' lang='lat' dir='ltr'>in</span> <span class='ocrx_word' id='word_1_372' title='bbox 3395 3598 3691 3669; x_wconf 71' lang='lat' dir='ltr'>potestate</span> <span class='ocrx_word' id='word_1_373' title='bbox 3707 3592 3838 3669; x_wconf 64' lang='lat' dir='ltr'>regis</span> 
     </span>
    </p>
   </div>
   <div class='ocr_carea' id='block_1_57' title="bbox 455 3659 3838 3789">
    <p class='ocr_par' dir='ltr' id='par_1_57' title="bbox 455 3659 3838 3789">
     <span class='ocr_line' id='line_1_57' title="bbox 455 3659 3838 3736; baseline -0.004 -16"><span class='ocrx_word' id='word_1_374' title='bbox 455 3672 553 3720; x_wconf 86' lang='lat' dir='ltr'>aut</span> <span class='ocrx_word' id='word_1_375' title='bbox 603 3664 881 3721; x_wconf 69' lang='lat' dir='ltr'>Caesaris.</span> <span class='ocrx_word' id='word_1_376' title='bbox 920 3664 1040 3729; x_wconf 89' lang='lat' dir='ltr'>Quo</span> <span class='ocrx_word' id='word_1_377' title='bbox 1078 3664 1173 3733; x_wconf 78' lang='lat' dir='ltr'>lit,</span> <span class='ocrx_word' id='word_1_378' title='bbox 1210 3670 1269 3718; x_wconf 85' lang='lat' dir='ltr'>ut</span> <span class='ocrx_word' id='word_1_379' title='bbox 1309 3680 1375 3719; x_wconf 86' lang='lat' dir='ltr'>ea</span> <span class='ocrx_word' id='word_1_380' title='bbox 1417 3659 1533 3719; x_wconf 71' lang='lat' dir='ltr'>uae</span> <span class='ocrx_word' id='word_1_381' title='bbox 1562 3670 1885 3735; x_wconf 85' lang='lat' dir='ltr'>sequentur</span> <span class='ocrx_word' id='word_1_382' title='bbox 1923 3670 2021 3717; x_wconf 86' lang='lat' dir='ltr'>aut</span> <span class='ocrx_word' id='word_1_383' title='bbox 2065 3664 2188 3718; x_wconf 90' lang='lat' dir='ltr'>sint</span> <span class='ocrx_word' id='word_1_384' title='bbox 2235 3663 2426 3718; x_wconf 83' lang='lat' dir='ltr'>altera</span> <span class='ocrx_word' id='word_1_385' title='bbox 2457 3680 2598 3735; x_wconf 83' lang='lat' dir='ltr'>pars</span> <span class='ocrx_word' id='word_1_386' title='bbox 2636 3664 2885 3719; x_wconf 87' lang='lat' dir='ltr'>secundi</span> <span class='ocrx_word' id='word_1_387' title='bbox 2924 3663 3112 3729; x_wconf 86' lang='lat' dir='ltr'>libri;</span> <span class='ocrx_word' id='word_1_388' title='bbox 3146 3669 3244 3719; x_wconf 87' lang='lat' dir='ltr'>aut</span> <span class='ocrx_word' id='word_1_389' title='bbox 3285 3659 3476 3719; x_wconf 74' lang='lat' dir='ltr'>totius</span> <span class='ocrx_word' id='word_1_390' title='bbox 3505 3665 3691 3736; x_wconf 85' lang='lat' dir='ltr'>aperis</span> <span class='ocrx_word' id='word_1_391' title='bbox 3713 3659 3838 3713; x_wconf 83' lang='lat' dir='ltr'>liber</span> 
     </span>
     <span class='ocr_line' id='line_1_58' title="bbox 456 3682 3826 3789; baseline -0 0"><span class='ocrx_word' id='word_1_392' title='bbox 456 3737 692 3789; x_wconf 82' lang='lat' dir='ltr'>tertius.</span> <span class='ocrx_word' id='word_1_393' title='bbox 733 3736 940 3789; x_wconf 81' lang='lat' dir='ltr'>Utrum</span> <span class='ocrx_word' id='word_1_394' title='bbox 974 3744 1165 3789; x_wconf 81' lang='lat' dir='ltr'>tamen</span> <span class='ocrx_word' id='word_1_395' title='bbox 1202 3734 1357 3789; x_wconf 82' lang='lat' dir='ltr'>nihil</span> <span class='ocrx_word' id='word_1_396' title='bbox 1383 3682 1789 3789; x_wconf 44' lang='lat' dir='ltr'>disrderetur.</span> <span class='ocrx_word' id='word_1_397' title='bbox 1825 3750 1938 3789; x_wconf 86' lang='lat' dir='ltr'>non</span> <span class='ocrx_word' id='word_1_398' title='bbox 1970 3734 2192 3789; x_wconf 83' lang='lat' dir='ltr'>iniuria</span> <span class='ocrx_word' id='word_1_399' title='bbox 2224 3734 2515 3789; x_wconf 74' lang='lat' dir='ltr'>ambiens.</span> <span class='ocrx_word' id='word_1_400' title='bbox 3807 3729 3826 3751; x_wconf 79' lang='grc'><strong>⁸</strong></span> 
     </span>
    </p>
   </div>
   <div class='ocr_carea' id='block_1_58' title="bbox 456 3734 1357 3792">
    <p class='ocr_par' dir='ltr' id='par_1_58' title="bbox 456 3734 1357 3792">
     <span class='ocr_line' id='line_1_59' title="bbox 456 3734 1357 3792; baseline -0.001 -2"><span class='ocrx_word' id='word_1_401' title='bbox 456 3737 692 3792; x_wconf 80' lang='lat' dir='ltr'>tertius.</span> <span class='ocrx_word' id='word_1_402' title='bbox 733 3736 940 3791; x_wconf 81' lang='lat' dir='ltr'>Utrum</span> <span class='ocrx_word' id='word_1_403' title='bbox 974 3744 1165 3791; x_wconf 81' lang='lat' dir='ltr'>tamen</span> <span class='ocrx_word' id='word_1_404' title='bbox 1202 3734 1357 3789; x_wconf 82' lang='lat' dir='ltr'>nihil</span> 
     </span>
    </p>
   </div>
   <div class='ocr_carea' id='block_1_59' title="bbox 561 3961 2004 4033">
    <p class='ocr_par' dir='ltr' id='par_1_59' title="bbox 561 3961 2004 4033">
     <span class='ocr_line' id='line_1_60' title="bbox 561 3961 2004 4033; baseline -0.003 -17"><span class='ocrx_word' id='word_1_405' title='bbox 561 3962 821 4017; x_wconf 87' lang='lat' dir='ltr'>Albinus</span> <span class='ocrx_word' id='word_1_406' title='bbox 848 3964 910 4016; x_wconf 91' lang='lat' dir='ltr'>in</span> <span class='ocrx_word' id='word_1_407' title='bbox 940 3962 1098 4017; x_wconf 87' lang='lat' dir='ltr'>libro</span> <span class='ocrx_word' id='word_1_408' title='bbox 1135 3962 1394 4017; x_wconf 84' lang='lat' dir='ltr'>secundo</span> <span class='ocrx_word' id='word_1_409' title='bbox 1430 3976 1610 4033; x_wconf 83' lang='lat' dir='ltr'>super</span> <span class='ocrx_word' id='word_1_410' title='bbox 1640 3961 2004 4015; x_wconf 68' lang='lat' dir='ltr'>Matthzenm.</span> 
     </span>
    </p>
   </div>
   <div class='ocr_carea' id='block_1_60' title="bbox 532 4050 2124 4121">
    <p class='ocr_par' dir='ltr' id='par_1_60' title="bbox 532 4050 2124 4121">
     <span class='ocr_line' id='line_1_61' title="bbox 532 4050 2124 4121; baseline -0.003 -16"><span class='ocrx_word' id='word_1_411' title='bbox 532 4074 553 4099; x_wconf 76' lang='grc' dir='ltr'><strong>α</strong></span> <span class='ocrx_word' id='word_1_412' title='bbox 596 4051 822 4106; x_wconf 87' lang='lat' dir='ltr'>Invenit</span> <span class='ocrx_word' id='word_1_413' title='bbox 860 4052 1041 4107; x_wconf 83' lang='lat' dir='ltr'>Jesus</span> <span class='ocrx_word' id='word_1_414' title='bbox 1090 4052 1150 4106; x_wconf 91' lang='lat' dir='ltr'>in</span> <span class='ocrx_word' id='word_1_415' title='bbox 1199 4052 1412 4121; x_wconf 90' lang='lat' dir='ltr'>templo</span> <span class='ocrx_word' id='word_1_416' title='bbox 1453 4050 1779 4105; x_wconf 87' lang='lat' dir='ltr'>vendentes</span> <span class='ocrx_word' id='word_1_417' title='bbox 1826 4050 2016 4103; x_wconf 90' lang='lat' dir='ltr'>boves</span> <span class='ocrx_word' id='word_1_418' title='bbox 2068 4050 2124 4102; x_wconf 89' lang='lat' dir='ltr'>et</span> 
     </span>
    </p>
   </div>
   <div class='ocr_carea' id='block_1_61' title="bbox 446 4139 2121 4204">
    <p class='ocr_par' dir='ltr' id='par_1_61' title="bbox 446 4139 2121 4204">
     <span class='ocr_line' id='line_1_62' title="bbox 446 4139 2121 4204; baseline -0.003 -10"><span class='ocrx_word' id='word_1_419' title='bbox 446 4153 600 4194; x_wconf 87' lang='lat' dir='ltr'>oves</span> <span class='ocrx_word' id='word_1_420' title='bbox 632 4143 687 4195; x_wconf 91' lang='lat' dir='ltr'>et</span> <span class='ocrx_word' id='word_1_421' title='bbox 720 4140 1026 4196; x_wconf 90' lang='lat' dir='ltr'>columbas</span> <span class='ocrx_word' id='word_1_422' title='bbox 1048 4143 1104 4196; x_wconf 91' lang='lat' dir='ltr'>et</span> <span class='ocrx_word' id='word_1_423' title='bbox 1122 4139 1549 4195; x_wconf 88' lang='lat' dir='ltr'>nummularios</span> <span class='ocrx_word' id='word_1_424' title='bbox 1572 4139 1886 4204; x_wconf 85' lang='lat' dir='ltr'>sedentes;</span> <span class='ocrx_word' id='word_1_425' title='bbox 1912 4139 1967 4190; x_wconf 90' lang='lat' dir='ltr'>et</span> <span class='ocrx_word' id='word_1_426' title='bbox 1990 4152 2121 4190; x_wconf 91' lang='lat' dir='ltr'>cum</span> 
     </span>
    </p>
   </div>
   <div class='ocr_carea' id='block_1_62' title="bbox 455 4225 2124 4301">
    <p class='ocr_par' dir='ltr' id='par_1_62' title="bbox 455 4225 2124 4301">
     <span class='ocr_line' id='line_1_63' title="bbox 455 4225 2124 4301; baseline -0.002 -19"><span class='ocrx_word' id='word_1_427' title='bbox 455 4228 703 4284; x_wconf 84' lang='lat' dir='ltr'>fecisset</span> <span class='ocrx_word' id='word_1_428' title='bbox 733 4229 906 4300; x_wconf 89' lang='lat' dir='ltr'>quasi</span> <span class='ocrx_word' id='word_1_429' title='bbox 935 4229 1234 4301; x_wconf 86' lang='lat' dir='ltr'>ﬂagellum</span> <span class='ocrx_word' id='word_1_430' title='bbox 1266 4229 1338 4283; x_wconf 94' lang='lat' dir='ltr'>de</span> <span class='ocrx_word' id='word_1_431' title='bbox 1369 4227 1650 4281; x_wconf 89' lang='lat' dir='ltr'>funiculis</span> <span class='ocrx_word' id='word_1_432' title='bbox 1673 4268 1686 4295; x_wconf 96' lang='lat'>,</span> <span class='ocrx_word' id='word_1_433' title='bbox 1714 4240 1918 4280; x_wconf 88' lang='lat' dir='ltr'>omnes</span> <span class='ocrx_word' id='word_1_434' title='bbox 1950 4225 2124 4295; x_wconf 81' lang='lat' dir='ltr'>ejecit</span> 
     </span>
    </p>
   </div>
   <div class='ocr_carea' id='block_1_63' title="bbox 453 4313 2121 4389">
    <p class='ocr_par' dir='ltr' id='par_1_63' title="bbox 453 4313 2121 4389">
     <span class='ocr_line' id='line_1_64' title="bbox 453 4313 2121 4389; baseline -0.004 -16"><span class='ocrx_word' id='word_1_435' title='bbox 453 4318 524 4373; x_wconf 92' lang='lat' dir='ltr'>de</span> <span class='ocrx_word' id='word_1_436' title='bbox 552 4318 789 4389; x_wconf 89' lang='lat' dir='ltr'>templo,</span> <span class='ocrx_word' id='word_1_437' title='bbox 829 4333 974 4372; x_wconf 87' lang='lat' dir='ltr'>oves</span> <span class='ocrx_word' id='word_1_438' title='bbox 1009 4333 1243 4389; x_wconf 91' lang='lat' dir='ltr'>quoque</span> <span class='ocrx_word' id='word_1_439' title='bbox 1273 4321 1329 4372; x_wconf 90' lang='lat' dir='ltr'>et</span> <span class='ocrx_word' id='word_1_440' title='bbox 1357 4317 1568 4384; x_wconf 88' lang='lat' dir='ltr'>boves,</span> <span class='ocrx_word' id='word_1_441' title='bbox 1607 4320 1664 4370; x_wconf 92' lang='lat' dir='ltr'>et</span> <span class='ocrx_word' id='word_1_442' title='bbox 1694 4313 2121 4368; x_wconf 88' lang='lat' dir='ltr'>nummulario-</span> 
     </span>
    </p>
   </div>
   <div class='ocr_carea' id='block_1_64' title="bbox 450 4402 2118 4475">
    <p class='ocr_par' dir='ltr' id='par_1_64' title="bbox 450 4402 2118 4475">
     <span class='ocr_line' id='line_1_65' title="bbox 450 4402 2118 4475; baseline -0.005 -13"><span class='ocrx_word' id='word_1_443' title='bbox 450 4422 583 4462; x_wconf 91' lang='lat' dir='ltr'>rum</span> <span class='ocrx_word' id='word_1_444' title='bbox 611 4406 815 4461; x_wconf 80' lang='lat' dir='ltr'>effudit</span> <span class='ocrx_word' id='word_1_445' title='bbox 842 4421 957 4475; x_wconf 84' lang='lat' dir='ltr'>aes,</span> <span class='ocrx_word' id='word_1_446' title='bbox 989 4420 1059 4460; x_wconf 89' lang='lat' dir='ltr'>ac</span> <span class='ocrx_word' id='word_1_447' title='bbox 1088 4420 1328 4459; x_wconf 87' lang='lat' dir='ltr'>mensas</span> <span class='ocrx_word' id='word_1_448' title='bbox 1359 4403 1654 4458; x_wconf 87' lang='lat' dir='ltr'>subvertit</span> <span class='ocrx_word' id='word_1_449' title='bbox 1682 4402 1933 4471; x_wconf 86' lang='lat' dir='ltr'>(Matth.</span> <span class='ocrx_word' id='word_1_450' title='bbox 1978 4418 2080 4454; x_wconf 81' lang='lat' dir='ltr'>xxi</span> <span class='ocrx_word' id='word_1_451' title='bbox 2104 4416 2118 4470; x_wconf 85' lang='lat'><strong>;</strong></span> 
     </span>
    </p>
   </div>
   <div class='ocr_carea' id='block_1_65' title="bbox 450 4489 2118 4563">
    <p class='ocr_par' dir='ltr' id='par_1_65' title="bbox 450 4489 2118 4563">
     <span class='ocr_line' id='line_1_66' title="bbox 450 4489 2118 4563; baseline -0.005 -12"><span class='ocrx_word' id='word_1_452' title='bbox 450 4496 618 4551; x_wconf 84' lang='lat' dir='ltr'>Joan.</span> <span class='ocrx_word' id='word_1_453' title='bbox 650 4497 743 4563; x_wconf 80' lang='grc' dir='ltr'>η).</span> <span class='ocrx_word' id='word_1_454' title='bbox 772 4514 795 4543; x_wconf 72' lang='grc' dir='ltr'><strong><em>ι</em></strong></span> <span class='ocrx_word' id='word_1_455' title='bbox 830 4493 1047 4561; x_wconf 89' lang='lat' dir='ltr'>Boves,</span> <span class='ocrx_word' id='word_1_456' title='bbox 1082 4508 1228 4547; x_wconf 90' lang='lat' dir='ltr'>oves</span> <span class='ocrx_word' id='word_1_457' title='bbox 1279 4496 1334 4546; x_wconf 88' lang='lat' dir='ltr'>et</span> <span class='ocrx_word' id='word_1_458' title='bbox 1379 4491 1670 4546; x_wconf 84' lang='lat' dir='ltr'>columbae</span> <span class='ocrx_word' id='word_1_459' title='bbox 1702 4490 1776 4543; x_wconf 84' lang='lat' dir='ltr'>ad</span> <span class='ocrx_word' id='word_1_460' title='bbox 1809 4489 1921 4543; x_wconf 90' lang='lat' dir='ltr'>hoc</span> <span class='ocrx_word' id='word_1_461' title='bbox 1953 4504 2118 4543; x_wconf 91' lang='lat' dir='ltr'>eme-</span> 
     </span>
    </p>
   </div>
   <div class='ocr_carea' id='block_1_66' title="bbox 448 4576 2119 4650">
    <p class='ocr_par' dir='ltr' id='par_1_66' title="bbox 448 4576 2119 4650">
     <span class='ocr_line' id='line_1_67' title="bbox 448 4576 2119 4650; baseline -0.005 -12"><span class='ocrx_word' id='word_1_462' title='bbox 448 4583 682 4650; x_wconf 89' lang='lat' dir='ltr'>bantur,</span> <span class='ocrx_word' id='word_1_463' title='bbox 703 4584 765 4636; x_wconf 90' lang='lat' dir='ltr'>ut</span> <span class='ocrx_word' id='word_1_464' title='bbox 786 4580 1141 4635; x_wconf 72' lang='lat' dir='ltr'>offerrentur</span> <span class='ocrx_word' id='word_1_465' title='bbox 1161 4581 1219 4635; x_wconf 88' lang='lat' dir='ltr'>in</span> <span class='ocrx_word' id='word_1_466' title='bbox 1244 4580 1481 4650; x_wconf 87' lang='lat' dir='ltr'>templo.</span> <span class='ocrx_word' id='word_1_467' title='bbox 1502 4578 1892 4633; x_wconf 89' lang='lat' dir='ltr'>Nummularii</span> <span class='ocrx_word' id='word_1_468' title='bbox 1916 4576 1984 4630; x_wconf 88' lang='lat' dir='ltr'>ad</span> <span class='ocrx_word' id='word_1_469' title='bbox 2009 4577 2119 4630; x_wconf 90' lang='lat' dir='ltr'>hoc</span> 
     </span>
    </p>
   </div>
   <div class='ocr_carea' id='block_1_67' title="bbox 449 4665 2119 4737">
    <p class='ocr_par' dir='ltr' id='par_1_67' title="bbox 449 4665 2119 4737">
     <span class='ocr_line' id='line_1_68' title="bbox 449 4665 2119 4737; baseline -0.005 -10"><span class='ocrx_word' id='word_1_470' title='bbox 449 4671 741 4727; x_wconf 87' lang='lat' dir='ltr'>sedebant</span> <span class='ocrx_word' id='word_1_471' title='bbox 770 4670 843 4723; x_wconf 88' lang='lat' dir='ltr'>ad</span> <span class='ocrx_word' id='word_1_472' title='bbox 867 4683 1127 4737; x_wconf 91' lang='lat' dir='ltr'>mensas,</span> <span class='ocrx_word' id='word_1_473' title='bbox 1158 4671 1219 4723; x_wconf 90' lang='lat' dir='ltr'>ut</span> <span class='ocrx_word' id='word_1_474' title='bbox 1249 4669 1400 4722; x_wconf 88' lang='lat' dir='ltr'>inter</span> <span class='ocrx_word' id='word_1_475' title='bbox 1420 4670 1715 4736; x_wconf 90' lang='lat' dir='ltr'>emptores</span> <span class='ocrx_word' id='word_1_476' title='bbox 1745 4665 2119 4721; x_wconf 88' lang='lat' dir='ltr'>venditores-</span> 
     </span>
    </p>
   </div>
   <div class='ocr_carea' id='block_1_68' title="bbox 449 4753 2120 4831">
    <p class='ocr_par' dir='ltr' id='par_1_68' title="bbox 449 4753 2120 4831">
     <span class='ocr_line' id='line_1_69' title="bbox 449 4753 2120 4831; baseline -0.004 -16"><span class='ocrx_word' id='word_1_477' title='bbox 449 4776 564 4831; x_wconf 90' lang='lat' dir='ltr'>que</span> <span class='ocrx_word' id='word_1_478' title='bbox 582 4759 910 4815; x_wconf 84' lang='lat' dir='ltr'>hostiarum</span> <span class='ocrx_word' id='word_1_479' title='bbox 922 4760 1190 4828; x_wconf 87' lang='lat' dir='ltr'>prompta</span> <span class='ocrx_word' id='word_1_480' title='bbox 1203 4760 1367 4811; x_wconf 88' lang='lat' dir='ltr'>esset</span> <span class='ocrx_word' id='word_1_481' title='bbox 1377 4756 1646 4827; x_wconf 63' lang='lat' dir='ltr'>pecuniae</span> <span class='ocrx_word' id='word_1_482' title='bbox 1677 4755 1910 4808; x_wconf 86' lang='lat' dir='ltr'>taxatio.</span> <span class='ocrx_word' id='word_1_483' title='bbox 1946 4753 2120 4808; x_wconf 86' lang='lat' dir='ltr'>Vide-</span> 
     </span>
    </p>
   </div>
   <div class='ocr_carea' id='block_1_69' title="bbox 448 4842 2118 4920">
    <p class='ocr_par' dir='ltr' id='par_1_69' title="bbox 448 4842 2118 4920">
     <span class='ocr_line' id='line_1_70' title="bbox 448 4842 2118 4920; baseline -0.005 -17"><span class='ocrx_word' id='word_1_484' title='bbox 448 4849 666 4903; x_wconf 90' lang='lat' dir='ltr'>bantur</span> <span class='ocrx_word' id='word_1_485' title='bbox 685 4863 833 4920; x_wconf 92' lang='lat' dir='ltr'>ergo</span> <span class='ocrx_word' id='word_1_486' title='bbox 850 4846 1007 4901; x_wconf 92' lang='lat' dir='ltr'>licite</span> <span class='ocrx_word' id='word_1_487' title='bbox 1021 4846 1197 4901; x_wconf 89' lang='lat' dir='ltr'>vendi</span> <span class='ocrx_word' id='word_1_488' title='bbox 1226 4846 1286 4900; x_wconf 90' lang='lat' dir='ltr'>in</span> <span class='ocrx_word' id='word_1_489' title='bbox 1312 4845 1550 4915; x_wconf 89' lang='lat' dir='ltr'>templo,</span> <span class='ocrx_word' id='word_1_490' title='bbox 1573 4845 1709 4915; x_wconf 87' lang='lat' dir='ltr'>quia</span> <span class='ocrx_word' id='word_1_491' title='bbox 1731 4843 1803 4897; x_wconf 89' lang='lat' dir='ltr'>ad</span> <span class='ocrx_word' id='word_1_492' title='bbox 1826 4842 1938 4897; x_wconf 90' lang='lat' dir='ltr'>hoc</span> <span class='ocrx_word' id='word_1_493' title='bbox 1956 4856 2118 4896; x_wconf 87' lang='lat' dir='ltr'>eme-</span> 
     </span>
    </p>
   </div>
   <div class='ocr_carea' id='block_1_70' title="bbox 447 4930 2117 5004">
    <p class='ocr_par' dir='ltr' id='par_1_70' title="bbox 447 4930 2117 5004">
     <span class='ocr_line' id='line_1_71' title="bbox 447 4930 2117 5004; baseline -0.005 -12"><span class='ocrx_word' id='word_1_494' title='bbox 447 4937 663 4992; x_wconf 89' lang='lat' dir='ltr'>bantur</span> <span class='ocrx_word' id='word_1_495' title='bbox 679 4941 740 4992; x_wconf 91' lang='lat' dir='ltr'>ut</span> <span class='ocrx_word' id='word_1_496' title='bbox 760 4937 819 4990; x_wconf 91' lang='lat' dir='ltr'>in</span> <span class='ocrx_word' id='word_1_497' title='bbox 841 4935 1048 4990; x_wconf 90' lang='lat' dir='ltr'>eodem</span> <span class='ocrx_word' id='word_1_498' title='bbox 1077 4934 1294 5004; x_wconf 88' lang='lat' dir='ltr'>templo</span> <span class='ocrx_word' id='word_1_499' title='bbox 1324 4931 1680 4989; x_wconf 72' lang='lat' dir='ltr'>offerrentur</span> <span class='ocrx_word' id='word_1_500' title='bbox 1712 4930 2117 4986; x_wconf 88' lang='lat' dir='ltr'>Domino.Sed</span> 
     </span>
    </p>
   </div>
   <div class='ocr_carea' id='block_1_71' title="bbox 450 5022 2116 5095">
    <p class='ocr_par' dir='ltr' id='par_1_71' title="bbox 450 5022 2116 5095">
     <span class='ocr_line' id='line_1_72' title="bbox 450 5022 2116 5095; baseline -0.004 -16"><span class='ocrx_word' id='word_1_501' title='bbox 450 5025 661 5080; x_wconf 90' lang='lat' dir='ltr'>nolens</span> <span class='ocrx_word' id='word_1_502' title='bbox 693 5026 819 5095; x_wconf 90' lang='lat' dir='ltr'>ipse</span> <span class='ocrx_word' id='word_1_503' title='bbox 850 5025 1138 5081; x_wconf 91' lang='lat' dir='ltr'>Dominus</span> <span class='ocrx_word' id='word_1_504' title='bbox 1178 5023 1397 5095; x_wconf 90' lang='lat' dir='ltr'>aliquid</span> <span class='ocrx_word' id='word_1_505' title='bbox 1428 5022 1488 5076; x_wconf 91' lang='lat' dir='ltr'>in</span> <span class='ocrx_word' id='word_1_506' title='bbox 1518 5022 1691 5076; x_wconf 90' lang='lat' dir='ltr'>domo</span> <span class='ocrx_word' id='word_1_507' title='bbox 1722 5037 1834 5075; x_wconf 92' lang='lat' dir='ltr'>sua</span> <span class='ocrx_word' id='word_1_508' title='bbox 1862 5022 2116 5075; x_wconf 87' lang='lat' dir='ltr'>terrenae</span> 
     </span>
    </p>
   </div>
   <div class='ocr_carea' id='block_1_72' title="bbox 450 5111 2113 5184">
    <p class='ocr_par' dir='ltr' id='par_1_72' title="bbox 450 5111 2113 5184">
     <span class='ocr_line' id='line_1_73' title="bbox 450 5111 2113 5184; baseline -0.004 -18"><span class='ocrx_word' id='word_1_509' title='bbox 450 5113 867 5182; x_wconf 84' lang='lat' dir='ltr'>negotiationis</span> <span class='ocrx_word' id='word_1_510' title='bbox 899 5130 972 5168; x_wconf 94' lang='lat' dir='ltr'>ne</span> <span class='ocrx_word' id='word_1_511' title='bbox 1004 5113 1138 5184; x_wconf 81' lang='lat' dir='ltr'>ejus</span> <span class='ocrx_word' id='word_1_512' title='bbox 1169 5112 1408 5184; x_wconf 86' lang='lat' dir='ltr'>quidem</span> <span class='ocrx_word' id='word_1_513' title='bbox 1434 5127 1568 5183; x_wconf 88' lang='lat' dir='ltr'>quae</span> <span class='ocrx_word' id='word_1_514' title='bbox 1601 5111 1849 5165; x_wconf 88' lang='lat' dir='ltr'>honesta</span> <span class='ocrx_word' id='word_1_515' title='bbox 1880 5112 2113 5178; x_wconf 90' lang='lat' dir='ltr'>putare-</span> 
     </span>
    </p>
   </div>
   <div class='ocr_carea' id='block_1_73' title="bbox 452 5196 2114 5274">
    <p class='ocr_par' dir='ltr' id='par_1_73' title="bbox 452 5196 2114 5274">
     <span class='ocr_line' id='line_1_74' title="bbox 452 5196 2114 5274; baseline -0.004 -20"><span class='ocrx_word' id='word_1_516' title='bbox 452 5203 567 5268; x_wconf 90' lang='lat' dir='ltr'>tur,</span> <span class='ocrx_word' id='word_1_517' title='bbox 584 5200 869 5268; x_wconf 81' lang='lat' dir='ltr'>exhiberi,</span> <span class='ocrx_word' id='word_1_518' title='bbox 887 5202 1130 5272; x_wconf 90' lang='lat' dir='ltr'>dispulit</span> <span class='ocrx_word' id='word_1_519' title='bbox 1150 5201 1550 5274; x_wconf 88' lang='lat' dir='ltr'>negotiatores</span> <span class='ocrx_word' id='word_1_520' title='bbox 1573 5198 1856 5269; x_wconf 56' lang='lat' dir='ltr'>iiriustos,</span> <span class='ocrx_word' id='word_1_521' title='bbox 1873 5200 1930 5251; x_wconf 93' lang='lat' dir='ltr'>et</span> <span class='ocrx_word' id='word_1_522' title='bbox 1951 5196 2114 5249; x_wconf 90' lang='lat' dir='ltr'>foras</span> 
     </span>
    </p>
   </div>
   <div class='ocr_carea' id='block_1_74' title="bbox 452 5284 2108 5362">
    <p class='ocr_par' dir='ltr' id='par_1_74' title="bbox 452 5284 2108 5362">
     <span class='ocr_line' id='line_1_75' title="bbox 452 5284 2108 5362; baseline -0.002 -20"><span class='ocrx_word' id='word_1_523' title='bbox 452 5288 629 5342; x_wconf 89' lang='lat' dir='ltr'>simul</span> <span class='ocrx_word' id='word_1_524' title='bbox 672 5304 879 5344; x_wconf 90' lang='lat' dir='ltr'>omnes</span> <span class='ocrx_word' id='word_1_525' title='bbox 917 5306 1051 5346; x_wconf 93' lang='lat' dir='ltr'>cum</span> <span class='ocrx_word' id='word_1_526' title='bbox 1091 5290 1186 5345; x_wconf 91' lang='lat' dir='ltr'>his</span> <span class='ocrx_word' id='word_1_527' title='bbox 1231 5307 1364 5362; x_wconf 72' lang='lat' dir='ltr'>qum</span> <span class='ocrx_word' id='word_1_528' title='bbox 1411 5288 1865 5361; x_wconf 88' lang='lat' dir='ltr'>negotiabantur</span> <span class='ocrx_word' id='word_1_529' title='bbox 1914 5284 2108 5355; x_wconf 70' lang='lat' dir='ltr'>ejec.t.</span> 
     </span>
    </p>
   </div>
   <div class='ocr_carea' id='block_1_75' title="bbox 448 5373 2192 5465">
    <p class='ocr_par' dir='ltr' id='par_1_75' title="bbox 448 5373 2192 5465">
     <span class='ocr_line' id='line_1_76' title="bbox 448 5373 2192 5465; baseline -0.003 -35"><span class='ocrx_word' id='word_1_530' title='bbox 448 5375 599 5441; x_wconf 84' lang='lat' dir='ltr'>Quid</span> <span class='ocrx_word' id='word_1_531' title='bbox 630 5391 777 5447; x_wconf 90' lang='lat' dir='ltr'>ergo</span> <span class='ocrx_word' id='word_1_532' title='bbox 807 5377 1019 5432; x_wconf 87' lang='lat' dir='ltr'>fratres</span> <span class='ocrx_word' id='word_1_533' title='bbox 1049 5379 1184 5448; x_wconf 91' lang='lat' dir='ltr'>mei,</span> <span class='ocrx_word' id='word_1_534' title='bbox 1205 5379 1348 5450; x_wconf 89' lang='lat' dir='ltr'>quid</span> <span class='ocrx_word' id='word_1_535' title='bbox 1368 5383 1643 5447; x_wconf 89' lang='lat' dir='ltr'>putamus</span> <span class='ocrx_word' id='word_1_536' title='bbox 1676 5375 1874 5428; x_wconf 86' lang='lat' dir='ltr'>facere</span> <span class='ocrx_word' id='word_1_537' title='bbox 1910 5373 2111 5465; x_wconf 79' lang='lat' dir='ltr'>Domi-</span> <span class='ocrx_word' id='word_1_538' title='bbox 2142 5405 2192 5465; x_wconf 84' lang='lat' dir='ltr'><strong>E</strong></span> 
     </span>
    </p>
   </div>
   <div class='ocr_carea' id='block_1_76' title="bbox 448 5461 2112 5533">
    <p class='ocr_par' dir='ltr' id='par_1_76' title="bbox 448 5461 2112 5533">
     <span class='ocr_line' id='line_1_77' title="bbox 448 5461 2112 5533; baseline -0.002 -14"><span class='ocrx_word' id='word_1_539' title='bbox 448 5480 585 5533; x_wconf 89' lang='lat' dir='ltr'>nus,</span> <span class='ocrx_word' id='word_1_540' title='bbox 612 5465 663 5520; x_wconf 90' lang='lat' dir='ltr'>si</span> <span class='ocrx_word' id='word_1_541' title='bbox 686 5464 834 5518; x_wconf 82' lang='lat' dir='ltr'>rixis</span> <span class='ocrx_word' id='word_1_542' title='bbox 863 5465 1245 5533; x_wconf 88' lang='lat' dir='ltr'>dissidentes,</span> <span class='ocrx_word' id='word_1_543' title='bbox 1268 5467 1322 5522; x_wconf 90' lang='lat' dir='ltr'>si</span> <span class='ocrx_word' id='word_1_544' title='bbox 1343 5466 1563 5522; x_wconf 89' lang='lat' dir='ltr'>fabulis</span> <span class='ocrx_word' id='word_1_545' title='bbox 1585 5466 1888 5530; x_wconf 89' lang='lat' dir='ltr'>vacantes,</span> <span class='ocrx_word' id='word_1_546' title='bbox 1909 5461 1962 5515; x_wconf 93' lang='lat' dir='ltr'>si</span> <span class='ocrx_word' id='word_1_547' title='bbox 1985 5462 2112 5515; x_wconf 87' lang='lat' dir='ltr'>risu</span> 
     </span>
    </p>
   </div>
   <div class='ocr_carea' id='block_1_77' title="bbox 449 5550 2111 5625">
    <p class='ocr_par' dir='ltr' id='par_1_77' title="bbox 449 5550 2111 5625">
     <span class='ocr_line' id='line_1_78' title="bbox 449 5550 2111 5625; baseline -0.003 -17"><span class='ocrx_word' id='word_1_548' title='bbox 449 5553 800 5622; x_wconf 90' lang='lat' dir='ltr'>dissolutos,</span> <span class='ocrx_word' id='word_1_549' title='bbox 824 5554 916 5608; x_wconf 90' lang='lat' dir='ltr'>vel</span> <span class='ocrx_word' id='word_1_550' title='bbox 945 5554 1060 5610; x_wconf 91' lang='lat' dir='ltr'>alio</span> <span class='ocrx_word' id='word_1_551' title='bbox 1093 5556 1355 5625; x_wconf 90' lang='lat' dir='ltr'>quolibet</span> <span class='ocrx_word' id='word_1_552' title='bbox 1385 5556 1612 5610; x_wconf 91' lang='lat' dir='ltr'>scelere</span> <span class='ocrx_word' id='word_1_553' title='bbox 1644 5550 1931 5621; x_wconf 90' lang='lat' dir='ltr'>reperiret</span> <span class='ocrx_word' id='word_1_554' title='bbox 1960 5550 2111 5604; x_wconf 92' lang='lat' dir='ltr'>irre-</span> 
     </span>
    </p>
   </div>
   <div class='ocr_carea' id='block_1_78' title="bbox 447 5642 2112 5715">
    <p class='ocr_par' dir='ltr' id='par_1_78' title="bbox 447 5642 2112 5715">
     <span class='ocr_line' id='line_1_79' title="bbox 447 5642 2112 5715; baseline -0.003 -17"><span class='ocrx_word' id='word_1_555' title='bbox 447 5642 616 5713; x_wconf 91' lang='lat' dir='ltr'>titos,</span> <span class='ocrx_word' id='word_1_556' title='bbox 651 5643 753 5715; x_wconf 92' lang='lat' dir='ltr'>qui</span> <span class='ocrx_word' id='word_1_557' title='bbox 791 5642 1021 5698; x_wconf 89' lang='lat' dir='ltr'>hostias</span> <span class='ocrx_word' id='word_1_558' title='bbox 1053 5659 1187 5714; x_wconf 80' lang='lat' dir='ltr'>quae</span> <span class='ocrx_word' id='word_1_559' title='bbox 1218 5644 1335 5699; x_wconf 88' lang='lat' dir='ltr'>sibi</span> <span class='ocrx_word' id='word_1_560' title='bbox 1363 5643 1813 5698; x_wconf 88' lang='lat' dir='ltr'>immolarentur</span> <span class='ocrx_word' id='word_1_561' title='bbox 1848 5642 2112 5694; x_wconf 89' lang='lat' dir='ltr'>ementes</span> 
     </span>
    </p>
   </div>
   <div class='ocr_carea' id='block_1_79' title="bbox 447 5731 1718 5805">
    <p class='ocr_par' dir='ltr' id='par_1_79' title="bbox 447 5731 1718 5805">
     <span class='ocr_line' id='line_1_80' title="bbox 447 5731 1718 5805; baseline -0.003 -17"><span class='ocrx_word' id='word_1_562' title='bbox 447 5733 507 5789; x_wconf 90' lang='lat' dir='ltr'>in</span> <span class='ocrx_word' id='word_1_563' title='bbox 536 5734 753 5805; x_wconf 90' lang='lat' dir='ltr'>templo</span> <span class='ocrx_word' id='word_1_564' title='bbox 780 5732 927 5790; x_wconf 87' lang='lat' dir='ltr'>vidit</span> <span class='ocrx_word' id='word_1_565' title='bbox 955 5735 1014 5788; x_wconf 89' lang='lat' dir='ltr'>et</span> <span class='ocrx_word' id='word_1_566' title='bbox 1043 5731 1346 5787; x_wconf 88' lang='lat' dir='ltr'>eliminare</span> <span class='ocrx_word' id='word_1_567' title='bbox 1378 5731 1718 5788; x_wconf 84' lang='lat' dir='ltr'>festinavit?</span> 
     </span>
    </p>
   </div>
   <div class='ocr_carea' id='block_1_80' title="bbox 1426 3734 2515 3806">
    <p class='ocr_par' dir='ltr' id='par_1_80' title="bbox 1426 3734 2515 3806">
     <span class='ocr_line' id='line_1_81' title="bbox 1426 3734 2515 3806; baseline 0 -17"><span class='ocrx_word' id='word_1_568' title='bbox 1426 3734 1789 3805; x_wconf 73' lang='lat' dir='ltr'>eSIderetur,</span> <span class='ocrx_word' id='word_1_569' title='bbox 1825 3750 1938 3789; x_wconf 85' lang='lat' dir='ltr'>non</span> <span class='ocrx_word' id='word_1_570' title='bbox 1970 3734 2192 3805; x_wconf 69' lang='lat' dir='ltr'>injuria</span> <span class='ocrx_word' id='word_1_571' title='bbox 2224 3734 2515 3806; x_wconf 82' lang='lat' dir='ltr'>ambigas.</span> 
     </span>
    </p>
   </div>
   <div class='ocr_carea' id='block_1_81' title="bbox 2143 3949 3839 4031">
    <p class='ocr_par' dir='ltr' id='par_1_81' title="bbox 2143 3949 3839 4031">
     <span class='ocr_line' id='line_1_82' title="bbox 2143 3949 3839 4031; baseline -0.009 -10"><span class='ocrx_word' id='word_1_572' title='bbox 2143 3961 2198 4021; x_wconf 93' lang='lat' dir='ltr'>D</span> <span class='ocrx_word' id='word_1_573' title='bbox 2300 3960 2446 4015; x_wconf 67' lang='lat' dir='ltr'>Haec</span> <span class='ocrx_word' id='word_1_574' title='bbox 2464 3962 2706 4031; x_wconf 90' lang='lat' dir='ltr'>propter</span> <span class='ocrx_word' id='word_1_575' title='bbox 2722 3960 2858 4014; x_wconf 92' lang='lat' dir='ltr'>illos</span> <span class='ocrx_word' id='word_1_576' title='bbox 2875 3959 3154 4030; x_wconf 85' lang='lat' dir='ltr'>diximus,</span> <span class='ocrx_word' id='word_1_577' title='bbox 3168 3960 3271 4030; x_wconf 90' lang='lat' dir='ltr'>qui</span> <span class='ocrx_word' id='word_1_578' title='bbox 3291 3960 3608 4015; x_wconf 87' lang='lat' dir='ltr'>ecclesiam</span> <span class='ocrx_word' id='word_1_579' title='bbox 3624 3949 3839 4028; x_wconf 84' lang='lat' dir='ltr'>ingressi</span> 
     </span>
    </p>
   </div>
   <div class='ocr_carea' id='block_1_82' title="bbox 2227 4049 3839 4121">
    <p class='ocr_par' dir='ltr' id='par_1_82' title="bbox 2227 4049 3839 4121">
     <span class='ocr_line' id='line_1_83' title="bbox 2227 4049 3839 4121; baseline -0.004 -18"><span class='ocrx_word' id='word_1_580' title='bbox 2227 4065 2345 4104; x_wconf 90' lang='lat' dir='ltr'>non</span> <span class='ocrx_word' id='word_1_581' title='bbox 2389 4049 2582 4104; x_wconf 91' lang='lat' dir='ltr'>solum</span> <span class='ocrx_word' id='word_1_582' title='bbox 2624 4049 3006 4104; x_wconf 91' lang='lat' dir='ltr'>intentionem</span> <span class='ocrx_word' id='word_1_583' title='bbox 3051 4049 3257 4104; x_wconf 88' lang='lat' dir='ltr'>orandi</span> <span class='ocrx_word' id='word_1_584' title='bbox 3295 4049 3634 4121; x_wconf 90' lang='lat' dir='ltr'>negligunt,</span> <span class='ocrx_word' id='word_1_585' title='bbox 3678 4053 3839 4098; x_wconf 87' lang='lat' dir='ltr'>verum</span> 
     </span>
    </p>
   </div>
   <div class='ocr_carea' id='block_1_83' title="bbox 2226 4132 3841 4208">
    <p class='ocr_par' dir='ltr' id='par_1_83' title="bbox 2226 4132 3841 4208">
     <span class='ocr_line' id='line_1_84' title="bbox 2226 4132 3841 4208; baseline -0.007 -16"><span class='ocrx_word' id='word_1_586' title='bbox 2226 4138 2400 4192; x_wconf 89' lang='lat' dir='ltr'>etiam</span> <span class='ocrx_word' id='word_1_587' title='bbox 2430 4153 2498 4192; x_wconf 91' lang='lat' dir='ltr'>ea</span> <span class='ocrx_word' id='word_1_588' title='bbox 2528 4153 2635 4207; x_wconf 88' lang='lat' dir='ltr'>pro</span> <span class='ocrx_word' id='word_1_589' title='bbox 2654 4137 2873 4208; x_wconf 89' lang='lat' dir='ltr'>quibus</span> <span class='ocrx_word' id='word_1_590' title='bbox 2897 4153 3069 4192; x_wconf 90' lang='lat' dir='ltr'>orare</span> <span class='ocrx_word' id='word_1_591' title='bbox 3096 4137 3445 4203; x_wconf 87' lang='lat' dir='ltr'>debuerant,</span> <span class='ocrx_word' id='word_1_592' title='bbox 3472 4137 3697 4208; x_wconf 87' lang='lat' dir='ltr'>augent,</span> <span class='ocrx_word' id='word_1_593' title='bbox 3713 4132 3841 4185; x_wconf 89' lang='lat' dir='ltr'>insu-</span> 
     </span>
    </p>
   </div>
   <div class='ocr_carea' id='block_1_84' title="bbox 2224 4216 3840 4297">
    <p class='ocr_par' dir='ltr' id='par_1_84' title="bbox 2224 4216 3840 4297">
     <span class='ocr_line' id='line_1_85' title="bbox 2224 4216 3840 4297; baseline -0.006 -16"><span class='ocrx_word' id='word_1_594' title='bbox 2224 4242 2331 4296; x_wconf 88' lang='lat' dir='ltr'>per</span> <span class='ocrx_word' id='word_1_595' title='bbox 2362 4229 2418 4280; x_wconf 90' lang='lat' dir='ltr'>et</span> <span class='ocrx_word' id='word_1_596' title='bbox 2448 4230 2768 4296; x_wconf 89' lang='lat' dir='ltr'>arguentes</span> <span class='ocrx_word' id='word_1_597' title='bbox 2801 4241 2868 4280; x_wconf 91' lang='lat' dir='ltr'>se</span> <span class='ocrx_word' id='word_1_598' title='bbox 2898 4241 3005 4295; x_wconf 90' lang='lat' dir='ltr'>pro</span> <span class='ocrx_word' id='word_1_599' title='bbox 3035 4224 3383 4297; x_wconf 74' lang='lat' dir='ltr'>hujusmodi</span> <span class='ocrx_word' id='word_1_600' title='bbox 3416 4224 3658 4279; x_wconf 89' lang='lat' dir='ltr'>stultitia</span> <span class='ocrx_word' id='word_1_601' title='bbox 3682 4216 3840 4275; x_wconf 86' lang='lat' dir='ltr'>convi-</span> 
     </span>
    </p>
   </div>
   <div class='ocr_carea' id='block_1_85' title="bbox 2226 4312 3838 4385">
    <p class='ocr_par' dir='ltr' id='par_1_85' title="bbox 2226 4312 3838 4385">
     <span class='ocr_line' id='line_1_86' title="bbox 2226 4312 3838 4385; baseline -0.005 -16"><span class='ocrx_word' id='word_1_602' title='bbox 2226 4315 2335 4369; x_wconf 89' lang='lat' dir='ltr'>ciis</span> <span class='ocrx_word' id='word_1_603' title='bbox 2354 4315 2646 4385; x_wconf 92' lang='lat' dir='ltr'>odiisque,</span> <span class='ocrx_word' id='word_1_604' title='bbox 2662 4315 2758 4370; x_wconf 91' lang='lat' dir='ltr'>vel</span> <span class='ocrx_word' id='word_1_605' title='bbox 2778 4314 2952 4369; x_wconf 89' lang='lat' dir='ltr'>etiam</span> <span class='ocrx_word' id='word_1_606' title='bbox 2970 4313 3498 4368; x_wconf 78' lang='lat' dir='ltr'>detractationibus</span> <span class='ocrx_word' id='word_1_607' title='bbox 3516 4312 3838 4381; x_wconf 80' lang='lat' dir='ltr'>insequatur,</span> 
     </span>
    </p>
   </div>
   <div class='ocr_carea' id='block_1_86' title="bbox 2225 4398 3841 4476">
    <p class='ocr_par' dir='ltr' id='par_1_86' title="bbox 2225 4398 3841 4476">
     <span class='ocr_line' id='line_1_87' title="bbox 2225 4398 3841 4476; baseline -0.007 -18"><span class='ocrx_word' id='word_1_608' title='bbox 2225 4403 2509 4458; x_wconf 90' lang='lat' dir='ltr'>addentes</span> <span class='ocrx_word' id='word_1_609' title='bbox 2531 4402 2805 4457; x_wconf 88' lang='lat' dir='ltr'>videlicet</span> <span class='ocrx_word' id='word_1_610' title='bbox 2836 4405 3077 4472; x_wconf 87' lang='lat' dir='ltr'>peccata</span> <span class='ocrx_word' id='word_1_611' title='bbox 3108 4403 3391 4476; x_wconf 82' lang='lat' dir='ltr'>peccatis,</span> <span class='ocrx_word' id='word_1_612' title='bbox 3409 4405 3467 4456; x_wconf 89' lang='lat' dir='ltr'>et</span> <span class='ocrx_word' id='word_1_613' title='bbox 3487 4400 3656 4472; x_wconf 87' lang='lat' dir='ltr'>quasi</span> <span class='ocrx_word' id='word_1_614' title='bbox 3681 4398 3841 4451; x_wconf 83' lang='lat' dir='ltr'>funem</span> 
     </span>
    </p>
   </div>
   <div class='ocr_carea' id='block_1_87' title="bbox 2225 4486 3840 4563">
    <p class='ocr_par' dir='ltr' id='par_1_87' title="bbox 2225 4486 3840 4563">
     <span class='ocr_line' id='line_1_88' title="bbox 2225 4486 3840 4563; baseline -0.007 -18"><span class='ocrx_word' id='word_1_615' title='bbox 2225 4491 2643 4563; x_wconf 90' lang='lat' dir='ltr'>longissimum</span> <span class='ocrx_word' id='word_1_616' title='bbox 2703 4490 2819 4544; x_wconf 91' lang='lat' dir='ltr'>sibi</span> <span class='ocrx_word' id='word_1_617' title='bbox 2864 4492 3097 4544; x_wconf 89' lang='lat' dir='ltr'>incauta</span> <span class='ocrx_word' id='word_1_618' title='bbox 3151 4504 3356 4545; x_wconf 90' lang='lat' dir='ltr'>eorum</span> <span class='ocrx_word' id='word_1_619' title='bbox 3414 4486 3840 4561; x_wconf 84' lang='lat' dir='ltr'>augmentatione</span> 
     </span>
    </p>
   </div>
   <div class='ocr_carea' id='block_1_88' title="bbox 2222 4569 3840 4650">
    <p class='ocr_par' dir='ltr' id='par_1_88' title="bbox 2222 4569 3840 4650">
     <span class='ocr_line' id='line_1_89' title="bbox 2222 4569 3840 4650; baseline -0.005 -17"><span class='ocrx_word' id='word_1_620' title='bbox 2222 4581 2514 4648; x_wconf 89' lang='lat' dir='ltr'>texentes,</span> <span class='ocrx_word' id='word_1_621' title='bbox 2530 4594 2640 4633; x_wconf 91' lang='lat' dir='ltr'>nec</span> <span class='ocrx_word' id='word_1_622' title='bbox 2659 4580 2934 4634; x_wconf 89' lang='lat' dir='ltr'>timentes</span> <span class='ocrx_word' id='word_1_623' title='bbox 2956 4593 3031 4633; x_wconf 89' lang='lat' dir='ltr'>ex</span> <span class='ocrx_word' id='word_1_624' title='bbox 3056 4593 3125 4633; x_wconf 93' lang='lat' dir='ltr'>eo</span> <span class='ocrx_word' id='word_1_625' title='bbox 3143 4578 3396 4633; x_wconf 89' lang='lat' dir='ltr'>districti</span> <span class='ocrx_word' id='word_1_626' title='bbox 3420 4578 3644 4650; x_wconf 88' lang='lat' dir='ltr'>judicis</span> <span class='ocrx_word' id='word_1_627' title='bbox 3665 4569 3840 4630; x_wconf 81' lang='lat' dir='ltr'>exami-</span> 
     </span>
    </p>
   </div>
   <div class='ocr_carea' id='block_1_89' title="bbox 2224 4660 3840 4738">
    <p class='ocr_par' dir='ltr' id='par_1_89' title="bbox 2224 4660 3840 4738">
     <span class='ocr_line' id='line_1_90' title="bbox 2224 4660 3840 4738; baseline -0.006 -16"><span class='ocrx_word' id='word_1_628' title='bbox 2224 4670 2459 4722; x_wconf 90' lang='lat' dir='ltr'>natione</span> <span class='ocrx_word' id='word_1_629' title='bbox 2489 4667 2774 4722; x_wconf 89' lang='lat' dir='ltr'>damnari.</span> <span class='ocrx_word' id='word_1_630' title='bbox 2798 4667 2948 4722; x_wconf 91' lang='lat' dir='ltr'>Nam</span> <span class='ocrx_word' id='word_1_631' title='bbox 2977 4668 3071 4738; x_wconf 88' lang='lat' dir='ltr'>qis</span> <span class='ocrx_word' id='word_1_632' title='bbox 3102 4667 3341 4738; x_wconf 90' lang='lat' dir='ltr'>quidem</span> <span class='ocrx_word' id='word_1_633' title='bbox 3373 4667 3436 4720; x_wconf 90' lang='lat' dir='ltr'>in</span> <span class='ocrx_word' id='word_1_634' title='bbox 3465 4669 3664 4721; x_wconf 90' lang='lat' dir='ltr'>sancto</span> <span class='ocrx_word' id='word_1_635' title='bbox 3689 4660 3840 4715; x_wconf 87' lang='lat' dir='ltr'>Evan-</span> 
     </span>
    </p>
   </div>
   <div class='ocr_carea' id='block_1_90' title="bbox 2224 4750 3839 4829">
    <p class='ocr_par' dir='ltr' id='par_1_90' title="bbox 2224 4750 3839 4829">
     <span class='ocr_line' id='line_1_91' title="bbox 2224 4750 3839 4829; baseline -0.006 -18"><span class='ocrx_word' id='word_1_636' title='bbox 2224 4756 2381 4829; x_wconf 91' lang='lat' dir='ltr'>gelio</span> <span class='ocrx_word' id='word_1_637' title='bbox 2430 4756 2685 4828; x_wconf 90' lang='lat' dir='ltr'>legimus</span> <span class='ocrx_word' id='word_1_638' title='bbox 2735 4757 2893 4827; x_wconf 89' lang='lat' dir='ltr'>quod</span> <span class='ocrx_word' id='word_1_639' title='bbox 2937 4756 3186 4811; x_wconf 89' lang='lat' dir='ltr'>veniens</span> <span class='ocrx_word' id='word_1_640' title='bbox 3226 4756 3285 4809; x_wconf 89' lang='lat' dir='ltr'>in</span> <span class='ocrx_word' id='word_1_641' title='bbox 3334 4756 3552 4824; x_wconf 90' lang='lat' dir='ltr'>templo</span> <span class='ocrx_word' id='word_1_642' title='bbox 3600 4750 3839 4806; x_wconf 88' lang='lat' dir='ltr'>Dominus</span> 
     </span>
    </p>
   </div>
   <div class='ocr_carea' id='block_1_91' title="bbox 2224 4836 3838 4917">
    <p class='ocr_par' dir='ltr' id='par_1_91' title="bbox 2224 4836 3838 4917">
     <span class='ocr_line' id='line_1_92' title="bbox 2224 4836 3838 4917; baseline -0.007 -18"><span class='ocrx_word' id='word_1_643' title='bbox 2224 4844 2569 4915; x_wconf 83' lang='lat' dir='ltr'>hujusmodi</span> <span class='ocrx_word' id='word_1_644' title='bbox 2599 4845 3021 4917; x_wconf 88' lang='lat' dir='ltr'>negotiatiores</span> <span class='ocrx_word' id='word_1_645' title='bbox 3066 4843 3263 4915; x_wconf 87' lang='lat' dir='ltr'>ejecit,</span> <span class='ocrx_word' id='word_1_646' title='bbox 3305 4844 3563 4914; x_wconf 89' lang='lat' dir='ltr'>primum</span> <span class='ocrx_word' id='word_1_647' title='bbox 3589 4836 3838 4896; x_wconf 86' lang='lat' dir='ltr'>videlicet,</span> 
     </span>
    </p>
   </div>
   <div class='ocr_carea' id='block_1_92' title="bbox 2223 4927 3839 5003">
    <p class='ocr_par' dir='ltr' id='par_1_92' title="bbox 2223 4927 3839 5003">
     <span class='ocr_line' id='line_1_93' title="bbox 2223 4927 3839 5003; baseline -0.008 -16"><span class='ocrx_word' id='word_1_648' title='bbox 2223 4934 2282 4987; x_wconf 90' lang='lat' dir='ltr'>id</span> <span class='ocrx_word' id='word_1_649' title='bbox 2314 4934 2426 5002; x_wconf 89' lang='lat' dir='ltr'>est,</span> <span class='ocrx_word' id='word_1_650' title='bbox 2465 4932 2636 4988; x_wconf 90' lang='lat' dir='ltr'>tertio</span> <span class='ocrx_word' id='word_1_651' title='bbox 2667 4936 2800 4988; x_wconf 91' lang='lat' dir='ltr'>ante</span> <span class='ocrx_word' id='word_1_652' title='bbox 2831 4933 3177 5003; x_wconf 90' lang='lat' dir='ltr'>passionem</span> <span class='ocrx_word' id='word_1_653' title='bbox 3207 4947 3375 4987; x_wconf 88' lang='lat' dir='ltr'>suam</span> <span class='ocrx_word' id='word_1_654' title='bbox 3407 4946 3584 4997; x_wconf 87' lang='lat' dir='ltr'>anno,</span> <span class='ocrx_word' id='word_1_655' title='bbox 3623 4927 3761 4983; x_wconf 87' lang='lat' dir='ltr'>sicut</span> <span class='ocrx_word' id='word_1_656' title='bbox 3785 4937 3839 4975; x_wconf 77' lang='lat' dir='ltr'>ex</span> 
     </span>
    </p>
   </div>
   <div class='ocr_carea' id='block_1_93' title="bbox 2221 5009 3841 5093">
    <p class='ocr_par' dir='ltr' id='par_1_93' title="bbox 2221 5009 3841 5093">
     <span class='ocr_line' id='line_1_94' title="bbox 2221 5009 3841 5093; baseline -0.009 -15"><span class='ocrx_word' id='word_1_657' title='bbox 2221 5021 2469 5077; x_wconf 80' lang='lat' dir='ltr'>Joannis</span> <span class='ocrx_word' id='word_1_658' title='bbox 2501 5020 2899 5093; x_wconf 69' lang='lat' dir='ltr'>Evangelistor</span> <span class='ocrx_word' id='word_1_659' title='bbox 2929 5020 3319 5091; x_wconf 90' lang='lat' dir='ltr'>sequentibus</span> <span class='ocrx_word' id='word_1_660' title='bbox 3334 5020 3575 5089; x_wconf 89' lang='lat' dir='ltr'>scriptis</span> <span class='ocrx_word' id='word_1_661' title='bbox 3604 5009 3841 5087; x_wconf 84' lang='lat' dir='ltr'>agnosci-</span> 
     </span>
    </p>
   </div>
   <div class='ocr_carea' id='block_1_94' title="bbox 2221 5098 3841 5180">
    <p class='ocr_par' dir='ltr' id='par_1_94' title="bbox 2221 5098 3841 5180">
     <span class='ocr_line' id='line_1_95' title="bbox 2221 5098 3841 5180; baseline -0.004 -16"><span class='ocrx_word' id='word_1_662' title='bbox 2221 5127 2376 5178; x_wconf 91' lang='lat' dir='ltr'>mus,</span> <span class='ocrx_word' id='word_1_663' title='bbox 2406 5115 2462 5164; x_wconf 92' lang='lat' dir='ltr'>et</span> <span class='ocrx_word' id='word_1_664' title='bbox 2492 5111 2622 5180; x_wconf 90' lang='lat' dir='ltr'>ipso</span> <span class='ocrx_word' id='word_1_665' title='bbox 2655 5125 2770 5180; x_wconf 92' lang='lat' dir='ltr'>quo</span> <span class='ocrx_word' id='word_1_666' title='bbox 2803 5124 3023 5179; x_wconf 88' lang='lat' dir='ltr'>passus</span> <span class='ocrx_word' id='word_1_667' title='bbox 3054 5112 3146 5163; x_wconf 90' lang='lat' dir='ltr'>est</span> <span class='ocrx_word' id='word_1_668' title='bbox 3175 5123 3348 5176; x_wconf 88' lang='lat' dir='ltr'>anno,</span> <span class='ocrx_word' id='word_1_669' title='bbox 3386 5123 3523 5162; x_wconf 91' lang='lat' dir='ltr'>cum</span> <span class='ocrx_word' id='word_1_670' title='bbox 3552 5108 3679 5159; x_wconf 88' lang='lat' dir='ltr'>ante</span> <span class='ocrx_word' id='word_1_671' title='bbox 3704 5098 3841 5172; x_wconf 82' lang='lat' dir='ltr'>quin-</span> 
     </span>
    </p>
   </div>
   <div class='ocr_carea' id='block_1_95' title="bbox 2221 5186 3838 5269">
    <p class='ocr_par' dir='ltr' id='par_1_95' title="bbox 2221 5186 3838 5269">
     <span class='ocr_line' id='line_1_96' title="bbox 2221 5186 3838 5269; baseline -0.01 -16"><span class='ocrx_word' id='word_1_672' title='bbox 2221 5214 2335 5269; x_wconf 90' lang='lat' dir='ltr'>que</span> <span class='ocrx_word' id='word_1_673' title='bbox 2369 5198 2498 5252; x_wconf 90' lang='lat' dir='ltr'>dies</span> <span class='ocrx_word' id='word_1_674' title='bbox 2526 5197 2778 5252; x_wconf 72' lang='lat' dir='ltr'>Paschm</span> <span class='ocrx_word' id='word_1_675' title='bbox 2799 5196 3019 5251; x_wconf 89' lang='lat' dir='ltr'>sedens</span> <span class='ocrx_word' id='word_1_676' title='bbox 3039 5196 3208 5250; x_wconf 89' lang='lat' dir='ltr'>asino</span> <span class='ocrx_word' id='word_1_677' title='bbox 3227 5196 3654 5265; x_wconf 72' lang='lat' dir='ltr'>Jerosolymam</span> <span class='ocrx_word' id='word_1_678' title='bbox 3678 5186 3838 5244; x_wconf 85' lang='lat' dir='ltr'>venis-</span> 
     </span>
    </p>
   </div>
   <div class='ocr_carea' id='block_1_96' title="bbox 2221 5274 3837 5367">
    <p class='ocr_par' dir='ltr' id='par_1_96' title="bbox 2221 5274 3837 5367">
     <span class='ocr_line' id='line_1_97' title="bbox 2221 5274 3837 5367; baseline -0.009 -27"><span class='ocrx_word' id='word_1_679' title='bbox 2221 5291 2333 5341; x_wconf 86' lang='lat' dir='ltr'>set.</span> <span class='ocrx_word' id='word_1_680' title='bbox 2358 5287 2475 5342; x_wconf 90' lang='lat' dir='ltr'>Sed</span> <span class='ocrx_word' id='word_1_681' title='bbox 2509 5285 2623 5340; x_wconf 89' lang='lat' dir='ltr'>hoc</span> <span class='ocrx_word' id='word_1_682' title='bbox 2651 5285 2807 5339; x_wconf 90' lang='lat' dir='ltr'>idem</span> <span class='ocrx_word' id='word_1_683' title='bbox 2838 5285 2899 5340; x_wconf 89' lang='lat' dir='ltr'>in</span> <span class='ocrx_word' id='word_1_684' title='bbox 2927 5283 3142 5354; x_wconf 81' lang='lat' dir='ltr'>templo</span> <span class='ocrx_word' id='word_1_685' title='bbox 3165 5283 3293 5355; x_wconf 86' lang='lat' dir='ltr'>jam</span> <span class='ocrx_word' id='word_1_686' title='bbox 3324 5286 3548 5338; x_wconf 73' lang='lat' dir='ltr'>sanctae</span> <span class='ocrx_word' id='word_1_687' title='bbox 3570 5274 3837 5367; x_wconf 68' lang='lat' dir='ltr'>Ecclesiae,</span> 
     </span>
    </p>
   </div>
   <div class='ocr_carea' id='block_1_97' title="bbox 2220 5367 3839 5444">
    <p class='ocr_par' dir='ltr' id='par_1_97' title="bbox 2220 5367 3839 5444">
     <span class='ocr_line' id='line_1_98' title="bbox 2220 5367 3839 5444; baseline -0.007 -15"><span class='ocrx_word' id='word_1_688' title='bbox 2220 5376 2491 5429; x_wconf 86' lang='lat' dir='ltr'>examine</span> <span class='ocrx_word' id='word_1_689' title='bbox 2520 5373 2875 5444; x_wconf 62' lang='lat' dir='ltr'>quotidiana</span> <span class='ocrx_word' id='word_1_690' title='bbox 2911 5372 3271 5428; x_wconf 87' lang='lat' dir='ltr'>visitationis</span> <span class='ocrx_word' id='word_1_691' title='bbox 3315 5386 3525 5443; x_wconf 90' lang='lat' dir='ltr'>agere,</span> <span class='ocrx_word' id='word_1_692' title='bbox 3560 5367 3737 5423; x_wconf 89' lang='lat' dir='ltr'>omnis</span> <span class='ocrx_word' id='word_1_693' title='bbox 3762 5373 3839 5431; x_wconf 73' lang='lat' dir='ltr'>qui</span> 
     </span>
    </p>
   </div>
   <div class='ocr_carea' id='block_1_98' title="bbox 2222 5462 2901 5533">
    <p class='ocr_par' dir='ltr' id='par_1_98' title="bbox 2222 5462 2901 5533">
     <span class='ocr_line' id='line_1_99' title="bbox 2222 5462 2901 5533; baseline -0.003 -16"><span class='ocrx_word' id='word_1_694' title='bbox 2222 5466 2380 5518; x_wconf 88' lang='lat' dir='ltr'>recte</span> <span class='ocrx_word' id='word_1_695' title='bbox 2412 5463 2584 5533; x_wconf 91' lang='lat' dir='ltr'>sapit,</span> <span class='ocrx_word' id='word_1_696' title='bbox 2609 5462 2901 5533; x_wconf 89' lang='lat' dir='ltr'>intelligit.</span> 
     </span>
    </p>
   </div>
   <div class='ocr_carea' id='block_1_99' title="bbox 2294 5534 3838 5616">
    <p class='ocr_par' dir='ltr' id='par_1_99' title="bbox 2294 5534 3838 5616">
     <span class='ocr_line' id='line_1_100' title="bbox 2294 5534 3838 5616; baseline -0.011 -10"><span class='ocrx_word' id='word_1_697' title='bbox 2294 5552 2461 5606; x_wconf 90' lang='lat' dir='ltr'>Unde</span> <span class='ocrx_word' id='word_1_698' title='bbox 2490 5550 2736 5606; x_wconf 91' lang='lat' dir='ltr'>multum</span> <span class='ocrx_word' id='word_1_699' title='bbox 2765 5550 3066 5605; x_wconf 90' lang='lat' dir='ltr'>tremenda</span> <span class='ocrx_word' id='word_1_700' title='bbox 3098 5551 3236 5604; x_wconf 91' lang='lat' dir='ltr'>sunt</span> <span class='ocrx_word' id='word_1_701' title='bbox 3282 5548 3439 5616; x_wconf 86' lang='lat' dir='ltr'>haec,</span> <span class='ocrx_word' id='word_1_702' title='bbox 3474 5534 3838 5602; x_wconf 82' lang='lat' dir='ltr'>dilectissuni,</span> 
     </span>
    </p>
   </div>
   <div class='ocr_carea' id='block_1_100' title="bbox 2221 5635 3839 5713">
    <p class='ocr_par' dir='ltr' id='par_1_100' title="bbox 2221 5635 3839 5713">
     <span class='ocr_line' id='line_1_101' title="bbox 2221 5635 3839 5713; baseline -0.008 -18"><span class='ocrx_word' id='word_1_703' title='bbox 2221 5643 2278 5695; x_wconf 89' lang='lat' dir='ltr'>et</span> <span class='ocrx_word' id='word_1_704' title='bbox 2311 5639 2491 5713; x_wconf 89' lang='lat' dir='ltr'>digno</span> <span class='ocrx_word' id='word_1_705' title='bbox 2530 5639 2983 5709; x_wconf 84' lang='lat' dir='ltr'>expavescenda</span> <span class='ocrx_word' id='word_1_706' title='bbox 3017 5639 3255 5705; x_wconf 91' lang='lat' dir='ltr'>timore,</span> <span class='ocrx_word' id='word_1_707' title='bbox 3299 5635 3621 5705; x_wconf 90' lang='lat' dir='ltr'>sedulaque</span> <span class='ocrx_word' id='word_1_708' title='bbox 3649 5637 3839 5701; x_wconf 63' lang='lat' dir='ltr'>praeca-</span> 
     </span>
    </p>
   </div>
   <div class='ocr_carea' id='block_1_101' title="bbox 2216 5724 3840 5796">
    <p class='ocr_par' dir='ltr' id='par_1_101' title="bbox 2216 5724 3840 5796">
     <span class='ocr_line' id='line_1_102' title="bbox 2216 5724 3840 5796; baseline -0.006 -14"><span class='ocrx_word' id='word_1_709' title='bbox 2216 5728 2472 5783; x_wconf 90' lang='lat' dir='ltr'>vendum</span> <span class='ocrx_word' id='word_1_710' title='bbox 2501 5728 2812 5796; x_wconf 88' lang='lat' dir='ltr'>industria,</span> <span class='ocrx_word' id='word_1_711' title='bbox 2842 5743 2915 5783; x_wconf 90' lang='lat' dir='ltr'>ne</span> <span class='ocrx_word' id='word_1_712' title='bbox 2945 5727 3193 5784; x_wconf 89' lang='lat' dir='ltr'>veniens</span> <span class='ocrx_word' id='word_1_713' title='bbox 3222 5724 3607 5796; x_wconf 85' lang='lat' dir='ltr'>improvisus,</span> <span class='ocrx_word' id='word_1_714' title='bbox 3628 5726 3840 5792; x_wconf 80' lang='lat' dir='ltr'>perver-</span> 
     </span>
    </p>
   </div>
  </div>
