3948 6168
150 379 251 440 477

1521 365 2140 428 COLLECTANEA

3421 365 3540 428 478

145 595 255 635 sum
282 578 410 649 quid
447 577 505 630 in
532 575 704 630 nobis
734 573 889 628 unde
921 571 1134 625 merito
1154 569 1444 641 ﬂagellari
1466 583 1536 622 ac
1567 567 1639 620 de
1671 583 1761 620 ec-
1788 547 1846 608 Α
1874 566 2070 635 positi,
2092 566 2185 621 vel
2216 565 2348 620 ficte
2377 565 2657 634 bona,ve1
2693 567 2890 634 aperte
2917 564 3138 619 faciunt
3159 580 3337 634 opera
3358 566 3530 619 mala.

144 668 298 724 clesia
327 665 456 737 ejici
485 665 827 731 debeamus,
857 661 1132 716 inveniat.
1169 659 1240 712 Et
1269 658 1519 712 maxime
1571 657 1629 712 in
1662 657 1758 710 illa

141 774 250 828 qua
270 755 594 824 specialiter
609 753 819 807 domus
842 751 1125 806 orationis
1148 752 1418 815 vocatur,
1435 747 1761 801 observan-

139 846 270 911 dum,
299 859 368 897 ne
397 843 532 914 quid
565 843 825 912 ineptum
857 853 1250 912 geramus,ne
1271 853 1404 891 cum
1435 835 1762 889 Corinthiis

140 934 406 986 audiamus
437 933 508 984 ab
540 931 860 1000 Apostolo:
899 950 920 978 ι
957 927 1238 1002 Nunquid
1264 926 1474 980 domos
1507 940 1623 978 non
1660 923 1761 976 ha-

140 1023 284 1089 betis,
318 1041 339 1070 ι
371 1019 440 1073 ad
472 1019 700 1090 agenda
732 1019 825 1073 vel
858 1018 1149 1089 loquenda
1198 1013 1564 1085 temporalia,
1607 1034 1628 1058 α
1666 1013 1764 1064 aut

139 1109 429 1163 Ecclesium
461 1109 567 1162 Dei
611 1107 1024 1162 contemnitis?
1058 1128 1079 1154 ι
1132 1105 1189 1173 (Ι
1233 1104 1350 1158 Cor
1379 1103 1464 1172 ιι.)
1511 1101 1697 1154 Etiam
1731 1115 1764 1152 a

142 1197 386 1268 propheta
418 1212 553 1250 cum
584 1196 842 1251 Judaeis:
879 1219 900 1242 «ι
945 1196 1208 1248 Dilectus
1252 1207 1421 1270 meus
1479 1191 1538 1244 in
1587 1191 1761 1245 domo

137 1303 239 1340 mea
267 1287 396 1340 fecit
426 1287 661 1339 scelera
689 1285 870 1338 multa
901 1285 1050 1354 (Jer.
1085 1285 1186 1352 v1).
1227 1306 1248 1328 »

190 1374 248 1426 Et
276 1375 504 1444 quidem
536 1375 915 1445 gaudendum
945 1376 1055 1439 est,
1096 1372 1233 1442 quia
1281 1370 1396 1440 ipsi
1445 1383 1653 1424 sumus
1703 1367 1763 1421 in

135 1463 387 1533 baptismo
419 1464 704 1532 templum
740 1463 840 1517 Dei
876 1463 1300 1531 facti,testante
1335 1460 1637 1529 Apostolo,
1665 1456 1764 1527 qui

135 1552 219 1604 ait:
249 1574 269 1595 ε
301 1551 608 1621 Templum
643 1551 745 1606 Dei
777 1555 1046 1605 sanctum
1078 1553 1191 1618 est,
1244 1549 1399 1619 quod
1451 1547 1601 1602 estis
1651 1561 1763 1600 vos

133 1639 174 1706 (l
197 1639 310 1694 Cor.
330 1641 430 1709 ιιι),
455 1664 475 1685 o
503 1641 626 1710 ipsi
651 1641 859 1694 civitas
879 1640 1046 1711 regis
1065 1640 1261 1710 magni
1286 1639 1356 1693 de
1376 1654 1490 1708 qua
1514 1635 1756 1692 dicitur:

136 1751 152 1774 ι
200 1728 585 1782 Fundamenta
634 1728 770 1800 ejus
815 1729 872 1782 in
923 1727 1223 1782 montibus
1285 1728 1507 1781 sanctis
1567 1726 1756 1795 (I’sal.

131 1817 353 1886 Lxxxvx),
390 1840 411 1864 -

131 1905 237 1958 fidei
265 1906 669 1974 apostolorum
702 1912 758 1962 et
788 1908 1228 1977 prophetarum.
1263 1906 1379 1960 Sed
1414 1907 1590 1960 nimis
1635 1909 1758 1959 tre-

131 1995 540 2066 mendum,quia
572 1996 870 2066 praamisit
889 1996 1214 2065 Apostolus
1237 1996 1472 2049 dicens:
1505 2016 1526 2041 κ
1546 1995 1760 2065 Siquis

131 2086 288 2136 autem
314 2085 602 2154 templum
619 2085 721 2139 Dei
746 2085 1072 2152 violaverit,
1089 2085 1396 2153 disperdet
1416 2084 1580 2138 illum
1601 2085 1762 2140 Deus

129 2170 172 2238 (I
193 2171 309 2226 Cor.
340 2176 445 2242 ιιι).
476 2196 498 2223 ιο
536 2173 614 2228 Et
647 2174 1220 2245 ipsejudexjustus:
1246 2196 1268 2220 «ι
1290 2173 1658 2243 Disperdam,
1678 2174 1764 2227 in-

130 2261 244 2328 quit,
274 2262 340 2315 de
371 2263 616 2317 civitate
649 2263 877 2318 Domini
908 2278 1118 2317 omnes
1149 2263 1250 2332 qui
1283 2265 1602 2332 operantur
1648 2263 1762 2316 ini-

128 2349 366 2418 quitatem
395 2351 598 2421 (Psal.
631 2354 707 2420 c).
737 2375 760 2400 ι
783 2352 1045 2406 Gaudete
1067 2353 1204 2422 quia
1228 2351 1287 2404 in
1312 2351 1485 2406 nobis
1516 2351 1762 2406 Paschae

129 2439 433 2494 solemnitas
467 2441 696 2512 agitur,
717 2455 849 2495 cum
871 2441 943 2495 de
961 2440 1121 2495 vitiis
1135 2441 1212 2494 ad
1233 2439 1485 2494 virtutes
1508 2441 1762 2495 transire

128 2529 445 2598 satagimus;
479 2529 722 2582 Pascha
753 2529 990 2598 quidem
1024 2530 1319 2584 transitus
1348 2529 1581 2584 dicitur.
1605 2529 1764 2584 Gau-

128 2614 344 2671 dendum
371 2619 508 2687 quia
544 2617 836 2672 Dominus
859 2622 1064 2672 nostra
1083 2622 1344 2688 pectora,
1367 2619 1660 2672 civitatem
1679 2621 1763 2672 vi-

127 2702 302 2758 delicet
319 2721 486 2760 suam
511 2707 802 2774 invisere,
827 2708 964 2778 quia
986 2708 1138 2762 idem
1157 2706 1388 2760 Pascha
1407 2709 1629 2762 nostrae
1653 2709 1763 2762 bo-

127 2793 442 2850 ureactionis
455 2797 785 2866 praesentia
807 2810 935 2850 suae
961 2795 1197 2866 pietatis
1227 2797 1523 2850 illustrare
1550 2796 1763 2868 digna-

125 2881 216 2949 tur,
248 2882 346 2936 sed
375 2884 710 2938 timendum
741 2884 890 2938 satis
920 2899 996 2940 ne
1017 2900 1128 2938 nos
1148 2884 1207 2939 in
1226 2884 1457 2938 civitate
1477 2900 1585 2937 sua
1608 2885 1766 2939 aliud

127 2983 269 3038 quam
297 2972 422 3041 ipse
455 2973 663 3044 diligit
690 2975 937 3044 agentes
969 2973 1248 3040 inveniat,
1270 2975 1326 3026 et
1348 2973 1476 3042 ipse
1501 2988 1567 3027 se
1587 2973 1760 3026 nobis

127 3057 328 3158 qualem.
348 3077 463 3116 non
497 3061 812 3133 diligimus
843 3061 1152 3159 districtus
1181 3061 1446 3116 redditor
1468 3062 1758 3130 ostendat,
1796 3098 1846 3159 Ο

128 3160 183 3200 ne
201 3163 297 3202 nos
314 3148 371 3202 in
391 3151 622 3223 templo
640 3149 1090 3221 nummularios,
1106 3165 1180 3204 ne
1203 3151 1542 3206 venditores
1559 3150 1760 3220 boum,

127 3236 310 3307 ovium,
343 3241 840 3296 columbarumve
870 3240 1177 3310 reperiens
1211 3241 1464 3294 damnet.

180 3327 355 3386 Boves
369 3333 600 3401 quippe
618 3329 944 3384 doctrinam
966 3329 1102 3383 vitae
1116 3328 1402 3397 caelestis,
1419 3344 1564 3383 oves
1583 3343 1765 3397 opera

127 3418 389 3472 munditia;
411 3423 470 3474 et
499 3417 1068 3489 pietatis,columba3
1100 3417 1291 3470 sancti
1321 3417 1577 3486 Spiritus
1608 3417 1766 3470 desi-

128 3510 297 3573 gnant,
311 3509 444 3577 quia
461 3507 747 3562 nimirum
761 3507 968 3576 boumj
980 3506 1251 3559 uvamiue
1267 3505 1420 3559 solet
1434 3520 1578 3576 ager
1591 3521 1767 3559 exer-

128 3594 253 3661 ceri;
274 3611 412 3667 ager
445 3601 650 3651 autem
681 3599 773 3650 est
802 3595 1056 3659 Domini,
1090 3609 1194 3648 cor
1223 3595 1448 3648 caelesti
1473 3594 1772 3649 excultum

126 3679 377 3750 doctrina,
410 3690 471 3741 ot
492 3683 904 3753 suscipiendis
927 3683 1094 3737 verbi
1119 3684 1222 3736 Dei
1247 3688 1638 3752 praeparatum
1659 3683 1768 3737 rite

128 3774 514 3844 sermonibus;
539 3788 686 3828 oves
705 3773 1054 3827 innocenter
1076 3787 1184 3824 sua
1201 3771 1418 3825 vellera
1441 3771 1768 3826 vestiendis

128 3857 436 3916 hominibus
466 3864 779 3933 prastant,
832 3861 1089 3930 Spiritus
1139 3875 1321 3929 super
1367 3859 1678 3914 Dominum
1709 3860 1768 3914 in

129 3947 386 4006 columbae
417 3951 627 4022 specie
658 3949 984 4004 descendit.
1022 3948 1295 4003 Vendunt
1327 3951 1520 4002 autem
1554 3949 1764 4016 boves,

128 4035 209 4103 qui
223 4041 458 4094 vei-bum
485 4037 800 4109 Evangelii
822 4053 939 4092 non
957 4037 1156 4091 divino
1174 4052 1394 4104 amore,
1417 4036 1522 4090 sed
1544 4036 1768 4090 terreni

127 4127 364 4192 quaestus
394 4128 613 4182 intuitu
644 4126 1020 4180 audientibus
1052 4125 1415 4194 impendunt,
1443 4125 1651 4196 quales
1671 4140 1768 4178 re-

128 4214 412 4279 prehendit
442 4217 794 4286 Apostolus,
828 4215 964 4286 quia
1007 4213 1312 4270 Christum
1354 4215 1769 4268 annuntiarent

133 4319 149 4343 ·
179 4317 286 4358 non
313 4306 554 4360 sincere
584 4305 866 4376 (Philipp.
897 4305 959 4373 ι).
997 4327 1018 4351 υ
1056 4303 1332 4358 Vendunt
1349 4304 1631 4373 oves,qui
1654 4301 1766 4356 hu-

129 4402 293 4446 manae
307 4395 494 4464 gratia
507 4393 700 4447 laudis
713 4408 895 4462 opera
905 4392 1141 4462 pietatis
1155 4392 1534 4454 exercent,de
1547 4391 1766 4462 quibus

129 4473 386 4536 Dominus
417 4483 500 4536 ait
527 4497 537 4534 :
575 4502 597 4527 α
632 4479 775 4545 Quia
809 4484 1164 4550 receperunt
1195 4481 1528 4535 mercedem
1575 4495 1764 4534 suam.
1793 4485 1852 4549 Β

128 4564 342 4627 (Matth.
375 4574 478 4640 vx).
539 4591 558 4618 ι
615 4569 886 4624 Vendunt
935 4570 1265 4638 columbas,
1317 4569 1420 4640 qui
1468 4572 1769 4638 acceptam

126 4652 357 4721 Spiritus
385 4659 639 4730 gratiam
669 4674 783 4713 non
816 4679 837 4704 ιε
873 4659 1062 4729 gratis
1090 4658 1328 4726 (Matth.
1365 4660 1448 4726 κ),
1479 4679 1499 4706 ιο
1530 4661 1591 4712 ut
1611 4674 1766 4727 prae-

129 4748 337 4811 ceptum
358 4751 469 4815 est,
493 4747 602 4800 sed
623 4747 694 4799 ad
717 4747 1024 4816 praemium
1041 4746 1196 4810 dant,
1216 4747 1316 4817 qui
1332 4746 1769 4816 impositionem

127 4841 229 4897 qua
239 4833 490 4903 Spiritus
503 4834 806 4902 accipitur,
825 4836 936 4888 etsi
953 4851 1068 4888 non
1085 4836 1159 4888 ad
1171 4838 1464 4906 quaestum
1479 4835 1766 4905 pecunia,

134 4919 195 4973 ad
212 4923 366 4994 vulgi
380 4929 574 4978 tamen
599 4923 862 4978 favorem
879 4925 1162 4993 tribuunt,
1179 4926 1279 4996 qui
1298 4939 1506 4979 sacros
1529 4924 1770 4978 ordines

138 5019 238 5060 non
266 5011 333 5064 ad
362 5013 501 5066 vita;
531 5013 825 5080 meritum,
861 5013 964 5066 sed
1007 5014 1079 5066 ad
1112 5013 1361 5084 gratiam
1417 5013 1768 5084 largiuntur.

135 5093 398 5155 Nummos
429 5104 630 5156 mutuo
656 5102 794 5155 dant
837 5102 894 5154 iu
925 5101 1142 5172 templo
1191 5103 1290 5172 qui
1339 5116 1456 5156 non
1501 5100 1771 5156 simulate

140 5185 459 5244 coelestibus
493 5191 599 5244 sed
629 5195 832 5260 aperte
864 5190 1123 5244 terrenis
1168 5191 1350 5245 rebus
1394 5191 1456 5243 in
1501 5189 1772 5244 Ecclesia

139 5270 472 5346 deserviunt,
508 5295 615 5332 sua
647 5283 1010 5349 quaerentes,
1042 5293 1160 5334 non
1187 5294 1320 5349 qum
1367 5279 1515 5334 Jesu
1543 5279 1770 5333 Christi

143 5358 395 5436 (Philipp.
429 5379 508 5432 ιι).

202 5447 401 5508 Verum
433 5455 777 5526 hujusmodi
823 5457 1128 5527 operarios
1177 5457 1586 5512 fraudulentos
1635 5472 1769 5528 quis

144 5550 346 5594 merces
394 5549 603 5610 manet,
653 5545 910 5600 ostendit
957 5546 1262 5613 Dominus,
1315 5561 1449 5600 cum
1493 5545 1645 5600 facto
1697 5547 1768 5600 de

145 5621 395 5684 funiculis
412 5633 662 5705 ﬂagello,
680 5649 888 5689 omnes
906 5634 957 5705 ej
968 5635 1082 5689 ecit
1099 5635 1170 5688 de
1185 5635 1418 5705 templo.
1440 5633 1770 5705 Ejiciuntur

149 5717 315 5769 autem
345 5717 412 5774 de
440 5725 603 5791 parte
623 5723 815 5779 .sortis
848 5727 1206 5794 sanctorum,
1224 5724 1323 5795 qui
1344 5723 1499 5780 inter
1526 5726 1768 5779 sanctos

1873 653 2028 708 Oves
2061 670 2294 725 quoque
2341 657 2396 707 et
2439 653 2626 708 boves
2679 653 2884 723 ejecit,
2929 654 3065 723 quia
3115 655 3312 707 talium
3358 654 3537 708 vitam

1871 743 2093 812 pariter
2123 748 2179 796 et
2209 743 2534 796 doctrinam
2566 742 2824 796 ostendit
2857 757 2994 794 esse
3025 743 3362 810 reprobam.

1942 831 2213 885 Funiculi
2265 831 2482 900 quibus
2527 830 2879 902 flagellando
2931 829 3144 898 impios
3202 830 3272 883 de
3319 832 3534 900 templo

1871 920 2114 988 expulit,
2131 920 2490 974 incrementa
2516 924 2653 972 sunt
2674 919 2971 973 actionum
2993 919 3298 985 malarum,
3316 919 3386 972 de
3403 920 3536 988 qui-

1870 1009 1986 1062 bus
2039 1009 2281 1062 materia
2330 1009 2641 1061 damnandi
2694 1007 2985 1077 reprobos
3037 1007 3302 1060 districto
3347 1006 3536 1076 judici

1871 1097 2060 1151 datur.
2098 1097 2248 1150 Hinc
2279 1097 2493 1151 etenim
2521 1097 2660 1149 dicit
2693 1095 2916 1149 Isaias:
2957 1117 2977 1141 «
3017 1095 3119 1149 Vae
3151 1094 3248 1165 qui
3301 1095 3534 1148 trahitis

1871 1185 2235 1255 iniquitatem
2268 1186 2324 1238 in
2355 1184 2638 1239 funiculis
2672 1184 2946 1237 vanitatis
2980 1184 3144 1250 (Isai.
3183 1183 3261 1247 v).
3300 1205 3321 1231 ιο
3379 1183 3449 1236 Et
3480 1184 3536 1236 in

1873 1275 2213 1329 Proverbiis
2246 1274 2521 1327 Salomon
2550 1289 2560 1326 :
2603 1295 2623 1319 α
2664 1272 3028 1342 lniquitates,
3064 1273 3267 1342 inquit,
3289 1288 3414 1326 suae
3434 1287 3534 1325 ca-

1871 1363 2034 1432 piunt
2067 1363 2326 1431 impium,
2363 1366 2417 1416 et
2449 1361 2689 1414 funibus
2721 1363 3096 1429 peccatorum
3120 1376 3365 1414 suorum
3390 1376 3535 1414 con-

1874 1452 2189 1523 stringitur
2217 1451 2425 1519 (Prov.
2458 1455 2534 1517 v).
2574 1473 2595 1496 ι»
2629 1447 2738 1513 Qui
2779 1449 2934 1502 enim
2982 1451 3222 1518 peccata
3273 1449 3536 1518 peccatis

1875 1556 1978 1610 pro
2012 1540 2229 1611 quibus
2262 1540 2460 1593 acrius
2491 1539 2802 1592 damnetur
2823 1538 3169 1604 accumulat,
3189 1539 3362 1606 quasi
3385 1537 3538 1590 funi-

1876 1630 2044 1684 culos
2063 1629 2280 1699 quibus
2298 1629 2516 1700 ligetur
2535 1643 2602 1681 ac
2620 1626 3240 1698 tlagelleturpaulatim
3262 1627 3535 1697 augendo

1875 1720 2207 1789 prolongat,

449 1818 508 1870 id
533 1820 652 1885 est,
674 1818 1050 1872 fundamenta
1073 1816 1361 1872 Ecclesiae
1384 1816 1442 1870 in
1465 1816 1760 1871 soliditate
1792 1821 1844 1881 Β
1871 1813 1874 1818 ’
1949 1807 2432 1862 Numulariorum
2453 1821 2687 1876 quoque
2707 1820 2858 1876 quos
2878 1805 3184 1874 expulerat
3201 1803 3402 1858 effudit
3425 1820 3530 1873 aes,

1875 1902 1931 1952 et
1961 1911 2200 1950 mensas
2232 1896 2542 1962 subvertit,
2570 1894 2708 1965 quia
2733 1893 3021 1946 damnatis
3046 1893 3102 1946 in
3123 1893 3234 1946 fine
3260 1892 3533 1961 rcprobis

1873 1987 2045 2040 etiam
2078 1987 2339 2055 ipsarum
2369 2000 2518 2054 quas
2551 1984 2810 2037 dilexere
2843 1998 3042 2036 rerum
3077 1981 3238 2036 tollet
3257 1981 3529 2051 figuram,

1863 2074 2036 2145 juxta
2069 2075 2181 2127 hoc
2212 2072 2368 2143 quod
2400 2072 2686 2142 scriptum
2717 2076 2826 2140 est,
2865 2091 2887 2122 ι
2919 2074 2974 2125 et
3000 2070 3253 2124 mundus
3287 2071 3535 2123 transiet

1872 2166 1928 2217 et
1959 2161 2436 2230 concupiscentia
2468 2160 2600 2228 ejus
2623 2160 2677 2230 (I
2705 2161 2871 2214 Joan.
2908 2161 2990 2228 ιι).
3030 2183 3051 2206 »ν

1942 2251 2012 2304 Et
2044 2252 2132 2304 eis
2165 2251 2265 2320 qui
2295 2250 2598 2303 columbas
2631 2249 2965 2302 vendebant
3005 2247 3150 2300 dixit
3182 2263 3191 2299 :
3233 2270 3253 2292 ιι
3289 2245 3533 2300 Auferte

1872 2341 1982 2394 ista
2015 2338 2172 2404 hinc,
2206 2338 2384 2392 nolite
2419 2337 2618 2392 facere
2649 2337 2884 2390 domum
2919 2336 3114 2388 Patris
3137 2335 3260 2403 ,mci
3295 2334 3533 2387 domum

1873 2426 2510 2499 negociationis(Joan.
2545 2426 2662 2492 ιι).»
2700 2425 3110 2479 Venditionem
3127 2421 3534 2476 columbarum

1871 2517 1941 2570 de
1971 2516 2186 2585 templo
2201 2515 2436 2568 auferre
2463 2513 2747 2585 praecipit,
2771 2513 2905 2583 quia
2923 2512 3108 2583 gratia
3124 2511 3386 2580 Spiritus
3402 2526 3534 2580 gra-

1869 2606 1946 2660 tis
1959 2604 2368 2676 accipi,gratis
2382 2604 2505 2657 dari
2541 2603 2734 2657 debet.
2762 2601 2930 2656 Unde
2955 2599 3157 2655 Simon
3181 2599 3277 2653 ille
3297 2598 3532 2670 Magus,

1870 2695 1970 2764 qui
2000 2693 2150 2747 hanc
2182 2693 2432 2763 pecunia
2465 2706 2661 2745 emere
2711 2690 2915 2758 voluit,
2964 2692 3026 2744 ut
3067 2687 3296 2759 majore
3341 2687 3533 2756 pretio

1873 2784 2172 2849 venderet,
2204 2781 2460 2835 audivit:
2501 2802 2522 2829 α
2558 2780 2817 2834 Pecunia
2849 2783 2947 2833 tua
2976 2782 3172 2832 tecum
3205 2778 3283 2831 sit
3317 2777 3374 2830 in
3397 2791 3535 2845 per-

1871 2871 2117 2938 ditionc;
2147 2887 2262 2924 non
2295 2875 2384 2924 est
2418 2870 2518 2922 tibi
2550 2885 2687 2940 pars
2728 2884 2919 2938 neque
2967 2881 3104 2921 sors
3152 2867 3209 2921 in
3258 2880 3535 2919 sermone

1870 2959 1983 3014 hoc
2014 2960 2171 3029 (Act.
2206 2963 2309 3029 ιιι).
2350 2981 2370 3007 ι»

1945 3049 2275 3103 Notandum
2306 3051 2498 3103 autem
2519 3048 2654 3118 quia
2678 3062 2792 3102 non
2815 3047 2928 3101 soli
2948 3044 3286 3100 venditores
3308 3042 3535 3095 colum-

1871 3140 2078 3194 barum
2109 3141 2264 3207 sunt,
2301 3140 2357 3192 et
2388 3137 2624 3191 domum
2669 3136 2774 3189 Dei
2806 3135 3026 3189 faciunt
3074 3133 3313 3186 domum
3342 3144 3534 3201 nego-

1872 3227 2152 3296 tiationis,
2201 3227 2300 3296 qui
2349 3240 2557 3279 sacros
2605 3224 2848 3279 ordines
2907 3221 3219 3292 largiendo
3279 3217 3533 3289 pretium

1870 3316 2136 3387 pecunim
2182 3315 2273 3368 vel
2321 3314 2515 3368 laudis
2555 3313 2650 3367 vel
2703 3313 2876 3366 etiam
2921 3309 3166 3364 honoris
3210 3307 3530 3378 inquirunt,
3595 3359 3600 3362 .

1872 3420 2076 3458 verum
2091 3404 2146 3456 hi
2163 3418 2416 3474 quoque,
2434 3401 2532 3472 qui
2548 3401 2795 3472 gradum
2808 3399 2898 3453 vel
2922 3398 3169 3470 gratiam
3190 3397 3249 3450 in
3264 3394 3533 3450 Ecclesia

1875 3492 2262 3562 spiritualem,
2313 3506 2487 3562 quam
2538 3490 2660 3544 Deo
2705 3488 2993 3559 largiente
3040 3499 3382 3555 percepere,
3418 3499 3535 3538 non

1874 3581 2127 3650 simplici
2160 3581 2500 3646 intentione,
2537 3579 2644 3632 sed
2676 3577 2995 3648 cujuslibet
3028 3575 3301 3628 humanae
3352 3588 3535 3626 causa

1876 3671 2283 3725 retributionis
2316 3671 2614 3737 exercent,
2648 3671 2849 3722 contra
2883 3665 3025 3720 illud
3055 3662 3304 3734 apostoli
3340 3661 3530 3716 Petri:

1880 3781 1901 3807 ιι
1938 3757 2047 3822 Qui
2079 3760 2340 3830 loquitur
2369 3759 2542 3828 quasi
2573 3771 2882 3812 sermones
2915 3755 3041 3823 Dei,
3095 3753 3194 3824 qui
3242 3752 3538 3805 ministrat

1872 3853 2148 3918 tanquam
2178 3864 2252 3901 ex
2281 3847 2494 3900 virtute
2527 3861 2704 3916 quam
2737 3844 3108 3898 administrat
3148 3843 3328 3908 Deus,
3363 3843 3426 3894 ut
3479 3840 3538 3893 in

1874 3936 2149 3990 omnibus
2178 3935 2603 3989 honorificetur
2633 3933 2794 3986 Deus
2833 3947 2940 4000 per
2987 3931 3193 3984 Jesum
3234 3928 3539 3983 Christum

1875 4025 1927 4092 (Ι
1954 4023 2126 4077 Petr.
2158 4023 2258 4091 ιν).
2299 4045 2319 4069 η
2353 4021 2699 4090 Quicunque
2732 4035 2875 4091 ergo
2904 4019 3054 4073 tales
3087 4021 3226 4072 sunt
3267 4018 3320 4071 si
3351 4017 3539 4072 nolint

1872 4112 2146 4166 veniente
2180 4111 2426 4165 Domino
2460 4110 2530 4162 de
2564 4108 2834 4162 Ecclesia
2865 4107 3107 4173 auferri,
3129 4106 3400 4160 auferant
3425 4106 3538 4159 ista

1873 4201 1944 4254 de
1977 4201 2106 4254 suis
2140 4199 2392 4266 actibus,
2426 4212 2498 4252 ne
2531 4196 2748 4250 faciant
2777 4195 3016 4249 domum
3046 4195 3407 4248 Deidomum
3430 4207 3537 4246 ne-

1876 4289 2237 4359 gotiationis.

1876 4395 1943 4448 In
1977 4395 2198 4450 eodem.
2250 4423 2319 4433 -—
2365 4391 2508 4447 cho
2545 4391 2749 4446 domus
2785 4389 2998 4444 Patris
3035 4388 3317 4443 Salvator
3356 4385 3537 4458 ejecit

2424 4481 2636 4552 impios
2657 4480 2731 4534 de
2762 4478 2992 4550 templo.

1949 4574 2220 4629 Zelemus
2247 4575 2303 4626 et
2332 4585 2463 4638 nos,
2482 4571 2695 4624 fratres
2710 4567 3070 4637 charissimi,
3088 4567 3323 4622 domum
3338 4565 3464 4630 Dei,
3481 4567 3539 4618 et

1877 4667 2157 4735 quantum
2186 4675 2532 4730 possumus,
2567 4674 2640 4712 ne
2671 4658 2811 4729 quid
2833 4658 2891 4710 in
2912 4673 2980 4712 ea
3001 4672 3248 4727 pravum
3272 4657 3534 4727 geratur,

1877 4751 2250 4805 insistemus.
2286 4748 2350 4802 Si
2389 4747 2716 4801 viderimus
2767 4747 3006 4800 fratrem
3057 4745 3157 4816 qui
3196 4745 3265 4798 ad
3301 4744 3536 4797 domum

1879 4840 1983 4894 Dei
2016 4839 2282 4908 pertinet,
2319 4837 2600 4907 superbia
2632 4835 2940 4902 tumidum,
2974 4835 3027 4889 si
3071 4831 3534 4888 detractionibus

1875 4930 2182 4981 assuetum
2215 4926 2266 4980 si
2298 4925 2566 4980 ebrietati
2600 4925 2976 4979 servientem.
3013 4922 3065 4976 si
3095 4921 3328 4975 luxuria
3361 4934 3535 4974 ener-

1874 5017 2088 5079 vatum,
2126 5015 2178 5068 si
2210 5013 2512 5068 iracundia
2535 5012 2857 5081 turbidum,
2895 5011 2946 5064 si
2975 5010 3074 5064 alii
3095 5011 3370 5080 cuiquam
3391 5008 3534 5062 vitio

1874 5105 2261 5172 substratum,
2293 5101 2657 5170 studeamus,
2693 5101 2751 5154 in
2778 5103 3059 5170 quantum
3089 5097 3342 5152 facultas
3387 5113 3535 5168 sup-

1873 5193 2035 5262 petit,
2069 5191 2364 5264 castigare
2396 5191 2617 5261 polluta
2647 5205 2714 5242 ac
2744 5203 3033 5257 perversa
3057 5188 3384 5259 corrigere,
3403 5190 3460 5241 et
3481 5187 3536 5241 si

1873 5282 2012 5352 quid
2043 5282 2114 5335 de
2146 5280 2362 5334 talibus
2385 5279 2700 5334 emendare
2722 5276 3057 5348 nequimus,
3080 5292 3200 5330 non
3217 5277 3347 5330 sine
3371 5291 3534 5330 acer-

1874 5370 2023 5424 rimo
2057 5370 2270 5422 mentis
2303 5366 2599 5421 sustinere
2625 5365 2850 5432 dolore,
2903 5368 2960 5418 et
3008 5365 3260 5418 maxime
3305 5365 3365 5419 in
3404 5364 3534 5433 ipsa

1872 5458 2044 5513 domo
2069 5455 2374 5523 orationis,
2395 5454 2495 5534 ubi
2515 5468 2733 5523 corpus
2757 5453 2988 5507 Domini
3009 5454 3414 5520 consecratur,
3431 5452 3536 5506 ubi

1873 5546 2218 5618 angelorum
2241 5543 2557 5614 praesentia
2577 5557 2815 5611 semper
2837 5542 3052 5596 adesse
3076 5557 3192 5595 non
3212 5541 3531 5609 dubitatur,

1872 5652 1945 5689 ne
1976 5634 2116 5705 quid
2147 5634 2405 5702 ineptum
2437 5632 2556 5698 fiat,
2584 5645 2656 5685 ne
2684 5631 2844 5701 quid,
2865 5631 3022 5701 quod
3044 5633 3310 5686 nostram
3335 5629 3538 5682 frater-

1871 5738 2081 5778 namve
2113 5721 2435 5777 orationem
2468 5720 2762 5789 impediat,
2798 5721 2934 5773 totis
2985 5720 3216 5776 viribus
3258 5730 3530 5786 agamus.
