3948 6168
423 366 544 455 4'29

1451 388 1517 450 s.
1574 370 1953 453 ANSELMI
2001 374 2409 452 nucuNsr‘s
2454 387 2846 452 EPISCOPI
2940 418 2943 421 ν

3706 392 3809 458 480

423 591 493 646 In
524 590 825 647 Joannem.
849 621 919 631 —
950 591 1128 646 Jesus
1150 595 1342 645 autem
1372 588 1670 662 inclinans
1700 588 1973 643 deorsum
2001 587 2088 642 di—
2123 575 2174 637 Α
2203 588 2613 643 fornicationis
2641 589 2864 644 crimen
2898 589 2957 643 in
3008 588 3191 642 fratre
3237 591 3496 657 accusat,
3542 589 3598 644 in
3638 592 3807 662 seipso

687 665 812 734 gito
837 662 1147 716 scribebat
1179 663 1239 715 in
1274 668 1440 716 terra
1471 660 1658 727 (Joan.
1692 662 1837 729 vm).

500 768 613 822 Per
643 767 1079 823 inclinationem
1113 769 1278 835 Jesu,
1312 768 1643 836 humilitas,
1690 782 1797 836 per
1842 767 2085 837 digitum

426 859 525 929 qui
541 857 925 911 articulorum
941 858 1366 926 compositione
1380 856 1657 910 ﬂexibilis
1673 854 2088 929 est,snbtilitas

426 945 804 1000 discretionis
836 945 1207 1014 exprimitur.
1241 947 1430 999 Porro
1461 960 1567 1015 per
1596 949 1831 1013 terram,
1859 960 1963 998 cor
1979 943 2090 998 hu-

424 1050 681 1100 manum,
717 1034 874 1105 quod
898 1036 988 1088 vel
1022 1035 1316 1088 actionum
1360 1034 1645 1088 malarum
1675 1034 1767 1088 vel
1799 1035 2088 1087 bonarum

427 1123 577 1177 solet
609 1123 855 1176 reddere
886 1122 1140 1191 fructus,
1186 1124 1536 1177 ostenditur.
1571 1123 1909 1177 Postulatus
1942 1137 2086 1193 ergo

425 1211 713 1265 Dominus
739 1210 1009 1281 judicare
1058 1211 1131 1265 de
1179 1213 1532 1281 peccatrice,
1586 1228 1703 1266 non
1751 1212 1947 1265 statim
1991 1211 2088 1265 dat

420 1298 735 1369 judicium,
774 1298 878 1352 sed
911 1299 1077 1368 prius
1118 1315 1184 1353 se
1230 1300 1521 1353 inclinans
1572 1300 1869 1366 deorsum,
1905 1298 2087 1371 digito

424 1388 635 1441 scribit
654 1387 901 1451 interra,
919 1404 987 1441 ac
1006 1388 1095 1441 sic
1115 1388 1369 1456 demum,
1387 1404 1563 1459 quam
1584 1388 1801 1442 obnixe
1820 1395 2085 1457 rOgntus,

416 1474 664 1544 judicat,
682 1490 791 1529 nos
807 1474 1281 1546 videlicettypice
1299 1476 1621 1543 instruens,
1641 1480 1701 1530 ut
1716 1492 1847 1529 cum
1872 1476 2083 1545 quaeli-

422 1563 522 1618 bet
550 1564 949 1633 proximorum
982 1568 1175 1618 errata
1197 1565 1600 1633 conspicimus
1624 1580 1741 1618 non
1770 1564 1897 1617 haec
1921 1567 2088 1617 antea

424 1651 914 1721 reprehendendo
936 1652 1299 1722 judicemus,
1336 1669 1509 1723 quam
1549 1654 1621 1706 ad
1668 1653 2088 1706 conscientiam

428 1745 696 1794 nostram
729 1741 1027 1795 humiliter
1057 1742 1309 1809 reversi,
1336 1742 1518 1812 digito
1551 1757 1679 1796 eam
1711 1742 2088 1796 discretionis

425 1828 681 1883 solerter
698 1829 1103 1898 exculpamus,
1121 1831 1335 1900 etquid
1356 1831 1414 1882 in
1437 1844 1503 1883 ea
1521 1828 1821 1884 Conditori
1840 1831 2084 1900 placeat,

2205 679 2502 746 superbiae
2536 678 2767 731 facinus
2800 694 2920 732 non
2959 678 3177 731 videat.
3227 677 3362 732 Ideo
3397 676 3627 749 jubetur
3659 679 3813 751 judex

2200 766 2375 819 alieni
2421 766 2684 821 criminis
2736 768 2925 839 digito
2973 767 3352 821 discretionis
3400 768 3459 820 in
3516 769 3676 823 corde
3716 786 3811 825 suo

2201 854 2565 924 describere,
2597 871 2670 910 ne
2701 856 2854 910 forte
2870 857 2932 911 in
2953 856 3157 927 seipso
3181 871 3319 911 reus
3348 856 3811 923 inveniatur.Quid

2202 958 2347 1016 ergo
2378 944 2552 999 nobis
2585 945 2643 998 in
2692 944 3043 1015 hujusmodi
3090 945 3375 1015 periculis
3426 946 3668 1014 remedii,
3698 947 3814 1017 quid

2205 1037 2390 1088 restat
2423 1033 2654 1102 salutis,
2688 1034 2805 1087 nisi
2836 1036 2898 1088 ut
2930 1050 3065 1088 cum
3096 1038 3439 1104 peccantem
3461 1034 3813 1104 conspicimus

2204 1122 2402 1190 alium,
2448 1139 2588 1176 mox
2634 1122 2990 1177 inclinemur
3033 1123 3313 1177 deorsum
3333 1160 3351 1189 ,.
3404 1122 3461 1176 id
3510 1125 3628 1190 est,
3672 1139 3815 1193 quam

2205 1211 2420 1282 dejecti
2450 1227 2523 1266 ex
2552 1214 2774 1266 nostrae
2808 1211 3144 1265 conditione
3176 1210 3511 1283 fragilitatis
3558 1211 3745 1280 simus,
3770 1212 3814 1265 si

2204 1314 2321 1352 non
2362 1313 2473 1353 nos
2518 1298 2716 1351 divina
2762 1298 2954 1367 pietas
3004 1300 3315 1366 sustentet,
3350 1296 3637 1352 humiliter
3659 1296 3818 1366 inspi-

2207 1388 2454 1456 ciamus,
2470 1387 2654 1457 digito
2677 1387 3015 1441 scribamus
3037 1387 3293 1456 interra,
3318 1386 3377 1440 id
3399 1390 3507 1455 est,
3523 1385 3817 1440 discrimine

2206 1474 2413 1529 solerti
2442 1490 2785 1545 pensemus,
2814 1490 2889 1530 an
2928 1491 3062 1529 cum
3091 1474 3264 1529 beato
3294 1475 3408 1529 Job
3442 1474 3627 1530 dicere
3650 1474 3818 1544 possi-

2202 1578 2334 1617 mus
2359 1581 2373 1628 ;
2411 1585 2433 1612 «
2465 1563 2673 1633 Neque
2703 1564 2864 1618 enim
2893 1563 3276 1634 reprehendit
3305 1578 3418 1618 nos
3447 1578 3548 1617 eor
3592 1566 3817 1617 nostrum

2202 1652 2260 1706 in
2293 1653 2452 1707 omni
2481 1653 2598 1706 vita
2629 1656 2833 1707 nostra
2854 1653 2886 1709 ?
2919 1675 2941 1700 ιο
2978 1651 3113 1722 (Job
3134 1654 3304 1722 xvu.)

2361 1742 2463 1795 Ex
2489 1742 2756 1796 decretis
2784 1741 3082 1811 Stephani
3103 1757 3274 1812 papae
3304 1744 3366 1795 et
3404 1740 3697 1812 martyris.

2273 1830 2636 1884 Vestimenta
2679 1830 3117 1898 ecclesiastica,
3168 1829 3394 1901 quibus
3454 1830 3685 1883 Domino
3730 1826 3817 1880 mi-

427 1917 645 1986 quidve
672 1917 1000 1986 diSpliceat,
1028 1916 1232 1971 sedula
1255 1918 1685 1972 examinatione
1718 1918 2084 1986 dirimamus,
2127 1948 2170 2004 Β
2204 1919 2569 1987 nistratur,et
2584 1918 2890 1974 sacratade
2907 1918 3198 1972 bcntcsse
3214 1921 3269 1971 et
3282 1917 3550 1985 honesta,
3565 1916 3757 1987 quibus
3771 1916 3817 1968 in

415 2002 589 2073 juxta
622 2004 761 2057 illud
796 2005 1092 2074 Apostoli:
1120 2027 1145 2055 α
1177 2004 1433 2076 Fratres,
1465 2010 1521 2060 et
1552 2007 1603 2059 si
1634 2009 2088 2076 prmoccupatus

427 2092 789 2147 fuerithomo
812 2094 870 2146 in
889 2094 1084 2164 aliquo
1104 2094 1336 2161 delicto,
1353 2111 1463 2149 vos
1482 2096 1582 2165 qui
1601 2095 1896 2164 spiritales
1918 2095 2085 2165 estis,

426 2182 699 2235 instruite
730 2181 1075 2251 hujusmodi
1104 2184 1162 2235 in
1197 2184 1407 2252 spiritu
1440 2184 2088 2252 mansuetudinis,con-

424 2269 698 2323 siderans
730 2271 983 2339 teipsum
1016 2286 1086 2324 ne
1118 2275 1173 2324 et
1203 2274 1263 2324 tu
1295 2271 1540 2325 tenteris
1575 2271 1727 2340 (Gal.
1763 2274 1863 2342 v1).
1902 2295 1922 2319 η

495 2356 640 2411 Cum
688 2362 882 2413 autem
930 2362 1386 2430 perseverarent
1433 2361 1870 2432 interrogantes
1921 2377 2084 2427 eum;

423 2446 613 2501 erexit
644 2462 710 2501 se
743 2450 798 2501 et
830 2448 974 2501 dixit
1004 2448 1093 2501 eis
1120 2464 1131 2502 :
1172 2470 1192 2496 α
1229 2446 1338 2512 Qui
1369 2453 1638 2503 vestrum
1669 2450 1799 2504 sine
1844 2457 2087 2518 peccato

425 2540 535 2599 est,
572 2536 801 2605 primus
835 2536 892 2589 in
923 2535 1082 2589 illam
1115 2536 1368 2606 lapidem
1406 2537 1593 2591 mittat
1636 2538 1824 2605 (Joan.
1882 2539 2021 2607 vm).
2062 2560 2084 2587 ι»

424 2621 568 2686 Quia
600 2623 738 2676 hinc
767 2627 823 2677 et
853 2624 984 2678 ideo
1018 2625 1263 2678 Domino
1296 2625 1521 2679 Scribae
1551 2630 1607 2680 et
1632 2626 1924 2680 Pharisaei
1956 2630 2089 2681 ten-

427 2711 643 2764 debant
674 2711 919 2782 laqueos
952 2713 1320 2777 insidiarum,
1353 2717 1625 2783 putantes
1658 2730 1792 2768 eum
1835 2714 1929 2767 vel
1977 2716 2090 2768 im-

426 2799 876 2854 misericordem
908 2799 1168 2854 futurum
1202 2802 1261 2854 in
1284 2800 1605 2871 judicando
1656 2804 1747 2856 vel
1778 2802 2086 2873 injustam,

427 2887 767 2958 praevidens
800 2888 897 2941 ille
928 2889 1117 2957 dolos,
1165 2892 1336 2960 quasi
1368 2889 1463 2943 ﬁla
1510 2892 1722 2944 transit
1750 2905 2001 2957 araneae,
2035 2894 2089 2944 et

424 2976 717 3047 judicium
742 2976 993 3047 justitiae
1024 2994 1131 3048 per
1161 2979 1354 3031 omnia
1398 2979 1909 3034 mansuetudinem
1962 2980 2089 3049 pie-

432 3065 567 3119 tatis
601 3058 1113 3121 oétendens.Ecce
1137 3067 1519 3137 temperantia
1539 3067 1893 3132 miserandi;
1922 3089 1943 3118 ι
1978 3068 2091 3131 Qui

432 3154 561 3208 sine
580 3157 820 3224 peccato
839 3157 933 3209 est
948 3161 1232 3225 vestrum,
1254 3178 1276 3204 »
1299 3171 1439 3210 ecce
1457 3157 1667 3210 iterum
1685 3156 1913 3227 justitia
1932 3156 2090 3228 judi-

429 3242 619 3311 candi,
658 3263 680 3293 «
716 3243 942 3312 primus
975 3243 1032 3298 in
1063 3244 1220 3298 illam
1270 3244 1521 3314 lapidem
1572 3246 1775 3299 mittat.
1833 3269 1855 3293 ι»
1906 3246 1990 3299 Ac
2037 3244 2089 3299 si

2204 2008 2336 2061 aliis
2350 2008 2562 2062 usibus
2579 2023 2751 2061 nemo
2772 2008 2951 2061 debet
2978 2006 3115 2075 frui,
3140 2021 3320 2077 quam
3353 2004 3752 2060 ecclesiasticis
3775 2006 3820 2058 et

2205 2096 2326 2149 Deo
2349 2096 2546 2168 dignis
2570 2095 2805 2160 officiis,
2824 2097 2964 2166 quia
2982 2096 3183 2149 necab
3201 2095 3338 2149 aliis
3361 2094 3574 2149 debent
3601 2092 3819 2162 contingi

2205 2188 2306 2238 aut
2346 2185 2511 2253 ferri,
2543 2185 2659 2238 nisi
2690 2200 2722 2237 a
2754 2184 3013 2240 sacratis
3045 2183 3391 2238 hominibus
3416 2202 3431 2247 ;
3464 2199 3534 2236 ne
3562 2181 3688 2235 ultio
3712 2195 3820 2250 qua

2204 2273 2844 2344 Balthasarpercussit,
2866 2288 3046 2342 super
3066 2271 3197 2327 hac
3208 2269 3761 2343 transgredientibus
3780 2269 3825 2321 et

2208 2363 2335 2416 talia
2368 2362 2876 2431 prmsumentibus
2908 2360 3103 2415 veniat
3126 2361 3349 2429 divina,
3376 2363 3435 2415 et
3462 2372 3721 2413 corruere
3743 2369 3824 2409 eos

2203 2451 2380 2505 faciat
2407 2451 2479 2503 ad
2506 2452 2642 2504 ima.
2679 2448 2823 2504 Haec
2854 2450 2974 2503 illis
2995 2449 3054 2502 in
3076 2448 3347 2518 partibus
3367 2448 3582 2519 quibus
3595 2445 3825 2511 moraris,

2204 2544 2259 2593 et
2289 2540 2350 2592 in
2382 2539 2678 2605 omnibus,
2705 2538 2928 2608 quibus
2951 2537 3242 2607 potueris,
3268 2537 3504 2591 cunctis
3520 2538 3648 2590 nota
3666 2533 3825 2597 facito,

2205 2631 2260 2681 et
2290 2628 2614 2681 observare
2645 2626 2975 2696 apostolica
3008 2626 3285 2679 mandato
3340 2623 3690 2691 auctoritate,
3717 2619 3826 2692 quia

2204 2719 2261 2771 et
2290 2716 2477 2769 nostri
2507 2715 2801 2785 nobisque
2829 2716 3146 2769 commissi
3174 2716 3237 2768 in
3268 2715 3420 2770 sede
3450 2711 3747 2784 apostolica
3784 2710 3827 2761 et

2204 2804 2527 2859 universali
2558 2803 2827 2857 Ecclesia
2857 2817 3069 2860 omnes
3094 2803 3230 2856 haec
3262 2804 3592 2858 observem
3629 2812 3765 2854 nunc
3786 2798 3829 2849 et

2204 2892 2421 2947 futuris
2454 2893 2838 2961 temporibus,
2872 2890 3145 2963 prot’essi
3178 2895 3340 2946 sunt.

2449 2981 2833 3035 Innocentius
2853 2995 3007 3052 papa
3033 2979 3347 3052 episcopis
3372 2978 3625 3051 Apulia.

2273 3069 2351 3125 Ca
2359 3084 2544 3125 nones
2555 3069 2709 3139 apud
2720 3069 2984 3124 Nicaeam
3006 3084 3037 3123 c
3050 3069 3311 3124 onstituti
3326 3068 3675 3139 pasnitentes
3689 3062 3831 3118 suam

2202 3159 2276 3213 ab
2308 3159 2527 3212 intimis
2557 3157 2774 3212 officiis
2806 3158 3167 3213 clericonum
3202 3157 3550 3212 excludunt.

2601 3246 2705 3300 Ex
2729 3247 3001 3302 decretis
3030 3244 3250 3301 Sirioii
3277 3261 3477 3317 papae.

426 3301 679 3385 dixisset
702 3301 776 3385 εὐ
815 3331 877 3386 Si
926 3331 1167 3404 Moyses
1218 3301 1514 3386 mandavit
1559 3334 1731 3387 vobis
1783 3334 2087 3387 mulierem
2122 3301 2171 3361 Ο
2273 3335 2545 3389 llludnos
2564 3350 2803 3406 quoque
2823 3301 3833 3407 parfnitprovidere,ut,sicutpomi-

425 3417 767 3491 hujusmodi
789 3420 1067 3489 lapidare,
1084 3421 1440 3492 videte,quia
1455 3436 1571 3473 non
1594 3421 1705 3473 hoc
1719 3425 2087 3489 peccatores,

348 3540 351 3545 ι
428 3507 534 3560 sed
556 3507 763 3577 justos
793 3507 989 3561 facere
1020 3509 1321 3577 praecepit.
1348 3531 1370 3556 ιι
1407 3507 1602 3562 Primo
1632 3522 1742 3562 vos
1765 3510 1877 3578 ipsi
1905 3509 2087 3579 justi-

426 3593 565 3648 tiam
598 3592 752 3666 legis
801 3595 1057 3664 implete,
1092 3601 1147 3649 et
1178 3596 1266 3649 sic
1314 3596 1661 3650 innocentes
1712 3597 1985 3651 manibus
2035 3600 2092 3652 et

427 3682 643 3736 mundo
658 3682 834 3737 corde
855 3683 929 3736 ad
948 3683 1323 3751 lapidandum
1348 3699 1507 3737 ream
1532 3685 1883 3754 concurrite,
1902 3687 2090 3754 primo

426 3769 759 3839 spiritualia
778 3771 933 3841 legis
951 3773 1160 3842 edicta,
1178 3771 1373 3839 tidem,
1390 3772 1857 3827 misericordiam
1878 3777 1935 3826 et
1952 3774 2088 3827 cha-

427 3857 660 3913 ritatem
687 3859 970 3928 perficite,
1009 3862 1065 3914 et
1096 3860 1185 3914 sic
1230 3861 1303 3913 ad
1336 3860 1593 3915 carnalia
1628 3860 1952 3932 judicanda
1997 3862 2089 3915 di-

423 3946 655 4001 vertite.

497 4034 641 4088 Dato
673 4039 867 4090 autem
889 4035 1140 4106 judicio,
1160 4036 1441 4091 Dominus
1475 4037 1686 4092 iterum
1704 4054 1770 4093 se
1796 4038 2089 4094 inclinans

424 4122 702 4177 deorsum
716 4124 773 4178 in
796 4129 954 4179 terra
974 4126 1292 4180 scribebat.
1312 4126 1381 4181 Et
1402 4127 1659 4197 quidem,
1675 4127 1842 4198 juxta
1865 4143 2089 4182 morem

427 4213 876 4268 consuetudinis
907 4214 1201 4283 humanae,
1240 4218 1434 4285 potest
1464 4214 1732 4287 intelligi,
1767 4217 1922 4287 quod
1958 4217 2088 4269 ideo

428 4301 711 4356 Dominus
730 4319 929 4357 coram
948 4304 1338 4358 tentatoribus
1360 4306 1645 4373 improbis
1663 4305 1935 4359 inclinari
1951 4308 2007 4359 et
2030 4305 2089 4358 in

421 4392 579 4443 terra
611 4391 880 4445 scribere
911 4392 1162 4446 voluerit
1210 4398 1271 4446 ut
1319 4393 1434 4446 alio
1483 4392 1705 4447 vultum
1753 4393 2084 4459 intendens,

421 4477 675 4532 liberum
708 4479 877 4533 daret
905 4480 993 4533 eis
1044 4480 1286 4548 exitum,
1338 4496 1490 4551 quos
1536 4497 1645 4535 sua
1696 4482 2088 4551 responsione

420 4567 737 4637 perculsos
755 4568 931 4621 citius
945 4570 1416 4638 exituros,qnam
1429 4569 1598 4639 plura
1612 4570 2087 4641 interrogaturos

421 4657 795 4725 prmviderat.
815 4656 1078 4727 Denique
1090 4655 1419 4726 audientes,
1435 4672 1590 4712 unus
1611 4661 1746 4727 post
1765 4672 1946 4712 unum
1959 4659 2087 4712 exi-

422 4744 583 4815 bant,
616 4745 970 4815 incipientes
1000 4761 1031 4799 a
1064 4746 1426 4800 senioribus.

497 4832 613 4888 Sed
641 4834 895 4914 figurate
951 4849 1063 4889 nos
1113 4834 1389 4889 admonet
1433 4833 1494 4887 in
1542 4849 1613 4889 eo
1662 4834 1820 4905 quod
1868 4839 1927 4889 et
1955 4837 2089 4890 ante

427 4921 621 4976 datam
649 4926 708 4977 et
734 4927 872 4993 post
896 4924 1095 4978 datam
1141 4923 1494 4978 sententiam
1524 4922 1818 4978 inclinans
1849 4923 2093 4993 scripsit

425 5009 486 5063 in
512 5013 691 5075 terra,
730 5014 796 5066 ut
836 5017 893 5067 et
940 5013 1109 5082 prius
1157 5026 1333 5082 quam
1378 5013 1718 5081 peccantem
1758 5013 2090 5081 proximum

426 5099 839 5171 corripiemus,
874 5104 930 5155 et
959 5104 1274 5172 postquam
1300 5100 1518 5155 debita;
1549 5101 1962 5172 castigationis
2002 5101 2090 5155 illi

424 5185 819 5242 ministerium
830 5191 1285 5258 reddiderimus,
1301 5190 1596 5259 nosipsos
1609 5190 1787 5261 digna
1806 5190 2092 5244 humilita-

424 5274 507 5328 tis
529 5274 982 5347 investigatione
1002 5280 1462 5349 perpendamus,
1478 5294 1553 5333 ne
1570 5277 1723 5333 forte
1740 5282 1840 5332 aut
1860 5279 2085 5333 eisdem

426 5378 562 5433 quae
591 5363 652 5417 in
681 5364 831 5433 ipsis
860 5368 1375 5436 reprehendimus,
1407 5371 1509 5421 aut
1542 5366 1674 5421 aliis
1719 5368 2085 5437 quibuslibet

426 5452 1016 5509 simusfacinoribus
1048 5456 1277 5525 irretiti,
1334 5457 1492 5510 sicut
1535 5455 1689 5510 forte
1738 5456 1865 5510 lteri
1904 5456 2091 5524 potuit

425 5544 490 5595 ut
509 5541 640 5611 ipse
652 5542 752 5612 qui
774 5542 1123 5597 homicidam
1140 5558 1307 5598 reum
1326 5545 1533 5597 mortis
1552 5542 2083 5613 essejudicaverit,

426 5629 557 5700 ipse
586 5630 646 5684 in
676 5632 878 5700 seipso
899 5647 1008 5701 per
1027 5632 1225 5686 odium
1248 5633 1524 5687 fraternae
1547 5632 1757 5688 mortis
1772 5646 1912 5685 esse
1942 5646 2086 5686 reus

427 5723 559 5778 ante
601 5720 839 5779 oculum
862 5720 1220 5777 Conditoris
1262 5720 1612 5777 inveniatur.
1655 5719 1940 5778 Similiter
1986 5721 2088 5793 qui

2201 3424 2439 3478 tentiam
2466 3438 2645 3495 agere
2676 3425 2947 3495 cuiquam
2976 3438 3105 3480 non
3127 3424 3479 3478 conceditur
3500 3420 3833 3482 clericorum,

2201 3513 2279 3565 ita
2311 3515 2368 3566 et
2395 3516 2532 3581 post
2560 3512 2985 3581 pmnitudinem
3016 3526 3092 3565 ac
3135 3511 3677 3567 reconciliationem
3718 3501 3835 3557 nulli

2201 3612 2460 3672 unquam
2492 3599 2644 3654 laico
2674 3600 2846 3654 liceat
2892 3600 3182 3654 honorem
3231 3598 3561 3654 clericatus:
3607 3588 3834 3663 adipisci,

2203 3689 2341 3759 quia
2369 3687 2641 3759 quamvis
2671 3688 2789 3741 sint
2820 3688 3085 3742 omnium
3114 3689 3501 3756 peccatorum
3529 3679 3835 3751 contagione

2204 3777 2486 3845 mundati,
2518 3776 2677 3830 nulla
2703 3779 2897 3830 tamen
2930 3776 3147 3829 debent
3195 3776 3605 3847 gerendorum
3647 3770 3832 3823 instru-

2201 3866 2397 3919 menta
2427 3866 2937 3917 sacramentorum
2967 3861 3298 3931 suscipere,
3331 3862 3436 3931 qui
3477 3858 3697 3919 dudum
3730 3853 3832 3906 fue-

2198 3951 2318 4007 rint
2346 3966 2490 4004 vasa
2532 3951 2825 4004 vitiorum.
3330 4000 3335 4004 .

2501 4039 2604 4093 Ex
2627 4038 2896 4094 decretis
2927 4038 3142 4092 Leonis
3166 4054 3335 4109 papta
3356 4037 3567 4109 primi.

2273 4128 2397 4183 Nec
2412 4128 2666 4198 primum
2682 4131 2782 4182 aut
2799 4126 3131 4183 secundum
3148 4130 3246 4181 aut
3266 4127 3508 4181 tertium
3529 4126 3585 4179 in
3600 4112 3841 4178 Εοηιθεὶι

2200 4217 2450 4289 gradum
2496 4217 2751 4288 quisque
2799 4216 3088 4269 laicorum
3136 4214 3507 4286 quibuslibet
3562 4202 3837 4275 suﬂ'rcgiis

2199 4306 2384 4360 fultus
2428 4306 2729 4373 ascendat,
2777 4303 3129 4375 priusquam
3169 4304 3241 4358 ad
3286 4302 3401 4357 hoc
3446 4302 3714 4357 meritum
3758 4304 3839 4361 per

2198 4394 2462 4465 legitima
2508 4394 2825 4464 augmenta
2872 4392 3198 4461 perveniat.
3258 4390 3429 4457 Quod
3495 4390 3645 4444 enim
3699 4391 3835 4441 nunc

2203 4483 2501 4550 utcunque
2517 4479 2771 4550 patimur
2790 4491 2932 4532 esse
2955 4478 3206 4545 veniale,
3222 4478 3473 4531 inultum
3490 4469 3837 4546 postmodum

2196 4583 2337 4623 esse
2364 4584 2484 4623 non
2499 4566 2789 4638 poterit,si
2808 4567 3128 4638 quisquam
3155 4565 3390 4637 id.quod
3406 4564 3644 4619 omnino
3666 4560 3836 4614 inter-

2199 4657 2451 4713 dicimus
2467 4671 2758 4726 usurpare
2769 4653 3387 4726 praesumpserit,quia
3407 4650 3684 4707 remissio
3711 4657 3840 4715 μεθ’

2199 4747 2312 4803 cati
2340 4761 2457 4800 non
2488 4746 2586 4799 dat
2611 4744 2906 4799 licentiam
2936 4742 3453 4814 peccandi,neque
3482 4737 3637 4811 quod
3666 4728 3835 4806 potuit

2194 4836 2392 4907 aliqua
2441 4834 2664 4889 ratione
2711 4832 2983 4900 concedi,
3017 4832 3114 4886 fas
3164 4830 3276 4886 erit
3319 4830 3576 4900 amplius
3618 4826 3837 4894 impun!)

2198 4923 2502 4980 committi.

2625 5010 2729 5065 Ex
2755 5008 3007 5065 concilio
3035 5007 3313 5064 Toletano
3341 5023 3442 5061 xu.

2271 5099 2334 5155 Si
2364 5100 2650 5154 diaconus
2681 5101 2779 5153 aut
2808 5097 3125 5168 presbyter
3152 5095 3376 5151 crimen
3406 5093 3651 5163 capitale
3692 5099 3838 5143 com~

2201 5188 2449 5257 miserit,
2482 5188 2554 5242 ab
2574 5186 2751 5242 ofﬁcii
2784 5186 3010 5241 honore
3033 5184 3341 5254 depositus
3360 5184 3421 5237 in
3439 5176 3835 5237 monasterium

2190 5278 2551 5344 retrudatur,
2602 5276 2804 5345 ibique
2850 5272 3276 5343 tantummodo,
3316 5271 3577 5343 quandiu
3623 5261 3832 5328 vixerit,

2198 5366 2671 5420 communionem
2699 5368 2893 5418 sumat
2918 5363 3149 5417 laicam.

2526 5453 2630 5507 Ex
2650 5452 2983 5507 canonibus
3010 5449 3325 5524 Sylvestri
3352 5463 3536 5520 papae.

2270 5542 2483 5597 Nullus
2513 5542 2701 5596 lector
2748 5543 2841 5595 vel
2888 5541 3156 5611 acolytus
3200 5552 3345 5591 vasa
3393 5537 3598 5590 sancta
3645 5526 3829 5584 audeat

2198 5634 2525 5702 tangere,et
2546 5630 2743 5686 nullus
2756 5629 3165 5685 subdiaconus
3179 5624 3437 5695 remjam
3448 5619 3827 5677 consecratam

2200 5737 2234 5774 ιι
2261 5721 2617 5792 presbytero
2648 5719 2751 5775 alii
2770 5718 3057 5791 porrigat,
3090 5716 3230 5789 quia
3265 5712 3426 5768 aliud
3450 5714 3546 5766 est
3590 5706 3829 5764 minister
