3948 6168
151 270 244 336 an

1489 255 1598 322 CO
1608 255 2133 332 LLECT-ANEA.

3412 263 3534 332 “ﬂ

149 465 577 533 aliudassistene,
597 463 715 518 nisi
731 463 954 516 tantum
974 461 1282 532 supportet
1310 460 1466 532 quod
1484 460 1538 515 ei
1554 443 1823 516 sacer-ﬁ
1854 457 2103 527 epistola
2133 455 2203 516 ad
2237 455 2584 516 Michaelem
2632 460 2688 511 et
2743 457 3001 522 Leonem
3033 460 3371 531 episcOpos.
3409 461 3529 517 Ubi

148 559 236 614 dos
262 557 508 624 imponat,
539 568 646 608 suo
678 567 780 607 ore
807 551 1202 606 benedictum.

720 657 822 712 Ex
860 657 1107 713 eisdem.

193 752 242 806 Si
254 753 373 822 quis
384 750 714 805 clericatum
727 750 1052 818 promereri
1066 747 1383 816 desiderat,
1401 747 1513 802 hoc
1522 746 1750 816 justum

146 843 286 895 estut
311 840 380 892 sit
408 839 678 894 ostiarius
717 854 932 892 annum
969 853 1171 905 unum,
1212 838 1395 890 lector
1428 851 1616 890 annos
1647 851 1748 903 xx,

147 929 397 984 exorcista
426 943 604 982 annos
638 928 870 992 decem;
905 926 1216 996 acolythus
1247 941 1436 980 annos
1468 926 1748 994 quinque,

144 1017 493 1071 subdiaconus
522 1031 711 1070 annos
743 1016 1022 1086 quinque,
1058 1016 1343 1068 diaconus
1365 1029 1552 1067 annos
1585 1013 1751 1082 quin-

142 1123 247 1177 que.
276 1104 338 1160 Et
355 1107 440 1159 sic
468 1105 540 1159 ad
571 1105 856 1160 honorem
886 1103 1243 1174 presbyterii
1279 1103 1538 1170 accedat,
1575 1105 1629 1154 et
1661 1100 1750 1154 fa-

141 1195 337 1249 ciensin
349 1210 413 1249 eo
433 1193 635 1248 ordine
653 1209 842 1247 annos
864 1209 990 1261 sex,
1010 1193 1059 1246 si
1085 1192 1261 1250 fuerit
1283 1191 1539 1246 omnium
1554 1190 1752 1242 votiva

138 1282 310 1354 gratia,
330 1297 442 1337 non
462 1282 727 1351 prmmio,
749 1298 864 1335 non
885 1280 1192 1336 invasione
1216 1279 1572 1350 cupiditatis,
1608 1278 1753 1332 nulli

136 1385 475 1440 prorumpens
493 1369 766 1441 gradum,
787 1369 875 1423 sic
903 1369 975 1423 ab
1008 1370 1164 1424 omni
1194 1369 1462 1423 Ecclesia
1501 1367 1754 1438 eligatur

136 1459 525 1513 consecrandus
563 1459 903 1528 episcopus,
939 1459 1098 1512 nullo
1134 1458 1206 1512 de
1236 1457 1517 1512 membris
1546 1456 1748 1509 Eccle-

131 1548 216 1600 size
240 1547 626 1615 interdicente,
652 1551 709 1601 et
737 1547 894 1600 omni
917 1546 1186 1601 Ecclesia
1220 1547 1605 1602 conveniente
1631 1562 1642 1598 :
1673 1544 1750 1596 Et

135 1634 372 1688 dixerunt
400 1637 678 1706 episcopi,
714 1635 922 1704 placet.

184 1740 500 1790 Innocentius
530 1755 673 1803 papa
696 1741 759 1788 de
781 1740 1114 1803 temporibus
1144 1739 1422 1789 morandis
1442 1739 1497 1786 in
1522 1740 1686 1787 clero.

185 1820 252 1874 Ita
279 1836 432 1889 sane,
459 1825 522 1875 ut
545 1823 603 1874 in
626 1822 715 1876 eis
745 1826 1006 1891 tempore
1025 1821 1405 1892 amajoribus
1438 1821 1752 1875 constituta

132 1913 414 1978 serventur,
461 1927 537 1965 ne
598 1911 714 1965 cito
759 1911 1005 1981 quilibet
1037 1912 1243 1978 lector,
1292 1913 1406 1964 cito
1464 1910 1750 1979 acolytus,

132 1998 516 2066 citodiaconus,
542 2000 658 2053 cito
696 1999 980 2054 sacerdos
1017 1999 1134 2069 ﬁat,
1160 2000 1296 2070 quia
1335 2001 1392 2053 in
1423 1998 1752 2052 minoribus

130 2086 304 2140 ofﬁciis
349 2088 401 2140 si
447 2088 558 2142 diu
588 2088 928 2157 perdurent,
969 2091 1027 2142 et
1057 2089 1175 2141 vita
1213 2103 1418 2142 eorum
1448 2087 1670 2156 pariter
1699 2090 1754 2141 et

133 2174 375 2244 obsequia
403 2177 888 2246 comprobantur,
922 2181 983 2230 ut
1013 2176 1519 2245 ad_‘sacerdotium
1546 2178 1752 2245 postea

129 2264 345 2318 emensis
376 2265 812 2334 stipendiorum
840 2265 1070 2318 meritis
1109 2265 1367 2334 veniant,
1399 2279 1508 2318 nec
1540 2263 1753 2332 praeri-

127 2352 253 2418 piant
277 2351 422 2422 quod
451 2353 581 2406 vita
613 2353 857 2422 probata
887 2356 1162 2408 meretur.

464 2459 575 2512 Ex
626 2459 892 2514 decretis
923 2459 1149 2514 Zosimi
1174 2476 1357 2531 papae.

184 2545 306 2600 Haec
340 2551 536 2602 autem
567 2547 826 2618 singulis
858 2548 1166 2619 gradibus,
1206 2547 1580 2602 observanda
1613 2550 1751 2601 sunt

125 2635 362 2706 tempora,
413 2638 464 2689 si
507 2637 588 2690 ab
638 2636 880 2690 infantia
929 2637 1358 2690 ecclesiasticis
1403 2637 1749 2690 ministeriis

126 2737 300 2778 nomen
326 2725 577 2794 dederit,
610 2726 764 2780 inter
793 2726 1045 2780 lectores
1075 2741 1266 2796 usque
1299 2727 1371 2779 ad
1402 2726 1752 2779 vicesimum

124 2813 276 2867 astatis
303 2830 515 2869 annum
555 2815 891 2868 continuata
933 2815 1347 2869 observatione
1377 2815 1674 2884 perduret,
1702 2814 1750 2867 si

130 2901 405 2972 majorjam
425 2907 481 2957 et
497 2903 870 2975 grandaevus
889 2905 1232 2971 accesserit,
1250 2905 1325 2956 ita
1337 2907 1530 2956 tamen
1548 2907 1610 2956 ut
1621 2907 1756 2972 post

125 2987 434 3058 baptismum
453 2993 658 3046 statim
678 3008 745 3046 se
764 2993 979 3046 divinae
1009 2993 1231 3046 militiae
1269 2993 1566 3046 desideret
1587 3008 1752 3046 nian-

126 3078 289 3150 cipari,
338 3082 463 3134 sive
524 3082 687 3136 inter
725 3082 980 3135 lectores
1031 3082 1158 3135 sive
1217 3082 1368 3134 inter
1423 3081 1752 3134 exorcistas

125 3168 480 3241 quinquennio
500 3174 795 3240 teneatur,
817 3171 1030 3225 exinde
1048 3172 1314 3240 acolytus
1327 3171 1417 3224 vel
1443 3170 1752 3223 subdiaco-
1794 3162 1848 3231 Ο

123 3271 227 3325 nus,
265 3260 314 3310 si
357 3265 642 3327 meretur,
682 3261 940 3313 accedat.
996 3260 1057 3312 In
1099 3276 1216 3330 quo
1258 3260 1460 3314 ordine
1492 3261 1752 3330 quinque

122 3346 276 3415 annis,
307 3348 356 3401 si
400 3348 702 3418 inculpate
753 3363 819 3403 se
862 3351 1152 3420 gesserit,
1207 3351 1432 3404 haerere
1478 3348 1750 3415 debebit;

130 3435 304 3491 exinde
322 3438 795 3510 suifragantibus
818 3440 1128 3507 stipendiis
1145 3455 1249 3508 per
1259 3443 1344 3493 tot
1361 3440 1582 3510 gradus
1602 3440 1753 3493 datis

126 3526 339 3592 propriae
369 3527 505 3582 ﬁdei
551 3527 939 3596 documentis,
973 3530 1328 3598 presbyterii
1361 3531 1754 3584 sacerdotium

129 3615 304 3678 poterit
343 3617 696 3686 promereri.
725 3617 806 3671 De
830 3633 944 3686 quo
965 3619 1119 3691 loco,
1159 3619 1209 3672 si
1240 3635 1373 3672 cum
1394 3621 1657 3673 exactior
1684 3620 1757 3672 ad

125 3699 280 3757 bonos
307 3720 502 3760 mores
542 3707 662 3760 vita
709 3708 1073 3776 produxerit,
1107 3724 1403 3762 summum
1445 3708 1756 3778 pontiﬁca-

123 3792 222 3846 tum
241 3809 474 3864 sperare
489 3797 756 3866 debebit,
781 3797 891 3851 hac
911 3802 1103 3852 tamen
1119 3797 1254 3868 lege
1275 3801 1530 3868 servata,
1561 3800 1623 3852 ut
1649 3813 1754 3852 ne-

125 3894 214 3948 que
236 3883 503 3955 bigamus
543 3901 735 3956 neque
765 3887 1061 3956 poenitens
1083 3889 1155 3942 ad
1177 3887 1287 3942 hos
1317 3889 1541 3960 gradus
1562 3889 1760 3958 possit

124 3968 326 4043 admitti,
356 3990 503 4029 sane
541 3990 675 4028 cum
706 3979 879 4030 etiam
918 3977 1270 4033 defensores
1311 3979 1619 4048 Ecclesiae,
1654 3979 1754 4049 qui

125 4072 182 4111 ex
205 4061 357 4117 laicis
389 4065 565 4133 ﬁunt,
597 4066 935 4135 supradicta
978 4069 1396 4124 observatione
1422 4071 1750 4139 teneantur,

130 4147 168 4199 si
194 4157 520 4208 meruerunt
556 4169 695 4208 esse
723 4155 783 4207 in
814 4157 1016 4210 ordine
1049 4158 1382 4213 clericatus.

123 4235 406 4314 Syivester
439 4244 503 4296 in
547 4243 775 4314 synodo
805 4245 1190 4300 conlirmante
1219 4248 1522 4303 Nicaenum
1555 4240 1753 4304 conci-

185 4308 324 4381 lium,
355 4308 888 4369 subscribentibus
915 4316 1038 4370 sibi
1066 4321 1607 4392 ccnxxvepiscopis.

171 4411 506 4472 Commoneo
531 4420 728 4473 autem
757 4434 964 4474 omnes
982 4425 1251 4476 vestrum
1282 4430 1594 4481 consortes
1621 4444 1755 4484 una-

120 4497 393 4560 nimiterde
414 4507 751 4562 redditibus
784 4508 1072 4564 Ecclesiae
1103 4516 1353 4583 quatuor
1372 4520 1570 4583 partes
1598 4516 1749 4587 ﬁeri,

125 4595 269 4655 quota
295 4609 434 4662 pars
467 4597 768 4666 exigatur.
815 4598 1036 4653 Habeat
1068 4605 1263 4655 autem
1291 4604 1544 4658 ecclesia
1580 4622 1752 4660 unam

121 4682 306 4741 partem
335 4683 406 4736 ad
438 4701 507 4739 se
527 4685 928 4757 relevandam,
963 4691 1232 4758 pontifex
1260 4708 1454 4762 unam,
1489 4699 1544 4748 et
1579 4696 1749 4749 aliam

123 4778 376 4837 pauperes
407 4773 505 4827 vel
527 4776 848 4848 peregrini,
883 4779 1214 4850 presbyteri
1248 4785 1514 4852 quartam
1545 4787 1601 4838 et
1630 4785 1750 4838 dia-

126 4856 227 4943 cQui
256 4874 380 4914 cum
411 4864 658 4918 residuo
691 4866 871 4936 clero,
907 4869 1184 4922 omnibus
1214 4873 1406 4924 autem
1438 4872 1570 4941 ipso
1599 4889 1750 4943 pon-

114 4940 240 4998 tiﬁce
261 4948 664 5018 dispensante.
685 4953 992 5010 Constituo
1026 4958 1199 5011 etiam
1230 4963 1286 5013 et
1306 4940 1751 5017 huncox‘di—nem

121 5032 236 5085 utsi
279 5042 409 5106 quis
451 5041 526 5095 de
574 5042 732 5096 clero
774 5043 867 5097 vel
917 5047 1287 5116 presbyteris
1338 5050 1750 5105 universorum

122 5116 371 5196 locorum,
397 5131 558 5199 quod
582 5147 888 5186 commune
912 5139 1004 5187 est
1033 5139 1330 5191 transierit
1353 5140 1423 5193 de
1454 5141 1565 5194 hoc
1584 5157 1749 5194 mun-

121 5205 193 5299 (ξο,
223 5217 269 5266 si
300 5222 594 5273 neminem
636 5222 707 5274 de
749 5237 855 5276 sua
888 5228 1287 5295 generositate
1335 5228 1565 5299 habeat,
1615 5247 1752 5284 con-

125 5293 246 5354 ferat
271 5305 540 5361 ecclesia:
588 5313 644 5363 et
671 5314 873 5380 partes
901 5293 1083 5384 viiant,
1136 5317 1291 5370 sicut
1323 5333 1504 5387 supra
1534 5293 1754 5373 dictum

137 5395 227 5442 est.

186 5475 317 5535 Huic
369 5486 543 5540 etiam
598 5491 824 5560 synodo
871 5493 1134 5563 synodus
1185 5495 1428 5551 Nicaena
1482 5499 1753 5554 vicissim

127 5568 472 5647 subscripsit,
497 5584 555 5636 et
571 5597 698 5637 eam
725 5587 1091 5659 approbavit,
1110 5592 1257 5644 teste
1290 5588 1488 5645 Leone
1517 5606 1671 5648 nono
1693 5593 1753 5647 in

1851 547 2234 600 introducens
2248 546 2499 615 primum
2515 552 2687 615 caput
2704 547 2884 617 hujus
2904 550 3156 619 concilii,
3175 551 3250 603 ita
3270 551 3529 620 loquitur

1851 635 1922 688 de
1952 635 2272 703 apostolica
2299 635 2440 688 sede
2470 651 2483 698 ;
2509 658 2530 680 «
2555 635 2868 703 Illinempe
2893 637 3088 691 facitis
3113 638 3528 708 praejudieium

1852 724 1923 777 de
1953 740 2068 794 quo
2101 739 2208 777 nec
2227 724 2398 778 vobis
2419 739 2526 776 nec
2551 724 3132 778 cuilibetmortalium
3165 727 3301 780 licet
3331 728 3527 781 facere

1848 811 2156 882 judicium,
2178 811 2523 864 beatissimo
2543 813 2932 881 etapostolico
2948 815 3204 884 pontiﬁci
3227 815 3529 885 Sylvestro

1858 901 2138 954 divinitus
2153 901 2524 968 decernente,
2543 901 2952 972 spiritualique
2967 901 3018 972 ej
3031 920 3098 956 us
3114 903 3231 956 ﬁlio
3246 903 3529 957 Constan-

1859 989 1979 1044 tino
2028 989 2486 1059 religiosissime
2535 990 2806 1060 Augusto
2839 1007 2970 1044 enm
2991 992 3271 1046 universa
3303 992 3528 1062 synodo

1859 1078 2098 1131 Nicaena
2115 1078 2473 1147 approbante
2490 1093 2558 1131 ac
2573 1079 3009 1147 subscribente,
3032 1086 3094 1134 ut
3110 1096 3338 1136 summa
3351 1081 3529 1135 sedes

1857 1182 1890 1219 a
1923 1167 2153 1220 nemine
2179 1165 2498 1236 judicetur.
2531 1189 2552 1212 »

2210 1256 2310 1308 Ex
2357 1255 2600 1309 decreto
2641 1254 2983 1310 Alexandri
3004 1273 3172 1328 papae

1926 1343 2070 1396 Cum
2093 1360 2400 1397 sacrorum
2425 1360 2710 1398 canonum
2736 1347 3054 1399 auctoritas
3073 1348 3324 1416 quatuor
3344 1363 3417 1401 ex
3435 1362 3526 1401 re-

1855 1431 1970 1485 bus
1994 1433 2248 1486 ecclesia
2266 1432 2472 1502 jubeat
2496 1433 2957 1504 ﬁeriportiones,
2984 1449 3230 1504 quarum
3253 1451 3368 1489 una
3387 1451 3527 1506 pau-

1855 1521 2119 1589 peribus,
2147 1521 2330 1574 altera
2353 1521 2597 1574 fabricis
2612 1523 2998 1576 ecclesiarum
3021 1524 3098 1575 sit
3116 1522 3526 1593 impendenda,

1853 1609 2018 1662 tertia
2051 1609 2350 1678 episcopo,
2386 1613 2589 1678 quarta
2614 1611 2846 1664 clericis
2866 1612 2943 1663 sit
2965 1610 3342 1680 conferenda,
3365 1613 3522 1664 sicut

1855 1698 2215 1766 pauperibus
2246 1702 2302 1752 et
2333 1699 2609 1752 ecclesiis
2627 1700 2879 1770 singulae
2909 1703 3108 1769 partes
3143 1703 3280 1754 sunt
3311 1717 3528 1755 conec—

1786 1786 2080 1877 Bdendze,
2105 1787 2181 1840 ita
2205 1803 2440 1857 quoque
2463 1788 2706 1857 reliquae
2726 1792 2924 1856 partes
2948 1803 3137 1858 neque
3162 1790 3232 1843 ab
3247 1789 3529 1858 episcopo

1854 1876 1945 1927 vel
1980 1875 2136 1928 clero
2173 1877 2438 1930 emendae
2474 1882 2611 1930 sunt
2641 1876 2734 1930 vel
2768 1877 3113 1945 vendend-ae,
3150 1878 3256 1931 sed
3287 1879 3373 1931 eis
3405 1895 3533 1947 pro-

1838 1962 2158 2034 -Evangelii
2189 1965 2646 2035 annuntiatione,
2674 1970 2730 2020 et
2759 1982 2865 2034 pro
2897 1965 3076 2019 ofﬁcii
3108 1966 3416 2022 suilabore
3439 1982 3540 2020 eo-

1853 2053 1984 2108 dem
2003 2053 2176 2107 modo
2209 2053 2606 2109 conferendae.

2242 2143 2343 2195 Ex
2373 2143 2639 2196 decretis
2674 2142 2902 2197 Gelasii
2944 2161 3124 2216 papw.

1852 2229 2112 2294 Quatuor
2149 2234 2343 2284 autem
2390 2234 2506 2284 tam
2537 2232 2608 2284 de
2640 2232 2872 2285 redditu
2905 2248 3080 2302 quam
3119 2233 3190 2286 de
3221 2232 3511 2287 oblatione

1851 2319 2131 2387 ﬁdelium,
2149 2318 2944 2389 proutcujuslibetecclesiee
2977 2321 3226 2374 facultas
3252 2321 3517 2388 admittit,

1853 2408 2008 2461 sicut
2037 2407 2256 2461 dudum
2278 2407 2701 2461 rationabiliter
2719 2409 3148 2479 estdecretum,
3177 2409 3529 2462 convenien-

1859 2501 1950 2549 tes
1970 2495 2097 2549 ﬁeri
2115 2496 2416 2565 portiones
2439 2511 2450 2550 :
2475 2495 2735 2560 Quarum
2755 2497 2832 2550 sit
2849 2513 2965 2551 una
2995 2498 3310 2567 pontiﬁcis,
3342 2497 3528 2550 altera

1861 2583 2228 2653 clericorum,
2263 2601 2583 2653 pauperum
2614 2585 2804 2654 tertia,
2838 2589 3044 2657 quarta
3080 2587 3324 2640 fabricis
3346 2587 3528 2654 appli-

1865 2672 2066 2726 canda.
2100 2673 2182 2725 De
2214 2674 2953 2743 quibus,sicutsaeerdotis
2967 2676 3228 2729 intererit
3242 2676 3529 2745 integram

1857 2759 2448 2832 ministris‘ccclesiae‘
2464 2767 2842 2815 memoratam
2873 2764 3204 2832 dependere
3238 2763 3528 2833 quantita-

1857 2853 1992 2916 tem,
2036 2850 2122 2902 sie
2157 2850 2352 2904 clerus
2384 2851 2535 2903 ultra
2567 2850 2895 2922 delegatam
2930 2853 3045 2905 sibi
3073 2867 3360 2906 summam
3385 2850 3529 2903 nihil

1857 2940 2430 2993 insolenternoverit
2452 2942 2862 3009 expetendum.
2896 2939 2978 2993 Ea
3008 2956 3150 2994 vero
3183 2956 3316 3010 quae
3347 2939 3532 2993 eccle-

1860 3029 2120 3081 siasticis
2145 3028 2413 3080 aediﬁciis
2437 3029 2710 3082 attributa
2730 3032 2884 3097 sunt,
2908 3029 3042 3082 huic
3063 3029 3226 3098 operi
3241 3027 3529 3081 veraciter

1858 3121 2215 3186 praerogata,
2276 3117 2542 3170 locorum
2600 3117 2807 3171 doceat
2836 3118 3180 3171 instauratio
3215 3116 3529 3168 manifesta

1861 3209 2220 3274 sanctorum,
2241 3207 2377 3276 quia
2390 3207 2558 3258 nefas
2589 3211 2699 3271 est,
2727 3206 2779 3259 si
2808 3207 2999 3260 sacris
3021 3205 3250 3260 aedibus
3278 3204 3528 3258 destitu-

1861 3296 1957 3364 tis,
1990 3297 2051 3348 in
2081 3296 2309 3349 lucrum
2325 3311 2500 3348 suum
2517 3295 2738 3364 praesul
2771 3295 3063 3364 impendia
3092 3294 3184 3348 his
3221 3294 3530 3364 designata

1861 3387 2181 3439 convertat.
2245 3385 2439 3454 Ipsam
2487 3385 2870 3438 nihilominus
2901 3385 3217 3453 ascriptam
3248 3383 3524 3453 pauperi-

1861 3474 1976 3527 bus
1994 3475 2324 3544 portionem
2343 3474 2615 3544 quamvis
2628 3473 2846 3527 divinis
2869 3473 3198 3527 rationibus
3213 3487 3279 3526 se
3293 3472 3526 3540 dispen-

1863 3579 2036 3618 sasse
2067 3567 2502 3618 monstraturus
2550 3563 2723 3616 etiam
2778 3563 3068 3631 videatur,
3129 3566 3322 3615 tamen
3359 3559 3533 3630 juxta

1866 3654 2022 3725 quod
2041 3654 2324 3724 scriptum
2348 3656 2466 3707 est:
2491 3652 2565 3705 Ut
2592 3652 2831 3706 videant
2855 3667 3031 3723 opera
3055 3658 3256 3706 vestra
3275 3651 3446 3720 bona,
3471 3655 3529 3703 et

1864 3743 2447 3817 glorificentPatrem
2469 3748 2729 3796 vestrum
2749 3742 2918 3813 quiin
2933 3740 3100 3796 caelis
3113 3747 3203 3795 est
3217 3739 3453 3810 (Matth.
3470 3739 3531 3806 v)

1867 3837 2096 3906 Oportet
2143 3834 2314 3888 etiam
2344 3834 2629 3902 praesenti
2676 3832 3087 3886 testiﬁcatione
3118 3828 3450 3900 praedicari,
3474 3830 3531 3882 et

1865 3925 2038 3979 bonae
2068 3924 2238 3977 famae
2267 3923 2583 3992 praeconiis
2614 3937 2732 3976 non
2758 3922 2961 3975 taceri.

1866 4014 1967 4067 Ex
1995 4011 2619 4082 concilioMogontino,
2654 4009 3406 4081 cuiprteseditBonifacius
3433 4023 3536 4062 ar-

1938 4103 2344 4172 cliiepiscOpus
2385 4106 2443 4154 et
2462 4104 2698 4170 martyr
2719 4100 3072 4154 auctoritate
3095 4097 3411 4152 Zachariae
3429 4112 3531 4167 pa-

1929 4209 2039 4264 pae.
2075 4208 2198 4262 cap.
2238 4190 2336 4245 10.

1935 4280 2222 4334 Ecclesiae
2257 4278 2578 4348 antiquitus
2609 4277 2964 4345 constitutae,
2995 4290 3105 4329 nec
3137 4275 3384 4342 decima,
3417 4289 3526 4328 nec

1861 4371 2055 4441 aliqua
2086 4367 2476 4440 possessione
2504 4366 2830 4436 priventur,
2865 4367 2942 4418 ita
2972 4365 3222 4418 utnovis
3256 4362 3530 4417 oratoriis

1827 4517 1832 4522 .
1859 4463 2169 4518 tribuatur.

1790 4522 1846 4588 D
2347 4546 2450 4600 Ex
2517 4545 2738 4610 eodem,
2782 4561 2908 4615 cap.
2979 4543 3058 4598 41

1927 4640 2274 4708 Quicunque
2305 4637 2656 4692 beneﬁcium
2687 4634 3162 4689 ecclesiasticum
3191 4632 3425 4700 habent,
3459 4629 3533 4684 ad

1857 4733 2009 4784 tecta
2023 4729 2295 4784 ecclesiae
2310 4725 2717 4794 restauranda,
2735 4724 2826 4779 vel
2855 4725 3020 4792 ipsas
3035 4722 3323 4776 ecclesias
3357 4735 3527 4774 cmen

1860 4819 2084 4874 dandas
2117 4817 2353 4873 omnino
2385 4815 2666 4886 adjuvant
2697 4855 2710 4883 ,
2744 4819 2800 4868 et
2833 4829 3044 4867 nonam
3073 4811 3358 4864 decimam
3389 4809 3529 4863 red-

1863 4909 2019 4963 dant.

2141 4996 2243 5050 Ex
2281 4994 2544 5049 Concih’o
2571 4990 3004 5064 Aquilegiensi,
3030 5005 3154 5059 cap.
3189 4989 3250 5041 3.

1935 5103 2009 5158 Ut
2065 5101 2206 5155 nulli
2253 5100 2600 5170 presbytero
2632 5098 2690 5150 in
2720 5097 2832 5149 alio
2864 5095 2993 5148 loco
3043 5093 3332 5162 baptisma
3363 5093 3541 5152 liceat

1859 5195 2180 5260 celebrare,
2214 5191 2329 5244 nisi
2360 5191 2417 5242 in
2447 5187 2653 5242 eodem
2677 5187 2826 5254 loco,
2870 5184 2971 5238 ubi
2992 5198 3230 5253 semper
3249 5183 3536 5253 baptiste-

1858 5287 1947 5340 ria
1977 5282 2298 5353 antiquitus
2329 5279 2582 5332 fuerunt.

2249 5369 2350 5422 Ex
2379 5366 2581 5421 eodem
2622 5363 2899 5431 concilio,
2934 5378 3058 5432 cap.
3093 5364 3132 5415 3

1931 5463 2185 5517 Decimae
2218 5473 2350 5528 quae
2382 5473 2414 5509 a
2445 5454 2599 5507 ﬁdeli
2643 5453 2857 5523 pepulo
2914 5453 3142 5520 dantur,
3177 5453 3237 5505 in
3266 5450 3540 5506 ecclesiis

1859 5549 2313 5623 baptismalibus
2345 5545 2692 5614 inferantur,
2754 5545 2811 5596 et
2853 5541 2968 5612 ipsi
2998 5542 3331 5614 presbyteri
3362 5541 3544 5610 quiin

1858 5641 2098 5699 easdem
2151 5638 2360 5714 plebes
2397 5633 2651 5692 ordinati
2706 5637 2865 5707 sunt,
2908 5647 3043 5690 cum
3073 5632 3233 5690 omni
3261 5629 3544 5688 sollicitu-
