3948 6168
401 198 518 260 483

1435 194 1497 256 S.
1556 193 1935 257 ANSELMI
1979 193 2389 257 LUCENSIS
2435 195 2823 258 EPISCOPI
3671 204 3760 272 484

405 399 540 452 dine
565 411 763 451 curam
797 395 1052 450 habeant
1072 394 1143 448 de
1166 392 1624 447 Christianitatis
1657 409 1838 448 causa
1867 395 2083 464 populo
2117 379 2169 442 Α
2195 395 2382 450 electo
2414 395 2626 451 idoneo
2674 397 2747 451 ab
2781 400 3027 468 utraque
3077 403 3237 467 parte
3268 400 3493 455 custode
3539 405 3763 460 condatur

405 486 522 542 sibi
540 486 884 552 commisso,
903 489 958 538 et
986 482 1240 554 populus
1260 497 1402 536 suas
1427 482 1688 536 decimas
1704 483 1832 536 suis
1845 482 2085 553 presby-

413 575 566 630 toris
600 572 825 641 offerat,
863 576 918 626 et
939 572 1271 642 presbyteri
1302 571 1561 625 dividant
1592 587 1693 624 eas
1729 574 1787 624 in
1833 575 2083 642 quatuor

411 666 630 733 partes,
690 662 844 715 sicut
902 661 1138 730 antiqua
1196 659 1432 713 Patrum
1487 660 1693 730 regula
1743 653 2083 714 continetur

401 766 577 805 unam
616 749 750 817 sibi,
787 764 962 802 unam
993 747 1251 818 clericis,
1309 764 1482 801 unam
1513 749 1874 817 pauperibus
1904 765 2081 803 unam

402 839 473 893 ad
505 839 990 893 instaurationem
1023 852 1130 891 seu
1174 836 1481 890 luminaria
1511 837 1604 890 vel
1637 837 1946 891 incensum
1977 853 2079 891 ec-

403 928 752 983 clesiarum:
793 929 848 980 et
878 926 990 979 hoc
1015 926 1350 995 statuimus,
1375 930 1436 978 ut
1466 925 2079 996 praedictipresbyteri

405 1017 678 1085 habeant,
699 1014 867 1085 juxta
886 1029 1054 1068 suam
1085 1014 1422 1081 ecclesiam,
1450 1017 1548 1068 aut
1581 1013 1732 1068 infra
1766 1029 1934 1068 suam
1957 1014 2080 1068 cel-

404 1106 520 1159 lam
549 1106 743 1159 locum
774 1105 1177 1171 constitutum,
1197 1101 1298 1156 ubi
1345 1107 1550 1173 quarta
1581 1119 1756 1172 quam
1804 1103 2082 1173 pauperi-

400 1195 514 1249 bus
546 1193 669 1247 dari
701 1193 1009 1246 docuimus
1032 1191 1335 1245 inferatur.

686 1298 784 1351 Ex
827 1297 1088 1368 Regesto
1132 1296 1350 1351 Leonis
1386 1313 1548 1368 papae
1579 1298 1776 1368 quarti

488 1405 572 1459 De
619 1405 867 1459 decimis
901 1402 1067 1474 justo
1102 1403 1306 1457 ordine
1338 1418 1456 1456 non
1488 1404 1712 1455 tantum
1739 1401 1932 1469 nobis,
1977 1401 2083 1455 sed

406 1493 759 1564 majoribus,
793 1494 988 1545 visum
1023 1493 1131 1548 est.
1167 1491 1462 1560 plebibus,
1499 1492 1718 1543 tantum
1750 1490 1850 1544 ubi
1883 1504 2079 1543 sacro-

399 1587 602 1637 sancta
633 1582 843 1635 dantur
872 1581 1245 1649 baptismate,
1282 1580 1411 1632 dari
1441 1578 1678 1633 debere.

512 1671 788 1726 Gelasius
813 1657 960 1739 papa
1001 1668 1264 1722 Maximo
1295 1673 1354 1722 et
1400 1667 1665 1721 Eusebio
1697 1667 2009 1738 episcOpis.

2191 485 2253 538 in
2279 485 2493 554 thecis,
2528 489 2589 539 ut
2621 487 2673 539 si
2702 485 2896 557 major
2925 488 3238 542 emerserit
3269 488 3494 557 fabrica,
3535 492 3633 544 sint
3657 495 3764 548 sub-

2197 573 2368 642 sidio,
2393 590 2525 644 quae
2557 574 2778 628 diversi
2813 576 3094 645 temporis
3112 576 3764 648 diligentiapotuerintcu-

2197 662 2426 730 stodiri,
2460 665 2558 716 aut
2587 666 2745 716 certe
2777 666 3003 718 ematur
3041 665 3365 734 possessio,
3396 682 3515 736 quae
3543 668 3765 724 utilitates

2205 751 2481 820 respiriat
2511 767 2876 806 communes.

2543 841 2646 894 Ex
2664 840 2914 896 concilio
2943 840 3284 911 AureIiano,
3309 857 3424 914 cap.
3445 844 3494 897 '7.

2265 944 2468 998 Omnia
2500 961 2632 1016 quae
2662 946 2784 1001 Deo
2826 945 3170 1017 offeruntur,
3217 951 3535 1001 consecrata
3566 949 3769 1006 habean-

2192 1034 2304 1100 tur,
2367 1034 2425 1086 in
2484 1035 2697 1104 vineis,
2756 1036 2955 1104 terris,
3015 1036 3223 1106 sylvis,
3257 1037 3599 1105 utensilibus,
3627 1041 3770 1093 vesti-

2188 1114 2422 1191 mentis,
2467 1123 2785 1191 pecoribus
2830 1128 2886 1177 et
2915 1124 3160 1195 reliquis
3198 1126 3663 1194 possessionibus,
3703 1130 3773 1181 ut-

2193 1226 2325 1279 quze
2357 1211 2652 1281 ecclesiis,
2689 1213 2816 1266 sine
2852 1213 3029 1267 dubio
3061 1212 3297 1266 Christo
3327 1214 3421 1284 qui
3448 1231 3672 1285 sponsus
3697 1231 3770 1268 ea-

2191 1313 2322 1352 rum
2352 1303 2443 1354 est
2473 1298 2815 1354 offeruntur.

2296 1387 2376 1435 De
2407 1387 2582 1436 eadem
2614 1403 2690 1437 re.
2715 1389 2802 1437 Ex
2830 1389 3068 1439 consilio
3098 1391 3521 1452 Rotbomagensi,
3551 1405 3645 1455 cap.
3669 1391 3697 1440 3

2259 1467 2476 1522 Omnes
2501 1468 2743 1523 decimae
2765 1473 2940 1524 terrae
2955 1471 3082 1525 sive
3114 1472 3185 1524 de
3204 1472 3390 1540 pomis
3407 1472 3666 1539 arborum,
3680 1473 3773 1526 sive

2191 1557 2262 1610 de
2287 1557 2564 1627 frugibus
2581 1557 2808 1612 Domini
2828 1563 2985 1627 sunt,
3011 1564 3067 1613 et
3085 1560 3166 1612 illi
3185 1560 3613 1614 sanctificantur.
3629 1561 3773 1614 Boves

2190 1650 2246 1700 et
2276 1661 2420 1700 oves
2451 1650 2508 1700 et
2539 1663 2900 1717 caprae,quze
2913 1649 3026 1702 sub
3041 1650 3298 1718 pastoris
3318 1651 3476 1719 virga
3505 1653 3768 1716 transeunt,

477 1760 644 1813 Licet
677 1757 905 1828 regulis
930 1759 1297 1810 contineatur
1324 1756 1580 1826 antiquis
1603 1756 1916 1825 parochias
1948 1756 2048 1810 uni

2195 1735 2476 1805 quidquid
2503 1735 2794 1789 decimum
2827 1739 3073 1805 venerit,
3101 1737 3546 1792 sanctiﬁcabitur
3563 1738 3771 1792 Domino.

409 1848 626 1917 cuique
686 1845 958 1900 ccclesiis
997 1845 1244 1914 pristina
1294 1845 1683 1913 dispositione
1741 1845 2082 1921 deputatas,

417 1935 576 1990 nulla
604 1949 785 2004 posse
816 1934 1040 1987 ratione
1064 1931 1337 2000 convelli,
1364 1947 1436 1986 ne
1465 1948 1572 2002 per
1597 1933 2082 1987 consuetudinem

408 2025 730 2094 pessimam
771 2022 1045 2092 exempli,
1080 2021 1214 2074 mali
1246 2023 1567 2075 temeritate
1585 2025 1912 2090 crescente,
1945 2022 2080 2074 ubi-

406 2129 520 2183 que
540 2111 895 2166 universalis
915 2110 1186 2164 confusio
1204 2114 1568 2179 nasceretur,
1588 2110 1712 2181 jam
1734 2111 1794 2164 in
1823 2111 2079 2165 decretis

410 2201 640 2255 nostris
671 2203 803 2254 ante
853 2215 970 2252 non
1003 2199 1246 2252 multum
1277 2199 1560 2268 temporis
1588 2199 1916 2266 destinatis,
1952 2215 2079 2252 om-

404 2291 500 2343 nia
524 2290 824 2360 jussimus
847 2304 980 2359 quae
1004 2287 1198 2340 taliter
1211 2287 1443 2342 fuerant
1464 2287 1670 2341 invasa
1695 2287 1945 2342 restitui.
1963 2287 2079 2342 Sed

410 2380 546 2450 quia
575 2379 876 2433 temeritas
893 2376 1339 2447 pervadentium
1358 2376 1552 2448 legem
1571 2377 1688 2430 sibi
1705 2379 1868 2446 putat
1896 2391 2078 2446 posse

396 2468 696 2538 generari,
730 2466 780 2519 si
813 2466 1026 2519 sceleri
1058 2480 1168 2519 suo
1198 2465 1581 2533 pertinaciam
1612 2465 1957 2519 retentionis
1985 2465 2080 2518 ad-

392 2555 628 2626 jungat,
682 2571 749 2608 ea
799 2570 931 2623 quae
965 2555 1117 2607 inter
1154 2552 1392 2606 fratrem
1425 2557 1479 2606 et
1513 2555 1929 2623 coepiscopum
1967 2569 2076 2608 no-

396 2649 528 2698 stru
542 2659 598 2696 m
621 2642 1069 2697 Constantinum
1089 2641 1454 2695 Comiscanae
1472 2641 1760 2695 Ecclesiae
1792 2642 2075 2696 sacerdo-

394 2731 530 2800 tem,
554 2735 610 2785 et
643 2731 905 2784 directos
942 2729 1012 2782 ab
1032 2729 1396 2782 Anconitano
1418 2717 1690 2798 p3ntiﬂce
1703 2730 2075 2785 decrevimus

400 2835 510 2890 per
540 2834 649 2873 vos
683 2819 910 2888 impleri
942 2818 1234 2887 cupimus.
1271 2817 1432 2870 Tunc
1467 2818 1713 2872 formam
1746 2819 1805 2871 in
1840 2819 2074 2872 cretei-is

396 2924 505 2978 per
534 2924 643 2962 vos
675 2908 907 2978 impleri
936 2906 1229 2976 cupimus.
1264 2906 1429 2960 Tunc
1459 2907 1707 2961 formam
1747 2907 1808 2961 in
1840 2908 2075 2962 caeteris

395 2997 858 3068 cogitationibus
873 3012 1005 3067 quae
1021 2995 1097 3050 sit
1115 2996 1417 3066 sequenda
1433 2996 1918 3066 perscripsimus.
1939 2997 2077 3050 Nul-

391 3101 445 3156 1a
475 3086 655 3157 igitur
680 3085 1140 3156 praesumptione
1161 3088 1376 3139 statum
1394 3085 1808 3155 parochiarum
1827 3086 1929 3155 qui
1950 3101 2075 3154 per-
2096 3115 2148 3178 ο

390 3177 582 3244 petum
615 3175 804 3228 aetatis
855 3174 1124 3227 ﬁrmitate
1149 3173 1400 3241 duravit,
1451 3175 1705 3242 patimur
1755 3175 2070 3244 immutari,

388 3263 526 3334 quia
558 3279 790 3334 nequen
810 3263 1132 3334 egligcntia
1157 3261 1476 3332 pontiﬁcis,
1502 3279 1695 3333 neque
1728 3263 2070 3332 temporalis

391 3351 666 3421 abjectio,
696 3368 830 3423 qum
852 3367 959 3422 per
999 3351 1291 3405 incuriam
1348 3351 1502 3405 forte
1552 3355 1899 3422 generatur,
1961 3367 2071 3406 nec

395 3438 632 3510 ignavia
662 3441 910 3495 faciente
943 3440 1394 3507 consensu,{nec
1420 3438 1755 3508 subripient
1778 3440 2074 3510 supplica-

393 3529 544 3584 tione
567 3532 884 3600 praaceptio
905 3529 1184 3584 divellere
1200 3530 1588 3598 potestsemel
1609 3529 1920 3584 dioecesim
1936 3547 2074 3585 con-

389 3618 669 3688 stitutam,
713 3635 785 3674 ex
817 3635 932 3690 qua
965 3633 1201 3688 semper
1230 3618 1302 3671 ad
1348 3618 1862 3689 regenerationem
1893 3623 2069 3691 atque

389 3708 900 3779 consignationem
960 3707 1128 3776 plebs
1171 3707 1381 3761 devota
1414 3705 1708 3760 consistit.

385 3828 547 3884 Idem
570 3831 802 3885 Justino
820 3830 1240 3885 archidiacono
1262 3835 1319 3883 ct
1339 3829 1585 3884 Fausto.
1607 3830 1696 3884 De
1718 3829 1902 3884 rebus
1916 3829 2069 3884 ecle-

673 3921 780 3974 sim
810 3920 872 3972 in
897 3926 1144 3991 quatuor
1165 3925 1377 3990 partes
1407 3919 1471 3973 di
1485 3918 1776 3974 videndis.

461 4023 646 4079 Vobis
664 4029 720 4079 et
740 4024 911 4080 famae
935 4028 1153 4080 vestrae
1171 4024 1507 4079 consultum
1522 4023 1824 4094 duximus,
1849 4025 2067 4093 utpon-

384 4111 562 4167 tiﬁcis
583 4117 769 4168 vestri
792 4114 922 4169 loco
954 4115 1264 4170 vobiscum
1285 4115 1359 4169 ab
1375 4115 1581 4169 eodem
1602 4113 1818 4185 aliquis
1852 4114 2066 4168 subro-

385 4206 576 4275 getur,
609 4204 708 4275 qui
741 4203 876 4275 ejus
909 4205 1144 4259 nomine
1185 4204 1404 4274 pariter
1433 4203 1718 4258 universa
1766 4204 2064 4273 disponat,

387 4296 679 4362 quatenus
716 4293 911 4348 omnia
940 4293 1169 4362 pradia
1200 4293 1273 4346 ad
1317 4296 1580 4347 vestrum
1610 4292 1908 4346 revocetis
1940 4294 2062 4345 stu-

385 4379 564 4450 dium,
601 4397 674 4435 ne
729 4381 1004 4450 cuiquam
1036 4381 1251 4435 clerico
1282 4397 1388 4452 pro
1421 4382 1690 4451 portione
1720 4397 1829 4436 sua
1869 4381 2062 4435 solum

2191 1823 2322 1878 Non
2341 1823 2595 1895 eligetur
2610 1839 2719 1878 nec
2741 1825 2960 1879 bonum
2982 1842 3091 1880 nec
3109 1826 3346 1894 malum,
3370 1843 3473 1880 nec
3488 1827 3646 1880 altero
3659 1841 3774 1880 com-

2190 1912 2528 1966 mutabitur.
2583 1912 2645 1966 Si
2703 1913 2837 1983 quis
2886 1915 3216 1985 mutaverit,
3278 1920 3333 1969 et
3377 1915 3523 1984 quod
3550 1917 3713 1982 mutat,
3739 1917 3779 1967 et

2190 2002 2346 2070 quod
2378 2004 2660 2055 mutatum
2692 2004 2784 2055 est
2825 2003 3295 2058 sanctiﬁcabitur
3322 2003 3570 2072 Domino,
3613 2007 3658 2056 et
3692 2019 3778 2056 non

2189 2091 2530 2144 redimetur.
2566 2090 2682 2144 Sed
2716 2092 2852 2161 quia
2882 2092 3055 2145 modo
3088 2091 3256 2146 multi
3284 2093 3631 2146 inveniuntur
3654 2091 3777 2144 deci-

2190 2194 2316 2232 mas
2349 2180 2487 2232 dare
2509 2181 2802 2248 nolentes,
2829 2180 3142 2235 statuimus
3166 2184 3250 2250 ut,
3283 2181 3589 2236 secundum
3601 2180 3779 2234 Domini

2190 2268 2378 2321 nostri
2409 2272 2792 2339 prmeeptum,
2823 2270 3253 2324 admoneantur
3283 2270 3461 2324 semel
3485 2273 3534 2322 et
3561 2268 3777 2335 tertio;si

2191 2372 2306 2410 non
2337 2357 2809 2425 emendaverint,
2843 2359 3235 2413 anathematis
3280 2358 3508 2412 vinculo
3550 2358 3780 2412 constrin-

2189 2448 2422 2516 gantur,
2456 2461 2646 2516 usque
2698 2447 2769 2500 ad
2801 2445 3268 2501 satisfactionem
3305 2451 3360 2501 et
3388 2446 3779 2502 emendationem

2185 2549 2528 2604 congruam.

2469 2623 2570 2676 Ex
2597 2622 2845 2677 concilio
2878 2623 3325 2693 Gaballonensi,
3351 2641 3470 2696 cap.
3502 2625 3557 2678 3.

2256 2711 2461 2776 Questi
2481 2714 2618 2764 cunt
2646 2717 2932 2781 prmterea
2963 2713 3200 2783 quidam
3220 2712 3438 2768 fratres
3469 2713 3611 2784 quod
3627 2715 3784 2766 essent

2184 2799 2362 2871 aliqui
2393 2801 2658 2869 episcopi
2679 2803 2736 2854 et
2756 2800 3022 2870 abbates,
3045 2801 3146 2871 qui
3161 2802 3426 2857 decimas
3447 2818 3556 2857 non
3576 2801 3782 2856 sinerent

2187 2889 2326 2943 dare
2372 2889 2444 2942 ad
2485 2889 2796 2959 ecclesias,
2849 2889 2950 2944 ubi
2981 2889 3063 2943 illi
3108 2890 3308 2945 coloni
3347 2893 3557 2952 missas
3595 2889 3786 2945 audiunt

2185 2977 2440 3032 Proinde
2471 2978 2738 3032 decrevit
2767 2994 2943 3032 sacer
2975 2980 3088 3033 iste
3118 2985 3448 3036 conventus
3489 2985 3547 3036 ut
3573 2975 3784 3049 episcopi

2190 3070 2246 3120 et
2271 3067 2514 3121 abbates
2545 3067 2617 3120 de
2669 3069 2833 3138 agris
2879 3071 2937 3121 et
2985 3068 3198 3135 vineis,
3233 3086 3372 3140 quae
3417 3071 3487 3124 ad
3532 3083 3682 3123 suum
3717 3061 3787 3117 vel

2195 3159 2441 3210 fratrum
2472 3156 2829 3226 stipendium
2870 3156 3108 3228 habent,
3141 3158 3407 3213 decimas
3450 3159 3519 3213 ad
3555 3154 3788 3212 ecclesias

2189 3246 2408 3300 deferri
2437 3245 2685 3315 faciant;
2709 3245 2946 3300 familiae
2969 3262 3110 3300 vero
3133 3247 3214 3300 ibi
3237 3249 3380 3303 dent
3400 3249 3642 3302 decimas
3657 3258 3784 3308 suas,

2187 3334 2288 3390 ubi
2320 3334 2574 3388 infantes
2605 3350 2811 3389 eorum
2840 3334 3223 3404 baptizantur,
3271 3340 3327 3391 et
3376 3337 3475 3392 ubi
3517 3352 3611 3407 per
3646 3337 3788 3388 totum

2187 3425 2326 3479 anni
2356 3424 2640 3478 circulum
2673 3425 2892 3478 missas
2923 3425 3182 3478 audiunt.

2529 3513 2632 3566 Ex
2659 3513 2907 3568 concilio
2946 3508 3238 3577 Toletano,
3269 3531 3395 3587 cap.
3415 3513 3504 3570 36.

2254 3621 2336 3674 De
2370 3620 2464 3674 his
2497 3624 2690 3674 autem
2729 3635 2863 3690 quae
2905 3620 3189 3674 altaribus
3238 3619 3580 3688 offeruntur,
3625 3616 3790 3686 quarta

2181 3725 2323 3780 pars
2357 3709 2612 3763 ﬁdeliter
2641 3709 2940 3778 episcopis
2970 3708 3291 3777 deferatur,
3315 3709 3448 3764 duae
3471 3703 3791 3771 clericis,de-

2183 3799 2350 3852 cimaa
2381 3801 2594 3868 autem,
2629 3797 2958 3851 secundum
3009 3798 3319 3868 quosdam,
3373 3796 3619 3869 singulis
3658 3790 3790 3845 annis

2178 3888 2348 3942 tertia
2379 3903 2538 3957 pars,
2573 3890 2671 3941 aut
2714 3887 2773 3939 in
2802 3888 2973 3940 tertio
3024 3890 3160 3940 tota.
3211 3886 3331 3941 Sed
3375 3891 3564 3941 tamen
3596 3898 3690 3937 nos
3718 3894 3792 3932 se-

2177 3979 2428 4048 quentes
2464 3976 2780 4039 liomanos,
2805 3973 3062 4044 singulis
3094 3974 3266 4028 annis
3298 3979 3566 4045 quartam
3591 3972 3790 4042 partem,

2176 4068 2276 4120 aut
2303 4066 2363 4119 in
2382 4069 2590 4136 quarto
2619 4067 2800 4118 totam
2829 4065 3094 4133 episcopi
3124 4064 3434 4134 recipiant.

2439 4169 2542 4223 Ex
2570 4167 2818 4223 consilio
2847 4168 3344 4239 Mogontiacensi,
3380 4185 3502 4240 cap.
3535 4164 3585 4222 8.

2246 4275 2506 4341 Quatuor
2536 4273 2918 4345 partcsjuxta
2941 4287 3200 4327 canones
3222 4272 3350 4327 ﬁeri
3375 4273 3449 4328 de
3468 4271 3707 4326 ﬁdelium
3725 4264 3798 4320 ob-

2170 4365 2493 4420 lationibus
2516 4364 2751 4431 debent,
2787 4365 2848 4417 ut
2879 4378 2995 4417 una
3016 4363 3094 4416 sit
3123 4361 3418 4432 episcopi,
3453 4363 3627 4414 altera
3657 4355 3798 4411 cleri-

383 4467 621 4538 aliquod
655 4469 932 4522 ecclesiae
967 4469 1186 4538 putetis
1220 4445 1358 4524 esse
1390 4469 1805 4539 deputandum,
1854 4485 1928 4523 ne
1956 4472 2134 4539 perD
2175 4471 2400 4523 eorum,
2435 4453 2606 4508 tertia
2634 4467 2981 4523 Paupel‘umi
3016 4453 3224 4522 quarta
3273 4445 3680 4506 Γθείθυῖθίίοηί
3721 4457 3799 4497 ec'

383 4556 672 4610 incuriam
721 4557 1259 4628 negligentiamque
1309 4557 1621 4627 minuatur,
1672 4558 1779 4612 sed
1829 4573 2060 4612 omnem

382 4646 689 4716 pensionis
716 4661 1007 4700 summam
1026 4661 1098 4700 ex
1121 4646 1397 4700 omnibus
1417 4646 1659 4716 praediis
1683 4647 1927 4701 rusticis
1958 4663 2060 4701 ur-

380 4735 669 4806 banisque
701 4735 1007 4789 collectam
1029 4735 1102 4788 ad
1136 4735 1457 4789 antistitem
1486 4734 1788 4790 deieratis.
1825 4735 1912 4789 Ex
1943 4751 2058 4806 qua

382 4825 577 4876 tamen
625 4823 969 4878 cellectione
997 4823 1284 4878 habeatur
1318 4825 1488 4892 ratio,
1533 4825 1690 4895 quod
1742 4824 1814 4878 ad
1843 4840 2058 4878 causas

2172 4545 2490 4599 clesiarum
2522 4545 2813 4596 servetur.

2573 4631 2675 4685 Ex
2701 4629 2950 4686 concilio
2975 4628 3434 4701 Agrippinensi.

2242 4743 2383 4797 Item
2424 4739 2583 4812 quod
2625 4738 2852 4793 decima
2901 4751 3033 4807 quae
3077 4750 3110 4788 a
3155 4733 3434 4789 ﬁdelibus
3481 4732 3674 4796 datur,
3720 4721 3802 4777 Dei

2179 4846 2398 4887 census
2422 4811 2812 4898 nuncupanda
2830 4828 2942 4895 est,
2959 4827 3015 4879 et
3031 4823 3163 4879 ideo
3183 4823 3505 4894 exintegro
3518 4811 3802 4875 reddenda.

2177 4921 2364 4992 Cujus
2395 4919 2565 4973 tertia
2609 4932 2750 4987 pars
2783 4915 3111 4969 secundum
3160 4927 3448 4966 canonem
3496 4908 3803 4962 Toletanum

2170 5011 2588 5081 episcoporum
2617 5020 2755 5061 esse
2787 5005 2978 5058 debet.
3024 5002 3148 5056 Nos
3185 5016 3322 5056 vero
3378 4999 3489 5053 hac
3538 4993 3800 5067 potestate

2170 5100 2252 5153 uti
2283 5097 2582 5165 nolumus,
2620 5095 2728 5149 sed
2776 5096 2998 5147 tantum
3043 5090 3298 5162 singulis
3345 5087 3524 5142 annis
3572 5082 3805 5155 quartam

2167 5193 2389 5260 partem
2405 5203 2516 5240 usu
2535 5185 2932 5240 Romanorum
2963 5181 3323 5251 pontificum,
3360 5181 3418 5231 et
3459 5165 3803 5260 observantia

2165 5257 2388 5332 sancta:
2421 5275 2709 5330 Ecclesiae
2745 5275 3022 5326 Romanae
3055 5270 3125 5323 de
3166 5268 3370 5322 eadem
3422 5266 3638 5318 habere
3667 5257 3804 5312 volu-

2166 5383 2320 5422 mus.
2352 5366 2515 5429 Quod
2546 5366 2598 5417 si
2630 5363 2766 5432 quis
2798 5359 3225 5414 conlentiosius
3247 5355 3381 5408 inde
3402 5354 3669 5423 repertus
3688 5346 3796 5398 fue-

2165 5457 2261 5525 rit,
2295 5456 2423 5510 sive
2456 5453 2712 5507 clericus
2744 5449 2872 5504 sive
2913 5448 3102 5502 laicus
3151 5446 3246 5498 ille
3293 5443 3370 5496 sit
3420 5435 3804 5496 communione

2163 5545 2514 5620 privabitur,
2548 5544 2605 5598 et
2635 5537 2904 5614 synodali
2936 5551 3189 5593 censura
3215 5531 3602 5608 judicabitur.

383 4911 475 4962 vel
507 4925 803 4979 expensas
838 4913 1245 4966 accedentium
1276 4913 1701 4967 necessitatum
1733 4928 1885 4983 opus
1915 4928 2055 4967 esse

380 4998 754 5070 perspicitur,
818 5006 880 5054 ut
938 5001 1010 5055 de
1062 5001 1254 5056 medio
1287 5003 1699 5072 sequestretur
1744 5004 1802 5054 et
1831 5005 2056 5072 quartae

379 5084 686 5153 portiones
708 5089 801 5141 vel
831 5089 1091 5144 ﬁdelium
1110 5091 1442 5144 oblationes
1462 5090 1534 5145 de
1553 5090 1664 5143 hac
1697 5089 1842 5143 fiunt
1863 5090 2054 5144 modis

383 5172 658 5227 omnibus
693 5176 999 5248 pensione,
1033 5179 1112 5232 ita
1142 5183 1203 5233 ut
1235 5195 1410 5233 unam
1439 5179 1555 5233 sibi
1585 5177 1747 5233 tollat
1781 5178 2048 5247 antistes,

381 5261 550 5314 aliam
576 5262 830 5316 clericus
847 5282 951 5332 pro
975 5267 1320 5337 suojudicio
1343 5274 1398 5322 et
1416 5269 1700 5322 electione
1723 5268 2049 5336 dispertiat,

381 5350 612 5404 tertiam
642 5353 1001 5420 pauperibus
1029 5357 1140 5409 sub
1173 5358 1431 5410 omnium
1477 5357 1839 5411 conscientia
1877 5354 2053 5410 faciat

381 5440 618 5511 erogari
643 5456 653 5494 :
692 5439 959 5496 Fabricis
990 5459 1132 5498 vero
1163 5445 1320 5515 quod
1343 5446 1619 5516 competit
1646 5444 1719 5498 ad
1741 5444 2056 5498 ordinatio-

379 5542 516 5582 nem
556 5529 856 5599 pontiﬁcis
890 5533 1235 5604 erogatione
1267 5537 1464 5589 vestra
1495 5533 1872 5589 decernimus
1902 5548 2048 5602 pen-

382 5616 661 5676 dendum.
694 5617 757 5676 Si
789 5619 929 5693 quid
958 5620 1110 5677 forte
1127 5622 1200 5678 ab
1215 5637 1407 5679 annua
1419 5621 1746 5681 remanebit
1764 5636 2047 5696 expensa,
