3948 6168
473 237 594 324 437
1509 232 1573 298 s.
1607 231 1988 316 ANSELMI
2020 229 2423 314 LUCENSIS
2454 230 2859 314 EPISCQPI.

527 436 613 491 11.
651 436 726 492 Ut
754 452 926 492 nemo
959 453 991 490 a
1023 437 1285 490 Romana
1315 435 1582 491 Ecclesia
1615 433 1942 503 dissentiat,
1986 449 2119 504 quae
2306 430 2393 486 30.
2441 430 2610 496 Quod
2639 431 2815 486 habet
2843 431 3205 502 apostolicus
3243 449 3275 486 a
3312 433 3476 488 beato
3503 436 3657 494 Petro
3685 439 3814 496 ﬁdu-

458 529 629 594 caput
659 530 750 580 est
775 525 1034 580 omnium
1058 525 1481 580 Ecclesiarum.
2237 521 2385 574 ciam
2417 523 2473 574 et
2502 522 2905 576 auctoritatem
2937 521 3285 576 defendendi
3317 523 3498 580 ﬁdem.

528 612 614 667 12.
647 614 815 678 Quod
846 630 877 666 a
897 613 1126 684 regulis
1163 615 1441 670 Romanae
1468 612 1753 668 Ecclesiae
1783 611 2122 665 nullatenus
2303 611 2392 664 40.
2434 610 2597 674 Quod
2632 627 2798 680 papae
2829 611 3020 682 major
3059 612 3286 665 cunctis
3325 617 3630 670 necessitas
3656 620 3817 671 corri-

457 703 732 757 convenit
763 703 1021 756 deviare.
2234 699 2414 770 gendi
2446 699 2749 752 incumbit.

528 791 614 845 13.
648 789 815 854 Quod
839 790 1108 845 Ecclesia
1142 792 1406 846 Romana
1434 807 1731 862 nunquam
1764 807 1795 844 a
1824 790 1938 844 fide
1964 805 2123 843 erra-
2303 787 2392 841 41.
2435 787 2600 852 Quod
2644 789 2874 842 traditio
2918 789 3198 843 Romanae
3244 790 3518 845 Ecclesiae
3553 808 3582 845 a
3620 793 3818 865 reliquis

456 879 628 932 verit.
2235 877 2590 931 observetur
2620 877 2930 946 Ecclesiis,
2958 894 3091 948 quae
3112 880 3185 932 ab
3207 880 3333 948 ipsa
3354 881 3676 951 principium
3690 900 3818 937 acce-

528 966 617 1021 14.
649 965 815 1031 Quod
847 983 996 1037 papa
1017 967 1192 1022 debet
1219 969 1542 1022 universali
1577 967 1866 1022 Ecclesiae
1897 967 2119 1020 subve-
2232 969 2462 1036 perunt.

456 1056 603 1125 nire,
635 1059 692 1110 et
722 1056 1004 1127 quidquid
1035 1058 1094 1109 in
1117 1073 1184 1111 ea
1214 1058 1490 1111 nocivum
1521 1061 1613 1111 est
1645 1057 1974 1128 corrigere.
2303 1056 2389 1108 42.
2432 1054 2597 1119 Quod
2647 1072 2762 1109 non
2812 1056 2982 1109 aliter
3031 1057 3102 1110 de
3157 1056 3473 1128 Scripturis
3514 1059 3821 1114 sentiendum

533 1145 618 1198 15.
646 1145 723 1199 Ut
746 1145 1111 1199 Antiochena
1133 1145 1402 1200 Ecclesia
1425 1147 1708 1202 Romanae
1730 1148 1807 1200 sit
1830 1145 2118 1216 subjecta,
2231 1159 2405 1213 quam
2438 1143 2627 1197 sancti
2658 1144 2865 1198 Patres
2899 1144 3244 1200 docuerunt.

457 1248 570 1287 nec
601 1233 674 1287 ab
708 1233 844 1303 ejus
876 1233 1190 1288 dissentiat
1210 1235 1618 1304 dispositione.
2299 1230 2389 1286 43.
2431 1231 2598 1297 Quod
2641 1248 2790 1302 papa
2834 1234 3025 1302 ipsius
3071 1234 3237 1289 sedis
3279 1236 3598 1290 reverentia
3640 1239 3824 1309 cogitur

530 1320 616 1375 16.
651 1319 816 1385 Quod
850 1323 1172 1376 Romanam
1205 1322 1535 1378 Ecclesiam
1561 1324 1716 1378 beati
1736 1323 1894 1377 Petri
1925 1337 2120 1376 sacer-
2231 1321 2540 1375 studiosus
2571 1337 2676 1390 pro
2707 1323 2980 1376 omnibus
3012 1339 3172 1378 esse.

458 1409 614 1464 dotio
646 1410 934 1464 Dominus
965 1412 1196 1476 ditavit;
1250 1416 1305 1466 et
1351 1413 1507 1484 quod
1557 1413 1745 1482 prima
1784 1411 1948 1466 salus
1971 1413 2062 1464 est
2093 1426 2124 1462 a
2301 1409 2390 1463 4-1.
2422 1410 2588 1474 Quod
2619 1425 2736 1464 non
2769 1411 2844 1464 sit
2873 1411 3310 1466 recendendum
3343 1413 3412 1467 ab
3444 1414 3745 1485 apostolicis
3767 1415 3825 1469 in-

457 1499 795 1553 constitutis
839 1500 1077 1553 Patrum
1116 1516 1234 1554 non
1282 1501 1538 1564 deviare,
1577 1505 1632 1554 et
1677 1500 1832 1571 quod
1865 1501 1922 1553 in
1981 1499 2123 1553 sede
2231 1499 2474 1552 stitutis.

455 1587 778 1656 apostolica
811 1603 1049 1657 semper
1079 1593 1170 1642 est
1202 1590 1488 1643 catholica
1521 1593 1754 1644 servata
1782 1589 2012 1660 religio.
2301 1587 2389 1641 45.
2425 1587 2501 1640 Ut
2531 1589 2730 1642 nullus
2773 1589 3004 1644 decreta
3038 1590 3202 1643 sedis
3233 1592 3568 1660 apostolicae
3595 1595 3823 1647 temerare

525 1676 612 1730 17.
646 1676 813 1740 Quod
846 1678 1110 1731 Romana
1166 1677 1437 1732 Ecclesia
1487 1680 1677 1749 ipsius
1710 1679 1944 1733 Domini
1975 1694 2122 1732 voce
2153 1719 2208 1782 B
2230 1680 2574 1746 praesumat.

429 1799 434 1808 ι
461 1766 786 1821 Salvatoris
823 1766 1098 1820 omnibus
1125 1768 1367 1836 praelata
1389 1771 1501 1822 est.
2153 1765 2207 1782 "
2301 1765 2390 1819 46.
2425 1765 2590 1830 Quod
2621 1767 2947 1836 apostolica
2980 1769 3159 1823 sedes
3192 1769 3492 1824 universa
3521 1773 3702 1840 praesit
3727 1770 3826 1824 Ec-

533 1853 614 1908 18.
649 1854 812 1918 Quod
845 1854 1170 1923 apostolica
1202 1856 1382 1910 sedes
1416 1857 1845 1912 ﬁrmamentum
1877 1860 1966 1911 est
1997 1873 2125 1911 om-
2231 1853 2453 1908 clesiae.

457 1942 618 1996 nium
634 1943 1070 2012 episcoporum,
1094 1944 1600 2016 ecclesiarumque
1624 1947 1880 2000 omnium
1899 1950 2122 2000 vertex.
2298 1943 2385 1996 4'7.
2417 1942 2584 2008 Quod
2615 1943 2792 1999 sedes
2839 1944 2994 1998 beati
3043 1946 3205 2001 Petri
3251 1946 3342 1999 t‘as
3393 1947 3562 2002 habet
3582 1947 3827 2018 judicandi

527 2030 613 2084 19.
649 2031 723 2083 Ut
756 2031 942 2098 prima
977 2031 1158 2085 sedes
1189 2049 1222 2086 a
1253 2034 1412 2088 nullo
1439 2034 1759 2104 judicetur.
2229 2030 2299 2084 de
2331 2031 2487 2084 omni
2518 2030 2809 2101 Ecclesia,
2836 2032 2942 2086 sed
2968 2049 3139 2086 nemo
3171 2033 3242 2087 de
3277 2033 3395 2088 illa.

525 2117 611 2173 20.
650 2119 726 2173 Ut
747 2135 952 2173 omnes
986 2119 1274 2176 Ecclesiae
1293 2124 1506 2177 statuta
1528 2125 1808 2179 Romanae
1838 2123 2125 2178 Ecclesiae
2297 2118 2385 2174 48.
2424 2119 2590 2184 Quod
2622 2121 2799 2175 sedes
2832 2122 3156 2192 apostolica
3185 2122 3416 2194 absque
3446 2124 3655 2195 synodo
3681 2124 3829 2194 possit

456 2211 833 2264 conservent.
2230 2209 2464 2264 solvere
2495 2210 2695 2280 inique
2728 2211 3054 2265 damnatos.

523 2298 610 2352 2-1.
649 2298 722 2352 Ut
743 2314 913 2354 nemo
944 2301 1288 2370 apostolicae
1337 2300 1502 2356 sedis
1529 2301 1821 2373 judicium
1847 2300 2126 2373 judicare
2299 2297 2387 2352 49.
2419 2297 2583 2362 Quod
2615 2298 2939 2368 apostolica
2971 2299 3150 2354 sedes
3181 2301 3646 2372 uniuscujusque
3667 2301 3830 2372 synodi

455 2389 553 2440 aut
583 2390 905 2442 retractare
939 2394 1276 2458 praesumat.
2227 2402 2337 2440 sua
2375 2387 2721 2443 auctoritate
2767 2389 3127 2442 conﬁrmatae
3175 2405 3422 2444 servare
3463 2391 3623 2445 debet
3660 2389 3831 2444 consti-

525 2473 614 2528 22.
649 2475 816 2539 Quod
845 2477 1169 2546 apostolica
1202 2477 1380 2534 sedes
1406 2481 1579 2548 caput
1605 2481 1696 2534 est
1725 2479 1984 2534 omnium
2017 2479 2126 2533 Ec-
2226 2478 2434 2530 tutum.

455 2563 793 2617 clesiarum.
2297 2565 2386 2618 50.
2421 2565 2497 2619 Ut
2540 2565 2773 2619 irritum
2820 2565 2896 2620 sit
2943 2565 3229 2638 quidquid
3274 2567 3333 2622 in
3377 2569 3681 2639 apostolica
3725 2565 3831 2621 sede

525 2651 612 2704 23.
638 2651 806 2715 Quod
842 2653 1104 2707 Romana
1163 2653 1432 2708 Ecclesia
1486 2655 1780 2726 singulari
1808 2655 2121 2727 privilegio
2227 2653 2455 2724 absque
2487 2654 2814 2723 apostolico
2846 2654 3205 2709 decernitur.

455 2742 805 2808 potestatem
831 2739 1005 2794 habet
1033 2742 1251 2812 ligandi
1285 2746 1342 2796 et
1373 2743 1661 2796 solvendi.
2297 2743 2385 2796 51.
2407 2742 2575 2807 Quod
2602 2743 2816 2797 Petrus
2848 2745 3018 2815 regni
3042 2745 3324 2798 caelorum
3364 2747 3558 2801 claves
3583 2744 3774 2815 accepit
3790 2745 3833 2796 ut

530 2827 618 2881 24.
653 2825 820 2891 Quod
861 2829 1204 2897 apostolicae
1233 2831 1395 2885 sedis
1428 2831 1651 2901 praesul
1683 2847 1716 2885 a
1739 2832 1896 2886 nullo
1927 2832 2041 2885 nisi
2090 2849 2124 2886 a
2228 2831 2359 2886 aliis
2393 2832 2662 2901 aperiret.

458 2916 580 2971 Deo
605 2916 968 2987 judicandus
999 2923 1109 2973 est.
2298 2920 2386 2973 52.
2409 2918 2572 2984 Quod
2605 2921 2926 2975 auctoritas
2950 2923 3509 2994 congregandarum
3526 2922 3834 2994 generalium

521 3007 609 3060 25.
645 3004 811 3070 Quod
842 3023 991 3077 papa
1048 3009 1214 3062 vices
1274 3024 1417 3063 suas
1450 3009 1639 3078 alteri,
1674 3012 1731 3064 et
1760 3026 1887 3064 suae
1948 3011 2112 3064 sedis
2229 3009 2588 3079 synodorum
2621 3010 2732 3063 soli
2764 3012 3110 3081 apostolicae
3145 3013 3273 3066 sedi
3304 3012 3388 3067 sit
3418 3013 3730 3067 commissa.

455 3095 631 3148 etiam
663 3097 1028 3150 subdiacono
1062 3098 1384 3167 committit,
1420 3098 1518 3152 ubi
1547 3115 1821 3168 praesens
1846 3115 1984 3154 esse
2002 3115 2119 3153 non
2151 3081 2202 3143 C
2298 3095 2387 3152 53.
2417 3097 2582 3163 Quod
2612 3115 2759 3168 papa
2789 3116 2822 3153 a
2856 3101 2984 3154 solo
3018 3101 3136 3154 Deo
3169 3101 3246 3154 sit
3269 3100 3642 3171 judicandus.

450 3188 664 3253 potest.
2298 3188 2386 3241 54.
2430 3188 2507 3241 Ut
2536 3203 2707 3241 nemo
2749 3204 2817 3242 ea
2858 3205 2989 3259 quae
3022 3190 3368 3260 apostolicae
3401 3191 3534 3246 sedi
3562 3194 3685 3246 sunt
3710 3204 3836 3244 con-

521 3272 607 3339 26,
644 3273 808 3338 Quod
831 3292 997 3345 papae
1032 3279 1226 3332 tacere
1248 3293 1364 3331 non
1387 3277 1523 3331 licet
1552 3278 1708 3349 quod
1739 3278 1796 3331 in
1820 3278 2118 3349 querelam
2227 3292 2401 3331 cessa
2426 3280 2674 3347 usurpet
2707 3278 2835 3331 sine
2868 3277 3002 3348 ejus
3027 3279 3321 3334 consultu.

448 3365 645 3431 potest
675 3365 900 3418 venire.
2295 3363 2382 3419 55.
2419 3365 2586 3430 Quod
2619 3372 2864 3420 sanctus
2898 3368 3114 3420 Petrus
3155 3367 3262 3437 jus
3307 3369 3531 3440 ligandi
3562 3374 3717 3440 atque
3745 3365 3838 3421 sol-
3917 3429 3919 3436 ι

459 3515 464 3521 _
519 3447 609 3503 27.
643 3451 811 3514 Quod
840 3452 912 3504 ad
944 3454 1151 3506 sedem
1171 3455 1556 3523 apostolicam
1587 3455 1661 3508 ab
1685 3456 1985 3526 episCOpis
2019 3471 2117 3510 re-
2225 3455 2397 3508 vendi
2433 3455 2579 3508 Lino
2613 3458 2668 3508 et
2697 3454 2859 3508 Cleto
2891 3471 3008 3508 non
3040 3456 3276 3509 tradidit
3307 3457 3408 3526 (2).

451 3536 696 3607 feratur,
731 3541 869 3593 dum
899 3541 959 3594 in
981 3542 1116 3595 ﬁdei
1148 3543 1376 3597 ratione
1405 3543 1722 3598 dubitatur.
2293 3544 2384 3597 56.
2416 3542 2582 3608 Quod
2622 3544 2681 3596 in
2719 3560 2833 3597 una
2865 3544 3151 3598 catholica
3183 3545 3454 3600 Ecclesia
3488 3562 3622 3600 vera
3648 3543 3840 3601 Christo

521 3626 610 3679 28.
643 3625 809 3690 Quod
839 3644 988 3698 papa
1007 3645 1080 3684 ex
1103 3631 1674 3686 divinainstitutione
1697 3634 1992 3688 universis
2017 3634 2119 3688 Ec-
2223 3632 2419 3688 hostia
2450 3634 2801 3687 immolatur.

459 3713 662 3769 clesiis
693 3717 1094 3786 principaliter
1124 3735 1325 3774 curam
1347 3721 1540 3775 debet.
2291 3722 2379 3776 5'7.
2416 3720 2584 3785 Quod
2613 3723 2685 3776 ab
2717 3722 3040 3792 apostolica
3072 3723 3216 3777 sede
3247 3723 3385 3777 ﬁdei
3414 3726 3630 3779 veritas
3660 3726 3738 3778 est
3763 3721 3840 3774 in-

517 3801 606 3857 29.
642 3803 813 3868 Quod
843 3807 1012 3861 sedis
1035 3810 1374 3878 apostolicae
1406 3812 1749 3866 auctoritate
1776 3810 2117 3882 judicantur
2221 3812 2528 3881 quirenda.

451 3908 584 3963 quae
601 3893 1005 3950 difﬁcultatem
1029 3896 1468 3968 dijudicationis
1497 3900 1718 3954 habere
1751 3901 2042 3956 videntur.
2289 3899 2378 3954 58.
2405 3902 2487 3954 De
2519 3903 2794 3970 petitione
2825 3901 3053 3967 Nicaeni
3086 3901 3338 3971 concilii,
3364 3905 3429 3957 ut
3447 3902 3521 3957 ab
3551 3897 3828 3973 apostolica

523 3982 614 4036 30.
645 3983 810 4048 Quod
844 3986 1105 4039 Romana
1132 3987 1844 4058 Ecclesiaprincipatuma
1867 3990 2113 4044 Domino
2221 3990 2564 4044 auctoritate
2596 3990 2998 4043 conﬁrmetur.

448 4074 694 4142 accepit,
722 4078 776 4128 et
809 4073 1048 4130 Marcus
1078 4093 1111 4130 a
1141 4078 1427 4148 magistro
1467 4095 1617 4149 papa
1632 4080 1810 4134 Petro
1840 4096 1957 4134 non
1989 4079 2114 4133 dis-
2292 4078 2381 4132 59.
2427 4079 2508 4131 De
2544 4078 2825 4147 petitione
2861 4078 3280 4150 Aﬂgyptiorum
3326 4080 3728 4150 episcoporum
3758 4088 3841 4145 pro

446 4165 652 4217 sensit.
2221 4184 2339 4221 Lxx
2368 4167 2641 4237 capitulis
2675 4167 2902 4220 Nicaeni
2934 4166 3190 4221 concilii.

519 4249 608 4306 31.
643 4252 716 4307 Ut
738 4269 944 4309 omnes
968 4256 1242 4310 catholici
1262 4262 1590 4328 sequantur
1611 4257 1959 4329 quodsedes
1981 4273 2114 4328 apo-
2295 4257 2382 4310 60.
2426 4257 2591 4321 Quod
2627 4258 2889 4310 Romana
2933 4255 3202 4311 Ecclesia
3252 4271 3492 4327 semper
3519 4253 3845 4311 immaculata

444 4341 653 4395 stolica
685 4342 874 4398 docet.
2139 4349 2196 4413 D
2226 4347 2620 4416 permanserit
2649 4351 2705 4401 et
2734 4345 3116 4416 permanebit.

515 4427 603 4484 32.
655 4431 730 4484 Ut
759 4433 1020 4487 omnium
1052 4433 1456 4491 Ecclesiarum
1485 4439 1674 4490 status
1732 4453 1880 4506 papa
1911 4451 2113 4491 curam
2295 4436 2384 4490 61.
2409 4435 2574 4500 Quod
2606 4436 2761 4490 beati
2785 4436 2944 4488 Petri
2975 4436 3155 4490 sedes
3177 4435 3566 4491 sacerdotalis
3587 4436 3760 4487 mater
3777 4433 3846 4482 est

442 4517 674 4573 habeat.
2223 4525 2527 4598 dignitatis
2560 4528 2616 4578 et
2647 4525 2932 4595 magistra
2963 4524 3387 4578 ecclesiasticae
3417 4523 3682 4577 rationis.

514 4609 603 4662 33.
639 4609 723 4662 De
746 4610 949 4664 eadem
980 4626 1064 4665 re.
2293 4613 2381 4669 62.
2408 4614 2483 4669 Ut
2511 4613 2656 4668 nulli
2685 4614 2762 4667 sit
2792 4613 2882 4667 fas
2915 4617 3201 4668 temerare
3224 4613 3420 4666 divina
3452 4614 3511 4666 et
3539 4608 3846 4682 apostolicae

514 4697 603 4750 34.
631 4698 714 4752 De
746 4699 950 4753 eadem
981 4716 1064 4754 re.
2225 4703 2389 4758 sedis
2418 4703 2701 4756 instituta.

509 4787 598 4840 35.
624 4789 789 4851 Quod
815 4789 1078 4843 Romana
1098 4789 1366 4844 Ecclesia
1398 4796 1583 4846 mater
1618 4793 1696 4846 sit
1725 4792 1985 4847 omnium
2009 4792 2112 4847 Ec-
2293 4791 2380 4846 63.
2414 4791 2540 4856 Qod
2572 4792 2836 4845 Romana
2867 4789 3139 4844 Ecclesia
3168 4804 3378 4845 omnes
3407 4789 3660 4844 instituit
3682 4783 3848 4841 eccle-

446 4876 787 4944 clesiarum,
824 4882 880 4932 et
907 4895 1208 4949 nunquam
1239 4896 1272 4933 a
1303 4880 1416 4934 ﬁde
1449 4883 1753 4936 erraverit.
2224 4882 2500 4936 siasticas
2521 4880 2868 4952 dignitates;
2893 4884 2948 4932 et
2969 4879 3073 4949 qui
3101 4879 3155 4932 ei
3183 4895 3357 4932 suum
3381 4878 3850 4949 privilegiumau-

513 4966 602 5019 36.
629 4965 795 5030 Quod
827 4969 1152 5037 apostolica
1183 4970 1359 5024 sedes
1391 4986 1688 5040 nunquam
1719 4971 1986 5026 haereses
2026 4972 2111 5026 fo-
2223 4971 2380 5025 ferre
2411 4973 2673 5038 conatur,
2708 4970 2767 5022 in
2801 4967 3080 5022 haeresim
3110 4968 3345 5022 labitur.

442 5058 558 5122 vet,
595 5056 700 5108 sed
734 5057 1001 5111 destruit.
2292 5060 2381 5114 64.
2413 5058 2576 5122 Ωιιοά
2619 5059 2717 5127 qui
2760 5057 3079 5111 comederit
3109 5073 3327 5128 agnum
3357 5062 3522 5112 extra
3552 5049 3850 5110 Ecclesiam

512 5142 601 5195 3'1.
634 5143 798 5206 Quod
841 5147 1011 5199 navis
1044 5147 1196 5201 beati
1220 5149 1379 5202 Petri
1398 5166 1512 5204 non
1545 5151 1831 5204 turbatur.
2219 5149 2391 5203 beato
2422 5150 2596 5202 Petro
2631 5148 3029 5212 commissam,
3058 5146 3344 5215 profanus
3375 5151 3485 5201 est.

514 5229 601 5286 38.
634 5233 800 5296 Quod
831 5250 948 5288 non
980 5237 1055 5290 sit
1087 5237 1338 5292 liberum
1371 5242 1698 5310 apostolico
1731 5241 2107 5295 dissimulare
2289 5237 2376 5291 65.
2426 5237 2592 5302 Ωιιοά
2635 5254 2742 5306 pro
2779 5236 2890 5290 ﬁde
2919 5235 3076 5289 Petri
3101 5234 3375 5289 Christus
3407 5234 3736 5305 specialiter
3772 5242 3852 5281 ro-

442 5323 535 5377 vel
570 5329 783 5376 tacere.
2218 5330 2398 5400 gavit.

513 5494 590 5573 (2)
621 5494 911 5573 Loquitur
934 5513 1012 5573 ex
1044 5515 1247 5554 eorum
1279 5503 1568 5556 sententia
1599 5502 1698 5573 qui
1731 5502 1941 5557 Linum
1981 5504 2038 5557 et
2084 5498 2314 5558 Cletum
2359 5516 2480 5557 non
2526 5497 2836 5571 pontiﬁces
2860 5512 2928 5552 ac
2951 5509 3342 5552 successores
3391 5494 3578 5568 Petri,
3612 5491 3717 5550 sed
3743 5487 3853 5564 ejus

438 5567 842 5626 tantummodo
882 5570 1187 5643 arUutores
1218 5573 1410 5629 fuisse
1441 5567 1661 5646 putant.
