3948 6168
137 342 233 423 489
1080 332 1543 422 COLLECTIO
1593 332 2023 421 CANo'NICA
2081 393 2151 406 -
2198 340 2358 421 me.
2407 361 2485 422 ιι.

3380 354 3503 429 490

186 556 258 611 66.
286 556 431 622 Quod
462 557 714 611 Romana
744 555 1012 612 Ecclesia
1042 552 1115 612 ab
1147 558 1279 628 ipso
1310 554 1557 637 Domino
1596 558 1721 629 pri-
1755 550 1808 609 A
1842 562 1979 613 natu
2008 559 2342 631 populoque
2375 560 2638 614 Romano
2669 556 2946 615 Carolum
2976 561 3034 616 in
3073 578 3277 636 regem
3322 563 3503 638 elegit

133 649 306 700 malum
335 644 580 715 obtinuit,
614 650 671 700 et
699 648 855 717 quod
884 648 1102 710 Petrus
1135 651 1189 701 et
1221 634 1442 701 Paulus
1485 662 1598 702 una
1630 647 1723 703 die

130 751 214 789 sua
239 751 349 788 eam
377 738 551 789 morte
574 739 1104 803 consecraverunt;
1131 738 1188 790 et
1208 736 1364 808 quod
1386 737 1513 807 ipsa
1537 736 1726 806 prima

128 816 270 878 sedes
288 827 387 890 est,
420 816 673 878 secunda
695 824 1112 891 Alexandrina,
1140 826 1310 879 tertia
1335 825 1723 880 Antiochena.

180 911 251 965 6'7.
279 911 428 975 Quod
458 913 799 983 evangelica
832 914 1177 969 auctoritate
1228 910 1417 983 prima
1466 916 1727 968 omnium

127 1004 195 1054 est
223 1001 454 1055 Romana
485 1000 773 1071 Ecclesia,
796 1005 853 1056 et
870 1003 1027 1073 quod
1045 1003 1257 1057 Petrus
1280 1008 1335 1057 ct
1370 1002 1587 1056 Paulus
1612 1019 1726 1057 una

124 1088 195 1143 die
218 1089 405 1143 mortui
433 1092 588 1144 sunt.

174 1173 247 1231 68.
288 1175 440 1241 Quod
498 1178 761 1233 Romana
820 1178 1089 1234 Ecclesia
1140 1195 1256 1234 non
1315 1180 1560 1250 synodis
1621 1182 1727 1234 sed

123 1265 433 1336 evangelicis
466 1267 752 1323 institutis
783 1263 1096 1338 primatum
1131 1262 1400 1323 obtinuit.

170 1351 401 1418 69.Quod
418 1355 635 1410 Petrus
654 1360 710 1411 et
725 1357 948 1412 Pautus
972 1356 1248 1411 doctores
1268 1359 1406 1411 sunt
1440 1359 1722 1429 gentium,

118 1446 343 1497 auctores
370 1448 715 1514 martyrum.
748 1446 1053 1519 principes
1084 1446 1483 1500 sacerdotum.

167 1530 236 1584 10.
263 1532 413 1596 Quod
446 1532 622 1587 nemo
664 1537 859 1603 potest
912 1534 1195 1589 accedere
1241 1534 1314 1588 ad
1359 1535 1515 1589 beati
1561 1532 1724 1589 Pauli

114 1634 305 1689 corpus,
335 1622 424 1675 vel
454 1622 762 1678 sudarium
794 1623 949 1693 ejus,
984 1623 1054 1677 de
1088 1623 1262 1695 cujus
1303 1628 1506 1679 catena
1539 1625 1721 1679 inter-

112 1710 215 1763 dum
240 1709 412 1764 limari
447 1714 667 1781 potest,
703 1711 998 1766 interdum
1029 1704 1289 1767 minimc.

1840 651 1896 702 et
1925 648 2313 703 confirmavit.

1907 737 1997 791 '79.
2032 738 2115 791 De
2153 738 2360 792 Carolo
2410 754 2553 809 rege
2606 738 2662 793 in
2717 739 3044 794 Romanum
3086 741 3503 811 imperatorem

1836 825 2044 880 electo.

1906 914 1995 969 80.
2027 914 2213 985 Quod,
2262 918 2510 987 rogante
2562 917 2820 971 Adriano
2872 933 3050 988 papa,
3101 918 3349 975 Carolus
3398 936 3506 975 rex

1839 1003 2217 1057 Desiderium
2250 1021 2453 1076 regem
2487 1006 3013 1078 Langobardorum
3044 1008 3217 1079 cepit,
3242 1012 3298 1064 et
3319 1006 3507 1065 hono-

1836 1091 1946 1146 fice
1989 1091 2144 1146 idem
2176 1094 2380 1173 Romae
2414 1100 2734 1164 susceptus
2768 1099 2884 1149 est.

1905 1179 1995 1235 81.
2028 1180 2196 1245 Quod
2225 1176 2473 1235 Garolns
2504 1198 2611 1236 rex
2657 1185 2713 1236 et
2741 1184 3024 1252 patricius
3057 1187 3399 1254 provincias
3448 1192 3505 1242 et

1838 1269 2111 1323 civitates
2146 1272 2201 1323 et
2234 1274 2428 1324 castra
2468 1271 2700 1341 aliaque
2746 1273 2926 1325 multa
2974 1272 3263 1329 Ecclesiae
3308 1275 3509 1331 Sancti

1837 1355 2000 1411 Petri
2032 1356 2191 1411 dedit
2222 1374 2288 1412 ac
2321 1359 2598 1412 restituit.

1909 1446 1996 1499 82.
2030 1444 2195 1509 Quod
2238 1462 2370 1500 cum
2404 1463 2619 1519 magna
2649 1448 3095 1504 honorificentia
3126 1451 3307 1523 legati
3339 1438 3505 1508 sedis

1838 1533 2180 1603 apostolicae
2214 1535 2507 1606 dirigendi
2538 1541 2675 1590 sunt
2705 1536 2778 1591 ad
2808 1553 3033 1610 regem.

1907 1622 1995 1676 83.
2030 1623 2196 1688 Quod
2227 1624 2527 1678 Adrianus
2557 1641 2706 1695 papa
2737 1625 2968 1696 legatos
3000 1627 3185 1682 noluit
3214 1627 3506 1685 Constan-

1835 1710 2141 1782 tinopolim
2181 1713 2413 1766 mittere
2464 1713 2580 1767 nisi
2631 1714 2951 1784 imperator
2999 1719 3056 1769 et
3098 1719 3367 1788 Augusta
3418 1719 3507 1773 eis

161 1798 231 1851 'ii.
258 1798 408 1864 Quod
442 1800 793 1854 auctoritate
823 1801 1166 1873 pontificum
1212 1806 1267 1855 et
1307 1794 1597 1872 potestate
1628 1819 1727 1858 re-
1760 1804 1811 1865 Β
1841 1802 2217 1855 securitatem
2250 1800 2546 1870 facerent;
2580 1804 2637 1856 et
2670 1819 2801 1872 quae
2833 1801 2963 1857 sine
2991 1804 3122 1874 ipso
3156 1805 3306 1859 facta
3347 1810 3504 1876 sunt,

108 1903 214 1957 gum
256 1889 500 1943 mundus
552 1890 803 1961 regitur,
850 1890 906 1944 et
954 1890 1175 1961 regalis
1224 1894 1419 1944 tamen
1461 1895 1726 1961 potestas

106 1976 326 2046 subjecta
355 1978 740 2048 pontificibus
774 1992 912 2033 esse
943 1979 1137 2033 debet.

158 2064 227 2119 Ἷξ.
255 2065 409 2131 Quod
442 2067 865 2122 sacerdotibus
898 2068 1288 2138 imperatores
1338 2068 1579 2124 obedire
1624 2070 1731 2124 de-
1804 2092 1809 2096 ·

106 2154 231 2224 bent,
258 2171 365 2209 non
379 2155 624 2227 jubere,

156 2241 229 2297 ’73.
258 2243 332 2298 De
361 2243 704 2299 canstantia
734 2260 900 2314 papa
935 2245 1167 2316 Agapiti
1199 2248 1403 2300 contra
1441 2246 1731 2301 Justinia-

103 2347 210 2384 num
234 2338 571 2404 augustum,
598 2349 774 2404 quem
797 2334 1030 2387 tandem
1051 2335 1125 2389 ad
1144 2334 1331 2405 pedes
1363 2350 1510 2389 suos
1542 2334 1732 2389 humi-

102 2418 243 2476 ﬂavit.

148 2511 221 2565 Ἡ.
252 2512 326 2566 De
355 2512 703 2567 obedientia
737 2517 793 2566 et
824 2512 1048 2567 honore
1087 2527 1263 2583 quem
1308 2515 1585 2569 Tiberius
1618 2516 1730 2569 im-

100 2603 296 2667 perator
321 2600 599 2656 exhibuit
631 2616 816 2672 papae.
1404 2674 1405 2677 η

146 2688 219 2743 75.
246 2689 401 2753 Quod
436 2689 908 2762 imperatoribus
943 2689 1033 2746 fas
1065 2688 1182 2747 nOn
1232 2696 1323 2747 est
1375 2686 1611 2748 curiose
1660 2690 1732 2749 de

98 2776 462 2847 spiritualibus
494 2778 762 2851 negotiis
796 2795 994 2853 agere.

145 2865 218 2920 ‘76.
245 2865 403 2930 Quod
454 2867 805 2937 Stephanus
852 2885 1001 2940 papa
1052 2869 1364 2941 Pippinum
1420 2871 1477 2924 in
1528 2886 1733 2943 regem

69 3010 85 3019 _
99 2957 340 3021 provexit.

1838 1891 2004 1959 prius
2036 1890 2629 1960 anathematizarent;
2665 1895 2721 1945 et
2752 1907 2825 1946 ne
2874 1893 3236 1948 universalis
3280 1894 3511 1949 dicatur

1839 1971 2523 2048 Constantinopolitanus
2556 1980 2897 2051 episcopus.

1908 2065 1996 2121 84.
2033 2068 2108 2121 Ut
2140 2067 2377 2122 monitis
2407 2068 2755 2137 apostolicis
2798 2070 3126 2126 obedientia
3171 2073 3509 2142 praebeatur

1839 2155 1911 2209 ab
1944 2155 2256 2226 Augustis.

1844 2246 1853 2257 '
1909 2242 1996 2299 85.
2032 2244 2115 2297 De
2149 2248 2519 2299 sacramento
2550 2246 2714 2317 regis
2763 2246 3012 2301 Othonis
3066 2248 3220 2302 facto
3268 2249 3506 2306 domino

1838 2348 2003 2401 papae
2036 2333 2267 2387 Joanni.

1909 2419 1997 2475 86.
2034 2420 2297 2489 Epistola
2328 2421 2575 2476 Joannic
2606 2439 2771 2492 papae
2816 2424 2885 2477 ad
2919 2425 3333 2495 imperatorem
3362 2427 3505 2481 Jus-

1839 2509 2144 2578 tinianum,
2169 2513 2225 2563 et
2249 2511 2621 2580 imperatoris
2644 2511 2717 2566 ad
2734 2529 2941 2582 papam
2960 2514 3031 2566 de
3053 2513 3505 2570 confinmatione

1840 2598 2146 2653 catholicae
2194 2599 2328 2653 fidei
2387 2603 2588 2653 contra
2644 2600 2950 2656 Judaicam
3005 2606 3063 2656 et
3119 2605 3507 2673 apostaticam

1840 2687 2172 2757 perﬁdiam.

1909 2775 1978 2832 87
2011 2777 2093 2831 De
2124 2778 2506 2847 professione
2557 2778 2893 2850 JuStiniani,
2947 2782 3105 2851 quod
3153 2781 3406 2850 primum
3452 2784 3510 2836 et

1841 2866 2156 2920 maximum
2190 2867 2408 2921 bonum
2443 2872 2536 2921 est
2566 2866 2919 2923 Christianae
2971 2870 3109 2925 fidei
3156 2874 3317 2925 recta
3363 2884 3507 2924 con-

1843 2955 2052 3010 fessio.

146 3043 219 3096 7‘7.
248 3044 326 3099 De
356 3045 706 3101 obedientia
735 3048 791 3099 et
821 3046 1147 3102 humilitate
1181 3064 1356 3118 quam
1389 3065 1495 3103 rex
1534 3047 1731 3119 Pip‘pi—
1763 3056 1808 3115 Ο
1910 3044 1999 3098 88.
2056 3044 2222 3109 Quod
2277 3045 2674 3099 sacerdotium
2722 3049 2776 3099 et
2821 3046 3132 3116 imperium
3190 3047 3507 3101 humanam

102 3146 187 3184 nus
212 3130 498 3202 Stephano
533 3149 707 3204 papae
740 3133 1024 3188 exhibuit.

144 3221 217 3275 ‘78.
245 3221 407 3288 Quod
440 3239 601 3295 papa
630 3224 893 3277 Joannes
927 3223 1053 3277 Vlll
1079 3241 1211 3279 cum
1230 3226 1533 3296 episcopis
1556 3228 1611 3279 et
1635 3241 1728 3279 sc-

1841 3134 2091 3187 maxime
2122 3133 2299 3186 vitam
2334 3137 2638 3202 exornant,
2674 3137 2729 3187 et
2761 3134 2831 3188 de
2864 3135 3154 3206 eligendis
3188 3135 3505 3189 ornandis-

1842 3239 1955 3294 que
1974 3223 2296 3292 episcopis,
2319 3225 2375 3275 et
2405 3222 2477 3275 de
2497 3222 2866 3276 damnatione
2885 3222 3236 3279 Simoniacae
3259 3238 3507 3294 perver-

1843 3312 2055 3365 sitatis.

1101 3487 1595 3569 CAPITULA
1663 3487 1929 3569 LIBRI
2000 3486 2452 3580 SECUNDI,

734 3663 847 3729 Qui
878 3671 971 3718 est
1001 3664 1076 3719 de
1098 3666 1363 3735 primatu
1384 3663 1659 3719 Romanae
1694 3661 1964 3716 Fce/esia
1996 3667 2055 3715 et
2084 3659 2373 3714 libertate
2405 3658 2835 3731 appellationis.

143 3798 185 3854 1.
211 3802 277 3857 Ut
295 3804 646 3859 difﬁciliora
664 3801 889 3873 judicia
911 3801 980 3855 ad
1002 3803 1344 3856 sacerdotes
1364 3802 1726 3869 deferantur.

142 3886 186 3942 2.
212 3890 278 3945 Ut
307 3909 524 3948 omnes
560 3908 689 3955 eam
722 3895 1048 3962 sequantur
1075 3892 1421 3963 religionem
1456 3906 1630 3961 quam
1653 3891 1733 3945 di-

93 3993 180 4033 vus
199 3980 403 4036 Petrus
436 3979 756 4053 apostolus
788 3980 1043 4034 edocuit.

141 4066 184 4120 3.
215 4068 285 4123 Ut
314 4071 720 4124 frustratoriae
752 4069 1050 4124 dilationis
1082 4084 1263 4124 causa
1306 4069 1730 4140 appellationes

88 4167 177 4208 non
206 4156 362 4212 fiant.
1569 4174 1579 4185 '

141 4243 188 4297 1.
215 4245 286 4300 Ut
313 4247 703 4301 difﬁciliores
753 4262 952 4302 causae
996 4250 1054 4302 et
1102 4245 1329 4318 majora
1377 4248 1614 4319 negotia
1660 4247 1730 4302 ad

87 4335 435 4401 apostolicam
455 4336 693 4405 sedem,
711 4337 762 4390 si
782 4337 1133 4406 appellatum
1154 4337 1347 4404 fuerit,
1366 4337 1726 4391 deferantur.

138 4421 183 4476 5.
212 4424 288 4478 De
316 4427 533 4481 eadem
565 4441 650 4480 re.

139 4507 182 4563 6.
211 4510 369 4577 Quod
400 4515 478 4569 ad
518 4515 844 4569 Romanam
879 4514 1209 4570 Ecclesiam
1231 4515 1304 4569 ab
1327 4515 1603 4569 omnibus
1625 4531 1725 4586 op-

1908 3796 1993 3852 10.
2030 3798 2107 3852 Ut
2135 3796 2546 3868 appellationis
2581 3796 2845 3851 remedio
2880 3797 3078 3851 vltiata
3121 3813 3301 3852 causa
3350 3797 3510 3855 rele-

1835 3890 2025 3955 vetur,
2061 3887 2205 3940 etin
2239 3885 2531 3955 supplicio
2578 3885 2750 3938 etiam
2798 3885 3091 3941 destinato
3142 3902 3262 3940 vox
3305 3886 3510 3957 appel-

1836 3975 1990 4029 landi
2026 3991 2143 4028 non
2174 3978 2444 4045 negetur.

1908 4063 1996 4116 11·
2030 4063 2103 4117 Ut
2135 4064 2194 4115 in
2225 4048 2613 4134 gravioribus
2647 4048 2910 4132 episcopi
2945 4063 3159 4132 pulsati
3190 4063 3263 4117 ad
3309 4065 3512 4119 sedem

1836 4152 2243 4221 apostolicam,
2280 4150 2642 4221 confugiant,
2670 4144 2801 4220 qua:
2826 4166 2930 4219 per
2951 4167 3019 4205 se
3050 4156 3151 4205 aut
3183 4162 3332 4207 suos
3362 4154 3514 4206 vica-

1838 4241 1962 4295 rios
1994 4240 2293 4311 negotium
2326 4255 2531 4294 eorum
2562 4242 2881 4293 retractare
2915 4243 3210 4307 procuret.

1908 4330 1996 4383 12.
2024 4330 2101 4383 Ut
2122 4329 2402 4399 primates
2435 4331 2777 4381 accusatum
2796 4328 3143 4397 episc0pum
3166 4327 3504 4398 discutiant,

1838 4419 2187 4472 sententiam
2222 4433 2364 4472 vero
2388 4417 2781 4471 damnationis
2806 4416 2937 4471 sine
2960 4416 3282 4487 apostolica
3312 4421 3513 4472 aucto-

1837 4507 2009 4562 ritato
2041 4524 2157 4561 non
2187 4507 2506 4576 proferant.

83 4602 278 4664 pressis
321 4604 749 4674 appellandum
799 4607 911 4672 est,
958 4622 991 4658 a
1034 4621 1147 4676 qua
1199 4620 1406 4659 omnes
1465 4584 1725 4675 majores
1753 4584 1808 4644 D
1910 4594 1995 4650 13.
2032 4595 2197 4661 Quod
2230 4596 2424 4649 dubiae
2456 4612 2522 4649 ac
2558 4595 2818 4665 majores
2851 4611 3050 4649 causae
3082 4594 3154 4648 ab
3187 4594 3509 4664 apostolica

88 4681 339 4745 Ecclesiae
371 4707 584 4746 causa;
615 4692 1000 4747 terminandm
1033 4696 1190 4747 sunt.

138 4773 181 4828 7.
206 4778 365 4842 Quod
398 4796 619 4835 omnes
648 4781 868 4851 quibus
897 4797 1150 4836 necesse
1182 4781 1360 4836 fuerit
1388 4781 1460 4835 ad
1507 4782 1727 4836 Roma-

86 4874 192 4917 nam
223 4866 561 4922 Ecclesiam
591 4868 894 4941 suffugere
927 4886 1174 4940 eamque
1196 4870 1493 4940 appellare
1516 4871 1730 4924 debent

84 4948 277 5023 absque
308 4957 760 5028 impedimento,
782 4961 837 5013 ct
858 4959 1059 5012 nullus
1083 4960 1404 5029 episcopus
1428 4958 1732 5029 judicetur

85 5040 158 5091 vel
184 5044 473 5113 audiatur,
512 5045 631 5099 nisi
661 5047 725 5099 in
756 5047 983 5117 synodo
1014 5047 1341 5117 apostolica
1386 5047 1731 5102 auctoritate

84 5138 399 5189 convocata.

138 5216 182 5271 8.
216 5221 285 5275 Ut
313 5223 595 5292 pulsatus
625 5225 948 5294 episcopus
980 5224 1231 5279 licenter
1263 5226 1464 5279 sedem
1499 5228 1731 5294 aposto-

87 5302 227 5361 licam
271 5313 555 5382 appellet,
604 5315 853 5367 vocatus
900 5313 1115 5383 veniat,
1149 5331 1257 5369 nec
1307 5316 1423 5368 nisi
1467 5314 1731 5369 formatis

88 5391 381 5455 instructus
414 5405 771 5457 revertatur.

143 5465 186 5520 9.
219 5468 377 5534 Quod
412 5472 648 5544 absque
672 5473 1017 5527 auctoritate
1038 5474 1364 5545 apostolica
1397 5474 1734 5528 nulliliceat

90 5556 477 5629 episcoporum
522 5575 736 5614 causas
774 5562 1042 5633 definire,
1077 5565 1348 5636 quamvis
1384 5564 1635 5618 scrutari
1665 5564 1730 5617 li-

90 5646 193 5697 ceat
220 5646 824 5717 comprovincialibus
856 5650 1178 5724 episcopis,

224 5770 519 5838 Paeon.
569 5775 679 5839 CX
689 5776 851 5840 LIX.

1838 4685 1982 4739 sede
2013 4686 2231 4739 debent
2262 4685 2586 4738 terminari.

1910 4772 1997 4826 14.
2031 4774 2115 4827 De
2149 4774 2351 4827 eadem
2381 4789 2467 4827 re.

1907 4860 1994 4915 15.
2028 4861 2191 4925 Quod
2225 4862 2416 4917 alieno
2447 4878 2651 4916 errore
2672 4862 3020 4930 maculatus,
3045 4861 3141 4914 vel
3167 4878 3198 4914 a
3222 4876 3333 4915 suo
3365 4873 3509 4930 pro-

1833 4952 2029 5019 posito
2079 4951 2389 5017 recedens,
2440 4952 2533 5004 vel
2582 4951 2924 5020 apostolicae
2972 4949 3101 5003 sedi
3136 4948 3513 5018 inobediens,

1837 5040 1957 5094 non
1988 5042 2078 5094 est
2109 5040 2552 5109 suscipiendus.

1910 5129 1995 5183 16.
2017 5128 2185 5193 Quod
2216 5130 2480 5183 Romana
2512 5129 2781 5182 Eccleaia
2801 5128 2892 5181 fas
2923 5126 3515 5199 habetjudicsndide

1838 5202 2134 5285 omnibus,
2161 5217 2231 5270 de
2254 5217 2352 5270 illa
2370 5234 2515 5271 vero
2535 5216 2763 5281 nullus;
2795 5219 2849 5269 et
2873 5219 3224 5284 potestatem
3247 5215 3518 5270 solvendi

1838 5307 2055 5376 injuste
2079 5308 2204 5358 dum
2217 5310 2405 5372 natos,
2428 5322 2493 5359 ac
2515 5305 2829 5358 damnandi
2853 5321 3002 5374 quos
3029 5307 3354 5376 oportuerit
3375 5306 3445 5360 ab
3458 5320 3517 5359 s-

1837 5411 1949 5466 que
1980 5395 2227 5464 synodo.

1910 5481 2001 5547 17.
2035 5484 2107 5537 Ut.
2137 5483 2281 5536 nihil
2313 5483 2383 5536 de
2417 5482 2681 5554 fugiente
2717 5482 2787 5535 ad
2832 5484 3155 5538 Romanam
3190 5484 3521 5539 Ecclesium

1838 5571 1968 5626 sine
2000 5570 2134 5641 ejus
2165 5575 2459 5641 praecepto
2489 5571 2822 5641 judicetur;
2871 5573 2923 5625 si
2970 5590 3114 5628 vero
3171 5574 3308 5645 quis
3340 5588 3520 5627 secus

1841 5661 2314 5734 praesumpserit,
2353 5661 2426 5716 ab
2463 5660 2665 5717 officio
2697 5660 3143 5719 submovcatur.

2894 5784 2996 5851 16.
