4008 6172
442 260 447 263 μ
490 310 605 373 491

1502 307 1566 366 S.
1616 304 1994 373 ANSELMI
2039 302 2450 366 LUCENSIS
2497 303 2910 367 EPISCOPI.

3751 319 3848 382 492

562 510 648 564 18.
673 508 839 573 Quod
857 507 1271 578 appellantium
1290 506 1704 577 episcoporum
1726 508 1782 558 et
1801 507 2144 558 cunctorum
2180 498 2217 555 Α
2263 504 2421 559 nulla
2435 507 2630 574 potest
2644 506 2908 576 synodus
2922 507 3273 578 regulariter
3286 513 3615 583 congregari
3631 529 3747 581 ;ncc
3760 518 3832 586 cpi
3847 552 3863 562 .

483 599 777 670 majorum
822 598 1057 670 negotia
1105 597 1446 667 apostolicae
1491 595 1621 650 sedi
1671 595 1886 649 debent
1943 608 2143 647 reser-

480 704 606 742 Vﬂl‘l
617 730 629 742 .

552 777 640 831 19.
675 776 839 840 Quod
870 776 1100 830 alienus
1140 776 1216 829 sit
1259 792 1291 828 a
1339 773 1555 827 divinis
1607 777 1663 827 et
1705 770 2141 843 pontiﬁcalibus

482 866 725 937 ofﬁciis,
756 867 856 936 qui
888 864 1229 933 apostolicae
1248 863 1412 917 sedis
1432 862 1684 916 noluerit
1713 861 1952 915 obedire
1982 875 2140 929 prm-

483 956 690 1025 ceptis.

549 1042 639 1097 20.
672 1043 747 1097 Ut
778 1044 975 1096 nullus
1007 1041 1588 1110 metropolitanorum
1639 1055 1855 1093 causas
1901 1038 2138 1108 episco-

476 1148 687 1202 porum
721 1134 848 1186 sive
875 1132 1123 1185 aliorum
1154 1146 1332 1201 agere
1365 1132 1702 1198 praesumat,
1738 1128 1851 1182 nisi
1902 1143 2034 1198 qua)
2066 1127 2137 1180 ad

476 1223 777 1292 prepriam
808 1222 1103 1291 pertinent
1131 1220 1488 1289 parochiam.

546 1310 634 1364 2i.
668 1310 834 1375 Quod
866 1326 1012 1379 papa
1043 1310 1303 1362 omnium
1333 1308 1721 1363 ecclesiarum
1741 1320 1939 1358 curam
1964 1304 2139 1358 debet

474 1400 715 1468 habere,
752 1403 807 1454 et
839 1400 997 1453 beati
1027 1399 1183 1452 Petri
1217 1398 1394 1451 sedes
1428 1394 1812 1450 sacerdotalis
1832 1396 2016 1446 mater
2046 1394 2138 1446 est

475 1488 800 1560 dignitatis,
837 1493 893 1542 et
924 1488 1206 1558 magistra
1234 1486 1660 1540 ecclesiasticae
1687 1482 1954 1537 rationis.

544 1574 633 1630 22.
664 1575 829 1640 Quod
852 1591 1001 1644 papa
1031 1574 1288 1629 restituit
1319 1573 1635 1642 episcopos
1659 1571 1880 1641 injuste
1913 1569 2136 1639 princi-

472 1682 611 1735 pum
641 1666 851 1718 timore
879 1664 1204 1729 damnatos,
1241 1664 1297 1715 et
1318 1662 1511 1714 omnia
1530 1676 1637 1714 sua
1654 1660 1819 1713 reddi
1844 1658 2131 1728 pracipit.

542 1752 631 1808 23.
665 1752 833 1817 Quod
864 1751 1189 1820 apostolica
1220 1751 1398 1803 sedes
1429 1751 1501 1802 ab
1530 1749 1662 1802 aliis
1691 1748 1909 1819 ligatos
1940 1749 2135 1817 potest

479 1843 735 1909 solvere,
770 1841 840 1894 ab
874 1840 970 1893 illa
1000 1855 1141 1893 vero
1170 1840 1387 1910 ligatos
1417 1854 1609 1893 nemo.

541 1929 630 1983 24.
665 1929 830 1994 Quod
860 1944 1011 1998 papa
1043 1943 1318 1997 reparare
1350 1931 1545 1997 potest
1571 1926 1794 1998 judicia
1827 1926 2133 1978 damnato-

472 2035 627 2162 N215:
659 2106 825 2171 Quod
858 2107 1117 2176 aposlica
1165 2106 1344 2161 sedes
1376 2105 1493 2159 vim
1548 2105 1725 2159 habet
1768 2100 2131 2158 convocandi

471 2196 769 2269 synodos,
822 2200 878 2249 et
920 2194 1228 2265 judicandi
1277 2210 1483 2250 omnes
1532 2191 1792 2264 majores
1844 2189 2131 2245 Ecclesiae

467 2301 703 2341 causas.

534 2372 622 2430 26.
655 2376 819 2441 Quod
851 2375 983 2429 ideo
1018 2376 1299 2429 Romanae
1330 2374 1458 2427 sedi
1489 2385 1781 2427 concessa
1798 2372 1937 2423 sunt
1954 2366 2129 2438 privi-

463 2463 619 2535 legia
650 2465 721 2519 de
754 2463 1195 2535 congregandis
1228 2461 1498 2517 conciliis
1530 2464 1586 2516 et
1609 2458 1855 2531 judiciis
1887 2461 1944 2511 et
1993 2472 2125 2510 res-

463 2551 830 2607 titutionibus
869 2553 1323 2622 episcoporum,
1383 2553 1445 2604 ut
1491 2549 1765 2604 omnibus
1817 2546 2124 2617 oppressis

464 2646 794 2694 succurrat.

534 2727 622 2782 27.
670 2728 837 2793 Quod
888 2729 1107 2782 veritas
1139 2728 1362 2797 saepius
1393 2727 1684 2797 exagitata
1748 2723 2120 2779 manifestius

462 2816 753 2872 clarescit.

530 2907 617 2960 28.
656 2908 729 2961 Ut
761 2907 830 2960 ad
864 2906 1248 2977 apostolicam
1281 2906 1484 2959 sedem
1515 2904 1944 2958 transferantur
1988 2917 2119 2972 quia

460 2995 601 3050 alibi
629 2996 783 3051 ﬁniri
813 3012 930 3051 non
960 2997 1231 3065 possunt.

526 3085 614 3139 29.
655 3087 727 3140 Ut
759 3086 830 3139 ad
866 3084 1250 3155 apostolicam
1291 3084 1495 3138 sedem
1540 3084 1847 3150 referatur,
1901 3083 1952 3135 si
2005 3097 2119 3152 qua

456 3175 759 3229 dissensio
790 3176 945 3229 inter
982 3175 1198 3228 fratres
1232 3175 1474 3228 oriatur.

2260 609 2482 664 scopus
2514 593 2613 664 qui
2638 610 2763 648 eam
2778 594 3114 666 appellavit,
3126 597 3453 665 potestsine
3480 598 3846 667 ipsadainnari.

2328 682 2418 737 40.
2456 683 2532 736 Ut
2561 698 2732 737 nemo
2779 684 3143 752 suSpicionis
3194 686 3430 741 arbitrio
3465 687 3767 760 judicetur;
3806 697 3852 747 et

2260 772 2414 842 quod
2466 773 2592 826 sola
2640 771 2819 827 sedes
2868 772 3191 843 apostolica
3237 774 3594 848 privilegium
3638 778 3788 835 habet
3822 798 3847 835 a

2254 862 2621 930 temporibus
2653 863 3055 930 apostolorum
3079 862 3381 933 judicandi
3412 865 3719 936 episcopos.

2323 949 2413 1003 41.
2445 948 2609 1014 Quod
2643 950 2716 1004 ab
2748 950 3034 1020 apostolis
3066 967 3270 1005 eorum
3302 955 3729 1010 successoribus
3753 962 3845 1012 sta-

2254 1041 2439 1093 tutum
2476 1043 2587 1105 est,
2631 1044 2691 1094 ut
2742 1041 2969 1111 absque
3004 1041 3252 1095 Romani
3291 1043 3573 1110 pontiﬁcis
3609 1046 3849 1099 sententia

2252 1144 2362 1183 nec
2393 1129 2640 1183 concilia
2671 1129 3066 1199 celebrentur,
3092 1146 3201 1184 nec
3232 1131 3493 1201 episcopi
3522 1131 3845 1202 damnentur;

2253 1218 2311 1271 et
2340 1217 2497 1272 sicut
2538 1218 2749 1272 beatus
2798 1218 3009 1272 Petrus
3063 1219 3290 1288 primus
3338 1223 3460 1273 erat
3487 1222 3846 1290 apostolorum,

2250 1306 2339 1359 sic
2371 1307 2634 1361 Romana
2667 1306 2934 1361 Ecclesia
2964 1306 3276 1375 primatum
3307 1307 3480 1363 habet
3508 1310 3740 1363 omnium
3764 1309 3849 1363 Ec-

2251 1394 2586 1449 clesiarum.

2319 1484 2406 1537 42.
2439 1482 2604 1548 Quod
2639 1485 2917 1540 Romana
2948 1486 3077 1540 sedi
3120 1503 3152 1539 a
3199 1489 3458 1556 tempore
3506 1486 3850 1557 apostolorum

2249 1588 2606 1627 concessum
2637 1578 2748 1642 est,
2786 1577 2838 1627 et
2858 1575 2916 1629 in
2948 1574 3189 1629 Nicaena
3221 1575 3446 1646 synodo
3476 1575 3846 1643 conﬁrmatum,

2248 1663 2309 1715 ut
2338 1661 2564 1733 absque
2595 1662 2728 1733 ejus
2760 1665 3048 1717 sententia
3082 1664 3279 1717 nullus
3313 1665 3622 1734 episcopus
3650 1664 3849 1718 damne-

2245 1751 2341 1803 tur
2368 1754 2466 1803 aut
2497 1750 2839 1820 depellatur.

2169 1871 2217 1932 B
2283 1837 2403 1932 -48.
2449 1839 2521 1893 Ut
2568 1811 2776 1894 omnes
2823 1841 3145 1896 observent
3183 1840 3342 1913 quod
3374 1811 3679 1912 apostolica
3708 1840 3849 1895 sedes

2245 1926 2455 1980 obserx
2467 1933 2543 1982 at.

2312 2015 2401 2070 44.
2438 2016 2512 2070 Ut
2540 2017 2767 2089 absque
2797 2020 3121 2089 apostolica
3154 2020 3298 2075 sede
3328 2036 3434 2075 nec
3458 2019 3745 2074 concilium
3771 2035 3850 2074 ce-

2243 2104 2527 2175 lebretur,
2565 2122 2673 2161 nec
2703 2109 3025 2178 episcopus
3054 2110 3386 2164 damnetur.

2310 2193 2399 2247 45.
2423 2192 2586 2258 Quod
2620 2211 2765 2266 papa
2800 2196 2996 2250 Julius
3027 2212 3130 2251 eos
3163 2198 3430 2268 increpat
3458 2198 3555 2268 qui
3584 2198 3852 2267 praeterip—

2241 2282 2370 2336 sius
2402 2285 2755 2338 sententiam
2803 2286 3116 2339 concilium
3163 2286 3450 2354 fecerant,
3486 2291 3541 2341 et
3585 2287 3852 2356 episcopos

2238 2369 2676 2442 damnaverant,
2710 2390 2862 2444 quos
2893 2374 3022 2444 ipse
3055 2376 3326 2446 suscepit
3347 2380 3403 2430 et
3425 2375 3484 2430 in
3514 2391 3649 2430 suas
3679 2373 3851 2428 Eccle-

2240 2459 2364 2513 sias
2395 2461 2674 2516 restituit.

2310 2548 2397 2602 46.
2422 2547 2589 2613 Quod
2620 2551 2848 2605 irritum
2880 2554 2959 2607 sit
2988 2554 3305 2608 concilium
3337 2554 3458 2609 nisi
3495 2553 3661 2608 fuerit
3703 2567 3850 2620 apos-

2236 2637 2410 2692 tolica
2429 2640 2772 2694 auctoritate
2801 2640 3112 2697 ﬁrmatum.

2306 2725 2395 2781 47.
2427 2726 2590 2791 Quod
2633 2730 2977 2798 apostolica
3022 2731 3147 2785 sedi
3197 2731 3513 2804 privilegia
3562 2730 3852 2802 specialiter

2236 2820 2375 2869 sunt
2400 2832 2689 2872 concessa
2705 2819 2777 2872 de
2796 2821 3235 2892 congregandis
3257 2822 3551 2889 conciliis,
3573 2825 3625 2876 et
3646 2818 3853 2891 judiciis

2234 2919 2302 2958 ac
2325 2906 2797 2961 restitutionibus
2830 2908 3276 2979 episcoporum,
3317 2914 3374 2965 et
3406 2910 3478 2964 de
3509 2910 3742 2964 summis
3768 2921 3851 2959 ne-

2233 2994 2412 3065 gotiis
2443 2994 2866 3050 Ecclesiarum.

2302 3082 2389 3137 48.
2440 3083 2516 3137 Ut
2563 3085 2622 3137 in
2670 3087 2872 3139 causis
2917 3087 3339 3156 episcoporum
3385 3088 3667 3143 sententia
3719 3100 3855 3155 papae

2234 3177 2634 3243 exspectetur.

1490 3261 1791 3331 episcopis
1824 3260 2117 3314 ventilata:
2149 3225 2201 3288 ο
2633 3263 2897 3333 episcopi
2929 3264 3005 3319 nb
3036 3266 3366 3335 apostolica
3401 3265 3545 3320 sede
3575 3262 3855 3319 ordinatio-

454 3355 917 3407 corroborentur
948 3354 1019 3406 ab
1051 3352 1374 3421 apostolica
1407 3352 1569 3418 sede,
1605 3352 1656 3404 si
1706 3352 1847 3403 ratae
1893 3350 2116 3403 debue-

454 3442 571 3494 rint
600 3457 969 3510 permanere.

523 3528 612 3582 31.
650 3530 725 3582 Ut
756 3530 1025 3599 purgatio
1059 3530 1475 3598 episcoporqu
1504 3544 1621 3581 non
1652 3528 1749 3581 ﬁat
1793 3528 1922 3580 sine
1966 3542 2111 3579 con-

452 3633 637 3672 sensu
675 3619 921 3671 Romani
951 3617 1244 3686 pontiﬁcis
1277 3618 1369 3670 vel
1399 3617 1644 3670 aliorum
1676 3615 2036 3686 pontiﬁcum.

521 3704 610 3760 82.
646 3706 811 3769 Quod
844 3722 990 3775 papa
1011 3707 1245 3760 decreta
1268 3721 1557 3759 canonum
1580 3706 1656 3758 ita
1678 3704 1893 3758 librare
1916 3705 2108 3772 debet,

449 3800 512 3850 ut
540 3811 673 3866 quae
714 3796 1045 3849 necessitas
1076 3800 1404 3865 temporum
1456 3794 1771 3858 relaxanda
1820 3795 2107 3863 exposcit,

448 3887 736 3955 temperet
765 3888 1045 3956 quantum
1078 3884 1202 3938 ﬁeri
1234 3888 1449 3954 potest.

518 3974 606 4029 33.
640 3974 715 4028 Ut
748 3989 856 4029 nec
888 3974 1198 4028 concilium
1232 3974 1567 4027 nominetur
1595 3973 1751 4044 quod
1781 3973 1911 4027 sine
1962 3988 2107 4027 con-

447 4078 633 4118 sensu
667 4077 829 4134 papae
862 4066 1287 4134 congregatum
1319 4063 1514 4129 fuerit,
1537 4066 1591 4116 ct
1623 4065 1684 4115 ut
1715 4061 2104 4116 difﬁcilliores

445 4154 808 4225 quaestiones
840 4153 911 4206 ad
945 4153 1139 4222 ipsum
1172 4152 1525 4206 referantur.

513 4240 601 4296 34.
617 4242 780 4307 Quod
797 4242 1135 4312 apostolicae
1155 4241 1283 4295 sedi
1299 4256 1660 4294 summarum
1680 4240 2104 4309 dispositiones

442 4347 756 4385 causarum
789 4332 862 4385 ab
896 4331 1026 4401 ipso
1057 4331 1302 4384 Domino
1336 4329 1561 4383 traditae
1596 4333 1771 4397 sunt;
1805 4332 1861 4382 et
1904 4333 1964 4382 ut
2009 4344 2103 4381 sa-

442 4421 713 4475 cerdotes
745 4436 861 4473 non
892 4421 1249 4473 accusentur
1276 4418 1430 4488 apud
1461 4417 1732 4487 publicos
1756 4417 2015 4487 judices.

508 4508 598 4563 35.
634 4509 709 4561 Ut
740 4509 1156 4578 episcoporum
1186 4506 1647 4576 ﬁnitivajudicia
1667 4506 1737 4559 ad
1761 4505 1963 4559 sedem
1985 4506 2099 4560 Ro-

2228 3365 2358 3418 nes,
2388 3350 2682 3422 dogmata,
2717 3352 3159 3407 sublevationes
3177 3354 3399 3408 debent
3426 3355 3702 3424 recipere,
3732 3350 3855 3405 etde

2226 3439 2555 3510 majoribus
2587 3441 2789 3495 causis
2821 3440 2963 3495 nihil
2996 3445 3213 3512 praeter
3242 3443 3439 3513 ipsam
3470 3444 3788 3498 decernere.

2300 3527 2389 3583 50.
2424 3529 2499 3583 Ut
2529 3530 2911 3599 apostolicam
2937 3531 3140 3586 sedem
3171 3533 3433 3603 appellet
3462 3532 3562 3604 qui
3593 3535 3855 3600 metropo-

2231 3616 2472 3671 litanum
2503 3634 2677 3673 suum
2709 3619 2803 3673 vel
2835 3623 3089 3674 caeteros
3119 3622 3444 3692 episcopos
3477 3622 3650 3676 habet
3678 3633 3857 3688 suspe-

2225 3709 2373 3773 ctos,
2407 3711 2464 3761 et
2480 3708 2636 3777 quod
2667 3708 2798 3778 ipsa
2828 3711 3175 3778 potestatem
3199 3710 3383 3765 habet
3400 3712 3621 3782 injuste
3642 3711 3854 3763 damna-

2224 3800 2315 3850 tos
2348 3800 2403 3849 ct
2432 3798 2972 3852 excommunicatos
3002 3799 3343 3869 restituere,
3379 3803 3437 3855 et
3481 3816 3590 3854 sua
3621 3800 3705 3854 eis
3747 3796 3857 3851 red-

2222 3885 2380 3954 dere,
2415 3886 2549 3955 quia
2579 3889 2753 3955 caput
2780 3890 2872 3940 est
2903 3887 3163 3941 omnium
3195 3887 3634 3944 Ecclesiarum.

2291 3974 2379 4027 51.
2416 3974 2492 4028 Ut
2530 3977 2911 4030 accusatores
2955 3979 3011 4030 et
3057 3979 3321 4031 accusati
3372 3979 3643 4049 episcopi
3686 3988 3857 4031 coram

2218 4077 2366 4131 papa
2398 4063 2768 4128 conveniant,
2804 4066 2860 4117 et
2888 4064 2969 4118 ibi
3000 4081 3197 4119 causae
3229 4081 3440 4121 eorum
3474 4067 3854 4129 retractentur,

2218 4153 2274 4204 et
2303 4151 2629 4221 firmentur,
2666 4155 2762 4206 aut
2791 4152 3182 4224 inﬁrmentur,
3217 4154 3378 4210 sicut
3427 4155 3691 4228 antiquis
3736 4167 3859 4208 con—

2217 4241 2449 4292 suetum
2479 4243 2571 4293 est
2602 4240 2847 4312 regulis.
3690 4306 3698 4313 ,

2284 4326 2372 4382 52.
2408 4328 2483 4382 Ut
2513 4329 2920 4384 contentiones
2941 4329 3094 4384 inter
3116 4331 3376 4387 clericos
3397 4336 3455 4388 ct
3473 4333 3661 4389 laicos
3678 4349 3708 4387 a
3725 4344 3859 4386 com-

2211 4417 2674 4484 provincialibus
2693 4418 2992 4488 episcopis
3015 4420 3429 4492 terminentur,
3455 4422 3715 4494 majores
3736 4433 3858 4473 vero

2211 4504 2283 4558 ad
2314 4505 2517 4559 sedem
2552 4506 2874 4564 Romanam
2903 4507 3360 4565 transferantur.

437 4613 669 4651 manum
702 4598 1051 4666 referantur,
1084 4599 1140 4650 et
1173 4597 1230 4648 in
1269 4595 1542 4650 ecclesiis
1585 4610 1787 4649 eorum
1836 4610 1950 4648 non
1999 4594 2099 4648 alii
2136 4577 2186 4639 ο
2278 4593 2366 4648 53.
2406 4595 2553 4648 Dum
2583 4595 2640 4649 in
2671 4595 2808 4650 ﬁdei
2836 4598 3064 4651 ratione
3114 4598 3438 4663 dubitatur,
3490 4601 3706 4655 debent
3750 4595 3859 4666 epi-

435 4689 856 4758 praaponantur
886 4686 1073 4738 donec
1105 4685 1339 4755 negotia
1372 4699 1575 4737 eorum
1604 4683 1765 4754 juste
1796 4684 1878 4738 ibi
1906 4685 2099 4738 termi-

434 4780 665 4830 nentur.

505 4864 592 4920 36.
632 4863 703 4919 Ut
752 4867 1069 4919 accusatus
1122 4863 1443 4932 episcopus
1493 4862 1683 4916 alieno
1727 4860 1929 4932 judice
1976 4878 2094 4917 non

433 4955 898 5024 constringatur,
935 4953 1040 5006 sed
1074 4952 1226 5021 apud
1252 4968 1396 5005 suos
1419 4953 1737 5021 episcopos
1756 4967 1932 5005 causa
1960 4950 2094 5020 ejus

431 5041 820 5108 discernatur,
849 5043 981 5095 ﬁnis
1014 5056 1158 5095 vero
1178 5041 1250 5094 ad
1281 5040 1663 5111 apostolicam
1698 5040 1901 5093 sedem
1933 5038 2094 5092 defe-

430 5133 610 5182 ratur.

499 5215 588 5269 3‘7.
636 5214 801 5279 Quod
851 5217 1176 5285 apostolica
1225 5217 1403 5272 sedes
1455 5218 1858 5271 auctoritatem
1915 5216 2090 5270 habet

428 5305 726 5359 universa:
759 5304 1044 5360 Ecclesiae
1077 5307 1463 5360 subveniendi
1497 5310 1669 5377 atque
1709 5306 1919 5359 nociva
1952 5319 2087 5358 cor-

433 5393 663 5465 rigendi
696 5395 752 5445 et
782 5393 1149 5447 emendandi.

495 5481 583 5535 38.
646 5481 720 5534 Ut
786 5480 1155 5536 difﬁciliores
1214 5483 1583 5554 singularum
1651 5482 2131 5559 provinciarum,

431 5570 798 5644 quaastiones
829 5569 903 5623 ad
932 5570 1135 5625 sedem
1175 5572 1560 5641 apostolicam
1589 5570 1941 5626 referantur.

490 5659 578 5720 39.
629 5660 797 5730 Quod
843 5658 1070 5735 absque
1116 5662 1460 5718 auctoritate
1521 5662 1686 5717 sedis
1744 5661 2084 5733 apostolica

2208 4685 2373 4752 scopi
2408 4684 2478 4738 ad
2510 4684 2714 4739 sedem
2744 4686 2897 4739 beati
2932 4686 3091 4740 Petri
3120 4687 3232 4741 hoc
3264 4687 3520 4744 referre.

2276 4772 2364 4826 5t.
2399 4772 2564 4837 Quod
2598 4790 2745 4843 papa
2777 4789 2895 4828 non
2924 4790 3032 4844 per
3058 4790 3125 4829 se
3158 4776 3266 4830 sed
3295 4793 3411 4846 per
3466 4780 3698 4851 legatos
3741 4790 3863 4830 con-

2206 4859 2359 4913 ciliis
2392 4862 2853 4931 provincialibus
2885 4864 3037 4917 solet
3068 4865 3384 4921 interesse.

2273 4950 2361 5003 55.
2392 4950 2556 5014 Quod
2590 4951 2661 5004 de
2686 4950 2913 5022 judicio
2944 4952 3109 5006 sedis
3141 4955 3497 5024 apostolicae
3530 4957 3730 5010 nullus
3768 4953 3860 5007 de-

2203 5038 2338 5092 beat
2362 5037 2652 5108 judicare,
2687 5041 2816 5109 ipsa
2848 5056 2991 5095 vero
3022 5041 3093 5094 de
3126 5043 3432 5099 omnibus.

2269 5126 2358 5182 56.
2397 5128 2471 5181 Ut
2492 5128 2544 5181 si
2566 5128 2702 5198 quis
2720 5128 2944 5200 judicio
2967 5131 3424 5200 provincialium
3452 5134 3861 5205 episcoporum

2200 5215 2504 5284 depositus
2538 5217 2735 5286 fuerit,
2773 5233 2977 5288 papam
3010 5219 3196 5287 adeat,
3231 5223 3289 5274 et
3330 5222 3493 5292 ipse,
3547 5223 3605 5276 si
3648 5221 3863 5275 videtur

2199 5305 2271 5373 ei,
2307 5309 2600 5359 retractet.

2265 5390 2355 5446 57.
2374 5394 2449 5447 Ut
2479 5394 2851 5450 difﬁciliores
2873 5397 3240 5466 quaestiones
3263 5397 3333 5451 ad
3362 5399 3582 5454 sedem
3605 5395 3867 5470 apostoli-

2196 5497 2323 5535 cam
2352 5482 2706 5537 referantur.
3252 5543 3257 5549 ,

2263 5569 2353 5627 58.
2388 5571 2463 5627 Ut
2490 5573 2846 5644 praegravati
2874 5575 3537 5646 acomprovineialibus
3570 5573 3861 5648 episcopis

2194 5662 2288 5718 vel
2319 5663 2787 5736 metmpolitano,
2823 5664 3027 5721 sedem
3056 5665 3450 5744 apostolicam
3472 5666 3789 5743 appellent,
3810 5662 3861 5718 et
