3948 6168
112 380 207 441 493
1040 374 1515 436 COLLECTIO
1550 373 2001 436 CANONICA.
2057 411 2111 419 -—
2175 372 2331 437 LIB.
2370 374 2479 439 III.

3361 378 3480 444 494

108 578 288 633 nullam
314 577 522 631 interim
552 574 879 629 molestiam
922 574 1233 644 patiantur,
1267 574 1455 628 donec
1486 573 1565 627 ibi
1596 588 1696 627 res
1730 555 1788 616 Α
1887 574 1975 627 70.
2013 574 2087 628 Ut
2121 574 2426 629 anathema
2447 576 2523 628 sit
2547 575 3106 645 quicunque'contra
3125 594 3333 649 papam
3355 594 3481 634 ver-

109 667 316 720 ﬁniatur.

161 753 233 809 59.
263 754 410 818 Quod
456 754 898 824 metropolitano
942 768 1074 806 cum
1124 752 1401 806 omnibus
1432 766 1706 820 compro-

106 843 402 898 vincialibus
433 844 726 913 episcopis
758 858 1023 896 summas
1056 840 1501 894 ecclesiasticas
1526 855 1708 893 causa

1816 661 1890 715 ba
1922 662 2261 717 infamantia
2296 664 2716 733 composuerit,
2746 668 3210 736 autquemquam
3232 668 3476 737 patriar-

1818 750 2061 805 charum
2093 752 2450 807 inhonorare
2480 753 2810 807 tentaverit.

1888 840 1976 894 71.
2009 840 2173 904 Quod
2206 842 2531 911 apostolica
2558 843 2736 896 sedes
2776 844 2924 895 intra
2959 842 3177 896 Italiam
3208 860 3275 897 ac
3307 847 3477 900 caete-

106 935 211 987 licet
246 933 538 1001 discutere,
574 932 679 985 sed
730 948 847 985 non
898 930 1175 998 delinire,
1209 944 1317 982 nec
1366 928 1711 998 episcopum
1815 945 1913 983 ras
1958 930 2261 1000 Hispaniis
2309 932 2678 1000 provincias,
2735 935 2790 985 et
2836 932 2985 985 intra
3040 932 3218 986 totius
3265 932 3479 1002 Illyrici

102 1022 343 1090 damnare,
374 1037 477 1075 nec
508 1020 798 1091 synodum
848 1032 1220 1091 congregare
1256 1018 1485 1087 absque
1539 1030 1709 1087 apos-

104 1110 253 1164 tolica:
281 1109 429 1164 sedis
459 1109 823 1164 auctoritate.

154 1199 209 1253 60
231 1198 375 1263 Quod
406 1201 617 1251 statuta
642 1197 935 1268 majorum
968 1196 1128 1250 nullo
1161 1195 1333 1249 modo
1357 1195 1474 1247 sint
1504 1192 1698 1264 negli-

102 1287 267 1359 genda,
298 1302 396 1342 nec
429 1287 766 1357 usurpanda
785 1301 918 1357 quae
937 1300 1054 1339 non
1083 1288 1222 1337 sunt
1253 1298 1563 1337 concessa.

128 1377 221 1455 .6l.
248 1375 397 1439 Quod
448 1375 712 1446 episcopi
757 1390 873 1429 non
916 1372 1151 1444 possint
1183 1372 1537 1443 regulariter
1568 1385 1703 1440 syn-

102 1464 236 1519 odum
263 1480 618 1537 congregare
642 1467 858 1534 praeter
889 1461 1274 1532 apostolicam
1298 1460 1522 1514 sedem.

148 1552 217 1607 62.
241 1552 611 1623 Utjudicium
642 1555 980 1620 renovatur,
1015 1551 1068 1603 si
1103 1550 1361 1603 Romana
1390 1547 1703 1619 judicave-

100 1643 151 1716 rit
170 1640 399 1695 Ecclesia
416 1641 845 1696 renouandum.

146 1730 215 1784 63.
242 1729 387 1784 Sicut
410 1732 559 1784 inter
590 1729 893 1800 apostolos
914 1728 1021 1782 fuit
1049 1726 1334 1781 discretio
1367 1724 1700 1794 potestatis,

99 1824 140 1873 ut
163 1835 288 1873 unus
316 1820 442 1874 aliis
471 1820 907 1889 praemineret,
941 1816 1029 1871 sic
1060 1817 1211 1870 inter
1242 1815 1558 1884 episcopos
1593 1829 1691 1868 or-

98 1909 297 1962 dinatum
329 1912 415 1964 est
447 1912 505 1962 ut
530 1908 790 1979 singulis
824 1904 1146 1977 provinciis
1178 1903 1397 1974 singuli
1431 1902 1695 1972 praesint,

98 1998 264 2066 quibus
289 2003 469 2051 tamen
495 1998 774 2051 omnibus
801 1996 1057 2049 ltomana
1083 1996 1302 2062 praeest
1333 1991 1621 2045 Ecclesia.

1814 1018 1983 1086 ﬁnes,
2012 1021 2512 1084 consecrationes,
2552 1020 2955 1074 ordinationes
2989 1025 3043 1074 ct
3075 1021 3479 1092 depositiones

1812 1113 2040 1176 patrare
2073 1109 2393 1179 antiquitus
2429 1110 2758 1164 consuevit.

1878 1197 1967 1251 '79..
2002 1197 2166 1262 Quod
2199 1214 2346 1268 papa
2396 1198 2760 1252 ordinaverit
2807 1200 3208 1253 Ravennatem
3246 1200 3479 1270 episco-

1807 1304 1943 1357 pum
1970 1304 1984 1357 ;
2018 1288 2163 1342 etde
2187 1288 2518 1342 obedientia
2539 1288 3000 1342 Mcdiolanensis
3019 1288 3473 1360 archiepiscopi,

1811 1381 1865 1433 et
1898 1378 1969 1432 de
2002 1379 2451 1433 consecratione
2483 1378 2821 1433 Ticinensis
2853 1379 3154 1433 antistitis.

1880 1468 1967 1521 73.
2007 1467 2079 1521 Ut
2104 1468 2154 1520 si
2179 1468 2313 1538 quis
2335 1468 2653 1536 episcopus
2676 1484 2708 1520 a
2733 1468 3328 1537 comprovincialibus
3355 1469 3478 1539 epi-

1811 1557 2014 1626 scopis
2044 1558 2487 1626 condemnatur,
2506 1556 2659 1610 alius
2693 1556 2750 1609 in
2780 1555 2915 1626 ejus
2938 1556 3069 1610 loco
3098 1572 3216 1610 non
3247 1557 3476 1611 ordine-

1809 1650 1924 1713 tur,
1952 1646 2089 1700 dum
2120 1646 2507 1715 apostolicam
2540 1645 2741 1699 sedem
2785 1644 3056 1714 appellat,
3094 1645 3207 1699 nisi
3242 1645 3313 1699 ab
3346 1646 3475 1715 ipsa

1811 1735 2251 1790 determinctur.

1882 1823 1970 1878 74.
2005 1823 2169 1887 Quod
2195 1824 2461 1894 quaedam
2487 1825 2623 1877 sunt
2642 1839 2773 1893 quae
2794 1822 2950 1875 nulla
2981 1822 3204 1875 ratione
3223 1822 3473 1877 convelli

1810 1917 2081 1984 possunt,
2117 1913 2385 1983 quaedam
2417 1928 2557 1965 vero
2597 1928 2703 1981 pro
2740 1911 3095 1965 necessitate
3139 1916 3194 1964 et
3237 1914 3476 1965 aetatum

1813 2003 2289 2057 consideratione
2322 2005 2550 2071 oportet
2596 2001 2952 2070 temperari,
3002 2004 3063 2054 ut
3108 2000 3475 2071 evangelicis

145 2086 307 2140 64-133
335 2088 666 2141 ίηνθοίίουθ
716 2087 916 2138 contra
967 2084 1325 2137 Βωηθηεοῐη
1365 2080 1697 2149 ambiepis“
1727 2105 1781 2168 Β
1814 2092 2127 2164 praeceptis
2167 2107 2234 2145 ac
2267 2091 2523 2145 decretis
2558 2090 2793 2143 Patrum
2826 2105 2941 2142 non
2983 2089 3059 2142 sit
3092 2089 3473 2143 contrarium.

99 2190 255 2243 copum
282 2192 382 2246 pro
416 2175 719 2230 Rothardo
769 2174 1070 2242 episcopo,
1105 2186 1278 2242 quem
1328 2171 1455 2239 ipse
1502 2169 1697 2238 appel-

100 2263 262 2318 lantem
286 2266 667 2336 apostolicam
698 2264 900 2333 sedem
934 2261 1249 2315 damnavit.

145 2352 213 2407 65.
239 2353 386 2417 Quod
419 2370 595 2409 nemo
641 2355 835 2424 potest
863 2353 936 2405 ab
970 2351 1063 2405 his
1097 2348 1197 2420 qui
1227 2348 1525 2402 inferioris
1558 2350 1696 2402 sunt

96 2442 335 2513 dignitatis
362 2444 453 2498 vel
483 2443 717 2498 ordinis
745 2440 1019 2513 judicari.

145 2529 211 2585 66.
258 2532 409 2596 Quod
450 2530 1099 2600 Constantinpolitana
1131 2525 1417 2592 Ecclesia,
1458 2525 1608 2578 sicut
1641 2527 1698 2580 et

100 2623 276 2676 cetera:
304 2636 521 2691 omnes,
561 2623 845 2675 Romanae
880 2618 1009 2672 sedi
1039 2618 1212 2672 debet
1241 2630 1379 2669 esse
1400 2615 1691 2685 subjecta.

143 2708 209 2762 67.
236 2709 382 2774 Quod
413 2713 736 2782 quisquam
773 2708 1010 2763 sibimet
1054 2723 1169 2760 non
1215 2706 1483 2758 assumat
1520 2704 1696 2757 hono-

96 2814 201 2869 rem,
228 2800 363 2854 sicut
383 2805 437 2855 et
465 2799 747 2854 Christus
778 2814 843 2852 se
863 2800 1056 2868 ipsum
1077 2812 1192 2850 non
1218 2793 1559 2849 clariﬁcavit
1589 2793 1694 2847 sed

95 2888 236 2944 Pater.

143 2978 209 3033 68.
229 2981 373 3045 Quod
406 2983 583 3036 etiam
603 2981 907 3048 inferioris
932 2978 1156 3051 gradus
1182 2976 1536 3030 clericorum
1562 2989 1694 3026 cau-

96 3081 154 3120 sae
184 3070 311 3138 apud
356 3072 557 3125 sedem
608 3070 991 3140 apostolicam
1032 3069 1170 3121 sunt
1218 3063 1510 3132 finiendae,
1557 3062 1694 3116 dum

97 3160 271 3227 tempus
296 3167 387 3213 aut
417 3176 515 3215 res
550 3161 841 3231 exegerit.

1884 2181 1972 2235 75.
2018 2180 2182 2245 Quod
2243 2178 2503 2231 Niczcnze
2564 2178 2788 2245 synodo
2836 2176 3058 2229 nullum
3110 2176 3298 2245 potuit
3342 2175 3471 2229 ﬁeri

1813 2269 2225 2341 praeiudicium
2269 2284 2299 2320 a
2348 2266 2713 2319 multitudine
2765 2264 3010 2318 Arimini
3072 2266 3460 2335 congregata,

1813 2360 1946 2430 quia
1982 2360 2241 2412 llomana
2274 2354 2540 2408 Ecclesia
2587 2353 2809 2406 nullum
2840 2354 2893 2405 ei
2929 2352 3087 2407 dedit
3126 2367 3463 2405 assensum.

1884 2447 1971 2503 76.
2003 2447 2167 2512 Quod
2184 2445 2447 2515 episcopi
2468 2442 2682 2498 debent
2705 2443 3025 2497 observare
3047 2457 3179 2512 quae
3200 2456 3233 2493 a
3256 2441 3468 2494 Roma-

1814 2554 1885 2591 na
1919 2536 2187 2590 Ecclesia
2209 2538 2345 2587 sunt
2366 2532 2650 2603 judicata.

1881 2628 1968 2681 77.
2002 2626 2165 2691 Quod
2185 2624 2447 2678 accusati
2470 2621 2734 2691 episcopi
2761 2623 2857 2674 aut
2880 2616 3308 2673 condemnandi
3327 2618 3465 2671 sunt

1811 2718 2140 2790 apostolica.
2161 2715 2521 2780 auctoritate,
2556 2715 2653 2765 aut
2683 2709 2817 2781 ejus
2848 2708 3066 2762 auxilio
3098 2704 3403 2763 fulciendi.

1881 2808 1969 2861 '78.
2004 2805 2165 2871 Quod
2201 2819 2370 2857 nemo
2402 2804 2618 2871 praeter
2652 2798 3034 2869 apostolicam
3067 2795 3471 2850 auctoritatem

1811 2898 1984 2951 debet
2004 2895 2351 2965 episc0pum
2385 2892 2682 2944 damnare.

1879 2986 1966 3039 79.
2003 2986 2079 3039 Ut
2099 2986 2418 3037 accusatus
2448 2979 2539 3033 vel
2560 2978 2860 3049 judicatus
2895 2993 2926 3029 a
2957 2969 3474 3043 comprovinciali-

1808 3078 1922 3131 bus
1948 3073 2246 3143 episcopis
2271 3071 2516 3124 licenter
2537 3082 2743 3137 papam
2763 3064 3033 3134 appellet,
3054 3062 3151 3133 qui
3174 3060 3307 3131 ejus
3330 3074 3473 3112 cau-

1811 3184 1936 3222 sam
1970 3165 2265 3229 retractet,
2300 3164 2355 3213 et
2388 3159 2444 3211 in
2477 3158 2604 3210 loco
2638 3154 2770 3225 ejus
2796 3153 3027 3207 interim
3060 3151 3210 3204 alius
3235 3164 3350 3202 non
3384 3162 3474 3202 or-

143 3248 210 3302 69.
251 3250 401 3313 Quod
452 3249 802 3321 apostolicae
848 3247 1012 3301 sedis
1059 3244 1350 3300 sententia
1384 3243 1523 3297 tanti
1556 3256 1690 3294 con-
1730 3259 1777 3321 (ι
1808 3256 2061 3310 ametur,

97 3336 179 3389 silii
204 3338 602 3394 deliberatione
647 3338 819 3392 debet
851 3335 1125 3406 proferri,
1161 3336 1221 3387 ut
1271 3347 1380 3386 nec
1412 3332 1691 3385 retracta-

1878 3342 1964 3400 80.
2001 3339 2167 3405 Quod
2199 3336 2456 3408 pulsato,
2490 3335 2541 3388 si
2579 3332 2839 3405 judieem
2874 3330 3217 3399 suspectum
3247 3324 3473 3379 habue-

98 3431 211 3486 tioue
235 3449 331 3488 nec
358 3430 764 3487 immutatione
796 3428 986 3499 egeat,
1018 3424 1134 3479 nisi
1156 3424 1245 3479 sic
1279 3424 1502 3493 prolata
1535 3423 1609 3476 sit
1633 3423 1696 3474 ut
1804 3435 1899 3505 rit,
1934 3433 2110 3487 liceat
2138 3427 2453 3499 appellare,

98 3522 335 3576 retractari
365 3522 577 3593 possit.

1139 3664 1637 3759 CAPITULA
1698 3658 1963 3751 LIBRI
2010 3652 2374 3745 TER'l'll.

817 3872 925 3937 Qui
958 3876 1050 3926 est
1095 3869 1168 3923 de
1201 3868 1413 3922 ordine
1444 3860 1790 3928 accusandi,
1836 3853 2219 3919 testiﬁcandi,
2256 3856 2313 3904 et
2359 3845 2683 3918 iudicandi.

147 4044 354 4111 1oQuod
369 4048 709 4113 homicidae,
728 4045 1002 4110 adulteri,
1020 4046 1075 4098 et
1095 4040 1327 4096 cunctis
1354 4034 1701 4091 criminibus

100 4133 296 4207 alligati,
347 4144 398 4193 et
431 4139 707 4203 infames,
758 4138 931 4204 atque
962 4132 1096 4186 laici
1137 4135 1193 4184 et
1223 4131 1559 4199 quicunque
1598 4137 1702 4176 eo-

102 4227 306 4292 equales
342 4244 456 4283 non
488 4229 649 4295 sunt,
701 4225 1018 4293 episcopos
1067 4233 1351 4274 accusare
1392 4220 1447 4268 et
1488 4227 1702 4266 vexare

106 4308 189 4346 non
213 4296 422 4353 debent.

148 4365 189 4419 ἓ.
220 4369 365 4432 Quod
406 4371 663 4425 infames
695 4370 831 4422 sunt
879 4366 979 4437 qui
1021 4364 1313 4418 adversus
1367 4358 1569 4411 Patres
1602 4370 1701 4407 ar-

102 4460 295 4526 mantur,
328 4463 381 4512 et
409 4458 761 4514 sacerdotes
794 4457 890 4510 vel
920 4452 1210 4510 ecclesias
1243 4445 1609 4503 conculcant.
1628 4442 1702 4496 Hi

101 4543 356 4616 ePiscopos
384 4562 671 4602 accusare
702 4562 818 4600 non
858 4545 1131 4615 possunt.

147 4630 187 4683 3-
212 4632 306 4697 QUi
354 4653 384 4689 a
431 4635 744 4707 preposito
774 4650 885 4688 suo
915 4630 1216 4695 ceciderit,
1268 4630 1325 4680 et
1358 4620 1701 4694 apostolicis

99 4714 247 4785 tussis
275 4739 381 4779 non
408 4723 718 4791 obedierit,
751 4721 988 4776 infamis
1021 4722 1131 4773 est.

152 4808 191 4860 4.
218 4810 571 4868 Enumeratio
602 4828 808 4866 earum
855 4810 1161 4880 culparum
1202 4805 1419 4877 quibus
1452 4799 1703 4855 infames

103 4898 335 4955 notantur.

150 4983 340 5043 5.1mm
369 4992 464 5062 qui
514 4993 633 5045 sint
664 4989 935 5057 infames,
983 4989 1039 5041 et
1082 4986 1183 5057 qui
1223 4996 1507 5038 accusare
1540 4976 1703 5047 epis-

105 5085 243 5143 copos
267 5095 373 5133 non
419 5082 669 5149 possint,
705 5082 760 5133 et
789 5076 945 5148 quod
981 5078 1195 5129 statuta
1239 5073 1496 5136 Patrum,
1534 5067 1584 5121 si
1616 5065 1705 5118 la-

104 5157 330 5221 befactari
357 5170 656 5240 cmperint,
681 5166 1005 5237 apostolica
1026 5164 1219 5218 denuo
1241 5159 1584 5216 auctoritate
1610 5172 1701 5209 ro-

108 5246 345 5310 borentur.

159 5337 198 5392 6.
223 5344 366 5407 Quod
399 5347 631 5402 infamis
662 5360 946 5400 accusare
978 5359 1092 5397 non
1129 5342 1321 5409 debet,
1367 5343 1421 5393 et
1451 5338 1704 5409 qualiter

112 5430 206 5493 quis
229 5447 487 5490 accusare
518 5437 607 5491 vel
633 5435 904 5505 judicare
935 5433 1164 5500 debeat,
1201 5434 1258 5485 et
1291 5432 1526 5484 caetera.

160 5516 199 5571 Ἰ.
230 5520 292 5576 ljt
315 5525 408 5594 qui
444 5528 683 5579 sanctos
718 5524 923 5578 Patres
954 5522 1411 5592 persequuntur,
1449 5516 1702 5569 infames

115 5600 394 5683 habeantur,
424 5618 481 5669 et
509 5614 579 5669 ab
609 5613 878 5669 Ecclesia
907 5625 1100 5684 usque
1131 5610 1201 5663 ad
1234 5605 1704 5663 satisfactionem

116 5702 381 5759 "matur.

1882 4029 1933 4081 8.
1970 4028 2052 4080 De
2104 4026 2197 4077 bis
2239 4022 2335 4091 qui
2398 4016 2738 4086 suscipcndi
2792 4030 2902 4065 non
2939 4015 3102 4077 sunt,
3138 4014 3188 4062 et
3225 4010 3473 4062 infames

1815 4120 2149 4171 censentur.

1884 4208 1937 4259 9.
1975 4205 2047 4258 Ut
2081 4202 2180 4270 qui
2211 4216 2336 4252 suae
2371 4197 2522 4267 legis
2558 4194 2644 4246 vel
2694 4192 3000 4259 religionis
3034 4202 3295 4241 normam
3332 4185 3475 4237 reli-

1815 4295 2025 4365 querit.
2063 4295 2157 4343 aut
2195 4290 2353 4341 recte
2394 4282 2685 4353 prohibita
2718 4278 3066 4349 neglexerit,
3122 4274 3192 4327 ad
3225 4289 3475 4326 accusa-

1815 4385 2032 4437 tionem
2056 4394 2172 4433 non
2204 4375 2557 4428 admittatur.

1887 4471 1973 4523 10.
2024 4467 2189 4532 Quod
2247 4461 2571 4517 deteriores
2624 4458 2760 4511 sunt
2808 4469 3036 4508 morum
3095 4452 3476 4521 corruptores

1733 4534 1786 4593 D
1816 4575 1991 4631 quam
2023 4570 2222 4610 rerum
2252 4554 2540 4621 raptores.

1887 4649 1974 4702 11.
2025 4644 2191 4711 Quod
2245 4641 2626 4695 accusatores
2666 4634 3045 4689 sacerdotum
3096 4645 3214 4686 non
3262 4626 3479 4682 debent

1814 4737 2038 4804 audiri,
2091 4733 2202 4787 nisi
2236 4731 2406 4801 prius
2438 4730 2555 4781 vita
2585 4740 2792 4781 eorum
2825 4726 2879 4777 et
2923 4720 3165 4775 intentio
3198 4714 3478 4772 discutia-

1815 4829 1971 4967 tmli.
2005 4911 2169 4976 Quod
2204 4906 2468 4979 episcopi
2501 4921 2532 4958 a
2565 4902 2799 4974 pepulis
2841 4916 2956 4954 non
2987 4898 3126 4952 sunt
3164 4892 3477 4965 arguendi,

1814 5007 1870 5058 et
1901 5003 1971 5056 de
2006 5000 2223 5071 quibus
2253 5013 2370 5050 non
2402 4995 2520 5048 sint
2550 4993 2721 5047 etiam
2744 4986 3083 5043 accusandi.

1887 5089 1974 5143 13.
2006 5069 2171 5154 Quod
2203 5087 2261 5139 hi
2295 5084 2395 5155 qui
2428 5082 2602 5135 hodie
2650 5083 2748 5132 aut
2794 5072 3226 5131 nudiustertius
3258 5069 3478 5125 inimici

1814 5179 2074 5243 fuerunt,
2110 5188 2395 5229 accusare
2426 5171 2517 5224 vel
2548 5168 2864 5223 testiﬁcare
2917 5179 3031 5217 non
3061 5165 3335 5231 possunt.

1888 5266 1972 5321 14.
2010 5267 2152 5319 Item
2187 5265 2257 5317 de
2290 5261 2493 5315 eadem
2523 5274 2608 5324 re,
2649 5255 2804 5325 quod
2838 5254 2895 5306 lii
2930 5250 3273 5305 sacerdotes
3308 5264 3481 5302 accu-

1813 5371 1948 5411 sare
1979 5370 2097 5408 non
2129 5353 2363 5418 debent,
2398 5347 2494 5418 qui
2528 5344 2870 5398 sacerdotes
2896 5356 3033 5395 esse
3056 5355 3173 5394 non
3203 5339 3477 5409 possunt.

1884 5445 1972 5498 15.
2006 5442 2173 5505 Quod
2207 5436 2492 5507 suspecti,
2527 5438 2584 5489 et
2615 5432 2855 5499 inimici,
2882 5435 2936 5485 et
2954 5429 3126 5484 facile
3158 5428 3480 5499 litigantes,

1812 5535 1870 5589 et
1902 5547 2105 5603 pravas
2159 5522 2656 5591 conversationis,
2693 5524 2747 5574 et
2769 5520 2869 5591 qui
2900 5536 3016 5574 non
3046 5522 3246 5573 tenent
3273 5532 3341 5569 ac
3372 5516 3483 5569 do—

1815 5624 1949 5677 cent
1977 5623 2199 5675 rectam
2230 5617 2425 5684 ﬁdem,
2469 5615 2857 5667 accusatores
2888 5623 3026 5665 esse
3059 5624 3176 5663 non
3205 5607 3482 5678 possunt.

1882 5709 1969 5767 16.
2004 5709 2088 5765 De
2120 5707 2326 5765 eadem
2355 5719 2441 5760 re.
