4008 6172
474 361 593 427 495

1466 325 1580 411 's.
1622 341 2001 408 ANSELMI
2028 337 2442 404 LUCENSIS
2476 332 2890 399 EPISCOPI.
3752 328 3848 395 496

545 558 632 616 t7.
667 559 743 613 Ut
771 556 973 611 nullus
1004 552 1336 622 alienigena
1366 548 1682 602 accusator
1714 544 1791 598 sit
1806 540 1902 595 vel
1923 539 2131 611 judex,
2170 525 2217 585 Α
2322 536 2413 591 40.
2447 533 2511 589 Si
2540 533 2678 606 quis
2707 533 3026 604 episcopus
3065 530 3292 600 absque
3318 530 3569 599 tempore
3597 527 3779 597 synodi
3804 527 3851 581 in

473 651 582 709 sed
635 664 745 705 nec
790 659 1007 701 servus
1054 644 1153 697 aut
1192 640 1441 695 libertus
1487 635 1580 691 vel
1617 633 1936 704 suspectus
1978 627 2131 682 infa-

471 756 630 883 mlisé.
662 827 804 881 Item
834 825 906 879 de
938 823 1032 878 his
1063 821 1163 892 qui
1201 819 1275 874 ad
1307 814 1743 872 accusationem
1776 813 1832 866 et
1859 808 2130 865 testimo-

468 920 633 974 nium
662 933 780 972 non
809 909 1149 970 admittendi
1179 910 1340 964 sunt.

544 1008 631 1063 19.
664 1007 808 1060 Item
837 1003 909 1057 de
932 1000 1136 1056 eadem
1157 1013 1243 1052 re.
2103 1042 2115 1054 ,

543 1098 631 1151 20.
664 1096 807 1149 Item
837 1092 909 1146 de
941 1092 1034 1144 his
1067 1088 1285 1159 quibus
1315 1097 1598 1138 accusare
1621 1094 1739 1134 non
1768 1076 1941 1135 licet;
1972 1075 2030 1128 et
2058 1087 2132 1126 ne

470 1187 785 1243 accusatus
819 1182 967 1235 alios
1009 1178 1222 1232 habeat
1262 1174 1524 1246 judices,
1561 1171 1781 1239 praeter
1818 1179 1970 1236 quos
2002 1163 2132 1232 ipse

471 1275 740 1347 elegerit,
760 1275 859 1325 aut
887 1285 998 1325 suo
1018 1280 1318 1322 consensu
1351 1263 1528 1317 sedes
1562 1255 1908 1329 apostolica.

540 1341 630 1418 2Ῑ.
666 1341 741 1416 Ut
772 1356 1093 1415 accusandi
1122 1354 1217 1409 vel
1250 1348 1601 1407 testiﬁcandi
1625 1344 1857 1400 licentia
1886 1341 2134 1408 denege-

468 1458 569 1509 tur
589 1452 685 1506 his
715 1450 816 1521 qui
845 1446 1196 1502 Christianae
1228 1438 1536 1511 religionis
1567 1440 1624 1489 et
1651 1431 1907 1488 nominis
1939 1426 2132 1499 digni-

470 1544 667 1609 tatem,
699 1519 753 1593 et
785 1553 912 1592 suae
942 1535 1095 1605 legis
1145 1531 1237 1585 vel
1268 1527 1555 1600 prepositi
1588 1535 1872 1586 normam,
1906 1519 2003 1570 aut
2033 1529 2130 1569 re-

470 1630 757 1704 gulariter
786 1624 1102 1698 prohibita,
1138 1617 1533 1691 neglexerint.

540 1720 628 1773 22.
663 1718 739 1771 Ut
769 1691 942 1770 nemo
993 1710 1275 1765 clericum
1317 1705 1509 1759 trahat
1538 1702 1610 1755 ad
1666 1696 1955 1754 saeculare
1976 1691 2135 1764 judi-

473 1809 627 1865 cium
662 1806 790 1861 sine
834 1814 1136 1858 consensu
1166 1794 1452 1867 episcopi.

542 1894 631 1949 23.
666 1895 749 1946 De
779 1892 982 1947 eadem
1006 1904 1090 1942 re.

542 1983 631 2037 24.
663 1981 829 2046 Quod
860 1978 1062 2032 infami
1107 1979 1164 2031 et
1195 1974 1489 2044 sacrilego
1523 1970 1814 2025 adversus
1846 1959 2136 2018 Christia-

472 2086 611 2141 num
643 2086 759 2124 non
788 2070 927 2123 licet
955 2068 1154 2121 dicere
1183 2061 1605 2129 testimonium,
1640 2061 1696 2112 et
1716 2058 1780 2110 ut
1808 2050 2135 2109 ecclesias-

472 2160 571 2215 tici
599 2158 836 2230 judices
869 2170 1111 2210 causam
1159 2169 1274 2207 non
1314 2150 1552 2205 audiant
1579 2161 1712 2219 qua)
1743 2143 1980 2214 legibus
2020 2153 2136 2192 non

471 2249 826 2304 continetur.

540 2337 630 2392 25.
667 2336 742 2391 Ut
775 2351 884 2389 nec
912 2333 1047 2387 laici
1081 2347 1190 2386 nec
1220 2330 1283 2384 hi
1304 2339 1694 2400 quoscunque
1727 2320 1933 2378 saeculi
1965 2319 2135 2391 leges

470 2442 589 2484 non
628 2425 967 2490 admittunt,
1018 2421 1335 2491 episcopos
1381 2416 1477 2470 vel
1527 2414 1782 2469 clericos
1846 2422 2134 2464 accusare

468 2515 851 2585 presumant.

540 2600 630 2657 26.
666 2602 743 2656 Ut
784 2600 957 2654 etiam
1002 2597 1335 2652 habitantes
1366 2609 1499 2648 cum
1529 2590 1808 2659 inimicis,
1842 2591 1899 2642 et
1928 2600 2134 2641 omnes

471 2691 605 2763 laici
636 2691 710 2761 ab
733 2687 1108 2745 accusatione
1143 2684 1496 2741 clericorum
1527 2680 1926 2734 amoveantur.

540 2777 628 2834 27.
665 2778 743 2831 Ut
773 2777 1033 2831 clericus
1064 2773 1413 2830 criminatus
1459 2784 1564 2822 sua
1597 2769 1658 2822 in
1691 2764 1998 2837 provincia
2031 2780 2133 2818 au-

471 2870 665 2924 diatur
688 2870 743 2921 et
774 2869 835 2919 ut
865 2863 1154 2918 sententia
1179 2860 1403 2932 judicis
1425 2874 1558 2929 quae
1588 2856 1832 2910 absente
1854 2858 2133 2908 accusato

469 2958 659 3026 datur,
696 2956 858 3010 irrita
888 2954 988 3023 sit,
1020 2955 1076 3007 et
1110 2949 1431 3023 proditoris
1464 2945 1755 3002 calumnia
1785 2959 1903 2998 non
1935 2943 2134 2997 audia-

466 3050 580 3101 tur.

535 3063 580 3100 r.

494 3063 626 3172 ιι28.
658 3115 823 3182 Quod
856 3130 965 3168 nec
1000 3111 1203 3166 clerici
1232 3109 1440 3178 laicos,
1476 3123 1587 3162 nec
1615 3106 1752 3160 laici
1786 3102 2043 3160 clericos
2074 3104 2134 3159 in

417 3280 420 3284 η
474 3223 581 3262 sua
613 3204 991 3259 accusatione
1023 3202 1237 3256 debent
1259 3199 1548 3268 recipere.

2253 624 2502 679 crimine
2531 623 2807 677 detentus
2837 619 3034 689 fuerit,
3068 633 3101 671 a
3142 616 3447 671 duodecim
3476 614 3747 687 episcOpis
3771 630 3852 669 au-

2253 713 2465 768 diatur.

2320 801 2411 857 41.
2444 801 2522 856 Ut
2566 798 2879 855 inferiores
2919 797 3144 870 gradus
3185 794 3521 866 superiores
3549 807 3655 847 non
3703 807 3850 847 accu-

2190 962 2200 970 .
2256 892 2426 961 sent;
2459 892 2516 944 et
2544 889 2604 943 in
2625 891 2767 960 quot
2786 886 3042 943 testibus
3073 880 3735 958 episcopus,presbyter,
3754 881 3851 935 dia-

2255 995 2464 1049 conus,
2499 977 2934 1045 subdiaconus,
2976 980 3033 1031 et
3081 973 3280 1039 caeteri
3312 969 3712 1027 condemnandi
3737 969 3848 1023 sint.

2321 1067 2411 1122 42.
2443 1066 2609 1131 Quod
2641 1081 2789 1120 oves
2839 1067 3115 1135 pastores
3145 1059 3577 1133 reprehendere
3604 1073 3709 1112 non
3733 1072 3851 1128 pos-

2252 1156 2390 1226 sint,
2414 1155 2532 1210 nisi
2564 1156 2624 1209 in
2652 1154 2766 1209 ﬁde
2797 1152 3146 1221 erraverint,
3179 1154 3236 1206 et
3265 1149 3421 1222 quod
3449 1146 3732 1220 exspoliati
3761 1162 3853 1200 non

2250 1245 2502 1299 debeant
2541 1244 2613 1298 ad
2660 1243 2952 1315 synodum
3006 1240 3228 1309 vocari,
3271 1239 3389 1293 nisi
3434 1238 3592 1310 prius
3624 1236 3705 1291 eis
3729 1234 3852 1297 bona

2252 1349 2362 1389 sua
2391 1332 2608 1387 fuerint
2636 1333 2927 1401 restituta.

2320 1421 2410 1476 43.
2446 1421 2523 1476 Ut
2553 1437 2724 1475 nemo
2774 1421 3121 1492 epis‘copum
3150 1416 3245 1472 vel
3276 1429 3618 1488 quemquam
3646 1411 3854 1468 clerico-

2252 1526 2385 1565 rum
2407 1511 2560 1582 apud
2592 1510 2916 1565 saeculares
2939 1508 3179 1580 judices
3201 1508 3462 1561 accuset.

2320 1598 2410 1653 44.
2443 1599 2524 1653 De
2563 1599 2767 1653 eadem
2799 1614 2883 1667 re,
2916 1602 2974 1652 et
3001 1599 3064 1650 ut
3101 1597 3309 1651 vocato
3339 1592 3410 1647 ad
3442 1589 3710 1663 synodum
3735 1602 3853 1642 eon-

2248 1701 2465 1759 gruum
2496 1688 2751 1757 spatium
2779 1688 2971 1741 detur.
3003 1685 3192 1740 Aliter
3234 1698 3352 1738 non
3380 1677 3736 1750 respondebit
3761 1676 3853 1732 nisi

2250 1776 2541 1847 voluerit;
2592 1780 2649 1831 et
2678 1780 2741 1831 ut
2786 1779 3169 1830 accusatores
3199 1777 3255 1827 et
3297 1768 3555 1826 accusati
3598 1765 3855 1839 mqualiter

2167 1898 2218 1960 Β
2251 1865 2582 1960 audiant-ur.

2318 1954 2409 2009 45.
2444 1955 2520 2009 Ut
2568 1955 2770 2010 nullus
2801 1953 3107 2026 judicetur
3145 1950 3263 2007 nisi
3309 1948 3601 2022 legitimos
3630 1942 3856 2000 habuerit

2249 2047 2635 2099 accusatores
2656 2046 3011 2114 prasentes.

2318 2130 2407 2186 46.
2440 2131 2606 2196 Quod
2634 2132 2834 2187 nullus
2866 2129 3355 2203 metropolitanus
3385 2128 3607 2197 absque
3635 2135 3857 2191 compro-

2247 2219 2588 2276 vincialium
2619 2221 3035 2291 episcoporum
3064 2218 3345 2275 instantia
3366 2216 3685 2289 aliquorum
3699 2209 3858 2265 audiat

2250 2325 2486 2367 0811888.

2317 2399 2408 2454 47.
2448 2399 2531 2455 De
2554 2400 2856 2470 episcOpis
2887 2399 3017 2455 sine
3049 2399 3318 2454 Romana
3348 2392 3678 2451 auctoritate
3704 2385 3863 2459 expul'

2252 2489 2362 2559 sis,
2415 2493 2480 2544 ut
2528 2506 2636 2545 sua
2666 2490 2757 2544 eis
2785 2488 3280 2561 rédintegrentur.

2316 2578 2405 2633 48.
2440 2578 2519 2634 Ut
2545 2594 2718 2634 nemo
2764 2577 3157 2648 exspoliatum
3195 2575 3542 2648 episcopum
3587 2566 3864 2643 praasumat

2246 2669 2784 2723 excommunieare.

2318 2755 2407 2811 49.
2453 2756 2594 2811 ltem
2628 2760 2689 2811 ut
2722 2756 3072 2827 exepoliatis
3107 2755 3301 2811 omnia
3333 2753 3663 2819 reddantur,
3693 2748 3860 2802 ettan-

2244 2847 2368 2900 tum
2405 2846 2578 2916 spatii
2610 2848 2825 2917 quanto
2860 2845 3171 2915 exspoliati
3202 2847 3343 2899 sunt
3375 2843 3562 2911 detur,
3592 2841 3859 2908 antequam

2246 2935 2318 2990 ad
2341 2934 2632 3005 synodum
2654 2936 2961 2989 vocentur.

2317 3022 2405 3079 50.
2441 3023 2517 3078 Ut
2545 3025 2862 3078 accusatus
2904 3020 3166 3094 legitime
3205 3021 3532 3093 episcopus
3562 3017 3783 3073 vocatus
3806 3010 3863 3065 ad

2248 3111 2540 3184 synodum
2584 3114 2811 3182 veniat;
2868 3112 2920 3165 si
2979 3127 3097 3166 non
3135 3112 3355 3183 potest,
3405 3110 3656 3183 legatum
3693 3113 3864 3177 prose

2247 3202 2471 3272 mittat,
2513 3201 2643 3271 ipse
2672 3216 2817 3256 vero
2846 3216 2878 3255 a
2910 3200 3323 3256 communione
3353 3216 3474 3254 non
3501 3195 3857 3269 prohibeatur,

538 3295 626 3350 29.
658 3296 732 3348 Ut
762 3294 813 3348 si
846 3294 1035 3347 laicus
1066 3294 1268 3346 contra
1308 3288 1588 3343 clericum
1621 3301 1862 3340 causam
1895 3283 2128 3353 habeat,

2280 3252 2471 3272 --πη
2514 3252 2635 3271 Ἰ.--
2851 3252 2877 3255 ,-
2919 3252 2971 3256 η
3220 3252 3260 3255 κ,
3300 3252 3313 3253 ,
3356 3252 3471 3254 ﬂ,
3501 3252 3559 3269 ,η

2280 3291 2363 3346 isi
2395 3306 2506 3345 sex
2535 3290 2629 3344 vel
2660 3289 2864 3360 plures
2894 3302 3134 3344 menses
3176 3289 3385 3343 venire
3417 3284 3716 3342 distulerit.

476 3387 822 3455 episcopum
853 3382 1039 3436 adeat.

536 3474 624 3527 80.
659 3472 822 3537 Quod
853 3470 1173 3540 episcopus
1206 3467 1257 3521 si
1276 3467 1336 3521 in
1366 3466 1480 3520 ﬁde
1501 3464 1806 3533 erraverit,
1831 3462 2019 3533 primo
2041 3464 2132 3515 est

467 3560 900 3631 corrigendus;
934 3559 989 3611 si
1016 3573 1135 3610 non
1168 3554 1591 3623 emendaverit,
1629 3551 2006 3607 accusandus
2039 3552 2131 3605 est

467 3650 541 3704 ad
572 3647 954 3717 apostolicam
987 3645 1211 3699 sedem.

536 3737 627 3793 31.
650 3736 819 3801 Quod
850 3735 1151 3789 accusatio
1183 3732 1598 3802 episcoporum
1634 3730 1873 3785 nonnisi
1902 3730 1975 3784 ab
2005 3729 2129 3785 ido-

467 3828 600 3883 neis
624 3828 678 3881 et
701 3822 1140 3896 probatissimis
1170 3821 1317 3875 viris
1346 3821 1476 3875 ﬁeri
1507 3820 1700 3875 debet.

536 3916 626 3971 32.
663 3915 738 3969 Ut
768 3916 1085 3969 accusatus
1108 3910 1426 3981 episcOpus
1440 3909 1850 3964 communione
1864 3923 1980 3963 non
2010 3908 2131 3978 pri-

465 4010 662 4073 vetur,
694 4004 814 4059 nisi
843 4003 938 4059 die
981 4003 1195 4056 statuta
1224 4000 1426 4055 venire
1458 3994 1734 4054 noluerit.

533 4093 623 4151 33.
669 4092 837 4158 Quod
883 4091 1178 4163 judicium
1229 4088 1807 4160 subterfugientibus
1856 4088 2131 4144 absentia

462 4184 779 4254 procurata
808 4198 925 4237 non
945 4181 1155 4251 prosit.

532 4272 622 4328 34.
657 4272 733 4326 Ut
763 4272 1129 4327 detractores
1155 4272 1211 4324 et
1233 4269 1605 4323 inimicorum
1624 4266 1887 4322 fautores
1910 4266 1982 4322 ab
2015 4266 2131 4337 epi-

463 4360 687 4431 seopali
717 4358 1514 4420 amoveanturaccusatione.
1542 4371 1734 4427 neque
1763 4356 1819 4410 in
1854 4371 1919 4412 re
1949 4355 2126 4411 dubia

463 4454 624 4507 certa
654 4450 829 4506 detur
852 4449 1164 4504 sententia.

2317 3379 2405 3434 51.
2430 3378 2508 3434 Ut
2531 3377 2720 3453 judex
2760 3381 2892 3432 ante
2921 3393 3091 3432 suam
3119 3392 3236 3432 non
3266 3377 3532 3448 proferat
3560 3368 3865 3437 sententiam

2245 3485 2441 3540 quam,
2482 3468 2742 3538 peractis
2773 3483 2906 3538 quae
2936 3467 2996 3520 in
3029 3468 3363 3539 quaestione
3394 3469 3552 3536 sunt,
3582 3464 3651 3521 ad
3677 3460 3753 3516 rei
3777 3471 3862 3511 ve-

2246 3558 2474 3612 ritatem
2502 3557 2900 3628 perveniatur,
2934 3560 2991 3610 et
3036 3555 3290 3611 induciae
3320 3570 3441 3610 non
3476 3568 3668 3625 parva:
3694 3548 3756 3604 ad
3783 3547 3856 3600 in—

2244 3646 2597 3718 quirendum
2627 3646 2859 3702 dentur.

2315 3736 2403 3790 52.
2438 3735 2515 3790 Ut
2543 3734 2766 3790 nullius
2780 3734 3081 3790 accusatio
3102 3734 3195 3790 vel
3214 3733 3612 3790 testimonium
3632 3744 3730 3802 per
3747 3724 3864 3781 scri-

2245 3829 2406 3898 ptum
2435 3825 2774 3896 recipiatur,
2800 3824 2906 3880 sed
2938 3824 3177 3896 propria
3207 3838 3375 3895 voce,
3400 3824 3690 3895 praesente
3707 3810 3867 3887 ecqui

2242 3917 2531 3986 pulsatur.

2314 4004 2406 4061 53.
2439 4005 2514 4059 Ut
2534 4018 2809 4074 persona,
2833 4001 3003 4073 ﬁdes,
3025 4007 3081 4058 et
3099 4003 3479 4061 conversatio
3498 3995 3865 4059 accusantium

2244 4094 2477 4156 Domini
2506 4092 2850 4148 sacerdotes
2870 4092 3184 4164 diligenter
3213 4093 3618 4164 exquirantur.

2313 4181 2401 4243 54.
2442 4181 2610 4246 Quod
2653 4184 3036 4241 accusatores
3084 4181 3239 4235 omni
3291 4181 3635 4253 suspicione
3665 4171 3870 4233 etinfa-

2240 4272 2357 4327 mia
2386 4286 2612 4340 carere,
2646 4275 2704 4325 et
2751 4274 2928 4325 rectae
2973 4269 3109 4324 ﬁdei
3138 4272 3197 4325 et
3243 4271 3420 4325 bonae
3465 4270 3601 4323 vitae
3630 4276 3759 4322 esse
3782 4260 3869 4314 do-

2238 4362 2395 4416 bent

2309 4448 2398 4505 55.
2432 4449 2508 4504 Ut
2538 4463 2605 4503 ea
2634 4461 2768 4519 quae
2796 4448 3089 4504 adversus
3135 4449 3419 4503 absentes
3449 4446 3718 4520 aguntur,
3750 4450 3867 4494 eva-

532 4537 621 4594 35.
659 4539 735 4593 Ut
765 4538 867 4608 qui
915 4551 1130 4590 causas
1161 4534 1337 4589 habet
1368 4536 1569 4588 contra
1597 4536 1870 4596 pastores
1900 4533 1994 4588 vel
2024 4549 2127 4588 ec-
2238 4543 2507 4595 euentum

461 4628 683 4685 clesias
712 4642 940 4693 eorum,
972 4626 1161 4695 primo
1199 4623 1545 4677 charitative
1588 4624 1891 4692 exspectet
1921 4637 2125 4677 emen-
2152 4609 2201 4668 Π
2308 4626 2397 4684 56.
2431 4624 2507 4683 Ut
2526 4628 2844 4684 inferiores
2867 4627 3072 4683 ordine
3089 4641 3207 4682 non
3230 4628 3518 4681 accusent
3534 4620 3868 4693 superiores,

461 4718 795 4781 dationem;
842 4714 999 4785 quod
1049 4713 1101 4766 si
1147 4715 1284 4768 ante
1322 4711 1603 4767 infestare
1652 4711 2123 4782 praesumpserit,

459 4804 1026 4862 excommunicetur.

526 4896 617 4951 36.
636 4895 807 4960 Quod
836 4894 893 4950 hi
922 4892 1022 4964 qui
1056 4891 1290 4961 culpam
1321 4905 1565 4945 suorum
1596 4888 1853 4959 produnt
1887 4905 2121 4960 pmpo.

461 4985 730 5053 sitorum,
764 4984 947 5038 Cham
977 4980 1288 5047 sententia,
1336 4979 1437 5049 qui
1475 4979 1662 5049 patris
1694 4978 1962 5047 pudenda
2001 4995 2121 5034 non

461 5074 709 5141 operuit,
743 5073 1067 5126 damnetur.

529 5160 618 5214 3'1.
652 5160 817 5224 Quod
850 5176 963 5215 non
990 5163 1184 5230 potest
1212 5158 1467 5212 humano
1490 5157 1869 5211 condemnari
1900 5157 2121 5211 exami-

460 5264 553 5318 ne,
588 5264 761 5318 quem
794 5250 951 5303 Deus
985 5266 1093 5302 suo
1128 5247 1463 5302 reservavit
1487 5245 1736 5315 judicio.

529 5337 620 5390 38.
653 5338 819 5399 Quod
842 5353 956 5390 nou
981 5338 1204 5406 passim
1237 5340 1293 5389 et
1325 5335 1492 5389 facile
1525 5334 1651 5387 ﬁeri
1674 5333 1889 5388 debent
1920 5349 2118 5388 sacer-

460 5426 642 5481 dotun
675 5424 768 5478 vel
799 5430 1099 5493 pastorum
1131 5424 1563 5479 accusationes.

529 5513 618 5570 39.
654 5514 729 5568 Ut
750 5517 1064 5568 accusatus
1087 5514 1406 5582 episcopus
1420 5512 1729 5567 duodecim
1743 5511 1858 5566 sibi
1876 5510 2117 5582 judices

456 5605 636 5678 eligat
666 5604 769 5677 qui
799 5603 933 5676 ejus
964 5618 1206 5659 causam
1228 5603 1396 5675 iuste
1426 5602 1766 5673 decernant,
1802 5601 1939 5659 ﬁnis
1970 5619 2113 5662 vero

458 5710 656 5754 causa:
687 5694 759 5751 ad
779 5708 985 5769 papam
1010 5692 1329 5750 deferatur.

2240 4722 2296 4774 et
2325 4719 2384 4773 in
2416 4734 2480 4773 re
2510 4718 2687 4773 dubia
2719 4721 2877 4772 certa
2908 4733 3025 4772 non
3053 4718 3225 4772 detur
3246 4716 3561 4785 sententia,
3597 4714 3653 4768 et
3677 4710 3871 4765 absens
3942 4746 3947 4753 .

2239 4823 2412 4863 nemo
2437 4806 2760 4879 judicetur.

2309 4896 2397 4950 5'7.
2432 4896 2516 4950 De
2549 4896 2643 4950 bis
2673 4895 2773 4967 qui
2803 4911 2917 4950 non
2948 4898 3201 4965 possunt
3243 4909 3533 4949 accusare
3562 4890 3871 4962 episcopos:

2239 4987 2296 5040 et
2324 4985 2481 5056 quod
2513 5000 2631 5040 non
2662 4985 2913 5039 debeant
2935 4984 3199 5054 episcopi
3221 4988 3355 5038 ante
3380 4976 3870 5053 reintegrationem

2241 5075 2494 5128 omnium
2526 5088 2725 5127 rerum
2756 5088 2997 5127 suarum
3029 5072 3100 5126 ad
3132 5071 3363 5143 objecta
3407 5068 3779 5141 respondere.

2307 5161 2395 5217 58.
2431 5163 2507 5216 Ut
2538 5177 2647 5215 nec
2679 5161 2815 5215 falsi
2846 5177 2956 5216 nec
2998 5161 3220 5215 inimici
3265 5175 3374 5215 nec
3406 5156 3668 5229 suspecti
3698 5147 3871 5208 susci-

2235 5251 2471 5320 piantur
2503 5251 2560 5304 in
2592 5250 2992 5304 accusatione.

2305 5340 2392 5393 59.
2433 5339 2506 5392 Ut
2537 5338 2596 5392 bi
2619 5338 2717 5408 qui
2744 5338 3046 5407 episcopis
3070 5336 3683 5406 criminaimpingunt,
3704 5339 3868 5400 perse

2232 5431 2400 5500 ipsos
2434 5428 2668 5495 faciant,
2704 5428 2758 5481 si
2790 5432 2984 5481 tamen
3013 5423 3576 5495 irreprehensibiles
3605 5419 3716 5492 ipsi
3747 5415 3868 5469 sint.

2304 5516 2393 5573 60.
2426 5517 2571 5571 Item
2627 5515 2700 5570 de
2743 5516 2840 5571 his
2868 5516 2969 5587 qui
3018 5516 3089 5571 ad
3131 5512 3572 5570 accusationem
3612 5523 3725 5565 non
3760 5501 3877 5559 sunt

2234 5606 2595 5663 admittendi.

2301 5696 2391 5752 61.
2418 5696 2494 5751 Ut
2515 5711 2688 5753 nemo
2712 5695 2791 5752 sit
2819 5709 3090 5767 praeceps
3121 5694 3192 5751 ad
3210 5689 3635 5768 proferendam
3657 5684 3873 5743 senten-
