3948 6168
121 327 213 392 497
1057 317 1530 381 COLLEC’I‘IO
1565 315 2023 384 CONONICA.
2059 351 2132 362 -
2168 316 2327 380 LIB.
2362 317 2471 378 III.
3359 323 3483 387 498

112 527 239 594 tiam,
265 522 347 578 vel
372 521 581 592 passim
601 518 772 574 dictis
800 517 1265 574 credendumvel
1285 515 1698 589 judicandum,
1729 501 1786 564 Α
1883 516 1972 572 86.
2007 517 2090 573 De
2107 519 2428 574 accusandi
2447 521 2918 596 testiﬁcandiquo
2939 525 3189 597 licentia,
3217 531 3470 601 quando,

112 619 188 669 aut
226 611 579 667 damnandum
608 624 961 682 quemquam
993 610 1124 663 ante
1146 623 1346 662 veram
1376 611 1434 662 et
1476 605 1705 678 justam
1815 610 1872 662 et
1908 606 2027 676 ubi,
2062 611 2117 661 et
2148 610 2462 678 quomodo.

111 701 473 774 probationem.

164 791 234 846 62.
265 789 331 844 Ut
364 787 498 843 nihil
529 789 727 842 contra
757 786 1076 858 quemlibet
1099 788 1442 840 accusatum
1472 785 1700 856 absque

112 880 323 952 legitimo
347 881 677 932 accusatore
706 877 824 931 ﬁat.

163 967 231 1022 63.
257 966 409 1030 Quod
435 969 747 1020 accusatus
768 965 1090 1036 episcopus
1113 979 1232 1021 non
1262 965 1571 1022 damnetur
1586 964 1701 1020 nisi

110 1055 372 1128 apostolica
414 1055 752 1110 auctoritate
781 1057 881 1110 aut
910 1056 1232 1110 eonfessus
1278 1059 1378 1110 aut
1421 1057 1703 1111 canonice

109 1146 382 1200 convictus.

158 1233 212 1288 tit
235 1233 308 1288 De
331 1232 526 1287 eadem
551 1245 634 1302 re,
667 1235 726 1286 et
754 1231 827 1287 de
857 1247 1100 1288 numero
1131 1232 1410 1304 legalium
1443 1233 1701 1288 testium.

151 1321 202 1377 65
223 1320 365 1386 Quod
383 1322 662 1376 sacerdos
691 1335 808 1376 non
835 1321 1012 1378 debet
1032 1320 1305 1394 judicare
1351 1337 1706 1394 quemquam

109 1411 192 1465 nisi
217 1410 532 1466 confessum
563 1414 662 1466 aut
690 1411 1049 1466 convictum.

1883 696 1972 752 8'7.
2006 697 2526 753 Commonitorium
2551 716 2715 771 papae
2747 699 3245 775 GregoriiJoanni
3277 709 3474 765 defen-

1816 786 2228 856 sori,qualiter
2256 804 2433 860 agere
2469 789 2679 844 debeat
2709 793 2781 844 de
2802 793 3155 863 quibusdam
3175 798 3473 868 episcopis

1816 874 2036 946 injuste
2067 876 2376 946 damnatis,
2408 881 2465 931 et
2486 881 2850 950 presbyteris
2881 884 3256 953 quibusdam,
3289 890 3345 940 et
3363 903 3473 942 cae-

1817 965 1981 1018 teris.

1887 1053 1976 1108 88.
2018 1054 2102 1109 De
2131 1054 2419 1110 Dioscoro
2449 1057 2752 1128 episcopo.

1887 1142 1976 1197 89.
2009 1143 2092 1198 De
2113 1145 2483 1199 damnatione
2508 1146 2779 1201 Dioscori
2797 1149 3082 1220 episcopi,
3104 1151 3204 1221 qui
3227 1155 3472 1208 vocatus

1813 1232 1887 1285 ad
1909 1232 2202 1302 synodum
2235 1234 2419 1287 noluit
2448 1235 2671 1289 venire.

1884 1320 1972 1375 90.
2005 1320 2169 1385 Quod
2192 1323 2518 1376 Dioscorus
2545 1339 2661 1377 non
2693 1327 2787 1379 est
2814 1325 3123 1380 damnatus
3156 1332 3394 1399 propter
3411 1329 3472 1384 ﬁ-

1813 1409 1966 1478 dem,
2010 1411 2114 1463 sed
2155 1411 2292 1482 quia
2323 1412 2380 1466 in
2431 1412 2728 1468 dominum
2786 1431 2994 1485 papam
3043 1417 3300 1471 Leonem
3330 1417 3471 1472 fecit

156 1497 223 1553 66.
247 1499 321 1554 De
342 1499 861 1555 excommunicatis
902 1499 1057 1571 apud
1105 1498 1336 1555 vicinos
1382 1501 1702 1572 episcOpos
1811 1500 2500 1556 excommunicationem.

111 1587 374 1643 audiendis.

150 1676 216 1731 67.
245 1675 396 1740 Quod
424 1676 720 1734 damnatio
750 1677 845 1733 vel
868 1678 1164 1734 absolutio
1213 1677 1348 1750 ejus
1384 1678 1550 1734 irrita
1583 1683 1698 1749 est,

108 1763 236 1834 cujus
259 1781 420 1820 causa
467 1782 586 1821 non
615 1771 711 1822 est
739 1767 1037 1824 subtiliter
1057 1767 1404 1840 examinata,
1441 1773 1498 1823 et
1537 1768 1698 1839 quod

1878 1587 1968 1642 91.
2001 1587 2079 1642 Ut
2098 1591 2380 1643 memoria
2413 1590 2753 1661 Eutychetis
2773 1593 3101 1664 damnetur,
3125 1599 3180 1648 et
3203 1594 3468 1649 Flaviani

1808 1678 2167 1731 venerabilis
2202 1679 2535 1734 recordatio
2566 1681 3003 1752 magniﬁcetur.

1877 1764 1966 1820 92.
2010 1767 2093 1820 De
2123 1767 2491 1822 damnatione
2521 1768 2781 1840 Macarii,
2835 1771 3295 1840 praesidentibus
3358 1773 3473 1829 Ro-

107 1856 289 1923 prOpter
304 1855 578 1910 extortam
607 1856 1052 1912 confessionem
1083 1856 1345 1912 damnari
1367 1857 1566 1912 nullus
1597 1857 1700 1912 de-
1733 1877 1788 1940 Β
1810 1869 1998 1909 manas
2029 1855 2316 1910 Ecclesiae
2338 1858 2807 1927 appocrisiariis.

107 1939 190 1995 bet.

1879 1943 1968 1999 93.
2003 1944 2086 1999 De
2104 1946 2403 2016 episcOpis
2420 1963 2450 1998 a
2483 1947 2640 2002 Julio
2657 1964 2805 2019 papa
2819 1950 3130 2019 restitutis,
3151 1955 3209 2005 et
3231 1951 3470 2006 Liberio

152 2028 218 2084 68.
240 2028 384 2094 Quod
422 2033 479 2090 in
527 2033 961 2090 ecclesiasticis
1008 2035 1286 2108 negotiis,
1339 2035 1498 2090 dicta
1523 2035 1699 2090 etiam
1810 2033 1870 2086 in
1900 2034 2176 2088 exsilium
2198 2035 2554 2106 relegato,et
2577 2036 2773 2091 Felice
2793 2054 2897 2106 pro
2930 2053 3000 2092 eo
3025 2042 3397 2094 consecrato.

105 2132 256 2186 causa,
284 2121 551 2178 recedere
595 2123 736 2178 licet
763 2139 832 2178 ac
863 2123 1104 2180 diﬂ‘erre
1134 2124 1189 2179 si
1218 2139 1472 2180 necesse
1494 2123 1691 2195 fuerit,

107 2206 182 2260 sed
204 2207 254 2262 in
277 2211 658 2268 saecularibus
691 2213 949 2269 minime.

145 2293 209 2349 69.
243 2298 390 2362 Quod
418 2302 686 2358 accusati
716 2302 868 2357 alios
898 2302 1202 2359 criminari
1244 2317 1364 2358 non
1418 2304 1694 2374 possunt,

101 2382 183 2438 nisi
206 2389 347 2456 prius
376 2392 685 2464 expurgati
703 2391 939 2448 fuerint.

149 2471 214 2528 70.
249 2477 314 2531 Ut
338 2494 502 2535 nemo
517 2481 703 2535 simul
724 2481 804 2536 sit
818 2483 1151 2552 accusator,
1174 2481 1388 2553 judex,
1421 2483 1479 2535 et
1495 2480 1691 2548 testis,

104 2562 179 2618 sed
199 2565 390 2638 singuli
418 2569 534 2624 sint
562 2585 675 2640 per
703 2585 772 2624 se
802 2570 1018 2626 idonei.

150 2653 216 2707 Ἡ.
241 2654 364 2709 Item
393 2656 460 2712 de
491 2657 588 2712 his
618 2659 721 2729 qui
752 2674 1038 2714 accusare
1054 2659 1400 2714 sacerdotes
1430 2673 1547 2713 non
1566 2672 1697 2728 pos-

104 2744 213 2807 sunt;
248 2748 299 2798 ut
325 2747 572 2818 quisque
605 2749 928 2820 episcopus
985 2749 1043 2822 in
1077 2766 1187 2804 sua
1228 2749 1500 2803 audiatur
1551 2763 1694 2817 pro-

105 2831 260 2898 vincia,
285 2840 334 2889 et
361 2837 430 2892 de
459 2837 736 2892 libertate
767 2837 1195 2908 appellationis.

150 2917 215 2973 72.
249 2921 314 2977 Ut
341 2926 525 2980 omnis
546 2927 853 2981 accusatio
885 2928 1036 2981 intra
1049 2927 1413 2996 provinciam
1427 2926 1696 2982 termine-

102 3009 180 3070 tur,
198 3009 291 3064 nisi
309 3013 477 3069 sedes
491 3015 827 3085 apostolica
859 3017 1146 3088 appellata
1176 3015 1372 3071 fuerit.

149 3095 213 3150 73.
241 3099 310 3154 De
334 3103 535 3158 eadem
568 3120 640 3160 re

1877 2121 1969 2178 94.
1989 2121 2155 2187 Quod
2178 2124 2466 2196 Agapitus
2499 2140 2646 2196 papa
2671 2127 2962 2197 synodum
2993 2133 3194 2181 contra
3218 2127 3477 2198 Theopa—

1809 2211 2034 2267 schitas
2047 2211 2549 2284 Constantinopoli
2567 2215 2906 2284 celebravit,
2926 2217 2981 2269 in
2998 2232 3115 2287 quo
3131 2217 3473 2271 Anthimnm

1809 2301 2084 2369 deposuit
2112 2303 2168 2355 et
2197 2301 2468 2356 Mennam
2491 2305 2883 2358 consecravit.

1877 2389 1966 2444 95.
1999 2388 2323 2460 Quodpapa
2337 2385 2590 2462 Vigilius
2623 2393 2778 2447 venit
2798 2392 3387 2463 Constantinopolim,
3413 2395 3470 2448 et

1810 2477 2080 2532 Mennam
2121 2481 2670 2535 excommunicavit.

1878 2565 1968 2622 96.
1994 2568 2078 2622 De
2111 2569 2380 2623 conciliis
2411 2585 2483 2623 ex
2513 2570 2834 2640 apostolica
2865 2569 3209 2626 auctoritate
3227 2585 3474 2644 congre-

1807 2657 1962 2728 gatis
1994 2661 2198 2712 contra
2228 2657 2500 2713 diversas
2532 2659 2826 2714 hmreses.

1875 2745 1965 2800 9'7.
1989 2745 2155 2810 Quod
2174 2763 2321 2818 papa
2342 2748 2768 2803 defensoribus
2780 2747 3051 2819 adjunxit
3068 2745 3467 2820 regionarium

1807 2833 2114 2904 honorem,
2148 2840 2204 2890 et
2224 2840 2286 2890 ut
2318 2837 2468 2892 inter
2496 2838 2748 2892 clericos
2782 2838 3079 2892 sederent.

1877 2923 1966 2993 98,
2000 2923 2140 2978 Item
2171 2926 2326 2996 quod
2355 2941 2504 2996 papa
2525 2926 2854 2997 Gregorius
2880 2926 3146 2981 Romano
3165 2926 3468 2983 defensori

1807 3012 2041 3066 adauxit
2071 3013 2375 3068 honorem.

1875 3099 1964 3155 99.
1997 3101 2163 3165 Quod
2194 3103 2457 3172 episcopi
2486 3103 2850 3173 quiRomam
2882 3106 3282 3157 convenerant
3304 3103 3380 3158 ob
3398 3117 3466 3157 ea

150 3190 198 3248 Ἠ
222 3193 285 3250 Ut
298 3199 633 3271 episcopus,
667 3206 1028 3274 congregata
1059 3201 1318 3272 legitime
1335 3199 1586 3271 synodo,
1620 3200 1692 3253 ab
1727 3231 1780 3274 η
1807 3205 1941 3261 quas
1953 3190 2306 3262 Symmacho
2328 3205 2494 3261 papa:
2515 3192 2588 3244 ab
2603 3191 2966 3245 adversariis
2988 3191 3354 3262 dicebantur,
3375 3207 3470 3246 no-

105 3281 312 3338 omnihus
323 3289 916 3358 comprovincialibus
929 3290 1222 3358 audiatur,
1243 3289 1692 3343 είδοουεαιοι-οε
1731 3278 1778 3294 "
1805 3278 2041 3333 luerunt
2062 3279 2121 3333 in
2140 3279 2301 3333 illum
2317 3280 2667 3334 sententiam
2686 3279 2972 3350 proferre,
2990 3280 3097 3334 sed
3122 3280 3223 3334 Dei
3242 3279 3467 3351 judicio

101 3363 283 3439 legitimi
311 3379 460 3441 sunt;
494 3377 842 3445 sinautem,
875 3392 992 3432 non
1023 3377 1306 3449 fatigetur
1346 3379 1688 3432 accusatus.
1807 3369 2387 3424 commendaverunl-

150 3456 216 3511 '15.
241 3460 306 3515 Ut
329 3463 505 3534 judex
525 3470 663 3521 ante
695 3482 864 3520 suam
882 3482 997 3520 non
1025 3466 1286 3536 proferat
1317 3466 1689 3533 sententiam,
1876 3457 2000 3512 100.
2025 3457 2109 3512 De
2130 3459 2546 3531 congreganda
2569 3459 2796 3531 synodo
2819 3457 3467 3514 inChaleedonensium

104 3559 228 3614 quam
250 3557 542 3608 accusatus
576 3555 709 3626 ipse
740 3560 837 3610 aut
868 3555 1232 3624 conﬁteatur,
1255 3553 1530 3626 autjuste
1561 3570 1692 3610 con-
1807 3545 2063 3602 ciVitate.

1879 3636 2002 3691 101.
2033 3635 2201 3701 Quod
2229 3637 2620 3709 imperatores
2641 3638 2716 3693 ad
2745 3637 3234 3693 Chalcedonense
3258 3637 3466 3692 conci-

1806 3723 1949 3780 lium
1980 3732 2385 3782 convenerunt
2414 3743 2531 3782 non
2569 3727 2640 3781 ad
2673 3729 2987 3797 potentiam
3019 3727 3464 3798 ostendendam,

1808 3815 1915 3869 sed
1947 3815 2022 3869 ob
2052 3815 2226 3871 fidem
2258 3815 2739 3872 confirmandam.

1879 3901 2003 3959 102.
2035 3905 2111 3959 Ut
2141 3907 2194 3959 si
2233 3907 2369 3976 quis
2387 3906 2546 3962 litem
2566 3907 2791 3961 habens
2809 3905 3096 3978 judicium
3113 3906 3331 3976 expetit
3349 3905 3471 3976 epi-

1807 4007 2146 4065 scOporum,
2183 4011 2318 4049 mox
2355 3995 2437 4048 illi
2469 3997 2844 4064 concedatur;
2877 3999 2934 4049 et
2965 3996 3122 4066 quod
3156 3995 3237 4048 illi
3266 3995 3468 4049 ﬁrma-

1810 4083 2001 4138 verint
2020 4083 2218 4138 nullus
2231 4084 2440 4137 audeat
2460 4083 2486 4154 j
2498 4084 2652 4139 udex
2674 4087 3014 4138 retractare.

1881 4171 2002 4226 103.
2039 4172 2115 4226 Ut
2131 4172 2464 4242 episcopiet
2486 4173 2684 4226 caeteri
2707 4173 2947 4226 ordines
2979 4171 3374 4226 ecclesiastici
3394 4173 3466 4226 ad

1808 4260 2077 4333 publicas
2107 4260 2274 4333 leges
2304 4277 2422 4316 non
2453 4261 2884 4332 pertrahantur.

105 3643 326 3694 meatur.

150 3719 218 3777 '16.
236 3724 298 3780 Ut
323 3727 379 3782 in
405 3731 684 3785 omnibus
713 3730 1030 3804 diligenter
1079 3730 1411 3802 inquiratur
1465 3729 1687 3802 causis,

105 3824 198 3876 qua
211 3814 328 3884 sint,
357 3821 668 3889 quomodo,
691 3822 898 3892 quales
933 3822 1072 3876 sint.

149 3897 215 3955 'l'l.
241 3903 313 3958 De
330 3906 578 3964 illatione
627 3909 913 3976 criminis,
974 3915 1030 3964 et
1081 3913 1392 3964 accusator
1441 3909 1525 3964 rei
1561 3925 1689 3980 pm-

105 4000 197 4041 nam
213 3991 459 4067 incurrat,
493 3998 594 4068 qui
627 3999 784 4068 quod
806 3999 1025 4070 objecit
1054 3999 1304 4068 probare
1335 4014 1452 4054 non
1482 3999 1687 4068 potuit.

150 4074 216 4130 78.
243 4080 308 4136 Ut
330 4087 648 4154 provinciae
676 4103 822 4142 suos
855 4088 1108 4144 habeant
1133 4088 1393 4159 judices,
1413 4087 1529 4142 nisi
1542 4102 1690 4157 papa

105 4161 225 4220 aliter
248 4172 491 4232 voluerit.

151 4252 301 4312 79.0
333 4263 620 4320 adversus
665 4265 1010 4336 episcopum
1061 4282 1234 4322 nemo
1292 4269 1692 4338 conqueratur

106 4340 225 4404 Pﬁus
249 4364 402 4418 quam
419 4369 551 4409 eum
584 4355 950 4410 familiariter
979 4357 1311 4413 conveniat.
1879 4351 2002 4405 104.
2039 4351 2114 4405 Ut
2143 4350 2651 4404 administratores
2692 4351 3070 4404 saecularium
3114 4349 3466 4422 dignitatum

151 4426 218 4485 80.
252 4435 316 4491 Ut
341 4443 598 4514 episcopi
632 4446 761 4499 suis
782 4446 1029 4501 sedibus
1048 4445 1177 4501 sine
1211 4445 1535 4515 apostolica
1555 4460 1688 4500 auc-
1805 4441 1943 4495 dum
1961 4440 2034 4494 ab
2047 4440 2346 4512 episcOpis
2365 4439 2862 4494 etecclesiasticis
2877 4441 3027 4494 viris
3045 4441 3318 4495 conventi
3342 4440 3466 4494 fue-

106 4515 278 4578 toritate
303 4531 520 4600 expulsi
553 4534 958 4604 restituantur,
993 4540 1046 4590 et
1079 4539 1216 4591 tunc
1249 4535 1502 4607 objectis
1556 4549 1690 4588 res-
1728 4585 1782 4607 ἢ
1804 4530 1939 4600 rint,
1991 4529 2390 4601 querimonias
2423 4545 2628 4585 eorum
2658 4530 2974 4602 diligenter
3029 4531 3377 4585 examinent'
3409 4517 3482 4584 et:

105 4607 346 4668 Pondeant.
366 4617 468 4682 Qui
500 4637 642 4676 vero
672 4622 800 4677 loca
859 4639 1064 4678 eorum
1093 4623 1580 4692 subintraverint,
1615 4624 1688 4678 ab
1728 4607 1784 4648 υ
1806 4620 2124 4691 corrigam.

107 4694 296 4754 ecclesia
324 4715 647 4764 arceantur.
1878 4709 1998 4762 105.
2035 4709 2106 4764 Ut
2141 4709 2430 4779 praesides
2451 4710 2675 4764 litteras
2698 4708 2987 4779 accipiaut
3008 4709 3466 4764 communicato-

156 4781 622 4866 81~Quodjudices
637 4803 1086 4856 etaccusatores
1109 4800 1453 4871 suspicione
1476 4801 1692 4857 debent
1806 4801 1930 4854 rias
1961 4814 2093 4854 cum
2123 4799 2376 4870 promoti
2408 4798 2644 4868 fuerint,
2678 4802 2733 4852 et
2751 4800 2869 4853 sint
2898 4799 3013 4853 sub
3037 4803 3178 4852 eura
3198 4796 3465 4869 epiScopi

112 4882 276 4961 Carere.
1805 4890 1863 4944 in
1895 4889 2069 4961 cujus
2089 4889 2216 4943 loco
2249 4889 2632 4958 praesidatum
2662 4893 2895 4959 gerunt.

114 5042 120 5049 .
155 4958 223 5015 82i
245 4965 388 5031 Quod
415 4975 489 5030 ita
518 4994 742 5034 nocens
784 4979 1075 5051 judicium
1107 4979 1490 5052 subterfugit,
1536 4980 1692 5034 sicut
1877 4958 1997 5033 100.
2029 4977 2205 5043 Quod
2234 4978 2513 5048 Spiritum
2559 4958 2828 5032 sanctum
2873 4977 3306 5048 blasphemant,
3353 4979 3456 5049 qui

111 5057 330 5137 ¹¹³¹³⁰οθηε
357 5066 611 5136 Γθίῖυίτίῑ-
1805 5072 2008 5123 contra
2039 5082 2298 5122 canones
2329 5071 2572 5137 poterve
2601 5069 2805 5137 aqunt.

156 5136 223 5194 33.
248 5143 390 5205 Sicut
415 5170 579 5210 nemo
602 5157 773 5212 debet
805 5158 1110 5229 sinejusto
1147 5158 1373 5230 judicio
1400 5159 1685 5226 damnari,
1881 5156 2000 5210 109.
2036 5157 2118 5209 De
2148 5136 2351 5210 eadem
2372 5171 2458 5210 re.

116 5229 180 5284 Sic
206 5251 312 5304 I{uae
333 5241 484 5310 juste
507 5246 766 5317 judicata
797 5250 933 5301 sunt
963 5264 1080 5302 non
1110 5229 1326 5302 debent
1357 5247 1599 5301 differri.
1880 5244 2002 5301 108.
2035 5246 2120 5301 De
2151 5245 2385 5300 Liberio
2415 5261 2581 5315 papa,
2615 5246 2672 5299 et
2697 5244 3095 5301 admonitione
3119 5246 3253 5319 ejus
3278 5245 3377 5319 (3).

162 5321 228 5377 84.
251 5329 390 5392 Quod
417 5334 470 5386 in
474 5334 698 5405 justum
721 5334 1013 5405 judicium
1044 5339 1100 5390 et
1133 5336 1392 5390 definitio
1425 5335 1687 5406 alicujus
1879 5333 2000 5388 199.
2029 5335 2109 5388 lle
2128 5335 2340 5388 exsilio
2363 5333 2579 5388 Liberii
2600 5349 2785 5404 papae,
2805 5338 2862 5389 et
2883 5333 3080 5390 Felice
3102 5336 3237 5409 ejus
3255 5341 3455 5396 consi-

119 5414 308 5496 Potentis
336 5427 476 5476 metu
496 5425 585 5478 vel
606 5424 786 5496 jussu
815 5425 1078 5479 ordinata
1110 5440 1228 5480 non
1260 5425 1436 5479 valet.
1807 5425 1882 5479 lio
1913 5425 2198 5479 ordinato.

163 5495 228 5554 85.
251 5503 390 5569 Quod
418 5527 528 5568 non
559 5495 693 5568 licet
749 5513 1084 5583 imperatori
1117 5513 1436 5584 quidquam
1467 5527 1676 5584 agere,
1879 5513 1998 5571 110.
2034 5513 2116 5566 De
2147 5512 2425 5567 canonica
2439 5513 2808 5569 damnatione
2840 5515 3122 5572 Nestorii.

119 5590 228 5675 quod
251 5600 558 5663 apostolicis
589 5604 816 5675 regulis
845 5603 1210 5658 contrarium
1241 5604 1340 5658 sit.

165 5673 216 5732 86
237 5679 428 5758 Nempe
447 5673 787 5749 allocutione
816 5691 952 5764 ejus
981 5692 1054 5747 ad
1087 5693 1314 5749 clerum
1338 5694 1684 5750 Romanum.
