3948 6168
420 305 544 369 499

496 501 619 556 111.
646 501 726 554 De
758 500 982 554 Joanne
1017 498 1339 553 Antiocheo
1374 502 1427 552 et
1452 498 1750 569 episcopis
1784 514 1932 568 quos
1965 498 2091 566 ipse
2119 479 2175 540 Α

424 591 647 663 injuste
679 590 996 643 damnavit.

499 680 619 734 112.
644 679 870 745 Quibus
924 679 1249 732 canonibus
1306 677 1401 730 vel
1446 678 1669 748 regulis
1710 675 2095 746 judicandum

426 769 525 824 sit.

1463 301 1529 362 S.
1575 298 1950 360 ANSlLLMI
2004 297 2407 361 LUCENSIS
2460 297 2843 377 EPISCOPI
3714 302 3814 366 500

2282 495 2398 551 I13.
2436 498 2518 552 De
2550 498 2785 551 clericis
2817 515 2848 552 a
2877 498 3269 555 secularibus
3291 516 3410 555 non
3433 499 3751 573 fatigandis.

2275 583 2396 639 114.
2434 586 2515 640 De
2548 587 2750 641 eadem
2788 603 2873 641 re.

2273 675 2394 729 115.
2428 674 2593 740 Quod
2617 678 3163 737 excommunicatus
3192 678 3263 731 ad
3284 679 3717 733 accusationem
3747 680 3835 734 ad-

2198 764 2340 817 mitti
2375 780 2491 819 non
2523 765 2715 819 debet.

1488 946 1985 1027 CAPITULA
2050 944 2314 1022 LIBRI
2374 947 2575 1036 QUA
2610 947 2802 1037 RTI,

1583 1084 1693 1150 Qui
1723 1090 1815 1139 est
1841 1083 1915 1137 de
1940 1079 2295 1136 auctoritate
2317 1082 2706 1156 privilegium

500 1230 552 1284 1.
588 1194 1024 1300 Utiprivilegia
1056 1229 1444 1283 ecclesiarum
1474 1236 1530 1283 et
1588 1224 2087 1282 monasterorium
2113 1201 2168 1264 Β
2271 1223 2358 1279 2-1.
2392 1225 2752 1298 Utcpiscopi
2793 1242 2896 1297 per
2975 1227 3266 1282 ecclesias
3324 1227 3581 1283 clericos
3638 1228 3833 1283 ordinet

430 1318 711 1379 inviolata
741 1321 1143 1388 permaneant.

462 1458 469 1465 .
492 1405 737 1471 2.Οιιο(1
758 1407 1072 1477 privilegia
1090 1406 1480 1461 ecclesiarum
1504 1409 1559 1460 et
1576 1405 2093 1471 monasteriorum,
2167 1413 2178 1428 °

434 1496 777 1550 auctoritate
809 1502 1151 1550 sanctorum
1188 1496 1422 1549 Patrum
1442 1497 1730 1562 instituta,
1751 1511 1863 1548 non
1884 1493 2098 1548 debent

436 1585 808 1654 improbitate
842 1585 1093 1638 convelli
1114 1587 1211 1638 aut
1238 1585 1494 1639 novitate
1518 1585 1750 1637 mutari.

510 1671 562 1727 3.
596 1674 761 1737 Quod
791 1673 1165 1744 privilegium
1215 1680 1473 1728 meretur
1516 1673 1780 1727 amittere
1813 1672 1910 1742 qui
1961 1686 2100 1740 per-

433 1763 622 1816 missa
654 1762 769 1815 sibi
800 1762 1060 1816 abutitur
1090 1765 1399 1831 potestate.

497 1850 550 1903 4.
582 1850 749 1913 Quod
806 1854 999 1905 contra
1051 1852 1418 1906 sacerdotale
1447 1851 1813 1920 propositum
1845 1852 1934 1905 est
1967 1865 2095 1903 mo-

433 1955 505 1993 na
525 1939 691 1994 sterii
715 1940 1027 2010 privilegia
1063 1940 1443 2006 confundere,
1466 1945 1520 1993 et
1540 1939 1795 2009 quietem
1819 1936 1952 2008 ejus
1975 1954 2104 2007 per-

437 2028 704 2083 turbare.

509 2117 562 2169 5.
598 2116 673 2170 Ut
722 2117 1034 2187 privilegia
1065 2120 1120 2171 et
1150 2117 1553 2171 ordinationes
1597 2133 1730 2187 quae
1763 2133 1909 2187 papa
1947 2133 2107 2186 pra;-

446 2210 614 2260 sente
670 2208 809 2259 sunt
865 2205 1192 2275 dispositae,
1249 2223 1283 2259 a
1340 2206 1500 2260 nullo
1561 2207 1964 2260 convellantur
2013 2207 2107 2261 vel

441 2295 760 2349 mutentur.

511 2383 564 2437 6.
597 2382 765 2447 Quod
795 2398 946 2454 papa
978 2385 1133 2437 sicut
1164 2399 1291 2437 suae
1327 2384 1601 2438 ecclesiae
1647 2384 1977 2455 privilegia,
2032 2384 2108 2438 ita

442 2472 814 2543 singularum
847 2472 1022 2527 debet
1052 2472 1441 2527 ecclesiarum
1467 2471 1604 2543 jura
1658 2472 1979 2527 defendere
2037 2490 2104 2526 ac

440 2575 709 2615 servare.

510 2648 564 2702 '7.
606 2649 681 2703 Ut
712 2663 779 2703 ea
801 2664 935 2719 quae
960 2650 1035 2704 ob
1055 2649 1366 2720 religionis
1387 2650 1641 2720 quietem
1673 2650 1936 2705 ordinata
1968 2654 2107 2706 sunt

440 2753 555 2792 nsn
577 2737 890 2792 violentur.

511 2825 564 2881 8.
597 2826 674 2880 Ut
704 2826 1060 2881 monasteria
1083 2825 1283 2881 nullus
1305 2829 1509 2881 contra
1527 2827 1885 2882 voluntatem
1906 2826 2107 2882 funda-

439 2914 591 2970 toris
613 2914 727 2968 sibi
760 2915 1042 2969 vindicet.

510 3003 564 3058 9.
597 3003 676 3058 Ut
704 3005 889 3058 semel
920 3004 1186 3058 ordinata
1228 3005 1383 3059 nulla
1419 3004 1818 3076 refragatione
1865 3006 2105 3061 turben-

440 3095 554 3147 tur.

511 3181 599 3235 10.
644 3181 720 3237 Ut
747 3181 1390 3253 Constantinopolitana
1418 3183 1629 3238 civitas
1663 3200 1832 3239 suam
1889 3184 2103 3239 habeat

440 3270 693 3340 gloriam
723 3275 780 3326 et
799 3289 918 3328 non
948 3272 1167 3327 ambiat
1195 3273 1473 3329 alienam.

512 3359 604 3415 11.
637 3360 713 3415 Ut
741 3362 1126 3431 imperatores
1159 3362 1435 3416 obediant
1456 3363 1783 3431 episcopis.

514 3448 601 3502 12.
636 3449 712 3503 Ut
740 3449 1128 3519 imperatores
1159 3450 1412 3504 habeant
1448 3450 1762 3521 privilegia
1812 3450 1966 3522 legis
1990 3465 2104 3520 pu-

440 3534 635 3604 blicae,
665 3540 722 3590 et
752 3538 1095 3591 sacerdotes
1127 3538 1381 3592 habeant
1410 3537 1834 3607 dispositiones
1866 3540 2104 3594 univer-

444 3639 645 3678 sarum
676 3625 1086 3679 ecclesiarum.

514 3710 600 3768 13.
635 3713 710 3768 Ut
739 3712 938 3767 clerici
969 3714 1098 3768 suis
1132 3713 1313 3767 rebus
1344 3714 1593 3768 licenter
1612 3715 1926 3785 gaudeant.

514 3800 601 3854 14.
648 3799 726 3854 Ut
755 3800 961 3856 ﬁdeles
984 3800 1302 3856 Christiani
1332 3804 1612 3872 perpetua
1643 3805 1967 3859 securitate
1999 3821 2105 3875 po-

440 3889 682 3944 tiantur.

514 3977 602 4033 15.
636 3978 714 4034 Ut
732 3979 1012 4034 custodes
1043 3995 1352 4035 sacrorum
1387 3980 1650 4037 locorum
1684 3982 1901 4038 uullam
1933 3982 2107 4039 mole-

442 4066 615 4122 stiam
645 4069 1001 4124 sustineant.

512 4154 599 4212 16.
627 4157 704 4213 Ut
729 4158 1041 4231 privilegia
1072 4159 1353 4215 ecclesiis
1401 4159 1553 4214 facta
1583 4164 1965 4231 permaneant
2010 4161 2104 4216 in-

438 4243 681 4302 violata.

511 4334 599 4390 17.
633 4336 716 4392 De
748 4337 953 4392 eadem
982 4354 1068 4392 re.

512 4424 600 4480 18.
635 4426 710 4480 Ut
720 4426 1030 4498 privilegia
1048 4427 1321 4483 ecclesiae
1339 4428 1436 4498 qui
1459 4427 1769 4483 violaverit
1790 4428 2102 4484 duodecim

437 4512 627 4569 libras
655 4515 786 4567 auri
816 4508 1140 4583 persolvat.

511 4602 598 4656 19.
642 4602 1030 4674 Privilegium
1080 4604 1455 4674 imperatoris
1514 4606 1585 4658 de
1659 4605 2102 4661 venerabilibus

434 4691 609 4748 locis.

506 4780 595 4837 20.
620 4782 763 4836 Item
790 4781 1168 4853 privilegium
1222 4783 1292 4836 de
1320 4782 1591 4837 libertate
1644 4782 2000 4837 clericorum
2031 4799 2101 4838 ac

436 4872 884 4927 monachorum.

508 4961 596 5014 21.
624 4961 764 5015 Item
784 4960 859 5015 be
886 4960 1105 5031 quibus
1124 4960 1585 5016 necessitatibus
1609 4959 1886 5015 ecclesiae
1901 4961 2106 5033 singu-

434 5047 627 5102 larum
648 5051 882 5105 urbium
913 5049 1168 5104 habeant
1197 5050 1619 5104 immunitates.

507 5136 596 5191 22.
632 5137 707 5191 Ut
736 5155 906 5193 nemo
925 5140 1218 5194 audeatab
1234 5138 1511 5193 ecclesiis
1532 5138 2100 5209 quomodolibettol-

435 5224 561 5280 lere
591 5241 734 5280 vasa
765 5242 936 5281 sacra
960 5228 1051 5282 vel
1088 5231 1287 5283 vestes
1311 5244 1420 5282 seu
1439 5232 1652 5283 caetera
1666 5228 1928 5283 donaria.

508 5310 597 5367 23.
645 5313 721 5368 Ut
751 5319 1097 5384 procurator
1151 5318 1473 5386 provinciae
1528 5316 1761 5386 capitali
1799 5317 2092 5372 sententia

436 5401 695 5455 vindicet
720 5401 970 5473 injurias
992 5421 1123 5475 quae
1144 5406 1418 5461 ecclesiis
1433 5407 1524 5461 vel
1552 5405 1981 5461 ecclesiasticis
2003 5406 2095 5459 vi-

434 5491 519 5545 ris
553 5491 959 5561 importantur.

503 5666 579 5739 (4)
608 5664 718 5739 Est
747 5665 1001 5739 diploma
1036 5667 1315 5739 Ludovici
1350 5667 1742 5737 imperatoris.

2132 4250 2186 4310 D

2201 1317 2485 1386 quotquot
2518 1317 2839 1386 unicuique
2862 1316 3137 1371 videntur
3167 1319 3525 1386 competere.

2273 1403 2361 1459 25.
2396 1404 2471 1458 Ut
2503 1420 2674 1459 nemo
2723 1404 2795 1459 de
2828 1405 2942 1459 fide
2965 1404 3307 1459 Christiana
3337 1405 3729 1475 quaestionem
3744 1421 3831 1460 au-

2204 1492 2335 1545 deat
2366 1493 2618 1561 amplius
2637 1509 2896 1562 inovere,
2920 1509 3054 1564 quae
3084 1493 3591 1549 reverentissimis
3613 1495 3827 1565 synodis

2204 1581 2546 1634 conﬁrmata
2578 1585 2690 1635 est.

2275 1684 2363 1740 26.
2400 1687 2476 1741 Ut
2504 1688 2601 1757 qui
2635 1688 3003 1759 promulgata
3043 1690 3117 1743 ab
3150 1689 3474 1758 apostolico
3520 1704 3630 1760 pro
3662 1690 3833 1744 catho-

2206 1775 2315 1829 lica
2348 1776 2461 1830 fide
2494 1779 2550 1830 et
2613 1776 3019 1832 ecclesiastica
3058 1777 3371 1849 disciplina
3414 1780 3826 1849 contempserit,

2208 1865 2614 1920 anathemasit.

2278 1953 2365 2007 2'7.
2402 1955 2484 2008 De
2510 1954 2716 2008 eadem
2762 1970 2846 2021 re,
2879 1957 2937 2010 et
2973 1955 3131 2026 quod
3164 1956 3544 2028 privilegium
3590 1958 3841 2012 statutum

2209 2047 2303 2096 est
2332 2042 2573 2097 Christi.

2280 2129 2368 2184 28.
2413 2131 2489 2185 Ut
2518 2146 2633 2186 non
2656 2133 2828 2187 liceat
2849 2134 3176 2203 apostolico
3195 2135 3416 2204 praedia
3437 2135 3711 2190 ecclesia
3733 2150 3845 2204 per-

2211 2222 2522 2289 petuatiter
2539 2221 2795 2275 alienare
2819 2223 2909 2276 vel
2943 2227 3324 2293 commutare,
3357 2224 3474 2278 nisi
3495 2224 3647 2278 forte
3666 2224 3848 2278 domus

2214 2307 2379 2362 urbis
2410 2324 2515 2377 pro
2539 2309 2773 2364 elerieis
2796 2315 2851 2364 et
2882 2311 3132 2381 captivis
3155 2316 3211 2365 et
3229 2313 3591 2383 peregrinis.

2284 2394 2372 2450 29.
2406 2396 2484 2450 Ut
2512 2398 2712 2452 eadem
2744 2397 2878 2471 lege
2910 2400 3111 2454 caeteri
3135 2401 3419 2471 [episcopi
3448 2404 3508 2456 et
3535 2400 3845 2472 presbyteri

2216 2485 2702 2557 constringantur
2730 2503 2845 2558 qua
2877 2504 3147 2543 summus
3164 2489 3450 2558 pontifex.

2284 2573 2371 2627 30.
2409 2574 2484 2628 Ut
2514 2574 2824 2647 privilegia
2854 2577 3095 2649 triginta
3125 2593 3314 2632 annos
3341 2593 3684 2648 possessas
3710 2578 3843 2633 nullo

2216 2662 2593 2717 saecularium
2617 2664 3040 2719 subtrahantur
3072 2666 3164 2719 vel
3194 2665 3511 2721 violentur.

2282 2768 2372 2823 31.
2400 2770 2474 2824 Ut
2497 2785 2667 2825 nemo
2689 2771 3037 2841 patrimonia
3058 2772 3337 2827 Romanae
3378 2771 3664 2827 Ecclesiae
3700 2776 3849 2843 petat,

2215 2860 2272 2912 ct
2299 2858 2350 2912 si
2384 2859 2519 2930 quis
2553 2860 2995 2931 quomodolibet
3023 2861 3407 2931 subtraxerit,
3440 2861 3741 2916 anathema
3769 2863 3846 2916 sit.

2284 2945 2375 3002 82.
2411 2947 2554 3002 Item
2584 2948 2656 3002 de
2690 2949 2894 3003 eadem
2926 2964 3012 3004 re.

2285 3034 2374 3091 33.
2398 3035 2563 3101 Quod
2593 3035 3017 3093 Constantinus
3040 3038 3359 3108 imperator
3376 3055 3547 3111 papae
3578 3039 3853 3095 concessit

2216 3141 2493 3180 coronam
2514 3128 2572 3180 et
2603 3142 2835 3181 omnem
2855 3128 3081 3198 regiam
3113 3127 3457 3200 dignitatem
3487 3129 3546 3183 in
3576 3130 3719 3184 urbe
3748 3129 3850 3183 Ro-

2217 3230 2385 3268 mana
2418 3218 2474 3270 et
2504 3216 2562 3270 in
2584 3215 2746 3269 Italia
2769 3219 2825 3270 et
2854 3216 2915 3269 in
2943 3217 3212 3285 partibus
3243 3217 3728 3274 occidentalibus.

2287 3305 2374 3359 84.
2410 3304 2492 3359 De
2526 3305 2850 3373 provinciis
2873 3306 2930 3359 et
2943 3306 3281 3360 civitatibus
3309 3322 3461 3376 quas
3483 3308 3844 3378 imperatores

2222 3394 2501 3448 Romanae
2540 3392 2828 3447 Ecclesiae
2857 3398 3284 3450 concesserunt
3314 3398 3371 3449 et
3399 3400 3692 3466 prmeepto
3723 3411 3848 3451 con-

2222 3481 2599 3536 firmaverunt
2627 3481 2724 3551 (4).

2288 3570 2378 3624 35.
2412 3570 2494 3624 De
2522 3570 2727 3624 eadem
2762 3582 2825 3625 re
2858 3569 2956 3641 (5).

2288 3658 2377 3715 36.
2414 3658 2556 3714 Item
2587 3660 2657 3714 de
2688 3660 2894 3715 eadem
2924 3675 3009 3714 re.

2286 3747 2373 3803 37⁸
2408 3748 2670 3802 Utnemo
2700 3748 2859 3803 beati
2890 3748 3045 3802 Petri
3078 3748 3497 3819 proprietatem
3521 3749 3847 3821 usurpetval

2216 3837 2417 3891 sciens
2449 3837 2718 3905 occultat,
2743 3838 2837 3891 vel
2867 3836 3129 3891 debitum
3159 3852 3273 3891 non
3305 3837 3511 3893 reddat
3546 3840 3846 3895 servitium.

2285 3926 2374 3980 88.
2407 3925 2489 3980 De
2521 3926 2879 3980 discretione
2910 3925 3062 3980 inter
3091 3926 3353 3980 divinum
3379 3925 3483 3999 jus
3500 3932 3558 3981 et
3576 3927 3848 3998 publicum

2215 4031 2284 4069 ac
2313 4015 2538 4085 privata
2552 4015 2878 4069 commoda.

2288 4101 2376 4159 39.
2409 4103 2574 4169 Quod
2606 4103 2792 4173 prima
2823 4103 3000 4159 sedes
3030 4119 3063 4158 a
3086 4105 3245 4159 nullo
3270 4103 3709 4177 estjudicanda.

2287 4209 2376 4265 40.
2410 4210 2486 4265 Ut
2516 4210 2715 4265 nullus
2745 4224 2955 4281 regum
2994 4225 3312 4265 censuram
3342 4226 3631 4266 canonum
3656 4208 3848 4265 violari

2215 4300 2528 4369 permittat.

2282 4388 2370 4443 41.
2414 4388 2491 4443 Ut
2521 4404 2594 4442 ex
2622 4388 2859 4459 propria
2899 4388 3195 4442 dioecesia
3225 4387 3387 4444 clero
3417 4392 3474 4443 et
3504 4388 3709 4460 populo
3730 4386 3845 4457 epi-

2212 4477 2378 4548 scOpi
2411 4477 2727 4548 eligantur.

2278 4564 2366 4621 42.
2403 4566 2479 4621 Ut
2504 4581 2603 4620 res
2635 4566 2910 4621 ecclesiis
2942 4581 3251 4620 concessae
3268 4565 3489 4620 nullam
3506 4564 3835 4619 divisionem

2210 4655 2303 4709 vel
2331 4654 2621 4726 jacturam
2651 4655 2966 4725 patiantur.

2281 4761 2367 4816 43.
2401 4761 2568 4826 Quod
2598 4777 2746 4832 papa
2794 4760 2937 4831 petit
2969 4759 3083 4815 sibi
3138 4760 3210 4815 ab
3242 4761 3601 4831 imperatore
3636 4756 3847 4813 restitui

2202 4849 2340 4922 jura
2371 4853 2427 4903 et
2454 4850 2880 4920 possessiones
2915 4850 3199 4904 Romana
3221 4848 3530 4904 Ecclesia).

2279 4939 2368 4993 44.
2405 4940 2481 4994 Ut
2501 4938 2816 5009 unicuique
2847 4938 3123 4993 ecclesiae
3150 4954 3301 4993 suus
3332 4937 3526 4995 honor
3570 4940 3839 4992 servetur.

2278 5027 2367 5081 45.
2393 5028 2558 5093 Quod
2614 5027 2952 5082 Pannonica
3006 5026 3288 5082 dioecesis
3319 5026 3591 5097 deputata
3620 5029 3705 5081 est
3729 5023 3838 5094 pri-

2207 5116 2446 5189 vilegiis
2470 5116 2811 5187 apostolicae
2842 5115 3030 5170 sedis.

2277 5180 2365 5260 46v.
2399 5205 2476 5261 Ut
2506 5180 2823 5259 constituta
2856 5203 3200 5274 apostolicae
3244 5203 3407 5258 sedis
3439 5180 3837 5258 et'sanctorum

2202 5294 2444 5349 Patrum
2474 5292 3388 5365 irrefragabiliterobservantur.

2276 5401 2363 5457 47.
2407 5402 2548 5456 Item
2577 5401 2648 5455 de
2680 5400 2885 5455 eadem
2912 5416 2998 5456 re.

2272 5490 2360 5545 48.
2392 5490 2532 5546 Item
2565 5490 2637 5545 de
2669 5490 2872 5545 eadem
2905 5505 2988 5545 re.

502 5736 581 5811 (5)
608 5737 902 5794 Nimirum
932 5740 1073 5793 sunt
1100 5738 1413 5807 dlplomata
1430 5736 1446 5737 ί
1469 5739 1717 5794 Othonis
1738 5742 1794 5793 et
1841 5736 2084 5793 Henrici
2104 5737 2284 5807 impp.
