3948 6168
143 323 229 386 501
574 255 577 258 ν
762 330 775 336 ‘
1070 311 1538 375 COLLECTIO
1577 312 2030 376 CANONICA.
2077 349 2149 361 -
2185 314 2341 375 LIB.
2391 316 2467 376 V.

190 520 259 574 49.
310 518 374 572 Ut
422 514 720 585 unicuique
759 514 1136 568 sacerdotum
1169 512 1266 567 sui
1304 512 1460 584 juris
1495 512 1711 567 limites
1741 496 1796 556 Α

138 608 423 759 ευὲῗέεὲιά
452 692 723 763 quidquid
764 691 949 746 semel
998 694 1198 745 contra
1231 690 1485 761 aliquam
1515 690 1711 744 hare-

135 786 219 839 sim
242 784 500 837 decretum
517 781 707 849 fuerit,
732 780 1156 835 inconcussum
1179 794 1526 850 permanere
1549 794 1710 833 sem-

133 890 213 943 per
233 871 396 927 debet.

184 960 252 1015 5t.
295 959 643 1014 Conﬂrmatio
672 958 1118 1031 privilegiorum
1149 974 1281 1029 qua
1312 957 1714 1011 sacrosanctis

131 1048 346 1105 ecclesiis
373 1047 512 1103 facta
541 1048 798 1103 fuerunt.

3370 317 3490 381 502

1891 514 1978 568 52.
2013 514 2089 569 Ut
2125 514 2435 586 privilegia
2453 514 2772 569 Catholicis
2797 515 2946 569 facta
2972 532 3088 571 non
3106 519 3337 587 prosint
3357 516 3485 572 ha-

1820 602 2043 658 reticis.

1893 690 1980 746 53.
2016 692 2157 746 Item
2181 693 2545 748 confirmatio
2578 694 3029 765 privilegiorum
3052 711 3183 767 qua
3206 695 3354 750 locis
3385 710 3486 750 ve-

1817 781 2184 835 nerabilibus
2210 780 2359 835 facta
2392 786 2553 837 sunt.

1886 868 1974 923 54.
2010 871 2093 923 De
2124 870 2354 939 peculio
2400 870 2753 925 clericorum
2788 871 2958 942 quasi
2992 872 3306 926 castrensi.

1886 956 1974 1011 55.
2006 958 2172 1023 Quod
2204 975 2321 1013 non
2354 960 2546 1013 solum
2580 961 2902 1030 episc0pis,
2939 960 3047 1014 sed
3077 960 3250 1013 etiam
3282 975 3486 1016 sacer-

1815 1046 2073 1115 dotibus,
2107 1047 2280 1101 liceat
2310 1049 2556 1103 verbum
2584 1048 3030 1118 praedicationis
3070 1048 3361 1118 proferre.

1153 1222 1645 1302 CAPITULA
1703 1220 1971 1303 LIBRI
2034 1225 2374 1315 QUINTI

856 1397 967 1463 Qui
1004 1402 1099 1452 est
1138 1396 1212 1451 de
1242 1396 1381 1467 iure
1419 1400 1478 1449 et
1518 1394 1894 1450 ordinatione
1934 1410 2001 1449 ac
2039 1400 2201 1449 statu
2238 1395 2674 1451 Ecclesiarum.

173 1543 211 1594 1.
248 1540 389 1605 Quod
437 1538 702 1594 Ecclesia
736 1554 848 1592 una
878 1540 988 1606 est,
1034 1536 1172 1591 licet
1203 1536 1414 1591 habeat
1447 1536 1710 1590 membra

122 1631 390 1783 ὼέῗΐῖιίοὰ
429 1717 713 1788 profanus
756 1718 849 1771 est
886 1715 988 1787 qui
1020 1714 1297 1769 unitatem
1342 1728 1461 1768 non
1509 1715 1710 1768 servat

120 1807 362 1861 Ecclesia.

165 1896 205 1950 3.
231 1896 372 1962 Quod
401 1896 669 1951 Ecclesia
686 1895 897 1949 domus
919 1893 1043 1963 Dei,
1072 1892 1341 1948 columba
1358 1891 1704 1963 appellatur,
1742 1906 1745 1911 '

118 1989 157 2039 et
177 2000 379 2055 sponsa,
435 1989 489 2039 et
530 1984 691 2056 quod
738 1984 1086 2054 potestatem
1135 1982 1361 2052 accepit
1396 1981 1618 2053 ligandi
1652 1983 1708 2035 et

118 2089 342 2128 εοινθιιαι.

183 2091 209 2125 ν
330 2117 342 2128 .

140 2074 325 2199 ciuili?!
340 2162 500 2200 nova
543 2145 811 2199 basilica
862 2159 981 2198 non
1012 2144 1447 2198 consecrantur
1476 2141 1707 2212 absque

116 2235 389 2289 auctoritate
418 2234 580 2290 sedis
609 2233 976 2303 apostolica.

160 2321 201 2376 5.
228 2323 348 2377 Item
374 2325 440 2378 de
471 2324 680 2378 eadem
714 2340 799 2377 re.

157 2410 195 2465 6.
223 2412 285 2466 Ut
310 2413 531 2482 publica
550 2413 741 2467 missa
767 2427 886 2467 non
914 2411 1013 2466 fiat
1040 2411 1100 2465 in
1131 2410 1388 2466 ecclesia
1421 2424 1554 2482 qua
1574 2408 1706 2464 sine

112 2515 347 2555 concensu
374 2518 533 2571 papa
567 2501 678 2555 fuit
708 2502 993 2555 dedicata.

157 2585 265 2643 lDe
289 2590 682 2645 consecranda
714 2590 969 2644 ecclesia
1001 2604 1135 2643 cum
1167 2586 1421 2642 solemni
1456 2586 1613 2655 dote,
1647 2585 1703 2639 in

110 2692 189 2745 qua
211 2679 452 2734 fundator
481 2680 631 2733 nihil
652 2678 875 2750 proprii
907 2677 1063 2749 juris
1095 2677 1361 2731 retineat.

154 2764 193 2822 8.
208 2766 347 2831 Quod
362 2784 474 2822 non
495 2768 673 2823 liceat
704 2768 855 2822 laico
877 2769 1093 2837 prater
1125 2782 1332 2837 papam
1357 2765 1414 2819 in
1446 2764 1704 2820 ecclesia

108 2858 329 2925 statuere,
352 2857 408 2910 id
436 2860 527 2911 est
558 2857 839 2912 ordinare
870 2856 1210 2927 quidquam.

153 2942 192 2996 9.
220 2943 282 2998 Ut
308 2945 513 3000 nullam
538 2947 891 3016 potestatem
913 2944 1207 2999 statuendi
1238 2944 1295 2997 in
1319 2943 1573 2997 ecclesia
1605 2946 1704 2997 aut

104 3029 381 3100 disponendi
408 3035 476 3089 de
513 3035 895 3090 facultatibus
929 3033 1060 3105 ejus
1091 3033 1533 3087 habeatlaicus.

152 3117 216 3173 10.
243 3121 312 3176 De
338 3123 535 3178 eadem
570 3138 660 3178 re.

156 3206 217 3263 ll.
241 3209 387 3275 Quod
415 3227 565 3284 papa
597 3213 898 3268 licentiam
936 3213 1033 3267 dat
1073 3210 1470 3266 consecrandi
1510 3209 1699 3265 eccle-

107 3310 210 3351 31am
217 3340 227 3350 .

150 3385 215 3441 12.
238 3387 385 3454 Quod
413 3409 592 3464 papa,
642 3391 735 3445 cui
769 3407 908 3445 cura
965 3391 1139 3445 debet
1199 3406 1337 3445 esse
1398 3390 1699 3445 omninum

104 3475 781 3550 eccleiarum,visitationis
810 3480 1001 3534 vicem
1034 3481 1092 3534 in
1122 3480 1395 3551 Capuana
1429 3479 1701 3534 Ecclesia

100 3560 221 3618 alteri
247 3567 460 3623 cuidam
488 3571 775 3640 episcopo
809 3569 1131 3623 committit.

150 3651 215 3706 13.
256 3655 328 3712 De
371 3660 823 3713 consecratione
881 3657 1159 3713 ecclesia
1228 3656 1281 3711 si
1331 3655 1514 3712 altare
1568 3671 1699 3711 mo-

103 3745 240 3799 velut.

146 3830 209 3886 14.
229 3833 294 3888 Ut
319 3835 524 3904 altaria
547 3837 612 3892 in
669 3836 884 3908 quibus
941 3851 1056 3890 non
1117 3835 1335 3891 fuerint
1381 3835 1690 3906 reliquia,

100 3914 430 3978 destruantur.

148 4007 212 4060 15.
240 4009 305 4064 Ut
343 4015 529 4068 status
590 4012 1007 4083 parochiarum
1062 4011 1221 4067 nulla
1282 4011 1509 4067 ratione
1566 4028 1699 4067 mu-

99 4094 228 4151 tetur.

147 4183 210 4238 16.
229 4187 453 4259 Propter
476 4195 605 4246 tres
652 4206 868 4245 causas
898 4190 1026 4245 loca
1057 4192 1397 4245 sanctorum
1430 4205 1698 4245 commu-

98 4270 174 4324 tari
211 4282 455 4344 possunt.

145 4361 211 4415 Π.
236 4365 385 4429 Quod
404 4370 568 4441 ligna
614 4369 886 4423 ecclesia
927 4369 995 4423 ad
1026 4369 1317 4431 laicorum
1371 4384 1522 4439 opus
1576 4383 1694 4423 non

98 4454 198 4504 sunt
220 4456 570 4512 admittenda.

142 4537 206 4593 18.
234 4545 304 4599 De
319 4549 656 4616 panitentia
686 4546 820 4618 ejus
864 4549 963 4618 qui
995 4549 1310 4603 ecclesiam
1341 4548 1652 4604 comburit.

148 4626 211 4683 19.
235 4633 300 4687 Ut
327 4636 631 4691 facultates
663 4637 1053 4693 ecclesiarum
1076 4639 1314 4710 triginta
1338 4654 1526 4693 annos
1551 4654 1697 4708 pos—

97 4728 267 4791 sessa,
296 4726 535 4780 stabiles
569 4726 783 4781 exinde
817 4731 1217 4797 pamaneant.

146 4803 213 4861 ‘30.
238 4810 387 4874 Quod
419 4816 676 4871 ecclesia
708 4831 841 4887 qua
878 4816 1223 4886 apostolica
1253 4815 1697 4887 pradicationis

98 4889 406 4957 fundamenta
422 4920 541 4959 non
571 4904 876 4975 possidet,
907 4905 1240 4961 deserenda
1270 4908 1382 4961 est.

144 4981 211 5039 21.
231 4988 297 5043 Ut
322 4994 591 5048 ecclesia
614 4993 964 5049 Arianorum
997 4994 1304 5049 catholica
1338 5010 1695 5050 consecren-

97 5072 178 5126 tur.

147 5160 214 5217 22.
241 5166 309 5221 Ut
348 5170 746 5226 dedicationes
780 5172 1169 5228 ecclesiarum
1216 5176 1273 5228 et
1316 5174 1691 5228 sacerdotum

100 5244 297 5319 Singulis
349 5258 518 5312 annis
572 5259 917 5314 solemniter
948 5262 1357 5326 celebrentur;
1418 5266 1473 5316 et
1524 5263 1576 5316 si
1620 5262 1693 5318 de

97 5331 395 5399 dedicatione
425 5348 697 5403 ecclesia
722 5348 1021 5404 dubitatur
1042 5351 1249 5404 iterum
1274 5357 1683 5406 consecretur.

147 5421 214 5478 93.
236 5429 305 5484 De
333 5434 529 5489 eadem
563 5452 646 5491 re.

144 5510 212 5569 24.
238 5518 384 5583 Quod
412 5540 559 5595 papa
586 5526 734 5582 duas
766 5527 1061 5583 diaceses
1085 5528 1183 5583 uni
1217 5529 1498 5599 episcopo
1531 5546 1684 5584 com-

102 5600 244 5661 mittit.

149 5689 218 5749 ?5.
242 5696 317 5754 De
344 5704 543 5760 eadem
573 5721 655 5762 re.

1889 1533 1979 1589 26.
2010 1535 2176 1600 Quod
2205 1536 2593 1591 ecclesiarum
2610 1537 2909 1607 parochia
2928 1539 3022 1592 vel
3052 1540 3480 1608 possessiones

1818 1638 1925 1693 per
1971 1624 2326 1679 tricennium
2363 1626 2557 1696 quiete
2595 1642 2923 1697 possessa,
2956 1627 3314 1683 inconcusse
3347 1643 3485 1698 per-

1820 1716 2116 1767 maneant.

1736 1805 1790 1869 Β
1890 1802 1978 1855 2'7.
2002 1801 2166 1867 Quod
2189 1803 2495 1857 tricennali
2515 1804 2906 1874 possessione
2932 1806 3210 1859 territorii
3234 1820 3478 1861 conven-

1820 1893 1941 1943 tum
1973 1907 2091 1945 non
2123 1890 2341 1945 adimit.

1891 1978 1978 2035 28.
2012 1980 2095 2034 De
2120 1981 2424 2035 tricennali
2449 1984 2838 2052 possessione
2860 1984 3029 2037 untra
3050 1999 3225 2037 unam
3247 1984 3485 2053 provin-

1819 2068 1990 2123 ciam.

1886 2157 1973 2212 29.
2010 2159 2085 2212 Ut
2114 2160 2434 2214 oratorium
2462 2175 2579 2214 non
2612 2164 2998 2216 consecretur
3020 2163 3248 2232 absque
3280 2164 3481 2216 aucto-

1815 2247 1984 2301 ritate
2016 2248 2179 2302 sedis
2211 2249 2575 2318 apostolica.

1884 2334 1972 2390 30.
2006 2335 2171 2400 Quod
2203 2338 2535 2409 sacrilegus
2558 2341 2649 2391 est
2680 2339 2781 2408 qui
2811 2338 3152 2393 sacerdotes
3173 2337 3280 2392 Dei
3310 2338 3476 2393 inse-

1813 2423 2030 2494 quitur,
2063 2428 2120 2478 et
2149 2425 2247 2495 qui
2271 2426 2562 2480 ecclesias
2595 2427 2985 2496 depradatur.

1882 2509 1970 2566 31.
2003 2512 2171 2577 Quod
2226 2515 2581 2569 monasteria
2636 2517 2726 2571 vel
2787 2515 3176 2585 xenodochia,
3225 2531 3359 2585 qua
3401 2530 3477 2569 ex

1811 2602 2058 2670 pecunia
2105 2619 2214 2672 pro
2264 2604 2454 2657 sacris
2502 2605 2811 2660 ordinibus
2860 2606 2991 2659 data
3023 2606 3471 2674 construuntur,

1812 2690 2069 2745 mercedi
2097 2707 2213 2758 non
2244 2692 2558 2762 proﬁciunt
2587 2694 2694 2748 sed
2727 2699 2959 2749 nocent.

1879 2777 1966 2833 32.
2002 2779 2262 2844 Qualiter
2291 2782 2564 2836 ecclesia
2596 2783 2846 2853 pecunia
2879 2783 2955 2837 sit
2987 2784 3301 2837 servanda.

1877 2867 1966 2922 38.
2011 2868 2178 2933 Quod
2228 2871 2658 2941 providendum
2706 2874 2796 2926 est
2853 2872 3176 2943 religiosis,
3239 2876 3299 2926 ut
3348 2873 3477 2927 loca

1809 2959 2113 3012 commoda
2162 2958 2433 3028 habeant,
2488 2975 2561 3014 ne
2592 2962 2882 3029 patientes
2914 2961 3332 3016 necessitatem
3366 2962 3471 3016 de-

1811 3046 1973 3101 sides
2005 3044 2163 3101 fiant.

1878 3134 1966 3188 34.
1998 3136 2165 3201 Quod
2218 3136 2460 3191 decima
2492 3136 2706 3191 tributa
2737 3141 2875 3192 sunt
2906 3137 3204 3209 egentium
3243 3138 3469 3192 anima-

1808 3241 1957 3279 rum.

1877 3312 1946 3368 33
1977 3312 2140 3378 Qusd
2170 3314 2413 3369 decima
2432 3316 2651 3369 tantum
2685 3314 2812 3369 dari
2843 3315 3118 3385 plebibus
3159 3316 3394 3371 debent.

1876 3400 1946 3458 36
2004 3404 2079 3457 Ut
2126 3404 2458 3475 sacrilegus
2509 3403 2795 3459 habeatur
2837 3405 2937 3474 qui
2980 3405 3204 3474 pradia
3249 3404 3467 3460 divinis

1807 3491 2020 3546 usibus
2052 3493 2260 3546 tradita
2293 3491 2612 3546 subtrahit.

1874 3579 1963 3634 87.
1997 3580 2080 3635 De
2111 3581 2312 3635 eadem
2343 3596 2425 3635 re.
2461 3581 2532 3635 Et
2562 3581 2721 3652 quod
2749 3596 2848 3635 res
2881 3582 3154 3637 ecclesia
3186 3598 3302 3637 non
3322 3598 3468 3653 pro-

1804 3669 1949 3739 pria
1981 3670 2089 3724 sed
2127 3686 2473 3726 communes
2504 3686 2643 3725 esse
2674 3670 2910 3726 debent.

1875 3758 1963 3812 38.
1998 3759 2089 3812 Uu
2120 3760 2377 3829 propriis
2415 3760 2624 3815 usibus
2657 3772 2775 3815 non
2816 3761 3142 3831 applicetur
3171 3763 3328 3834 quod
3358 3779 3466 3833 pro

1806 3848 2101 3902 communi
2133 3849 2375 3903 utilitate
2407 3850 2594 3904 datur.

1876 3934 1963 3990 89.
1996 3936 2162 4001 Quod
2182 3938 2563 4009 sacrilegium
2587 3942 2678 3993 est
2699 3955 2766 3993 ea
2799 3941 3054 3995 retinere
3076 3958 3208 4012 qua
3242 3943 3467 3998 sanctis

1805 4033 1953 4087 locis
1975 4034 2362 4104 reliquuntur.

1877 4122 1965 4176 40.
2000 4123 2082 4176 De
2130 4123 2225 4176 his
2254 4123 2353 4194 qui
2386 4123 2515 4178 loca
2545 4127 2747 4179 sancta
2778 4126 3124 4197 infringunt,
3161 4130 3217 4182 et
3248 4129 3470 4200 aliquid

1805 4209 1940 4265 inde
1971 4211 2337 4265 abstrahunt.

1874 4297 1962 4354 41.
2017 4301 2100 4353 De
2131 4300 2226 4355 his
2258 4300 2357 4371 qui
2400 4315 2500 4355 res
2530 4301 2753 4357 alienas
2783 4303 2877 4357 vel
2909 4304 3237 4360 oblationes
3268 4307 3463 4361 eccle-

1807 4388 2083 4443 siasticas
2114 4389 2369 4460 rapiunt.

1722 4491 1777 4551 ι)
1879 4478 1965 4532 42.
2016 4477 2181 4542 Quod
2238 4479 2376 4533 licet
2433 4479 2861 4536 ecclesiasticis
2906 4482 3051 4538 viris
3100 4484 3348 4540 alienata
3392 4485 3466 4540 ab

1809 4567 2082 4622 ecclesiis
2106 4584 2239 4622 cum
2269 4567 2562 4623 fructibus
2593 4571 2722 4625 suis
2754 4587 3092 4641 reposcere.

1876 4654 1964 4710 43.
1997 4656 2162 4721 Quod
2191 4657 2522 4727 baptismus
2556 4660 2613 4713 in
2646 4663 3004 4717 monasterio
3027 4679 3145 4718 non
3167 4664 3284 4718 ﬁat.

1875 4744 1963 4799 44.
2001 4745 2075 4799 Ut
2105 4762 2203 4800 res
2226 4747 2499 4802 ecclesia
2533 4764 2704 4804 nemo
2735 4750 2874 4804 dare
2908 4752 2999 4804 vel
3030 4752 3299 4822 accipere
3321 4768 3471 4824 pra-

1806 4837 2000 4889 sumat
2028 4838 2244 4905 praeter
2271 4837 2618 4909 episcopum
2636 4838 2727 4893 vel
2758 4855 2892 4894 eum
2922 4841 3017 4895 cui
3047 4841 3160 4896 hoc
3190 4842 3465 4897 commis-

1807 4937 1940 4976 sum
1966 4928 2077 4978 est.

1873 5009 1964 5066 45·
1998 5012 2163 5087 Quod
2197 5014 2248 5068 si
2280 5015 2456 5069 nimia
2486 5018 2818 5072 necessitas
2850 5018 3024 5072 alicui
3059 5019 3340 5091 episcopo
3371 5023 3466 5077 in-

1804 5102 2042 5169 cumbit,
2080 5119 2198 5157 non
2228 5107 2422 5159 tamen
2451 5105 2627 5160 debet
2656 5106 2929 5161 ecclesiae
2961 5107 3226 5164 redditus
3260 5111 3466 5167 distri-

1801 5189 2002 5259 buere,
2028 5192 2147 5245 nisi
2166 5193 2421 5262 primum
2452 5194 2838 5250 insinuaverit
2858 5196 3090 5265 primati
3114 5200 3462 5268 provincia.

1868 5280 1956 5335 46.
1993 5281 2068 5335 Ut
2088 5283 2188 5352 qui
2218 5283 2454 5337 domum
2487 5284 2592 5338 Dei
2608 5284 2938 5355 violaverit,
2982 5289 3037 5341 et
3064 5288 3200 5344 inde
3241 5289 3465 5362 aliquid

1797 5371 2126 5440 abstulerit,
2163 5372 2573 5427 communione
2606 5373 2890 5443 privetur.

1870 5459 1955 5513 47.
1993 5460 2067 5513 Ut
2084 5461 2506 5528 possessiones
2532 5462 2804 5517 ecclesia
2823 5480 2939 5519 non
2971 5465 3321 5539 alienentur,
3343 5470 3460 5524 nisi

1795 5548 2098 5620 religiosis
2118 5549 2350 5603 clericis
2376 5550 2463 5603 vel
2489 5553 2866 5607 monasteriis
2897 5557 2996 5609 aut
3026 5557 3384 5629 peregrinis,
3404 5562 3462 5613 et

1797 5639 1910 5694 hoc
1937 5637 2355 5709 temporaliter.
