3948 6168
446 254 569 339 ea
1485 249 1553 333 si
1594 230 1973 333 ANSELMI
2017 243 2426 331 LUQPZNSIS
2454 241 2845 331 EPWPJ
2956 188 2959 193 ’
3715 250 3802 339 a4

525 456 611 530 48.
663 454 829 519 Quod
883 453 1206 506 ministeria
1264 449 1537 506 ecclesiae
1596 463 1704 517 pro
1753 447 2116 515 captivorum
2148 426 2200 487 Α
2236 461 2349 500 una
2400 445 2701 516 episcopo,
2761 446 2943 517 altera
3001 444 3251 514 clericis,
3302 446 3462 523 tertia,
3510 450 3797 519 pauperibus

460 544 861 613 redemptione
893 541 1197 595 vendenda
1232 542 1387 592 sunt.
2236 540 2442 606 quarta
2474 535 2856 588 restituendis
2889 534 3184 587 ecclesiis.

528 634 616 687 49.
653 632 729 687 Ut
760 632 1002 685 decimae
1034 646 1065 681 a
1099 630 1266 683 laicis
1300 644 1414 682 non
1448 626 1884 696 possideantur.
2307 623 2395 679 65.
2432 623 2513 677 De
2549 624 2752 679 eadem
2784 639 2868 678 re.

531 722 620 776 50.
663 720 828 785 Quod
880 735 977 773 res
1036 734 1228 771 sacrae
1274 717 1493 770 nullius
1538 719 1694 783 sunt,
1738 729 1847 767 nec
1881 713 2123 767 alienari
2304 712 2392 767 66.
2429 713 2569 787 Item
2611 713 2681 767 de
2710 712 2915 781 eadem
2943 728 3028 767 re.

460 812 675 865 debent
707 809 823 861 nisi
854 824 960 877 pro
1000 807 1267 875 captivis.
2302 802 2389 856 6'7.
2444 802 2517 855 Ut
2577 802 2842 871 episcopi
2899 800 3207 870 subjectos
3257 816 3371 855 non
3415 802 3727 872 opprimant,
3767 808 3806 859 et

531 897 594 953 51
634 899 709 953 Ut
759 897 858 968 qui
891 896 1151 951 converti
1205 895 1474 963 voluerit,
1527 892 1897 947 medietatem
1928 906 2123 944 rerum
2233 890 2505 945 ecclesiae
2538 890 2802 945 redditus
2839 890 3166 945 secundum
3202 890 3457 965 laborum
3486 892 3663 945 merita
3692 892 3804 946 divi-

461 1003 701 1063 suarum
733 985 1007 1040 ecclesiae
1042 986 1135 1039 cui
1176 983 1487 1054 subjectus
1517 986 1627 1049 est,
1664 981 1929 1049 dimittat,
1956 982 2010 1031 et
2037 978 2124 1032 sic
2233 977 2465 1031 dantur.

464 1077 535 1130 ad
568 1075 989 1129 monasterium
1022 1073 1213 1126 vadat.
2306 1065 2394 1121 68.
2431 1066 2512 1118 De
2543 1064 2747 1118 eadem
2784 1080 2871 1118 re.

533 1165 620 1218 52.
658 1164 733 1218 Ut
763 1162 960 1216 nullus
991 1161 1176 1215 abbas
1208 1161 1467 1215 decimas
1498 1159 1594 1213 vel
1616 1159 1911 1237 primitias
1937 1157 2130 1237 teneat
2302 1153 2391 1207 69.
2426 1153 2500 1215 Ut
2531 1168 2637 1227 res
2662 1152 2936 1207 ecclesias
2977 1168 3095 1207 non
3127 1154 3432 1222 donentur,
3464 1169 3569 1207 non
3601 1169 3809 1210 commu-

462 1254 592 1307 sine
623 1252 966 1306 auctoritate
995 1249 1317 1320 apostolica
1350 1248 1441 1302 vel
1475 1228 2017 1317 episcopiproprii.
2089 1228 2127 1247 ”
2233 1246 2450 1312 tentur,
2508 1258 2625 1296 non
2679 1242 3025 1312 vendantur,
3087 1243 3204 1297 nisi
3270 1242 3656 1297 meliorationis
3709 1260 3812 1312 pro-

535 1340 624 1395 53.
676 1339 761 1392 De
807 1338 1060 1409 quodam
1110 1337 1320 1391 abbate
1365 1336 1682 1391 constituto
1724 1351 1757 1389 a
1788 1350 1935 1406 papa
1979 1333 2128 1401 Gre-
2239 1334 2470 1403 spectu.

464 1429 658 1500 gorio.
2308 1420 2396 1473 '70.
2460 1420 2534 1474 Ut
2565 1420 2987 1474 monasterium
3021 1435 3131 1474 nec
3162 1419 3498 1475 commutari
3531 1421 3695 1491 possit
3717 1438 3813 1476 cum

532 1517 622 1571 54.
684 1516 760 1571 Ut
798 1516 1021 1570 nullum
1079 1514 1470 1568 constituatur
1522 1512 1943 1566 monasterium
2001 1511 2129 1565 sine
2238 1509 2353 1564 alio
2388 1509 2766 1563 monasterio.

464 1605 826 1661 conscientia
886 1603 1150 1673 episcOpi
1202 1602 1316 1671 sui,
1379 1609 1434 1655 et
1496 1608 1556 1654 ut
1603 1615 1809 1654 omnes
1855 1599 2127 1653 monachi
2311 1597 2572 1663 7l.Quid
2594 1599 2873 1668 episcopo
2896 1598 3193 1669 agendum
3216 1598 3312 1668 sit,
3337 1599 3386 1653 si
3408 1599 3815 1668 plureshaaredes

463 1695 744 1765 episcopo
775 1690 1031 1761 subjecti
1062 1691 1198 1744 sint.
2243 1687 2598 1741 contendant
2629 1686 2701 1740 de
2734 1688 2849 1741 una
2881 1678 3157 1741 ecclesia.

475 1803 484 1811 ·
534 1783 624 1836 55.
646 1780 814 1845 Quod
844 1794 960 1833 non
989 1779 1161 1832 liceat
1191 1778 1684 1847 mouasteriaquae
1713 1781 1940 1831 sacrata
1965 1779 2123 1845 sunt,
2160 1773 2211 1835 Β
2311 1774 2400 1830 72.
2435 1776 2519 1830 De
2549 1775 2754 1829 eadem
2790 1791 2874 1830 re.

467 1868 797 1924 diversoria
828 1867 1140 1921 saecularia
1174 1866 1321 1919 fieri.
2309 1864 2399 1919 '73.
2423 1864 2590 1929 Quod
2613 1865 3032 1919 monasterium
3055 1865 3555 1922 constructoribus
3576 1866 3726 1919 invite
3737 1880 3819 1918 non

538 1954 626 2011 56.
663 1956 739 2011 Ut
768 1956 997 2009 irritum
1034 1956 1323 2008 habeatur
1367 1955 1420 2007 si
1463 1953 1597 2024 quis
1648 1969 1747 2007 res
1796 1954 2068 2008 ecclesiae
2099 1970 2131 2007 a
2242 1953 2561 2008 auferatur.
3030 1954 3031 1959 “

467 2044 715 2115 regibus
745 2044 980 2112 expetit,
1017 2046 1072 2096 et
1101 2043 1229 2111 ipse
1261 2043 1669 2097 communione
1701 2043 1985 2112 privetur.
2311 2041 2399 2096 '74.
2431 2040 2597 2106 Quod
2627 2042 2801 2096 liceat
2841 2042 2899 2096 in
2929 2044 3292 2100 monasterio
3325 2045 3557 2099 missam
3585 2042 3763 2098 cantari
3784 2045 3823 2095 et

537 2133 626 2185 5'7.
661 2130 721 2186 Si
743 2132 877 2201 quis
902 2131 1288 2186 ecclesiarum
1309 2132 1401 2186 vel
1428 2132 1934 2186 xenodochiorum
1958 2130 2135 2185 facul-
2241 2133 2509 2184 mortuos
2542 2131 2805 2201 sepeliri.
3056 2130 3061 2135 ’
3142 2130 3145 2135 ’

466 2224 617 2276 tates
646 2220 976 2290 abstulerit,
1010 2223 1069 2273 ut
1099 2223 1338 2274 necator
1368 2236 1692 2301 pauperum
1722 2221 2129 2274 excommuni-
2311 2218 2379 2273 75
2407 2219 2481 2274 Ut
2512 2219 2768 2273 ecclesia
2796 2236 2914 2274 non
2965 2226 3374 2293 consecretur,
3409 2223 3459 2276 si
3490 2237 3678 2301 corpus
3703 2220 3750 2274 in
3777 2234 3824 2273 ea

467 2314 650 2366 cetur.
1452 2288 1459 2307 ι
2242 2308 2544 2362 humatum
2572 2324 2712 2364 esse
2745 2310 3093 2364 constiterit.

537 2399 625 2453 58.
660 2400 744 2453 De
772 2398 1042 2453 libertate
1074 2398 1495 2453 monachorum
1526 2401 1582 2454 et
1615 2401 2127 2454 monasteriorum.
2314 2395 2400 2467 76,
2420 2397 2503 2452 De
2527 2397 2622 2452 his
2644 2398 3104 2469 quidocumenta
3125 2400 3508 2471 ecclesiarum
3530 2399 3826 2470 supprimunt

539 2487 628 2541 59.
665 2488 740 2543 Ut
768 2488 1123 2542 monasteria
1152 2487 1491 2542 releventur
1521 2505 1552 2542 a
1583 2490 1927 2560 gravamine
1964 2490 2133 2543 cleri-
2245 2489 2341 2540 aut
2369 2490 2607 2559 negant.
3616 2478 3619 2487 ’
3648 2482 3653 2487 ’

470 2591 695 2630 corum.
2314 2574 2401 2628 77.
2455 2575 2538 2630 De
2588 2575 3004 2631 traditionibus
3046 2577 3474 2633 ecclesiasticis
3513 2576 3827 2649 observandis

543 2661 631 2718 60.
674 2663 841 2727 Quod
896 2664 1099 2718 clerici
1147 2681 1263 2719 non
1309 2666 1525 2720 debent
1566 2668 1944 2722 monasteriis
1978 2683 2133 2737 praa-
2243 2680 2375 2734 quae
2405 2663 2540 2719 fidei
2571 2680 2688 2719 non
2719 2665 3008 2720 ofﬁciunt.
3754 2738 3757 2741 ἢ

470 2752 629 2822 poni.
2313 2752 2402 2808 '78.
2439 2753 2516 2807 Ut
2560 2753 2631 2808 de
2660 2754 2990 2809 redditibus
3021 2756 3302 2811 ecclesia:
3343 2759 3399 2811 et
3430 2756 3663 2827 antiquis
3687 2758 3731 2809 et
3754 2768 3829 2807 no-

539 2838 629 2895 61.
664 2840 740 2894 Ut
771 2842 1192 2895 monasterium
1245 2843 1461 2896 nullam
1503 2844 1755 2913 patiatur
1786 2844 2136 2898 calumniam
2243 2842 2394 2895 viter
2423 2842 2731 2913 acquisitis
2762 2848 2987 2913 quartae
3023 2844 3257 2899 dentur.

470 2928 527 2982 in
559 2928 655 2983 his
686 2929 867 2983 rebus
892 2944 1040 3000 quas
1071 2931 1459 3003 quadraginta
1490 2946 1677 2987 annos
1706 2933 1990 3003 possedit.
2317 2930 2406 2986 79.
2439 2932 2523 2985 De
2555 2932 2668 2986 dici
2704 2932 2995 2987 Dominici
3025 2933 3461 2989 observatione.

541 3018 629 3073 62.
682 3018 757 3072 Ut
787 3019 1054 3089 episc0pi
1102 3021 1194 3073 vel
1227 3022 1519 3075 oeconomi
1551 3022 1640 3076 vel
1673 3022 2137 3093 orplianotrophi
2319 3021 2407 3075 80.
2442 3021 2526 3076 De
2557 3021 2759 3075 esdem
2782 3037 2867 3075 re.
2894 3014 2897 3015 ⁷

471 3107 566 3162 vel
614 3107 946 3162 xenodochi
986 3108 1129 3162 nihil
1179 3109 1551 3165 haereditarie
1607 3112 1973 3182 possideant,
2021 3114 2140 3168 nisi
2170 3128 2220 3189 ο
2320 3109 2407 3163 81.
2456 3110 2539 3164 De
2572 3110 2823 3181 panibus
2856 3114 2912 3165 et
2942 3110 3076 3165 aliis
3119 3112 3307 3167 rebus
3338 3128 3468 3185 qua;
3499 3110 3666 3187 sacris
3688 3107 3834 3163 altari-

472 3197 630 3267 quod
687 3199 819 3251 ante
892 3197 1282 3253 ordinationis
1330 3199 1535 3253 horam
1593 3201 1962 3272 possideant,
2023 3203 2140 3257 nisi
2249 3198 2363 3253 bus
2398 3193 2741 3254 offeruntur.

472 3286 629 3356 quod
668 3289 802 3339 ante
832 3287 1218 3341 ordinationis
1251 3288 1459 3341 horam
1489 3281 1904 3358 possederunt.
2321 3287 2407 3341 82.
2446 3287 2529 3341 De
2561 3288 2765 3342 eadem
2796 3304 2879 3342 re.

543 3372 632 3428 68.
664 3374 772 3438 Qui
805 3378 1009 3428 contra
1052 3391 1258 3443 pacem
1296 3377 1573 3431 ecclesiae
1615 3381 1774 3449 sunt,
1823 3383 1921 3433 aut
1961 3381 2144 3434 rebus
2321 3376 2408 3430 88.
2445 3376 2528 3429 De
2578 3377 2912 3432 constitutis
2944 3378 3374 3435 ecclesiasticis
3404 3379 3666 3450 temporis
3691 3373 3834 3446 quali-

477 3464 606 3517 suis
625 3464 1054 3533 exspolientur,
1084 3464 1553 3519 autverberibus
1576 3468 1717 3521 caesi
1742 3468 1953 3522 exsilio
1968 3468 2146 3537 dépu-
2253 3467 2366 3520 tate
2396 3466 2796 3521 moderandis.
3651 3459 3654 3463 ’

478 3552 695 3605 tentur.

546 3638 637 3692 64.
665 3639 740 3693 Ut
768 3639 839 3695 de
868 3641 1048 3695 rebus
1073 3641 1361 3698 Ecclesiae
1389 3645 1639 3714 quatuer
1657 3645 1963 3713 portiones
1985 3646 2146 3716 ﬁant,

1573 3820 2074 3903 CAPITULA
2157 3823 2430 3902 LIBRI
2524 3823 2827 3918 sux'n,

871 3990 982 4057 Qui
1011 3998 1102 4048 est
1134 3993 1208 4048 de
1230 3993 1519 4050 electione
1550 4002 1607 4050 et
1640 3997 2016 4052 ordinatione
2049 4003 2117 4087 et,
2151 3997 2226 4053 de
2256 3998 2414 4052 omni
2437 4002 2735 4069 potestate
2764 3997 2897 4051 sive
2927 4002 3087 4052 statu
3118 3998 3537 4070 episcoporum.

551 4160 602 4215 1.
654 4160 728 4215 Ut
757 4177 903 4232 papa
947 4162 1226 4217 incolumi
1258 4164 1457 4219 nullus
1495 4164 2055 4237 ambiatzpapatum;
2089 4168 2145 4221 et
2326 4163 2411 4219 10.
2448 4165 2530 4220 De
2560 4165 2813 4237 quodam
2843 4166 3031 4220 electo
3061 4165 3122 4219 in
3147 4165 3494 4236 episcopum
3514 4178 3673 4237 quem
3686 4160 3843 4217 beatus

480 4251 551 4306 de
608 4250 895 4307 electione
948 4252 1218 4323 alterius,
1270 4254 1323 4308 si
1374 4253 1503 4324 ipse
1534 4255 1727 4329 adhuc
1758 4256 1967 4311 vivens
1998 4255 2144 4309 nihil
2252 4270 2401 4324 papa
2428 4254 2757 4326 Gregorius
2779 4254 3136 4324 reprobavit,
3162 4257 3218 4309 et
3235 4255 3414 4309 alium
3439 4250 3843 4323 feciteligiatque

478 4340 614 4395 inde
655 4341 1038 4410 disposuerit.
2254 4345 2648 4401 consecravit.
2918 4332 2921 4337 ί
3510 4333 3535 4339 ⁷’

440 4490 445 4495 ,
549 4430 603 4485 2.
638 4430 713 4485 Ut
745 4433 1012 4485 sanctum
1045 4446 1183 4486 esse
1212 4448 1384 4487 nemo
1413 4432 1640 4491 dubitet
1668 4448 1843 4504 quem
1862 4432 2142 4502 apostoli-
2325 4431 2411 4487 11.
2436 4432 2600 4497 Quod
2622 4433 2857 4487 vivente
2880 4433 3144 4487 Romano
3170 4432 3263 4487 vel
3288 4432 3401 4488 alio
3420 4431 3677 4503 pontiﬁce
3694 4423 3844 4481 nullus

480 4534 566 4574 cm
596 4518 898 4590 dignitatis
930 4535 1078 4588 apex
1099 4520 1263 4590 juste
1295 4522 1520 4577 attollit.
2172 4575 2222 4592 ﬁ
2254 4521 2601 4577 electionem
2632 4523 2953 4592 praesumat
2977 4521 3192 4576 facere.

548 4606 603 4662 3.
637 4575 781 4662 Item
811 4575 1205 4679 decl‘igenvdis
1223 4575 1545 4680 episcOpis,
1578 4613 1640 4664 ut
1660 4612 1825 4681 puris
1849 4611 2143 4666 mentibus
2172 4575 2226 4637 D
2263 4575 2278 4577 ⁷
2323 4575 2412 4664 712.
2563 4575 2849 4666 electione
2875 4611 3190 4681 pontiﬁcis.

480 4697 600 4768 ﬁat,
632 4700 689 4752 et
708 4696 933 4752 nullum
965 4698 1217 4766 pretium
1247 4698 1616 4754 interveniat.
2328 4699 2412 4754 13.
2446 4701 2611 4765 Quod
2653 4701 2991 4755 invasorem
3023 4698 3363 4770 apostolica
3394 4699 3554 4754 sedis
3582 4697 3732 4751 liceat
3756 4704 3850 4744 car-

550 4785 605 4841 4.
662 4786 738 4840 Ut
783 4786 842 4840 in
873 4785 1159 4841 electione
1202 4788 1450 4843 Romani
1481 4787 1777 4858 pontiﬁcis
1809 4789 2009 4844 nullus
2040 4789 2146 4843 im-
2254 4788 2551 4844 dinalibus
2582 4790 3097 4844 excommunicare
3129 4793 3185 4843 et
3215 4788 3529 4858 expellere.

480 4874 884 4945 pedimentum
913 4876 1149 4946 aliquod
1181 4874 1375 4931 faciat.
2328 4879 2413 4932 14.
2466 4879 2543 4933 Ut
2613 4879 2687 4934 ab
2755 4878 3073 4933 ambitione
3127 4878 3367 4948 omnes};
3397 4877 3642 4943 cessent,
3691 4872 3740 4926 et
3780 4866 3851 4918 ille

550 4964 603 5017 5.
638 4964 714 5019 Ut
744 4965 907 5019 irrita
930 4967 1008 5020 sit
1039 4966 1231 5021 omnis
1257 4966 1463 5024 electio
1482 4967 1751 5038 episcOpi
1778 4968 1870 5023 vel
1903 4969 2148 5039 presby—
2252 4982 2400 5038 papa
2430 4972 2767 5038 permaneat
2797 4983 2973 5039 quem
3001 4967 3200 5022 clerus
3226 4983 3357 5022 cum
3380 4979 3667 5022 concensu
3691 4952 3849 5031 populi

482 5052 591 5106 teri
623 5054 714 5107 vel
745 5054 1139 5125 diaconi‘quze
1169 5071 1203 5108 a
1233 5057 1602 5127 principibus
1635 5058 1714 5113 ﬁt.
2254 5057 2521 5129 elegerit.

552 5137 605 5213 6.
638 5140 722 5196 De
751 5143 846 5197 his
878 5144 977 5214 qui
1010 5159 1075 5198 se
1105 5160 1137 5198 a
1170 5148 1385 5217 populo
1418 5147 1641 5202 electos
1673 5152 2023 5202 asseverant
2326 5147 2411 5200 15.
2452 5146 2560 5213 Qui
2587 5146 2901 5218 eligendus
2943 5148 3036 5200 est
3070 5145 3408 5216 episcopus,
3442 5160 3555 5199 non
3587 5142 3659 5195 sit
3684 5136 3848 5194 laicus,

553 5227 606 5283 7.
640 5230 716 5285 Ut
741 5235 1001 5288 extranei
1033 5251 1147 5289 non
1179 5237 1709 5306 praeponanturliis
1740 5236 1842 5307 qui
1862 5237 2013 5291 bene
2028 5252 2150 5291 ser-
2253 5250 2371 5290 non
2414 5236 2767 5307 neophytus,
2813 5251 2929 5290 non
2961 5235 3241 5289 secundm
3272 5233 3546 5315 conjugis
3579 5232 3668 5284 aut
3701 5223 3850 5279 viduae

483 5318 714 5372 vierunt
744 5320 801 5371 in
828 5323 1102 5376 ecclesiis
1135 5325 1281 5379 suis.
2254 5326 2521 5380 maritus.

551 5408 604 5460 8.
646 5408 810 5479 Quod
840 5424 953 5464 non
996 5411 1129 5465 licet
1159 5415 1370 5482 populo
1402 5416 1749 5471 electionem
1786 5417 1985 5471 facere
2019 5417 2146 5487 epi-
2329 5414 2414 5469 16.
2450 5415 2525 5469 Ut
2555 5415 2627 5469 ad
2655 5416 3002 5471 electionem
3034 5412 3461 5485 metropolitani
3486 5404 3729 5480 episcOpi
3754 5413 3849 5455 om-

484 5512 819 5567 εοοΡοιἮῐΠ-
2253 5520 2361 5559 nes
2402 5505 2797 5575 provinciales
2843 5505 3112 5576 episc0pi
3162 5501 3542 5559 conveniant:
3575 5493 3717 5569 quod
3743 5487 3850 5543 siin

552 5586 604 5641 9-
637 5586 802 5653 Quod
830 5588 1241 5658 episcoporum
1272 5594 1478 5648 electio
1511 5610 1628 5653 non
1647 5610 1723 5649 ex
1748 5595 1953 5650 favore
1974 5596 2151 5652 debet
2254 5596 2404 5649 duos
2433 5611 2497 5649 se
2530 5595 2860 5664 diviserint,
2898 5596 2994 5649 ille
3039 5596 3412 5665 praeponatur
3440 5591 3538 5662 qui
3563 5578 3849 5664 meliorihklls

484 5693 642 5750 esse,
677 5678 785 5735 sed
810 5693 883 5735 ex
908 5677 1134 5751 Judicio
1167 5682 1496 5737 cautissimi
1527 5684 1839 5739 examinis.
2254 5684 2479 5739 meritis
2498 5684 2761 5757 juvatur.
2998 5710 3008 5718 -
3444 5684 3447 5687 ’
3516 5667 3523 5679 ’
