3948 6168
424 302 543 366 507

1453 300 1517 362 S.
1555 301 1931 363 ANSELMI
1966 298 2377 363 LUCENSIS
2405 298 2818 364 EPISCOPI.
3675 309 3763 374 508

505 502 596 559 75.
624 504 790 571 Quod
820 516 936 558 non
967 500 1158 555 solum
1189 515 1221 552 a
1249 515 1493 553 munere
1523 499 1808 565 pecunia),
1843 498 1949 551 sed
1980 499 2083 551 eta
2113 478 2173 539 Α
2271 496 2393 553 103.
2417 499 2903 553 UtEcclesianon
2922 498 3390 570 judiceturnisia
3411 516 3510 555 suo
3524 503 3766 576 episcopo,

426 610 671 651 munere
702 592 976 661 obsequii
1005 594 1059 644 et
1090 590 1310 659 linguae
1343 587 1831 642 cessandum'est.

2197 587 2298 657 qui
2319 588 2370 641 si
2386 592 2733 656 persecutus
2753 588 2926 642 fuerit
2949 590 3005 642 in
3020 604 3145 652 sua,
3178 588 3358 660 fugiat
3368 589 3434 643 ad
3451 590 3615 645 aliam.
3630 593 3769 647 Autsi

495 685 583 738 76.
615 683 780 748 Quod
802 682 1171 735 Simoniacus
1190 680 1281 731 est
1302 678 1397 748 qui
1415 694 1518 746 pro
1538 677 1821 730 electione
1848 676 2085 744 praemia
2194 677 2460 730 utilitatis
2476 694 2652 731 causa
2676 677 2852 732 fuerit
2869 677 3202 741 mutandus,
3228 693 3339 731 non
3357 693 3521 747 perse
3542 680 3633 734 hoc
3648 687 3770 752 agat.

426 774 695 845 largitur.

495 861 584 915 77.
608 861 717 925 Qui
739 862 939 912 contra
953 856 1342 912 Simoniacam
1365 858 1420 910 et
1443 856 1868 925 neophytorum
1902 853 2086 907 hmre-

428 950 543 1005 sim
575 948 957 1004 vehementer
990 962 1107 1000 non
1136 946 1370 1014 arserit,
1402 948 1629 1015 partem
1687 942 1924 997 habebit
1955 958 2086 995 eum

428 1039 548 1093 illis
579 1055 612 1092 a
644 1039 861 1108 quibus
892 1035 1128 1105 incepit.

496 1128 585 1182 78.
620 1128 703 1181 De
735 1126 1105 1180 damnatione
1137 1139 1341 1178 eorum
1372 1123 1471 1193 qui
1504 1123 1719 1177 donum
1753 1122 1853 1177 Dei
1888 1124 2089 1176 emunt

426 1217 523 1271 vel
554 1216 831 1270 vendunt.

501 1303 590 1358 79.
624 1305 707 1358 De
739 1304 1111 1357 damnatione
1141 1303 1393 1357 hmresis
1424 1302 1794 1356 Simoniacae.

497 1394 585 1447 80.
627 1393 701 1447 Ut
725 1392 917 1446 omnis
938 1392 1039 1462 qui
1060 1392 1461 1462 perpecunias
1491 1391 1716 1445 dederit
1733 1391 1824 1444 vel
1847 1404 2087 1457 accepe-

425 1483 501 1536 rit
531 1497 766 1535 sacrum
789 1481 1072 1544 ordinem,
1108 1498 1140 1534 a
1177 1482 1364 1553 gradu
1398 1497 1507 1535 suo
1541 1480 1789 1534 decidat.

492 1570 582 1626 81.
613 1568 777 1634 Quod
809 1585 925 1623 non
945 1573 1183 1639 oportet
1213 1573 1530 1639 episcopos
1554 1567 1991 1640 autquemlibct
2017 1582 2090 1621 ex

425 1659 583 1714 clero
606 1675 713 1728 per
740 1658 1024 1729 pecunias
1058 1659 1340 1713 ordinari.

492 1746 580 1803 82.
614 1748 776 1802 Sicut
824 1764 1034 1802 sacros
1067 1748 1327 1815 ordines,
1364 1748 1445 1800 ita
1475 1752 1529 1802 et
1584 1746 1843 1816 pallium,
1895 1761 2086 1816 neque

423 1853 529 1907 per
560 1837 806 1909 gratiam
839 1837 931 1891 vel
954 1852 1166 1907 preces
1190 1837 1313 1890 dari
1339 1838 1586 1906 Oportet.

494 1923 582 1980 83.
617 1927 693 1981 Ut
723 1942 828 1996 pro
862 1926 1228 1980 ordinatione
1261 1925 1354 1980 vel
1411 1943 1525 1979 usu
1557 1925 1736 1994 pallii,
1774 1940 1881 1979 seu
1912 1924 2086 1978 char-

425 2020 615 2070 tarum
643 2019 817 2087 atque
850 2016 1103 2085 pastelli,
1138 2016 1282 2069 nihil
1314 2015 1603 2069 commodi
1637 2015 1825 2068 detur.

2264 765 2385 819 104.
2432 764 2597 830 Quod
2643 783 2759 820 non
2804 770 3030 835 oportet
3074 767 3409 836 episcopum
3451 768 3535 821 vel
3562 770 3773 840 reliquos

2192 845 2433 908 ordine's
2469 855 2824 927 demigrare.

2263 943 2383 998 105.
2431 943 2595 1008 Quod
2641 944 2698 997 in
2749 944 3085 999 civitatibus
3116 945 3333 1015 quibus
3362 943 3490 998 olim
3524 945 3669 1015 primi
3693 947 3776 1000 lla-

2192 1032 2381 1087 mincs
2411 1036 2595 1103 erant,
2628 1034 2914 1104 primates
2956 1036 3013 1088 et
3041 1033 3405 1103 patriarchas
3434 1048 3559 1088 esse
3582 1038 3778 1089 sanctus

2193 1121 2402 1176 Petrus
2433 1123 2732 1192 praecepit,
2758 1123 2816 1177 in
2847 1122 3065 1193 quibus
3092 1121 3517 1177 archiﬂamines
3545 1122 3779 1194 archiepi-

2193 1212 2361 1280 scopi
2389 1213 2617 1266 essent.

2263 1298 2385 1353 106.
2421 1300 2502 1354 De
2533 1299 2737 1355 eadem
2760 1316 2846 1355 re.

2264 1387 2385 1442 107.
2431 1388 2599 1453 Quod
2638 1389 2944 1459 provincia
2992 1394 3086 1444 est
3114 1405 3247 1460 qua
3289 1389 3458 1443 habet
3497 1389 3673 1443 decem
3710 1390 3781 1443 vel

2193 1478 2465 1531 undecim
2496 1478 2765 1532 civitates
2814 1494 2944 1533 cum
2981 1479 3303 1550 episcopis,
3333 1482 3388 1533 et
3414 1494 3579 1532 unum
3605 1493 3782 1548 regem.

2266 1566 2387 1620 108.
2416 1567 2489 1621 Ut
2512 1567 2947 1638 metropolitani
2969 1583 3113 1622 suas
3135 1567 3471 1637 provincias
3491 1567 3785 1638 gubernant,

2198 1656 2361 1709 salva
2392 1658 2585 1710 tamen
2616 1657 2939 1726 apostolica
2972 1657 3337 1711 auctoritate.

2272 1744 2391 1799 109.
2418 1744 2581 1809 Quod
2605 1746 2885 1816 primates
2911 1746 2966 1798 in
2990 1745 3323 1815 majoribus
3340 1744 3577 1799 urbibus
3592 1740 3790 1798 debeant

2117 1826 2171 1888 Β
2201 1849 2358 1903 esse,
2394 1837 2493 1889 ubi
2524 1836 2778 1906 gentiles
2801 1836 2938 1889 olim
2956 1850 3102 1887 suos
3116 1836 3361 1904 propter
3378 1833 3587 1904 majora
3607 1831 3792 1902 negotia

2200 1925 2480 1993 primates
2511 1923 2899 1993 appellabant.

2270 2014 2391 2066 110.
2427 2014 2502 2067 Ut
2533 2012 2797 2082 episcopi
2841 2013 2912 2066 ad
2940 2013 3275 2066 comitatum
3319 2028 3437 2065 non
3473 2011 3677 2078 vadaut,
3705 2009 3792 2062 nisi

494 2105 582 2158 84.
610 2104 684 2158 Ut
715 2106 767 2158 si
797 2106 932 2175 quis
986 2104 1471 2173 metropolitanus
1502 2104 1654 2156 intra
1687 2108 1807 2157 tres
1842 2117 2086 2156 menses
2196 2103 2500 2156 formatam
2534 2118 2565 2154 a
2598 2101 2859 2155 Romana
2898 2100 3167 2155 Ecclesia
3201 2101 3507 2169 accipiant.

424 2193 892 2248 consecrationis
915 2209 1042 2247 suis
1061 2193 1132 2246 ad
1166 2193 1336 2246 fidem
1355 2208 1524 2247 suam
1543 2192 1948 2261 exponendam
1974 2191 2089 2261 pal-

2267 2190 2388 2245 111.
2426 2191 2499 2245 Ut
2545 2190 2743 2245 nullus
2787 2191 3105 2260 episcopus
3154 2191 3224 2243 ad
3262 2191 3585 2244 comitatum
3614 2188 3794 2258 pergat,

420 2282 682 2352 liumque
714 2282 1160 2350 suscipiendum
1190 2282 1260 2335 ad
1321 2282 1527 2335 sedem
1556 2280 1936 2350 apostolicam
1971 2295 2084 2333 non
2195 2281 2310 2334 nisi
2337 2282 2581 2334 vocatus
2613 2295 2643 2333 a
2677 2279 2978 2350 religiosis
3010 2279 3484 2349 imperatoribus.

422 2371 671 2434 miserit,
708 2371 1028 2425 commissa
1049 2371 1166 2425 sibi
1198 2374 1395 2424 careat
1423 2370 1729 2441 dignitate.

2268 2369 2388 2422 112.
2440 2369 2514 2422 Ut
2543 2369 2642 2439 qui
2686 2369 2745 2421 in
2793 2368 2980 2421 canali
3025 2373 3163 2422 sunt
3205 2368 3492 2438 episc0pi,
3535 2368 3714 2420 euntes
3741 2362 3796 2416 ad

496 2457 584 2514 85.
622 2460 696 2513 Ut
752 2460 944 2514 honor
977 2461 1132 2528 pallii
1188 2460 1301 2513 nisi
1345 2458 1723 2530 exigentibus
1770 2473 2087 2511 causarum
2198 2459 2530 2512 comitatum
2562 2457 2813 2511 sollicite
2845 2458 3184 2511 discutiant.

429 2549 667 2603 meritis
692 2548 1036 2620 fortiterque
1066 2548 1382 2620 postulanti
1413 2550 1536 2602 dari
1570 2563 1685 2601 non
1716 2547 1943 2601 debeat.

2270 2547 2390 2601 113.
2443 2547 2525 2600 De
2557 2546 2836 2616 episcopo
2884 2546 3114 2600 Sereno
3166 2547 3351 2600 invite
3403 2546 3473 2599 ad
3520 2543 3799 2598 comitatum

495 2636 584 2692 86.
617 2635 781 2700 Quod
813 2653 945 2691 cum
978 2653 1091 2691 usu
1125 2637 1283 2707 pallii
1305 2653 1542 2706 semper
1557 2637 1750 2706 aliqua
1781 2635 2088 2706 privilegia
2198 2652 2303 2707 pro
2338 2636 2471 2690 facti
2504 2636 2921 2690 inhumanitate
2952 2635 3147 2689 ducto.

430 2728 569 2780 sunt
601 2726 979 2781 concedenda
1012 2727 1084 2781 ab
1117 2727 1464 2797 apostolico.

2272 2725 2391 2778 111.
2444 2725 2584 2778 Item
2627 2729 2687 2778 ut
2734 2725 2999 2794 episcopi
3043 2725 3114 2777 ad
3165 2724 3502 2778 comitatum
3526 2737 3633 2775 non
3656 2718 3801 2791 preti-

497 2815 585 2869 87.
618 2813 785 2879 Quod
816 2815 1246 2883 archiepiscopi
1276 2831 1388 2868 non
1423 2814 1636 2868 debent
1666 2813 1749 2866 uti
1779 2812 1953 2882 pallio
1977 2814 2091 2867 nisi
2201 2814 2631 2868 ciscanturnisi
2662 2812 2931 2868 consulto
2955 2812 3298 2882 apostolico.

426 2903 486 2958 in
511 2905 739 2960 missis.

494 2992 583 3050 88.
610 2994 698 3050 Ne
719 2996 945 3066 absque
962 2996 1199 3050 licentia
1223 2994 1387 3049 sedis
1409 2992 1752 3063 apostolicie
1767 2992 2086 3060 episcopus

426 3083 518 3137 vel
549 3084 835 3139 diaconus
867 3089 1063 3140 utatur
1094 3084 1444 3139 dalmaticis.

494 3172 582 3227 89.
614 3174 694 3228 De
726 3175 1069 3229 auctoritate
1102 3173 1471 3228 Arelatensis
1502 3172 1787 3240 episcopi.

494 3261 583 3315 90.
615 3262 782 3327 Quod
812 3266 1033 3318 tantum
1065 3263 1221 3318 intra
1252 3264 1573 3316 missarum
1595 3258 1881 3313 solemnia
1909 3258 2085 3326 pallio

425 3351 703 3405 utendum
735 3353 831 3406 sit.

494 3437 582 3492 9'1.
617 3440 782 3503 Quod
813 3444 1054 3495 sanctus
1071 3439 1397 3511 Gregorius
1446 3436 1793 3491 electionem
1822 3435 2088 3505 episcopi

427 3526 699 3596 afﬁrmat,
737 3529 1047 3598 etpallium
1085 3529 1203 3581 dat.

494 3615 582 3669 92.
618 3617 702 3669 De
734 3617 937 3671 eadem
972 3632 1056 3670 re.

2273 2908 2392 2963 115.
2413 2910 2485 2963 Ut
2501 2924 2670 2963 nemo
2686 2907 2995 2979 subjectus
3010 2908 3236 2980 regulae
3250 2906 3661 2963 ecclesiastica
3677 2903 3808 2957 adeat

2200 3000 2632 3069 imperatorem,
2682 2999 2800 3051 nisi
2849 3014 2981 3052 cum
3028 2996 3277 3051 consilio
3304 2993 3712 3066 metropolitani
3733 2989 3806 3044 vel

2200 3088 2560 3159 reliquorum
2587 3087 3022 3157 episcoporum.

2119 3181 2171 3244 C
2272 3177 2391 3231 116.
2418 3177 2625 3246 Incipit
2655 3175 2903 3246 epistola
2934 3175 3181 3230 formata
3204 3192 3235 3228 a
3256 3173 3540 3229 trecentis
3571 3173 3747 3226 decem
3765 3170 3808 3220 et

2200 3270 2329 3321 octo
2361 3266 2678 3335 episcOpis,
2715 3269 2770 3318 et
2799 3265 2990 3317 Attico
3013 3261 3661 3333 Constantinopalitanai
3679 3256 3812 3313 urbis

2198 3356 2478 3426 episcOpo
2511 3354 2682 3409 edita.
2717 3354 2800 3407 De
2823 3353 3031 3407 litteris
3054 3351 3462 3406 formatarum.

2269 3443 2391 3498 117.
2424 3444 2510 3497 Ne
2542 3444 2677 3514 quis
2726 3442 3047 3512 episcopus
3078 3440 3309 3494 ordinet
3359 3442 3460 3493 aut
3487 3438 3715 3493 retineat
3736 3431 3809 3487 vel

2188 3533 2417 3605 judicet
2447 3533 2727 3587 clericum
2760 3531 3003 3585 alterius
3033 3531 3261 3600 absque
3295 3528 3433 3599 ejus
3463 3527 3749 3581 voluntate.

2276 3621 2388 3676 118.
2424 3622 2499 3676 Ut
2527 3621 2726 3675 nullus
2749 3620 3066 3689 episcopus
3097 3619 3167 3672 de
3198 3618 3448 3672 alterius
3477 3612 3732 3687 parochia
3757 3624 3808 3663 se

494 3703 583 3759 93.
613 3704 782 3769 Quod
837 3705 1074 3774 pallium
1105 3721 1220 3759 non
1250 3704 1425 3758 debet
1466 3703 1737 3772 cuiquam
1769 3701 1912 3770 dari,
1968 3702 2087 3755 nisi
2195 3712 2513 3785 quidquam
2544 3709 2889 3763 inn-omittat,
2917 3707 3035 3762 nisi
3063 3710 3333 3778 rogatus,

424 3798 558 3865 post
584 3799 929 3849 consuetam
960 3793 1093 3848 fidei
1126 3792 1585 3863 professionem.

493 3882 581 3939 94.
616 3884 780 3948 Quod
812 3884 1164 3938 mutationes
1195 3883 1609 3953 episcoporum
1629 3881 1920 3935 communi
1954 3896 2085 3934 con-

425 3972 559 4027 silio
589 3975 647 4026 et
675 3972 919 4027 utilitate
969 3987 1074 4043 per
1102 3972 1486 4042 apostolicam
1515 3970 1919 4025 auctoritatem
1956 3968 2083 4023 ﬁeri

422 4064 694 4132 possunt.

492 4148 581 4205 95.
605 4150 770 4216 Quod
802 4152 1145 4206 sacerdotes
1174 4150 1245 4204 ad
1279 4149 1570 4203 ecclesias
1590 4147 1925 4219 cupiditatis
1941 4163 2081 4218 gra-

423 4241 498 4294 tia
528 4241 785 4313 migrare
806 4257 923 4295 non
954 4240 1189 4294 debent.

490 4328 578 4383 96.
609 4328 774 4394 Quod
808 4330 859 4383 si
891 4329 1232 4398 episcopus,
1267 4328 1544 4397 despecta
1579 4326 1812 4379 civitate
1846 4340 1973 4391 sua,
2010 4325 2083 4377 ad

422 4418 703 4489 majorem
763 4418 1123 4489 migraverit,
1178 4420 1374 4471 careat
1431 4419 1544 4468 tam
1603 4415 1841 4484 propria
1901 4428 2077 4483 quam

421 4508 629 4562 ahena.

2265 3800 2385 3856 119.
2422 3801 2505 3854 De
2535 3800 2739 3855 eadem
2772 3814 2858 3853 re.

2265 3890 2386 3944 120.
2422 3890 2503 3943 De
2535 3889 2739 3943 eadem
2771 3904 2855 3941 re.

2267 3978 2360 4034 121
2390 3980 2465 4033 Ut
2481 3978 2800 4048 episcopus
2823 3974 3159 4030 nonleviter
3178 3974 3457 4045 cuiquam
3480 3966 3814 4026 dimissorias

2190 4069 2367 4123 faciat
2396 4068 2643 4122 litteras.

2261 4157 2381 4212 122.
2417 4156 2504 4211 Ne
2534 4153 2894 4210 universalis
2922 4152 3236 4224 quisquam
3266 4153 3536 4206 vocetur.

2266 4245 2387 4301 123.
2424 4246 2505 4299 De
2540 4244 2741 4298 eadem
2774 4259 2857 4297 re.

2258 4334 2381 4391 124.
2413 4333 2577 4398 Quod
2609 4348 2754 4403 papa
2783 4332 3128 4401 episcopum
3158 4329 3499 4384 damnatum
3522 4327 3703 4397 possit
3737 4336 3817 4375 re-

2194 4425 2462 4479 stituere.

2108 4539 2165 4601 D
2266 4512 2386 4566 125.
2442 4512 2517 4566 Ut
2575 4509 2838 4581 episcopi
2888 4509 3217 4563 secundum
3273 4505 3664 4561 ordinationis
3718 4514 3821 4555 suae

488 4595 578 4650 97.
611 4595 775 4660 Quod
800 4612 979 4649 causa
1003 4595 1378 4649 necessitatis
1403 4596 1500 4647 aut
1522 4592 1787 4646 utilitatis
1804 4591 2080 4645 mutatia-
2108 4591 2157 4601 '
2192 4605 2424 4672 tempus
2458 4600 2701 4655 sedeant
2731 4599 2789 4651 in
2820 4598 3072 4653 concilio
3104 4600 3159 4651 et
3189 4596 3599 4651 subscribam.

418 4699 527 4738 nes
559 4685 973 4754 episcoporum
1007 4684 1133 4736 ﬁeri
1154 4685 1426 4753 possunt.

2264 4691 2385 4745 126.
2422 4691 2498 4745 Ut
2526 4689 2724 4744 nullus
2747 4690 3068 4758 praesumat
3115 4701 3182 4740 ea
3213 4701 3347 4757 quin
3409 4684 3527 4738 sibi
3558 4698 3667 4736 non
3713 4679 3826 4732 sunt

490 4769 595 4829 98.‘
621 4773 787 4838 Quod
828 4772 1186 4844 episcopalis
1237 4771 1415 4825 sedes
1465 4770 1535 4824 ad
1577 4770 1753 4823 alium
1812 4768 2081 4839 ejusdem
2194 4796 2505 4837 concessa,

420 4862 701 4917 dioecesis
725 4863 919 4917 locum
951 4861 1329 4917 necessitatis
1361 4875 1541 4914 causa
1571 4861 2006 4927 transponatur.

489 4949 578 5006 99.
614 4952 697 5007 De
725 4952 975 5023 expulso
1003 4950 1284 5020 episcopo
1314 4950 1373 5003 in
1396 4949 1507 5003 alia
1531 4947 1798 5002 Ecclesia
1830 4947 2081 5001 incardi-

421 5043 576 5107 nato,
611 5043 665 5094 et
695 5040 765 5095 de
798 5039 1052 5094 vitandis
1078 5038 1548 5094 ordinationibus
1581 5038 1823 5091 illicitis.

491 5127 612 5180 100.
644 5126 811 5191 Quod
843 5146 990 5199 papa
1009 5129 1160 5182 duos
1179 5128 1561 5198 episcopatus
1596 5126 1871 5199 redigere
1890 5126 2080 5196 possit

420 5216 479 5270 in
511 5232 711 5270 unum.

494 5304 615 5358 101.
665 5303 830 5368 Quod
868 5307 1187 5375 episcopus
1219 5305 1457 5376 prepria
1487 5304 1785 5359 voluntate
1820 5304 1873 5356 in
1909 5304 2078 5356 aliam

420 5393 711 5448 civitatem
730 5396 987 5447 mutatus
1018 5394 1189 5448 debet
1220 5395 1532 5462 removeri,
1559 5397 1614 5448 et
1647 5393 1798 5447 alius
1831 5393 1911 5445 ibi
1930 5392 2081 5447 ordi-

420 5499 570 5536 nari.

488 5570 809 5636 102.1Quod
839 5569 1118 5640 episcopo
1139 5586 1255 5625 non
1284 5572 1422 5627 licet
1443 5572 1732 5627 dimittere
1756 5570 2074 5627 ecclesiam

418 5678 609 5732 suam,
641 5661 796 5717 sicut
823 5675 931 5716 nec
957 5662 1163 5716 marito
1191 5676 1458 5717 uxorem.

2262 4868 2384 4924 127.
2415 4867 2581 4933 Quod
2603 4866 2810 4920 doctor
2835 4864 2925 4918 vel
2946 4866 3152 4934 pastor
3181 4863 3234 4918 si
3263 4879 3296 4916 a
3329 4862 3448 4917 fide
3477 4859 3825 4917 exorbitave-

2191 4960 2283 5028 rit,
2309 4975 2341 5012 a
2364 4957 2639 5011 ﬁdelibus
2670 4953 3067 5026 corrigendus
3109 4953 3239 5007 erit.

2262 5048 2381 5102 128.
2413 5046 2577 5111 Quod
2595 5060 2755 5114 saepe
2784 5046 3056 5113 pastores
3087 5040 3377 5095 Ecclesiae
3429 5038 3821 5110 depravantur,

2190 5140 2251 5192 ut
2271 5136 2462 5208 magis
2493 5137 2767 5188 corruant
2792 5132 2890 5203 qui
2922 5132 3277 5201 sequuntur.

2262 5225 2382 5279 129.
2406 5222 2572 5288 Quod
2591 5221 2781 5292 magis
2804 5220 3146 5291 proficimus
3166 5218 3582 5272 communibus
3612 5218 3665 5269 et
3680 5213 3828 5266 alter-

2190 5316 2282 5370 nis
2297 5312 2658 5369 orationibus
2681 5326 2855 5381 quam
2883 5308 3127 5379 privatis
3158 5312 3213 5362 et
3245 5307 3676 5376 singularibus.

2262 5404 2380 5458 130.
2416 5402 2490 5456 Ut
2529 5400 2817 5471 imperitis
2849 5402 2905 5453 et
2934 5397 3184 5452 rudibus
3218 5396 3490 5451 Ecclesia
3525 5411 3637 5449 non
3687 5404 3827 5445 com-

2189 5495 2447 5548 mittatur
2477 5490 2757 5562 regenda.

2261 5583 2379 5636 131.
2415 5581 2490 5635 Ut
2529 5580 2793 5650 episcopi
2850 5576 3255 5632 sacriﬁcantes
3315 5589 3527 5629 secum
3591 5568 3822 5627 habeant
