3948 6168
176 326 269 390 509
1079 317 1552 380 COLLECTIO
1601 317 2059 380 CANONICA.
2102 354 2170 363 —
2221 319 2376 382 LIB.
2427 320 2534 380 VI.
3405 322 3525 386 510

173 525 318 577 testes
344 520 395 573 in
422 518 766 573 solemnibus
800 517 1011 572 diebus
1060 517 1349 586 diaconos,
1395 520 1620 588 septem
1655 517 1748 571 vel
1778 503 1822 561 Α
1934 518 2056 572 159.
2093 518 2167 572 Ut
2197 533 2297 571 res
2328 518 2600 572 ecclesiae
2626 519 2683 571 in
2716 536 2823 574 sua
2844 524 3129 590 potestate
3163 523 3376 578 habeat
3397 523 3521 593 epi-

172 615 290 664 οοιο,
1863 623 2105 678 scopus,
2141 611 2197 661 et
2227 622 2332 676 per
2360 608 2740 676 presbyteros
2770 625 2839 663 ac
2870 610 3152 665 diaconos
3185 612 3514 681 dispenset.

224 695 322 752 132.
354 697 415 751 Ut
442 696 691 765 episcopi
738 712 977 766 semper
1024 711 1230 750 secum
1276 696 1528 750 habeant
1566 699 1751 751 testes
1935 695 2055 749 160.
2093 696 2165 748 Ut
2212 697 2263 748 si
2301 696 2620 765 episcopus
2670 712 2768 750 res
2818 698 3029 752 habeat
3072 700 3374 769 proprias,
3429 700 3523 754 cui

169 786 448 839 sacerdotes
474 790 525 838 et
554 784 782 838 levitas.
1869 784 1991 838 vult
2022 784 2410 855 derelinquat,
2439 801 2555 839 non
2586 789 2775 840 autem
2807 803 2908 841 res
2940 787 3235 841 ecclesiae.

220 873 315 928 133.
343 874 409 926 Ut
450 873 641 927 clerici
692 873 784 927 vel
830 873 1001 927 electi
1049 873 1324 928 monachi
1373 873 1747 928 cubiculares
1944 872 2066 927 161.
2098 872 2262 937 Quod
2295 873 2345 926 si
2378 875 2728 944 presbyteri,
2763 892 2896 929 cum
2929 876 3247 945 episcOpus
3270 891 3387 930 non
3410 879 3521 946 est,

165 964 253 1017 sint
275 961 530 1032 epiSCOpi.
1680 974 1687 980 ’
1866 962 1937 1016 de
1968 962 2149 1015 rebus
2180 961 2452 1016 ecclesiae
2482 963 2623 1033 quid
2655 964 3060 1033 vendiderint,
3092 964 3164 1017 ad
3209 964 3527 1018 ecclesiam

216 1050 313 1106 131.
345 1050 409 1104 Ut
436 1050 627 1105 clerici
666 1050 939 1105 Ecclesia
973 1050 1200 1105 habens
1234 1052 1598 1122 episcopum,
1646 1052 1753 1105 ha-
1865 1055 2199 1105 revocetur.

160 1142 262 1197 bant
287 1141 334 1194 et
361 1155 719 1194 (econonum.
1937 1140 2058 1193 162.
2095 1140 2172 1194 Ut
2202 1139 2520 1209 episcOpus
2552 1140 2937 1210 dispensandi
2959 1157 3058 1195 res
3082 1141 3528 1196 ecclesiasticas

215 1226 309 1283 135.
336 1227 487 1293 Quod
515 1229 835 1299 episcopus
863 1245 981 1283 non
1011 1228 1186 1284 debet
1215 1245 1433 1300 pravos
1479 1229 1752 1284 homines
1790 1282 1793 1285 λ
1865 1228 2077 1283 habeat
2104 1232 2473 1298 potestatem,
2496 1231 2552 1283 et
2572 1245 2700 1283 eam
2719 1246 2835 1284 non
2854 1229 3527 1284 committatdomesticis

160 1318 200 1371 in
225 1333 311 1371 sua
334 1317 598 1371 societate
630 1317 869 1372 habere.
1869 1320 1965 1371 aut
1992 1318 2341 1388 propinquis
2372 1317 2462 1371 vel
2494 1318 2780 1373 fratribus
2813 1320 2962 1373 suis.

212 1405 306 1461 136.
338 1406 403 1460 Ut
431 1407 618 1460 omnis
650 1408 970 1477 episcopus
1002 1423 1176 1463 suum
1208 1407 1420 1461 habeat
1437 1408 1752 1462 vicedomi-
1938 1406 2059 1461 163.
2092 1406 2257 1471 Quod
2288 1406 2702 1477 Syracusanus
2725 1411 2781 1462 et
2799 1408 2998 1461 caeteri
3018 1407 3238 1463 Siciliae
3260 1408 3529 1478 episcopi

158 1510 292 1548 num:
321 1498 407 1548 aut
432 1495 480 1549 si
512 1495 642 1564 ipse
673 1496 1022 1567 neglexerit,
1040 1498 1240 1551 clerus
1270 1498 1451 1567 eligat
1481 1512 1679 1550 unum.
1862 1511 1895 1549 a
1927 1496 2190 1567 quolibet
2219 1496 2499 1550 dimcesis
2525 1512 2651 1551 suae
2675 1497 3028 1567 presbytero
3051 1513 3349 1567 nunquam
3372 1497 3526 1550 ultra

210 1582 303 1638 137.
322 1584 390 1639 Ut
419 1585 737 1655 episcopus
757 1600 855 1639 res
876 1584 1164 1640 Ecclesiae
1188 1586 1582 1641 saecularibus
1602 1586 1753 1641 viris
1862 1584 2013 1639 duos
2045 1584 2271 1639 solidos
2305 1585 2683 1639 cathedratici
2704 1586 2939 1639 nomine
2960 1586 3233 1655 accipere
3251 1586 3522 1640 debeant.

156 1688 238 1726 non
264 1674 575 1727 committat.
1934 1672 2055 1728 164.
2090 1673 2165 1727 Ut
2194 1673 2393 1727 nullus
2425 1674 2796 1727 sacerdotum
2828 1689 2949 1728 rem
2996 1675 3145 1728 tituli
3198 1675 3291 1729 sui
3342 1690 3526 1728 usur-

201 1759 299 1816 138.
332 1761 399 1816 Ut
425 1777 522 1816 res
554 1761 845 1817 Ecclesiae
878 1762 1273 1818 saecularibus
1315 1779 1434 1818 non
1483 1765 1753 1820 commit-
1860 1777 2000 1833 pare
2030 1767 2372 1831 praesumat.

152 1852 320 1903 tantur.
1786 1876 1833 1935 Β
1933 1849 2055 1906 165.
2093 1850 2168 1904 Ut
2198 1866 2312 1906 non
2343 1850 2515 1905 liceat
2545 1852 2826 1922 episcOpo
2860 1868 2892 1905 a
2923 1851 3234 1906 sacerdote
3267 1851 3360 1906 vel
3412 1852 3526 1905 alio

200 1936 297 1993 139.
339 1938 495 2003 Quod
541 1939 900 2009 episcopalis
952 1941 1210 2011 dignitas
1259 1942 1332 1995 ab
1391 1956 1460 1996 ea
1519 1942 1752 1997 civitate
1864 1939 2082 1994 clerico
2128 1940 2221 1993 vel
2266 1957 2297 1993 a
2348 1941 2572 1994 sanctis
2622 1941 2773 1994 locis
2824 1941 2976 1995 ultra
3027 1943 3243 1995 statuta
3284 1941 3526 1994 Patrum

150 2026 482 2097 subtrahitur,
512 2044 649 2099 quae
682 2029 981 2098 proprium
1015 2031 1360 2099 episcopum
1394 2030 1703 2085 interemit.
1862 2029 2180 2099 quidquam
2211 2029 2476 2100 exigere.

199 2113 298 2169 110.
330 2116 405 2170 De
433 2116 628 2170 tribus
657 2101 959 2187 personis,
990 2118 1272 2189 pastoris,
1302 2120 1670 2189 mercenarii,
1698 2122 1754 2174 et
1934 2115 2054 2171 166.
2086 2116 2251 2182 Quod
2282 2133 2397 2172 non
2419 2118 2633 2172 debent
2662 2118 2931 2188 episcopi
2953 2134 2986 2171 a
3011 2117 3142 2172 suis
3167 2118 3408 2171 clericis
3433 2116 3526 2170 vel

148 2202 281 2257 furis.
1859 2207 2168 2261 monachis
2209 2208 2463 2277 aliquam
2512 2208 2821 2277 pecuniam
2880 2207 3071 2276 turpis
3128 2207 3281 2260 lucri
3339 2206 3527 2277 gratia

196 2292 294 2346 111.
331 2293 487 2358 Quod
520 2294 630 2348 filii
662 2310 737 2348 ex
767 2294 1054 2349 adulterio
1084 2296 1203 2349 nati
1237 2296 1308 2349 ad
1359 2298 1755 2352 sacerdotium
1860 2296 2121 2367 exigere.

143 2387 347 2448 possunt
375 2385 733 2452 promoveri.
1933 2383 2055 2438 167.
2088 2383 2251 2449 Quod
2285 2400 2400 2438 non
2434 2383 2570 2438 licet
2600 2384 2883 2454 episcopo
2923 2399 3024 2437 res
3074 2383 3131 2436 in
3183 2383 3528 2453 episcopatu

198 2468 297 2524 112.
329 2472 487 2536 Quod
516 2472 801 2544 bigamus
833 2474 933 2527 aut
962 2474 1353 2528 concubinam
1384 2474 1612 2529 habens
1644 2491 1757 2529 non
1862 2473 2186 2543 acquisitas
2218 2473 2495 2542 alienare,
2530 2472 2635 2527 sed
2667 2489 2817 2543 quas
2866 2476 3037 2526 antea
3086 2471 3377 2541 habuerit,
3428 2471 3524 2525 cui

141 2561 293 2625 potest
317 2575 444 2614 esse
474 2562 825 2631 episcOpus,
855 2576 964 2616 nec
986 2563 1317 2633 presbyter,
1342 2579 1452 2618 nec
1472 2563 1756 2618 diaconus
1861 2562 1985 2617 vult
2007 2562 2299 2632 judicare.

142 2661 224 2699 nec
251 2650 467 2703 caetera.
1934 2649 2055 2707 168.
2087 2650 2253 2715 Quod
2284 2667 2401 2706 non
2452 2652 2587 2705 licet
2630 2652 2913 2721 episcopo
2961 2649 3191 2704 cimelia
3240 2649 3334 2702 vel
3383 2664 3528 2702 vasa

191 2736 291 2791 113.
322 2736 481 2802 Quod
512 2738 778 2794 excelsae
826 2739 1007 2794 sedes
1056 2740 1477 2809 episcoporum
1522 2740 1757 2812 signiti-i
1861 2743 2068 2795 saneta
2097 2740 2433 2795 vel'cmtera
2482 2740 2760 2808 alienare,
2810 2739 2926 2793 nisi
2975 2754 3084 2809 pro
3124 2738 3527 2807 redemptione

140 2827 242 2877 cant
265 2827 720 2895 speculationem
753 2831 809 2882 et
837 2830 1190 2897 potestatem
1223 2829 1513 2899 ipsorum.
1862 2831 2248 2899 captivorum.

191 2913 288 2968 144.
316 2916 476 2980 Quod
508 2916 685 2971 valde
714 2917 973 2971 timenda
1005 2920 1096 2971 est
1126 2919 1419 2972 sententia
1467 2919 1755 2990 episcopi,
1934 2917 2056 2973 160.
2093 2919 2170 2972 Ut
2198 2935 2304 2989 per
2334 2918 2609 2989 singulos
2650 2918 2875 2989 gradns
2918 2917 2990 2971 ad
3040 2916 3305 2971 ordinem
3351 2931 3527 2970 suum

136 2998 241 3056 licet
266 3003 516 3076 injusta;
548 3010 609 3060 et
638 3021 757 3060 non
788 3006 1341 3061 communicandum
1372 3007 1590 3078 quibus
1628 3009 1758 3079 ipse
1861 3008 2143 3062 ascendat
2173 3007 2516 3077 episcopus.

135 3104 223 3145 non
244 3095 651 3150 communicat.
1933 3097 2055 3151 170.
2090 3097 2173 3150 De
2204 3096 2543 3150 Marcellino
2574 3111 2744 3166 papa,
2779 3095 2879 3166 qui
2929 3097 3171 3150 coactus
3220 3092 3529 3147 thuriﬂca-

188 3178 287 3235 145.
319 3182 481 3248 Quod
530 3187 811 3254 pastores
855 3185 1093 3254 placere
1143 3200 1259 3240 non
1309 3190 1563 3255 possunt
1602 3186 1758 3257 lupis
1791 3236 1837 3257 Α
1862 3186 1963 3254 vit,
1999 3188 2055 3239 et
2086 3187 2291 3254 postea
2323 3187 2546 3254 martyr
2580 3184 2769 3237 factus
2800 3185 2911 3237 est.

136 3236 806 3345 ρετίιοιιέιέιοεῖςῶέιεῖ
1144 3236 1258 3240 Ἦ
1602 3236 1756 3257 ””””
1789 3236 1838 3297 C
1880 3236 2788 3328 “armamiagbomaa
2810 3236 3174 3325 etnatalitiis
3205 3271 3530 3340 martyrum

188 3358 287 3413 116.
316 3359 478 3424 Quod
507 3362 865 3416 inferiorum
898 3362 1085 3431 culpae
1117 3363 1185 3415 ad
1238 3363 1615 3435 negligentes
1658 3379 1756 3418 re—
1867 3362 2068 3417 Gloria
2102 3363 2162 3416 in
2195 3361 2457 3416 exceIsis
2488 3363 2775 3415 cantetur.

132 3447 289 3502 ctores
318 3451 567 3505 maxime
604 3450 965 3506 referuntur.
1934 3450 2056 3505 1'72.
2092 3451 2169 3505 Ut
2198 3450 2531 3521 presbyteri
2566 3450 2739 3503 simul
2775 3464 2907 3503 cum
2938 3464 3086 3517 papa
3133 3462 3419 3502 canonem
3468 3446 3528 3501 in

184 3536 283 3590 117.
313 3538 386 3592 Ut
407 3539 766 3595 sacerdotes
784 3543 841 3593 et
862 3540 1117 3593 ministri
1135 3540 1338 3593 altaris
1363 3541 1756 3596 saecularibus
1864 3541 2036 3595 festis
2060 3541 2277 3594 dicant.

134 3625 259 3680 curis
285 3628 644 3684 abstineant.
1938 3628 2057 3683 173.
2092 3630 2175 3683 De
2206 3628 2616 3683 benedictione
2650 3626 2992 3680 chrismatis
3025 3628 3079 3678 et
3112 3626 3270 3679 sacri
3303 3624 3438 3679 olei.

182 3714 284 3769 148.
311 3716 384 3771 Ut
411 3718 763 3772 destruatur
790 3718 948 3788 quod
980 3718 1180 3772 illicite
1221 3720 1609 3773 commissum
1641 3723 1754 3773 est.
1935 3717 2058 3772 174.
2093 3716 2259 3780 Quod
2291 3732 2409 3770 non
2439 3716 2576 3769 licet
2607 3715 2890 3784 episcopo
2913 3714 3130 3769 abesse
3157 3730 3262 3784 per
3279 3718 3401 3768 tres
3430 3728 3532 3768 se-

184 3801 284 3857 149.
314 3804 474 3870 Quod
507 3806 839 3861 Christiani
872 3806 1173 3876 principes
1205 3806 1421 3861 debent
1450 3808 1756 3877 episcopis
1862 3806 2154 3877 ptimanas
2184 3806 2258 3859 ah
2292 3805 2559 3858 Ecclesia
2592 3819 2720 3857 sua.

128 3896 264 3960 caput
290 3895 567 3964 subdere,
590 3911 710 3949 non
743 3896 814 3949 de
844 3910 1050 3950 eorum
1075 3896 1367 3966 capitibus
1389 3896 1680 3966 judicare.
1936 3893 2039 3948 175
2059 3936 2071 3947 .
2098 3894 2265 3959 Quod
2296 3910 2411 3947 non
2440 3893 2578 3946 licet
2616 3892 2791 3946 alicui
2835 3892 3041 3947 relicta
3086 3890 3397 3963 principali
3430 3906 3533 3944 ca-

180 3979 281 4034 150.
309 3981 471 4047 Quod
501 3985 825 4053 petendum
856 3987 949 4038 est
969 3982 1272 4039 auxillium
1296 3986 1369 4039 ab
1404 3986 1758 4055 imperatore
1863 3984 2073 4038 thedra
2106 3983 2174 4037 ad
2195 3983 2524 4052 aliquamin
2542 3981 2787 4035 dioecesi
2811 3982 3127 4036 ecclesiam
3147 3996 3213 4035 se
3233 3978 3530 4035 conferre.

126 4070 316 4135 quando
348 4071 528 4126 fuerit
560 4088 840 4128 necesse.
1939 4070 2062 4126 176.
2098 4072 2173 4125 Ut
2199 4072 2516 4140 episcopus
2550 4070 2609 4122 in
2636 4070 3027 4124 saecularibus
3061 4071 3261 4124 causis
3283 4084 3402 4123 non
3434 4082 3533 4122 oc-

180 4157 283 4212 151.
314 4160 392 4215 De
421 4165 803 4217 sacramento
833 4162 1121 4233 synodali.
1466 4196 1469 4199 ‹
1869 4163 2134 4230 cupetur.

180 4244 283 4302 152.
325 4250 406 4305 De
450 4256 834 4306 sacramento
878 4251 1294 4321 episcoporum
1349 4267 1381 4304 a
1434 4251 1757 4307 schismate
1941 4248 2173 4302 177.De
2204 4248 2408 4301 eadem
2439 4264 2523 4301 re.

130 4334 453 4393 redeuntium
483 4341 559 4395 ad
597 4340 950 4395 catholicam
981 4340 1281 4395 unitatem.
1939 4337 2061 4393 178.
2094 4338 2256 4403 Quod
2291 4336 2612 4406 episcopus
2642 4334 2957 4408 negligens
2990 4349 3107 4388 non
3154 4334 3327 4388 debet
3366 4348 3526 4401 esse,
3596 4408 3601 4415 Δ

178 4421 281 4479 153.
312 4425 473 4492 Quod
508 4430 637 4483 Leo
673 4430 995 4498 episcopus
1020 4444 1086 4483 se
1119 4429 1190 4482 de
1219 4429 1475 4499 quodam
1507 4430 1753 4484 sinistro
1868 4428 1974 4481 sed
2008 4427 2316 4482 studiosus
2348 4426 2503 4480 circa
2534 4426 2689 4480 ﬁlios
2721 4433 2776 4479 et
2806 4438 3122 4495 pauperes.

129 4524 320 4569 rumore
353 4521 732 4573 sacramento
778 4519 848 4572 ad
896 4518 1054 4573 beati
1106 4517 1262 4572 Petri
1311 4518 1756 4573 sanctissimum
1940 4514 2062 4570 179.
2094 4515 2259 4581 Quod
2290 4515 2777 4586 metropolitanus
2808 4513 2953 4567 nihil
2985 4515 3150 4567 extra
3189 4511 3529 4581 parochiam

128 4611 305 4672 corpus
335 4609 714 4678 expurgavgt.
1793 4595 1845 4656 D
1871 4622 2039 4661 suam
2070 4608 2224 4677 agat.

181 4687 283 4744 154.
312 4693 392 4748 De
421 4693 538 4749 fide
573 4698 916 4751 sanctorum
950 4695 1075 4750 Pati
1092 4711 1191 4750 um
1229 4695 1287 4750 in
1319 4694 1589 4750 Ecclesia
1623 4712 1757 4751 ser-
1942 4694 2062 4748 180.
2097 4693 2262 4758 Quod
2296 4693 2465 4748 solus
2498 4694 2818 4764 episcopus
2835 4690 3148 4746 diaconum
3170 4689 3263 4743 vel
3285 4687 3532 4758 presby-

130 4778 302 4834 vanda.
1868 4786 2057 4837 terum
2082 4783 2377 4853 deponere
2410 4798 2527 4838 non
2556 4784 2770 4852 potest.

183 4864 284 4921 155.
316 4870 389 4925 Ut
418 4872 715 4943 episcopi,
763 4874 862 4943 qui
907 4873 1252 4944 apostolica
1304 4873 1469 4927 sedis
1516 4874 1756 4928 ordina-
1939 4872 2060 4925 181.
2096 4872 2179 4925 De
2223 4871 2319 4925 his
2365 4872 2465 4942 qui
2509 4871 2568 4925 in
2620 4870 2825 4940 plebes
2879 4869 3128 4937 irruunt,
3178 4881 3327 4938 quas
3358 4865 3431 4920 ad
3463 4881 3530 4920 se

129 4951 242 5007 tioni
291 4959 644 5031 subjaccnt,
704 4978 896 5017 annue
955 4963 1158 5017 Idibus
1216 4962 1354 5016 Maii
1412 4967 1755 5017 sanctorum
1868 4956 2414 5030 pertinere’putant.

128 5048 489 5110 apostolorum
526 5052 694 5107 Petri
711 5056 769 5107 et
793 5053 950 5107 Pauli
977 5052 1279 5107 liminibus
1296 5055 1751 5122 praesententur.
1902 5048 2061 5101 ~18“).
2095 5048 2259 5112 Quod
2293 5063 2458 5118 papae
2490 5048 2740 5117 primum
2773 5044 3021 5099 colobiis
3052 5045 3149 5098 usi
3196 5045 3361 5112 sunt,
3397 5059 3530 5114 quae

182 5131 286 5187 156.
314 5136 476 5202 Quod
510 5141 724 5196 beatus
754 5140 1080 5215 Gregorius
1121 5157 1187 5196 se
1232 5140 1374 5195 dicit
1418 5156 1535 5195 non
1582 5155 1754 5194 reco-
1871 5141 2076 5206 postea
2108 5138 2167 5190 in
2197 5137 2539 5191 dalmaticas
2571 5137 2921 5190 commutata
2940 5137 3096 5188 sunt.

131 5234 381 5287 gnoscere
408 5230 514 5299 qui
558 5245 822 5285 canones
872 5231 1076 5284 nolunt
1120 5230 1443 5297 custodire,
1490 5243 1753 5299 arguens
1943 5224 2066 5281 183.
2097 5225 2262 5290 Quod
2294 5241 2411 5279 non
2441 5225 2578 5280 licet
2609 5223 2887 5294 episcopo
2918 5223 3010 5277 vel
3055 5221 3252 5277 abbati
3294 5238 3394 5277 res
3426 5238 3529 5277 ec-

132 5311 540 5383 negtigentiam.
1870 5314 2069 5369 clesiaa
2101 5314 2466 5384 principibus
2501 5313 2778 5380 tribuere,
2814 5315 2911 5366 aut
2940 5311 3288 5383 propinquis
3320 5312 3438 5365 nisi
3470 5314 3533 5365 ut

185 5398 287 5454 157.
313 5402 477 5467 Quod
510 5407 779 5476 episcOpi
808 5408 880 5461 ad
912 5406 1226 5461 saecularia
1256 5402 1493 5477 negotia
1524 5421 1641 5460 non
1662 5422 1754 5461 or-
1866 5404 2249 5474 pauperibus.
3346 5392 3362 5407 ’

133 5480 385 5560 dicantur,
417 5495 527 5548 sed
559 5494 694 5550 laici
727 5496 854 5551 haec
884 5512 1098 5551 curare
1129 5495 1368 5549 debent.
1939 5493 2061 5548 181.
2096 5492 2262 5558 Quod
2304 5508 2419 5546 non
2452 5491 2587 5544 licet
2625 5491 2925 5560 episcopis
2956 5490 3047 5543 vel
3080 5489 3317 5543 clericis
3350 5489 3528 5542 claris

187 5573 290 5632 158.
318 5579 481 5644 Quod
515 5583 861 5656 episcopus,
895 5586 1210 5658 presbyter
1230 5587 1286 5639 et
1317 5584 1603 5640 diaconus
1626 5599 1759 5655 pec-
1865 5584 2135 5639 vestibus
2169 5582 2388 5637 ornari.

134 5666 299 5719 cautes
327 5669 530 5727 fideles
563 5674 883 5730 verberare
914 5691 1031 5730 non
1061 5674 1295 5730 debent.
1936 5670 2057 5728 185.
2090 5670 2256 5736 Quod
2286 5670 2433 5725 nihil
2464 5669 2722 5741 facilius,
2749 5669 2855 5723 sed
2887 5668 3039 5739 apud
3070 5668 3257 5723 Deum
3287 5666 3526 5720 damna-
