3948 6168
379 309 496 371 511

1403 306 1466 366 S.
1515 305 1891 367 ANSELMI
1937 305 2344 369 LUCENSIS
2393 303 2782 367 EPISCOPI
3657 309 3752 374 512

380 508 580 580 bilius,
611 522 786 577 quam
817 507 973 561 sacri
1007 505 1267 574 Ordines,
1301 507 1351 559 si
1402 506 1725 559 secundum
1767 505 2040 560 homines
2070 486 2126 545 Α
2231 505 2352 560 195.
2389 506 2465 560 Ut
2495 507 2550 558 in
2583 505 2852 560 Ecclesia
2883 508 3100 574 praeter
3129 504 3434 560 canonicas
3470 503 3754 576 Scripturas

381 602 658 670 agantur;
695 598 747 651 si
777 613 920 651 vero
952 596 1276 650 secundum
1313 597 1516 665 Deum,
1567 597 1706 649 nihil
1741 597 2042 650 dit‘ticilius

381 704 448 742 ac
479 688 731 740 beatius.

452 775 574 830 186.
609 775 772 838 Quod
805 773 941 827 boni
977 774 1272 843 principes
1306 774 1594 828 ecclesias
1618 774 1830 827 debent
1860 773 2046 827 rediti-

385 880 540 932 care,
576 867 631 916 et
661 863 1005 916 sacerdotes
1037 863 1186 916 tueri
1219 866 1274 916 et
1307 863 1616 916 honorare.

460 950 582 1006 187.
621 952 702 1005 De
735 953 936 1005 eadem
961 967 1048 1005 re.

457 1040 577 1095 188.
615 1038 778 1104 Quod
810 1041 1075 1109 episcopi
1107 1041 1177 1093 ad
1197 1039 1433 1110 judices
1454 1040 1779 1093 saeculares
1809 1054 1923 1094 non
1949 1039 2050 1092 de-

382 1129 522 1184 bent
551 1128 880 1199 confugere
893 1170 905 1182 .

458 1217 578 1272 189.
618 1217 690 1271 Ut
718 1217 904 1272 laicus
937 1218 1281 1287 episcopum
1317 1217 1430 1271 sub
1464 1219 1639 1288 digna
1671 1217 1939 1272 custodia
1963 1217 2049 1269 di-

385 1307 540 1378 rigat
572 1307 668 1376 (6).

457 1395 579 1448 190.
617 1395 691 1448 Ut
721 1394 1082 1449 schismatici
1117 1410 1222 1463 per
1261 1395 1530 1464 publicas
1575 1397 1900 1464 potestates
1955 1410 2051 1448 re-

387 1482 736 1552 primantur.

464 1569 580 1624 191.
614 1571 697 1623 De
729 1571 901 1624 falsis
931 1574 990 1624 ot
1022 1569 1381 1639 apocryphis
1413 1569 1584 1624 libris
1617 1572 1678 1623 ut
1708 1570 1766 1622 in
1789 1585 1901 1623 usu
1936 1571 2052 1623 lec-

390 1659 570 1714 tionis
598 1675 714 1712 non
747 1659 1093 1712 habeantur.

458 1745 577 1800 192.
611 1745 720 1810 Qui
751 1747 890 1800 libri
923 1747 1041 1800 sint
1075 1746 1331 1817 legendi.

459 1834 582 1890 193.
615 1836 779 1900 Quod
810 1836 942 1890 ideo
965 1851 1081 1890 non
1105 1835 1427 1904 recipiendi
1454 1835 1700 1904 quilibet
1731 1836 2055 1906 apocryphi

395 1923 553 1978 libri.

462 2011 584 2065 194.
622 2013 704 2065 De
735 2012 902 2065 brevi
931 2027 1163 2066 annexu
1211 2012 1496 2066 librorum
1548 2013 1608 2066 in
1653 2027 1879 2066 canone
1911 2029 2056 2068 san-

395 2103 616 2154 ctarum
648 2099 1049 2169 Sripturarum
1082 2103 1478 2170 receptorum.

2159 597 2305 650 nihil
2335 596 2588 666 legatur.

2232 683 2352 740 196.
2391 685 2470 738 De
2503 684 2784 753 plebibus
2817 684 2916 755 qui
2945 699 3241 754 nunquam
3270 684 3566 754 episcopos
3585 683 3760 740 habue-

2162 775 2294 827 rint.

2233 861 2354 916 197.
2391 863 2472 915 De
2502 861 2598 915 his
2623 862 2721 932 qui
2753 861 2812 914 in
2843 861 3030 914 aliena
3065 860 3326 915 Ecclesia
3372 859 3458 914 vel
3506 860 3763 930 provincia

2161 952 2375 1006 audent
2405 951 2643 1004 ordines
2670 950 2930 1005 efﬁcere.

2235 1039 2359 1093 198.
2392 1038 2559 1103 Quod
2588 1039 2684 1092 bis
2715 1039 2774 1092 in
2804 1053 2956 1093 anno
2990 1037 3252 1108 episcopi
3269 1038 3327 1091 in
3345 1037 3627 1106 provincia
3646 1052 3765 1092 con-

2160 1131 2488 1201 gregantur
2518 1143 2634 1198 quo
2667 1128 3151 1196 metropolitanus
3182 1126 3450 1180 voluerit.

2244 1216 2365 1270 199.
2400 1218 2482 1271 De
2513 1217 2794 1286 episcOpo
2825 1216 2895 1269 ad
2928 1215 3258 1270 Ecclesium
3289 1215 3403 1270 sibi
3445 1217 3773 1270 commissam

2161 1307 2246 1360 ire
2281 1306 2535 1360 nolente.

2231 1394 2354 1449 200.
2389 1394 2452 1448 Si
2483 1395 2803 1464 cpiscopus
2836 1393 3107 1447 inﬁmus
3140 1393 3344 1463 fuerit,
3379 1392 3613 1463 qualiter
3653 1393 3776 1449 alius

2163 1485 2214 1538 ei
2247 1483 2575 1538 succedere
2606 1483 2823 1552 possit.

2233 1570 2358 1626 201.
2394 1571 2470 1625 Ut
2500 1572 2765 1641 episcopi
2794 1571 3027 1642 quoties
3059 1570 3129 1623 ad
3164 1570 3598 1641 consignandos
3618 1569 3777 1624 infan-

2165 1664 2254 1715 tes
2285 1660 2686 1730 egrediuntur.
2711 1659 3003 1730 subjectis
3023 1659 3153 1713 suis
3178 1674 3395 1730 graves
3417 1674 3526 1713 non
3549 1659 3779 1714 existant.

2237 1747 2359 1802 202.
2385 1747 2645 1817 Epistola
2677 1747 2901 1800 Urbani
2931 1763 3100 1818 papae
3134 1747 3382 1801 secundi
3432 1749 3778 1816 comprobans

2168 1837 2557 1891 ecclesiarum
2587 1838 2884 1905 emptores
2920 1841 2972 1890 ct
3006 1836 3346 1890 venditores
3370 1851 3505 1890 esse
3532 1835 3784 1890 Simonis-

2169 1942 2293 1993 cos,
2329 1929 2385 1978 ct
2415 1924 2571 1995 quod
2602 1925 2805 1978 missaa
2839 1925 3263 1980 sceleratorum
3313 1925 3668 1981 sacerdotum
3694 1928 3788 1980 sint

2171 2013 2545 2084 respuendae.

1490 2334 1986 2416 CAPITULA
2044 2334 2305 2416 LIBRI
2355 2334 2774 2432 SEPTIMI,

849 2538 959 2601 Qui
983 2542 1073 2592 est
1104 2537 1177 2591 de
1207 2537 1582 2590 ordinatione
1605 2535 2128 2606 presbyterorum,
2159 2534 2560 2606 diaconornm,
2597 2542 2657 2590 et
2683 2535 3050 2608 reliquorum
3082 2537 3379 2592 ordinum.

474 2705 525 2758 1.
560 2705 722 2770 Quod
743 2707 1134 2760 communiter
1149 2705 1423 2759 omnibus
1455 2705 1771 2759 vivendum
1801 2707 1914 2769 est,
1937 2720 2063 2756 ma-

399 2795 555 2848 xime
588 2794 683 2848 his
721 2795 819 2864 qui
855 2795 973 2848 Deo
1005 2794 1610 2864 irreprehcnsibiliter
1657 2794 1905 2846 militare
1956 2808 2068 2846 cu-

401 2883 587 2954 piunt.

470 2974 521 3026 2.
558 2974 639 3027 De
671 2972 1150 3041 interpretatione
1183 2972 1452 3026 vocabuli
1485 2971 1642 3042 quod
1662 2975 1755 3026 est
1786 2971 2063 3038 clericus,

400 3066 456 3117 et
485 3062 642 3132 quod
677 3061 964 3122 Dominus.
993 3078 1132 3132 pars
1166 3061 1520 3118 clericorum
1541 3065 1652 3129 est,
1680 3063 1736 3114 et
1766 3060 1923 3130 quod
1949 3057 2067 3128 ipsi

401 3153 472 3206 de
504 3155 663 3205 sorte
695 3154 834 3205 sunt
868 3151 1121 3205 Domini.

469 3242 522 3295 3.
561 3241 643 3296 De
673 3241 975 3295 communi
1002 3242 1118 3295 vita
1149 3242 1516 3310 clericoram,
1549 3244 1605 3296 et
1637 3255 1839 3294 eorum
1864 3239 1962 3310 qui
1998 3253 2066 3292 se

403 3331 704 3386 continere
737 3346 853 3384 non
885 3336 1155 3398 possunt.

472 3420 522 3472 4.
558 3420 702 3474 Item
731 3419 802 3472 de
836 3419 1130 3476 communi
1162 3419 1280 3472 vita
1311 3420 1757 3482 clericorum,et
1789 3416 1945 3486 quod
1971 3430 2068 3468 res

404 3508 678 3562 ecclesiae
711 3507 768 3560 in
791 3507 940 3560 alios
962 3523 1108 3560 usus
1131 3523 1306 3576 quam
1329 3506 1776 3560 ecclesiasticos
1801 3503 2068 3559 converti
2099 3479 2149 3540 Ο

404 3610 521 3650 non
554 3595 789 3650 debent.

475 3684 528 3737 5.
564 3684 650 3736 De
678 3682 957 3736 claustris
987 3686 1043 3736 ct
1075 3682 1329 3736 ofﬁcinis
1364 3683 1735 3737 clericorum.

475 3773 527 3825 6.
553 3770 721 3835 Quod
747 3770 982 3824 clericis
1001 3771 1388 3826 communiter
1404 3771 1743 3826 viventibus
1765 3769 2070 3840 proprium

407 3860 627 3914 habere
660 3875 776 3912 non
809 3859 964 3912 licet.

478 3947 530 4002 7.
567 3948 647 4002 De
679 3947 944 4002 diaconis
965 3951 1022 4002 ct
1044 3948 1345 4019 religiosis
1368 3949 1666 4018 personis,
1695 3951 1755 4003 ut
1790 3947 2070 4002 canonice

407 4037 628 4092 vivant.

476 4127 527 4180 8.
563 4125 728 4191 Quod
760 4103 1234 4181 adolescentesin
1269 4128 1425 4181 clero
1448 4127 1624 4198 positi
1649 4127 2088 4197 probatissimo

407 4216 633 4270 seniori
665 4215 1036 4285 deputentur.

477 4303 529 4358 9.
564 4305 656 4358 De
673 4305 890 4375 quibus
919 4305 1086 4360 laicis
1116 4306 1254 4375 quis
1273 4321 1392 4359 non
1420 4305 1611 4374 possit
1627 4304 1698 4357 ad
1729 4303 2070 4357 clericatum

407 4395 741 4464 pervenire.

479 4483 566 4536 10.
603 4483 678 4536 Ut
703 4481 802 4552 qui
835 4483 1070 4536 viduam
1099 4483 1336 4537 duxerit
1364 4497 1610 4536 uxorem
1642 4496 1749 4534 seu
1777 4483 1910 4534 ante
1929 4481 2070 4548 bap-

406 4571 646 4626 tismum
677 4587 784 4624 seu
817 4575 950 4640 post
981 4571 1358 4640 baptismum,
1395 4570 1649 4639 clericus
1681 4585 1798 4623 non
1829 4569 1945 4630 fiat.

483 4659 568 4714 11.
606 4659 681 4714 Ut
710 4659 988 4730 bigamus
1020 4659 1276 4713 clericus
1308 4674 1424 4712 non
1451 4659 1569 4711 ﬁat.

483 4749 568 4802 12.
600 4747 674 4802 Ut
705 4751 997 4818 pwnitens
1031 4748 1286 4802 clericus
1316 4763 1429 4800 non
1453 4747 1569 4800 fiat.

482 4836 570 4892 13.
606 4838 681 4894 Ut
711 4837 964 4900 clericus
996 4851 1105 4890 nec
1155 4835 1390 4890 viduam
1438 4851 1547 4889 nec
1596 4834 1847 4904 ejectam
1896 4834 2072 4888 ducat

412 4942 677 4982 uxorem.

484 5014 570 5070 14.
606 5017 682 5070 Ut
706 5017 806 5089 qui
837 5031 1083 5072 uxorem
1115 5015 1406 5086 virginem
1439 5029 1556 5069 non
1587 5013 1838 5080 duxerit,
1867 5013 1940 5067 ad
1973 5027 2076 5067 sa-

414 5121 551 5160 cros
583 5107 823 5160 ordines
856 5122 971 5164 non
1000 5105 1240 5175 aspiret.

487 5196 572 5248 15.
609 5195 683 5249 Ut
712 5194 884 5248 inscii
915 5194 1242 5249 litterarum
1261 5195 1351 5248 vel
1373 5193 1655 5248 membris
1681 5191 1926 5245 truncati
1950 5191 2077 5244 sive

414 5283 769 5354 poenitentes
800 5283 870 5336 ad
898 5298 1105 5338 sacros
1137 5283 1380 5338 ordines
1413 5297 1531 5337 non
1558 5281 1844 5349 aspii-ent.

490 5369 575 5423 16.
609 5371 683 5424 Ut
713 5370 770 5423 hi
802 5372 898 5440 qui
929 5372 1194 5440 baptizati
1228 5372 1322 5425 vel
1359 5369 1701 5439 rebaptizati
1735 5371 1874 5422 sunt
1912 5370 2080 5421 extra

420 5457 765 5513 catholicam
799 5458 1146 5528 Ecclesiam,
1175 5461 1249 5514 ad
1275 5475 1484 5514 sacros
1511 5458 1754 5514 ordines
1778 5472 1894 5513 non
1913 5471 2079 5510 acce-

419 5549 574 5603 danL

2196 2715 2211 2726 ί
2249 2705 2333 2758 17.
2369 2705 2452 2759 De
2487 2705 2582 2759 his
2613 2706 2714 2776 qui
2739 2706 2813 2760 ad
2844 2722 3052 2761 sacros
3076 2707 3316 2762 ordines
3340 2723 3460 2762 non
3477 2705 3681 2760 debent
3697 2717 3798 2772 pre

2178 2809 2423 2846 moveri.

2252 2881 2335 2935 18.
2369 2883 2533 2946 Quod
2568 2883 2940 2954 pmnitentes,
2974 2884 3244 2956 quamvis
3267 2887 3512 2955 peccato
3540 2883 3649 2937 sint
3666 2895 3799 2934 mun-

2181 2970 2316 3039 dati,
2351 2972 2668 3027 clericatus
2700 2977 2893 3028 tamen
2924 2973 3208 3028 honorem
3247 2972 3500 3044 adipisci
3541 2987 3655 3025 non-
3684 2983 3801 3040 pos-

2182 3060 2298 3113 sint
2315 3103 2327 3114 .

2254 3149 2338 3203 19.
2372 3151 2536 3214 Quod
2569 3151 2736 3205 venia
2767 3151 3190 3221 pmnitentibus
3220 3151 3482 3223 big-amis
3530 3154 3583 3204 et
3626 3147 3800 3201 vidua-

2182 3255 2310 3291 rum
2345 3240 2568 3293 maritis
2601 3241 2677 3293 ita
2708 3241 2846 3294 olim
2864 3244 2953 3295 est
2973 3256 3282 3306 concessa,
3304 3245 3368 3295 nt
3383 3241 3534 3295 tales
3555 3239 3694 3294 ultra
3710 3249 3804 3289 non

2183 3333 2694 3398 promoverentur.

2255 3417 2342 3470 20.
2379 3417 2454 3470 Ut
2479 3419 2578 3488 qvi
2617 3419 2837 3473 invitus
2887 3419 2958 3472 ad
3007 3419 3296 3490 agendam
3343 3416 3726 3487 pmnitentiam
3762 3413 3809 3465 in

2186 3509 2605 3562 monasterium
2647 3508 2917 3576 mittitur,
2965 3508 3038 3561 ad
3087 3507 3492 3562 sacerdotium
3538 3503 3808 3576 pervenire

2185 3612 2302 3651 non
2335 3598 2723 3666 permittatur.

2255 3687 2342 3740 21.
2382 3687 2455 3740 Ut
2483 3686 2942 3740 transmarinum
2969 3685 3264 3740 hominem
3297 3700 3476 3740 nemo
3507 3684 3587 3738 ad
3608 3680 3813 3737 clerica-

2184 3779 2304 3830 tum
2333 3777 2640 3846 suscipiat,
2674 3776 2791 3829 nisi
2816 3775 2928 3830 sub
2959 3775 3220 3846 quinque
3244 3774 3656 3845 episcoporum
3685 3769 3816 3824 testi-

2184 3866 2421 3919 moniis.

2254 3955 2342 4008 22.
2379 3955 2452 4008 Ut
2478 3955 2676 4008 nullus
2702 3969 2776 4008 ex
2800 3952 3228 4022 pcenitentibus
3241 3952 3503 4006 clericus
3526 3949 3812 4005 ordinetur.

2253 4042 2342 4097 23.
2375 4043 2538 4108 Quod
2562 4042 2845 4113 incogniti
2868 4046 2924 4095 et
2953 4040 3253 4112 peregrini
3271 4041 3348 4094 ad.
3369 4055 3583 4095 sacros
3603 4036 3817 4093 ordines

2185 4149 2301 4187 non
2331 4132 2756 4202 suscipiantur.

2255 4222 2341 4275 21.
2379 4223 2460 4274 De
2494 4222 2589 4275 his
2619 4221 2719 4292 qui
2744 4220 2818 4274 ad
2847 4233 3060 4275 sacros
3087 4219 3325 4273 ordines
3373 4217 3682 4288 pervenire
3722 4226 3817 4267 non

2186 4315 2458 4381 possunt.

2256 4397 2346 4454 25.
2381 4400 2457 4454 Ut
2485 4399 2682 4452 nullus
2715 4399 3036 4467 episcopus
3064 4396 3306 4451 alterius
3327 4409 3591 4463 servum,
3611 4391 3819 4447 nolente

2187 4489 2424 4544 domino
2457 4504 2588 4556 suo,
2623 4493 2987 4557 promoveat.

2260 4579 2348 4632 26.
2385 4578 2467 4630 De
2509 4575 2817 4646 mancipiis
2855 4590 2972 4629 non
3021 4573 3406 4641 ordinandis;
3454 4575 3554 4626 aut
3590 4571 3640 4625 si
3685 4566 3824 4624 ordi-

2192 4670 2423 4735 nentur,
2454 4666 2582 4720 suis
2615 4664 2871 4719 dominis
2897 4663 3304 4717 restituantur.

2101 4732 2153 4793 D
2262 4756 2350 4810 2Ἶ.
2381 4732 2464 4810 De
2492 4755 2697 4809 eadem
2730 4769 2814 4807 re.

2263 4846 2351 4900 28.
2385 4844 2492 4909 Qui
2521 4845 2639 4898 sint
2667 4842 3046 4912 poenitentes,
3074 4845 3130 4894 et
3159 4840 3232 4894 ad
3264 4855 3416 4911 quos
3439 4840 3676 4895 ordines
3705 4849 3828 4906 per-

2192 4936 2399 4990 venire
2428 4932 2681 5002 possint.

2261 5025 2350 5078 29.
2381 5023 2457 5076 Ut
2486 5021 2685 5076 nullus
2705 5020 2892 5074 laicus
2923 5019 3036 5073 nisi
3062 5033 3168 5087 per
3189 5017 3503 5072 distinctos
3525 5014 3744 5088 gradus
3766 5009 3828 5062 ad

2193 5111 2666 5182 presbyteratum
2697 5107 2997 5161 ascendat.

2263 5199 2350 5254 30-.
2387 5198 2683 5253 Utnullus
2714 5197 2902 5250 laicus
2933 5196 3004 5248 ad
3035 5210 3270 5249 sacrum
3289 5193 3553 5248 ordinem
3576 5202 3832 5246 assuma-

2195 5293 2308 5356 tur,
2325 5288 2568 5344 omissis
2588 5285 2822 5340 clericis
2841 5286 2940 5356 qui
2959 5285 3363 5338 ministrarunt
3381 5282 3498 5352 jam
3522 5277 3830 5333 Dominicis

2195 5361 2430 5414 castris.

2265 5450 2352 5504 31.
2383 5450 2493 5515 Qui
2518 5450 2648 5503 laici
2681 5449 2752 5502 ad
2781 5447 3117 5501 clericatum
3159 5444 3394 5515 possint
3423 5439 3767 5514 promoveri.

2265 5542 2353 5596 32.
2386 5542 2552 5605 Quod
2574 5540 2626 5596 is
2649 5539 2746 5609 qui
2771 5537 3099 5593 membrum
3120 5534 3238 5590 sibi
3260 5534 3466 5590 volens
3486 5522 3832 5596 abscidit,ad

490 5750 565 5826 (6)
593 5750 805 5826 Agitur
828 5750 888 5807 in
917 5752 1080 5808 textu
1110 5750 1181 5808 de
1211 5748 1723 5822 pseudoepiscopo
1755 5745 1827 5802 ad
1859 5743 2065 5800 sedem
2093 5741 2479 5816 apostolicam
2511 5739 2844 5814 dirigendo.
