3948 6168
205 282 298 342 513
1158 277 1632 339 COLLECTIO
1668 277 2124 341 CANONICA.
2168 280 2325 342 LIB.
2363 283 2478 342 VII
3435 288 3561 355 514

200 459 476 513 clericatum
497 458 700 512 admitti
724 475 840 512 non
863 459 1073 528 debet;
1108 466 1322 516 sicasu
1353 461 1636 529 evenerit,
1661 475 1776 515 non
1813 463 1852 520 Α
1965 463 2052 517 68.
2089 462 2256 527 Quod
2289 465 2407 518 Deo
2429 481 2543 518 non
2575 481 2719 520 voce
2744 470 2962 521 tantum
2980 470 3084 523 sed
3119 471 3295 525 corde
3326 476 3558 526 cantan-

199 547 498 618 prehibetur.
1895 551 2032 605 dum
2065 556 2154 606 est
2189 553 2246 606 in
2278 555 2552 608 ecclesia.

248 633 319 690 33.
359 636 427 689 De
457 635 730 690 eunuchis
762 641 819 690 et
850 637 1038 708 quise
1070 637 1238 706 ipsos
1269 638 1671 692 absciderunt.
1965 639 2054 694 69.
2089 641 2170 695 De
2220 643 2545 698 ministerio
2591 645 2970 700 diaconorum
2993 688 3006 714 ,
3039 647 3168 702 sine
3208 650 3425 718 quibus
3457 665 3559 702 sa-

248 723 319 779 34.
347 723 488 788 Quod
508 724 976 794 presbyteripost
1000 730 1344 796 susceptum
1363 727 1626 782 ordinem
1641 742 1784 780 casu
1897 730 2170 783 cerdotes
2203 747 2414 785 nomen
2448 733 2682 800 habent,
2719 734 2978 788 officium
3008 751 3124 788 non
3158 736 3393 791 habent.

194 828 392 882 corpore
419 813 722 883 debilitate,
756 813 1021 868 ordinem
1049 831 1223 870 suum
1247 817 1512 870 amittere
1544 831 1655 868 non
1679 815 1782 870 de-
1968 816 2054 869 '70.
2115 819 2280 882 Quod
2331 821 2566 889 quidam
2621 823 2978 876 necessitate
3037 823 3320 878 diaconus
3372 825 3561 879 factus

191 901 312 956 bent.
1901 910 2010 973 cst,
2044 907 2142 976 qui
2175 911 2307 976 post
2359 913 2643 962 mortuam
2679 927 2922 965 uxorem
2977 912 3127 965 filios
3174 912 3462 966 habuerat
3490 914 3562 967 de

239 997 309 1050 35.
333 997 396 1050 Ut
422 997 512 1066 qui
541 1000 755 1066 praeter
785 998 1006 1052 formas
1025 1013 1317 1053 canonum
1341 1000 1567 1054 venerit
1599 1000 1668 1052 ad
1689 1016 1782 1052 sa-
1900 994 2131 1048 ancilla.

187 1085 474 1153 cerdetium,
502 1085 626 1155 ipse
658 1090 713 1140 et
736 1087 1037 1140 ordinator
1071 1086 1204 1157 ejus
1239 1088 1462 1142 honore
1498 1090 1780 1157 privetur.
1971 1083 2058 1137 ἻΙ.
2096 1084 2170 1137 Ut
2201 1083 2431 1138 diaconi
2462 1086 2688 1140 calciati
2730 1088 3036 1159 compagis
3069 1104 3182 1142 non
3216 1089 3557 1158 procedant.

235 1174 304 1228 36.
331 1173 475 1250 Quod
506 1190 618 1228 non
647 1175 785 1229 licet
813 1175 1171 1246 neophytum
1199 1177 1292 1230 vel
1326 1177 1539 1231 laicum
1569 1178 1777 1231 incon-
1969 1174 2058 1228 '79..
2096 1174 2177 1227 De
2206 1174 2621 1230 arcliidiacono
2652 1192 2825 1246 quem
2849 1193 2997 1230 suus
3021 1177 3339 1247 episcopus
3372 1180 3560 1234 voluit

189 1262 394 1318 siderate
421 1262 825 1332 presbyterum
855 1263 950 1317 vel
990 1264 1300 1318 diaconum
1333 1266 1612 1319 ordinari.
1901 1263 2108 1318 callide
2139 1263 2542 1332 promovendo
2566 1264 2880 1332 deponere.

236 1352 306 1406 37.
336 1351 401 1405 Ut
429 1367 539 1405 non
577 1351 718 1404 fiant
749 1352 1158 1406 ordinationes
1188 1353 1426 1407 illicitae.
1969 1351 2057 1406 '73.
2092 1351 2256 1416 Quod
2303 1353 2702 1408 archidiaconi
2735 1369 2834 1407 res
2869 1354 3140 1409 ecclesiae
3183 1355 3394 1409 debent
3427 1372 3561 1410 arc-

235 1440 304 1494 38.
336 1440 697 1494 Uterdinatio
712 1441 1193 1510 presbyterorum
1217 1442 1787 1516 vellevitarumjcon-
1898 1443 2015 1494 tius
2049 1441 2368 1495 custodire.

180 1546 292 1602 grue
317 1534 556 1599 tempore
586 1529 931 1583 solemniter
966 1530 1083 1583 fiat.
1965 1530 2052 1583 '74.
2087 1530 2250 1594 Quod
2285 1531 2650 1584 viredomino
2685 1531 3045 1600 episcopium
3068 1536 3158 1587 est
3189 1533 3558 1588 committen-

230 1617 299 1672 39.
330 1618 395 1672 Ut
434 1618 490 1671 in
518 1617 808 1688 principio
855 1618 1176 1674 Dominicaa
1219 1620 1407 1674 noctis
1459 1621 1597 1674 fiant
1627 1622 1785 1676 sacri
1896 1619 2054 1673 dum.

178 1707 387 1774 ordines,
411 1708 532 1760 sive
562 1722 756 1775 mane,
795 1707 1000 1760 eodem
1031 1707 1124 1760 die
1167 1709 1502 1763 continuato
1529 1709 1780 1780 jejunio.
1966 1709 2054 1762 75.
2089 1708 2253 1773 Quod
2287 1708 2343 1762 in
2380 1709 2639 1762 Romana
2672 1708 2940 1763 Ecclesia
2971 1710 3296 1778 ordinatus,
3322 1711 3454 1764 inde
3472 1713 3559 1766 ul-

226 1796 296 1848 40.
328 1795 399 1848 De
428 1795 906 1865 presbyterorum
938 1798 995 1850 et
1042 1796 1424 1851 diaconorum
1459 1798 1861 1895 ordinatio-1B
1897 1797 2082 1852 terius
2114 1797 2318 1868 egredi
2343 1813 2458 1851 non
2491 1797 2681 1852 debet.

171 1885 303 1938 nibus
329 1885 492 1938 certis
521 1884 896 1938 celebrandis
931 1886 1316 1954 temporibus.
1805 1879 1861 1895 ’⁷
1967 1885 2051 1939 '76.
2097 1886 2180 1939 De
2230 1886 2482 1955 quodam
2525 1902 2700 1956 quem
2750 1885 2887 1940 fecit
2936 1889 3179 1940 sanctus
3232 1888 3556 1958 Gregorius

224 1973 296 2026 4t.
325 1971 474 2037 Quod
505 1973 678 2042 pueri
710 1973 778 2026 ad
812 1989 1022 2028 sacros
1055 1990 1172 2028 non
1219 1975 1594 2029 admittantur
1625 1976 1785 2029 ordi-
1897 1973 2253 2044 acelythuni,
2300 1978 2356 2028 et
2395 1974 2622 2028 remisit
2671 1991 2803 2029 eum
2835 1975 2902 2028 ad
2957 1975 3401 2045 obsequendum
3435 1979 3560 2047 epi-

171 2077 266 2129 nes,
293 2067 340 2116 et
366 2062 514 2116 nulla
545 2065 623 2116 sit
657 2063 714 2115 in
747 2062 1111 2116 ordinatione
1144 2064 1453 2118 venalitas.
1898 2079 2081 2133 scopo
2115 2079 2244 2118 suo.

221 2149 290 2203 49..
317 2149 466 2214 Quod
502 2167 609 2220 per
645 2151 873 2221 gradus
920 2151 1194 2222 singulos
1229 2153 1443 2206 debent
1481 2169 1513 2205 a
1545 2153 1782 2206 minimo
1970 2152 2056 2205 7'7.
2091 2152 2254 2215 Quod
2300 2168 2443 2222 papa
2486 2153 2680 2222 possit
2727 2153 3052 2207 concedere
3084 2152 3334 2208 clericos
3379 2155 3554 2212 unius

169 2239 434 2294 ascendere
463 2241 560 2310 qui
591 2240 798 2293 volunt
827 2241 887 2293 in
919 2239 1184 2294 Ecclesia
1218 2242 1494 2294 militare.
1902 2240 2189 2294 Ecclesiae
2221 2241 2280 2294 in
2311 2240 2421 2293 alia
2445 2241 2726 2294 ordinari.

218 2326 290 2381 43.
320 2329 423 2382 Per
449 2343 580 2400 qum
612 2331 882 2397 tempora
914 2331 969 2382 et
1000 2343 1107 2398 per
1137 2345 1288 2399 quos
1321 2330 1545 2400 gradus
1577 2345 1784 2384 ascen-
1967 2330 2055 2384 '78.
2090 2328 2237 2393 Quid
2271 2329 2342 2382 ab
2373 2329 2673 2398 episcopo,
2709 2330 2849 2400 quid
2880 2347 2910 2382 a
2941 2329 3308 2400 presbytero,
3354 2332 3493 2401 quid
3525 2348 3557 2385 a

172 2415 375 2470 dandum
407 2418 480 2471 sit
507 2418 580 2472 ab
634 2417 876 2470 infantia
922 2433 1112 2488 usque
1157 2418 1228 2471 ad
1258 2433 1551 2472 summum
1583 2433 1784 2473 sacer-
1897 2418 2142 2473 diacono
2176 2417 2400 2488 suscipi
2434 2418 2667 2472 debeat.

166 2504 395 2561 detinum.
1967 2509 2054 2563 79.
2087 2507 2251 2572 Quod
2285 2511 2509 2576 septem
2541 2507 2792 2576 diaconi,
2826 2511 2882 2561 et
2928 2507 3164 2562 totidem
3208 2509 3557 2563 subdiaconi

219 2593 290 2649 ιη.
322 2595 396 2668 De
424 2595 629 2650 eadem
663 2611 746 2650 re.
1896 2614 2002 2668 per
2032 2597 2323 2650 civitatem
2361 2597 2681 2649 Romanam
2710 2596 2958 2650 ordinati
2989 2600 3148 2650 sunt.

218 2681 290 2737 45.
334 2667 408 2738 De
454 2685 666 2740 ordine
715 2685 1188 2739 consecrationis
1237 2684 1784 2740 ecclesiasticorem
1905 2667 1911 2668 ⁷
1967 2688 2054 2740 80.
2093 2687 2173 2740 lle
2204 2689 2440 2754 septem
2487 2684 2870 2749 subdiaconis
2906 2686 3005 2755 qui
3056 2689 3279 2755 septem
3313 2685 3556 2739 notariis

165 2772 403 2827 ordinum.
1897 2777 2288 2830 imminerent.

215 2859 286 2915 46.
315 2862 389 2916 Dc
419 2862 652 2918 eodem.
1965 2864 2053 2920 8t.
2088 2864 2252 2928 Quod
2277 2862 2576 2933 regiones,
2610 2862 2764 2916 sicut
2794 2862 2851 2914 in
2883 2863 3029 2916 urbe
3067 2863 3270 2932 Roma,
3301 2879 3408 2934 per
3438 2863 3561 2919 sin-

217 2949 287 3004 Π.
315 2951 466 3016 Quod
514 2951 835 3022 presbyter
882 2955 940 3004 et
971 2951 1258 3006 diaconus
1307 2952 1380 3005 ab
1413 2967 1529 3005 uno
1560 2955 1781 3006 tantum
1897 2955 2070 3026 gulas
2101 2954 2280 3006 urbes
2313 2951 2577 3005 diaconis
2600 2951 2952 3004 dividantur.

164 3039 395 3111 episcopo
424 3040 795 3095 ordinantur.
1966 3043 2054 3096 82.
2086 3041 2250 3106 Quod
2283 3040 2569 3095 diaconus
2600 3039 2657 3092 in
2690 3039 2933 3092 sinistro
2966 3039 3212 3094 humero
3237 3041 3445 3095 stolam
3464 3057 3559 3113 ge-

213 3127 284 3182 68.
311 3129 558 3194 Qualiter
586 3129 920 3200 psalmista,
966 3129 1024 3182 id
1053 3133 1148 3184 est
1199 3132 1422 3199 cantor,
1457 3130 1776 3184 ordinetur.
1820 3192 1860 3200 _
1896 3134 2057 3185 stare
2087 3130 2279 3184 debet.

213 3217 284 3272 49.
313 3192 390 3274 Ue
419 3192 792 3274 ordinatione
823 3192 1068 3273 ostiarii.
1409 3192 1418 3199 I
1812 3192 1861 3254 ο
1963 3219 2052 3275 83.
2085 3219 2249 3283 Quod
2280 3233 2397 3272 non
2436 3216 2608 3271 debet
2640 3216 2924 3271 diaconus
2965 3217 3022 3271 in
3062 3217 3432 3288 presbyterio
3465 3234 3559 3273 se-

209 3308 281 3361 50.
313 3309 388 3362 De
409 3308 783 3364 ordinatione
815 3307 1077 3362 lectoris.
1895 3311 2036 3364 dere
2067 3325 2200 3362 eum
2232 3307 2428 3361 divina
2460 3306 2850 3376 celebrantur,
2884 3322 3076 3377 neque
3095 3322 3312 3376 corpus
3327 3308 3557 3362 Domini

211 3392 282 3452 51.
311 3397 386 3452 De
416 3398 790 3454 ordinatione
821 3397 1156 3451 exorcistae.
1894 3412 2234 3468 prmrogare
2266 3397 2614 3466 presbytero
2637 3399 2951 3465 praesente.

208 3483 280 3540 52.
309 3487 384 3542 De
414 3487 787 3541 ordinatione
815 3486 1093 3555 acelythi.
1963 3487 2052 3542 84.
2086 3487 2252 3552 Quod
2273 3486 2678 3541 subdiaconus
2701 3487 2897 3540 orario
2921 3501 3036 3539 non
3060 3489 3272 3554 utatur,
3306 3502 3415 3541 nec
3448 3486 3557 3540 ho-

208 3571 282 3629 53.
310 3576 388 3631 De
409 3577 780 3632 ordinatione
799 3575 1170 3629 subdiaconi.
1895 3577 2064 3630 stiam
2099 3575 2487 3646 derelinquat.

209 3663 280 3718 54.
308 3666 383 3720 De
411 3667 784 3721 ordinatione
815 3663 1066 3718 diaconi.
1963 3664 2033 3720 85
2069 3665 2235 3730 Quod
2287 3665 2539 3720 lectores
2584 3667 2641 3719 et
2690 3668 2962 3718 cantores
2995 3663 3208 3718 orariis
3238 3679 3352 3719 non
3388 3667 3556 3718 utan-

209 3752 280 3808 55.
310 3754 386 3809 De
422 3756 798 3810 ordinatione
828 3755 1183 3824 presbyteri.
1891 3760 2002 3811 tur.

205 3842 278 3896 56.
307 3844 376 3898 Ut
403 3845 638 3900 diaconi
671 3861 844 3898 suum
878 3848 1120 3898 servent
1150 3842 1436 3912 ordinem,
1470 3846 1526 3897 et
1557 3844 1774 3897 officiis
1963 3847 2051 3900 86.
2095 3845 2259 3909 Quod
2310 3843 2647 3914 presbyteri
2690 3842 2949 3914 majores
2995 3846 3132 3896 sunt
3166 3842 3454 3913 diaconis,
3501 3845 3560 3897 et

157 3931 588 4003 presbyterorum
623 3949 693 3988 se
723 3950 838 3988 non
873 3934 1190 4002 implicent.
1891 3935 2046 4007 quod
2077 3935 2213 3988 olim
2247 3934 2303 3987 id
2334 3933 2645 4002 presbyter
2673 3932 2828 4002 quod
2854 3932 3172 4001 episcOpus
3204 3933 3305 4002 ('7).

202 4022 272 4074 57.
304 4024 377 4078 De
405 4025 613 4080 ordine
649 4030 704 4078 et
737 4024 934 4078 officio
965 4024 1368 4078 diaconorum.
1963 4024 2050 4077 87.
2109 4022 2278 4087 Quod
2336 4021 2665 4075 secundum
2718 4022 2998 4074 canonica
3056 4021 3319 4074 instituta
3363 4020 3558 4091 inqui—

199 4109 272 4163 58.
299 4112 454 4176 Quod
483 4111 1501 4182 presbyterisdiaconi,etdiaconis
1526 4126 1775 4181 sequen—
1892 4113 2074 4166 renda
2121 4116 2211 4166 est
2254 4111 2371 4163 vita
2418 4109 2728 4164 ordinandi
2774 4108 3108 4177 presbyteri
3144 4124 3158 4177 ;
3197 4113 3254 4161 et
3299 4109 3456 4178 quod
3499 4108 3559 4161 in

152 4201 219 4250 tes
246 4201 424 4256 clerici
455 4203 749 4256 honorem
795 4201 1011 4254 debent
1042 4199 1350 4253 exhibere.
1893 4202 2050 4255 omni
2111 4199 2368 4254 ecclesia
2427 4197 2810 4251 necessarius
2851 4198 2943 4248 est
2991 4195 3302 4265 presbyter
3347 4199 3404 4248 ct
3445 4195 3558 4248 mi-

201 4287 273 4342 59.
303 4291 376 4344 De
407 4291 745 4345 obedientia
777 4290 1160 4344 diaconorum
1193 4304 1338 4359 erga
1361 4289 1769 4359 presbyteros.
1890 4291 2100 4344 nister.

205 4377 276 4430 60.
305 4379 375 4433 Ut
403 4381 694 4435 diaconus
714 4378 1135 4434 eucharistiam
1162 4377 1534 4447 presbyteris
1555 4379 1781 4432 submi-
1961 4379 2049 4432 88.
2085 4379 2160 4433 Ut
2190 4392 2466 4448 personae
2489 4373 2907 4446 promovendae
2930 4373 3242 4444 diligenter
3265 4372 3560 4443 inquiran-

153 4463 336 4521 nistret.
1891 4472 2006 4536 tur,
2030 4473 2087 4522 et
2126 4465 2455 4538 presbyteri
2489 4480 2726 4534 semper
2757 4463 3001 4517 recitent
3050 4463 3285 4516 nomina
3315 4464 3555 4530 aposto-

203 4553 275 4609 61.
309 4557 376 4611 Ut
403 4556 968 4628 diaconusjubente
1002 4557 1349 4626 presbytero
1382 4557 1604 4611 sedeat.
1805 4552 1854 4612 D
1893 4557 1989 4610 lici
2021 4563 2077 4611 et
2107 4557 2464 4611 ordinatoris
2497 4554 2610 4608 sui.

201 4642 272 4696 62.
305 4645 372 4699 Ut
401 4647 692 4702 diaconus
726 4663 928 4701 coram
959 4647 1307 4716 presbytero
1339 4646 1562 4699 sedeat.
1963 4644 2052 4700 89.
2085 4646 2208 4708 Quo
2243 4642 2433 4698 aetatis
2474 4647 2736 4711 tempore
2783 4641 3197 4711 presbyterum
3246 4638 3557 4694 conveniat

200 4728 270 4787 63.
301 4734 370 4790 Ut
415 4736 708 4792 diaconus
737 4739 1001 4806 tempore
1031 4738 1253 4788 tantum
1307 4735 1488 4789 officii
1527 4735 1658 4790 alba
1688 4736 1744 4790 in
1764 4766 1777 4775 -
1893 4734 2172 4789 ordinari.

158 4817 342 4876 deatur.
1963 4821 2050 4878 90.
2088 4824 2169 4877 De
2206 4837 2409 4877 eorum
2442 4820 2836 4892 promissione
2869 4820 2966 4891 qui
3000 4819 3071 4873 ad
3112 4818 3336 4889 gradus
3369 4816 3554 4872 cccle-

203 4906 275 4962 64.
307 4911 376 4966 Ut
411 4913 676 4969 minores
712 4913 954 4968 ordines
987 4913 1317 4984 majoribus
1351 4915 1469 4968 sint
1500 4914 1779 4985 subjecti.
1893 4913 2172 4967 siasticos
2203 4915 2641 4982 promoventur.

205 4996 278 5051 65.
305 5001 455 5054 Quod
499 5002 735 5056 diaconi
778 5003 948 5072 quasi
982 5003 1139 5056 oculi
1175 5007 1315 5057 sunt
1361 5004 1646 5073 episc0pi,
1682 5003 1783 5074 qui
1964 5001 2052 5054 9t.
2086 5001 2250 5065 Quod
2284 5000 2627 5054 sacerdotes
2650 5014 2764 5052 non
2788 5000 3026 5066 propter
3043 4998 3270 5050 aetatem
3294 4995 3397 5050 sed
3423 5011 3556 5066 pro-

156 5081 592 5142 circumlustrare
625 5088 838 5142 debent
868 5089 1206 5158 ecclesiam,
1231 5093 1287 5144 et
1317 5089 1536 5143 docere
1573 5089 1778 5144 laicos.
1896 5094 2024 5161 pter
2053 5090 2398 5159 sapientiam
2429 5087 2759 5158 presbyteri
2792 5085 3084 5139 dicuntur.

205 5169 276 5226 66.
305 5177 456 5239 Quod
493 5178 550 5230 in
585 5193 936 5248 unaquaque
970 5179 1202 5232 civitate
1235 5179 1451 5232 debent
1501 5195 1640 5232 esse
1681 5196 1780 5233 se-
1965 5178 2032 5232 9’2
2061 5179 2221 5242 Quod
2257 5179 2305 5229 si
2340 5178 2568 5229 diaconi
2600 5175 2802 5228 nolunt
2835 5175 2892 5226 in
2925 5173 3275 5244 presbyterii
3308 5175 3558 5246 gradum

160 5260 282 5321 ptem
306 5263 529 5318 diaconi
561 5265 662 5334 qui
693 5265 1027 5318 custodiant
1057 5266 1422 5335 episcopum.
1895 5267 2251 5338 promoveri,
2305 5267 2374 5319 de
2425 5265 2713 5335 acolythis
2763 5266 2820 5317 et
2868 5263 3250 5317 subdiaconis
3281 5266 3378 5334 qui
3421 5267 3559 5318 sunt

209 5347 282 5402 ti'i.
307 5351 462 5416 Quod
493 5353 747 5407 ministri
797 5356 957 5408 sacri
989 5355 1192 5408 altaris
1240 5359 1474 5409 cantare
1526 5371 1642 5409 non
1673 5355 1779 5410 de-
1897 5358 2091 5411 idonei
2123 5357 2486 5422 ordinentur,
2518 5358 2572 5407 et
2602 5353 2721 5406 illis
2770 5352 2994 5407 honore
3039 5356 3211 5424 atque
3251 5353 3556 5407 commodo

160 5430 313 5508 beant,
342 5442 442 5495 sed
473 5442 881 5512 pradicationi
917 5447 974 5498 et
1002 5443 1399 5514 eleemesynis
1432 5460 1664 5498 vacare.
1894 5445 2303 5515 praeferantur.

213 5585 452 5670 (7).Nihil
481 5591 725 5670 affertur
752 5595 824 5670 ab
851 5597 1133 5670 Anselmo
1156 5595 1408 5670 in_textu
1426 5596 1546 5670 nisi
1560 5595 1780 5670 _H_i_ero-
1896 5596 2180 5670 caverint,
2214 5598 2269 5649 et
2299 5593 2680 5670 episcopatus
2713 5595 3134 5670 nucessitatem
3162 5597 3336 5670 atque
3363 5589 3556 5670 ercet:

162 5662 570 5738 nYl§1_i._celebris
601 5666 849 5735 epistola
880 5667 952 5721 ad
979 5666 1346 5738 Evangelum
1375 5668 1491 5737 (ed.
1526 5668 1778 5722 Vallars.
1896 5667 2140 5723 lentiam
2167 5662 2378 5738 supra
2421 5665 2893 5738 presbyteratum
2941 5662 3350 5733 asseruerint,
3401 5662 3558 5720 haud

159 5740 201 5781 n.
233 5729 340 5802 146)
369 5750 544 5812 quam
577 5729 710 5794 cum
735 5738 1066 5797 doctissimi
1104 5729 1565 5812 homines'saepe
1595 5738 1781 5813 expli-
1893 5753 2046 5814 epus
2077 5741 2168 5796 est
2201 5729 2295 5794 hic
2326 5729 2546 5793 diutius
2576 5729 2897 5812 disputare.
