3948 6168
430 346 549 408 515
1469 341 1532 402 S.
1572 340 1950 405 ANSELMI
1984 339 2395 403 LUCENSIS
2431 341 2837 404 EPISCOPI.
3716 351 3809 412 516

499 543 588 600 93.
624 546 707 600 De
738 545 972 599 clericis
1001 543 1104 614 qui
1131 558 1247 597 non
1267 543 1676 612 nbtemperant
1707 541 1840 596 suis
1874 539 2100 611 episeo-
2120 523 2175 593 Ᾰ
2216 541 2438 612 ﬁciunt,
2481 544 2537 598 et
2566 544 2844 614 populum
2876 544 3226 599 benedicere
3264 560 3331 598 ae
3378 544 3677 614 praedicare
3701 563 3811 616 pos-

427 635 542 706 pis,
578 635 716 689 dum
748 635 951 688 volunt
980 648 1087 687 eos
1118 647 1488 703 promovere.
2213 634 2369 685 sunt.

498 724 587 778 94.
619 722 786 788 Quod
818 722 1227 777 reconseerari
1262 720 1459 776 nullus
1492 720 1702 791 possit.
2284 717 2405 774 123.
2441 720 2516 775 Ut
2547 721 2812 791 episcopi
2835 723 3181 792 clericos,et
3204 723 3401 777 clerici
3444 723 3704 778 honorent
3719 724 3814 794 epi-

500 812 589 868 95.
626 813 701 866 Ut
727 826 899 866 nemo
931 810 1201 865 absolute
1234 810 1316 880 (8)
1346 808 1666 864 ordinetur.
2215 824 2452 878 scopos.

498 900 587 955 96.
619 900 786 965 Quod
816 901 1127 970 presbyter
1158 900 1217 952 in
1250 914 1363 970 qua
1394 898 1661 953 Ecclesia
1686 898 1988 952 ordinatus
2003 900 2094 951 est
2290 896 2410 953 124.
2444 899 2701 964 Qualiter
2731 901 2994 972 episcopi
3026 905 3081 955 et
3104 902 3431 973 presbyteri
3452 901 3625 972 ligare
3652 917 3709 954 ac
3724 901 3818 955 sol-

420 1005 779 1060 .permanere
810 989 1002 1043 debet.
2210 1002 2350 1042 vere
2381 989 2650 1044 debeant.

499 1077 588 1133 97.
622 1080 706 1133 De
737 1079 831 1132 his
863 1078 962 1149 qui
993 1078 1050 1130 in
1092 1077 1367 1132 ecclesiis
1413 1075 1630 1147 quibus
1661 1077 1925 1146 provecti
1958 1078 2093 1130 sunt
2282 1075 2406 1131 125.
2438 1076 2604 1141 Quod
2629 1078 2827 1132 clerici
2861 1079 3167 1133 monachis
3198 1081 3497 1148 praestant.

429 1168 667 1223 minime
695 1167 1034 1237 perdurant.
2284 1165 2403 1221 126.
2436 1165 2602 1231 Quod
2626 1183 2742 1221 non
2790 1169 2926 1223 licet
2968 1169 3186 1222 missas
3218 1174 3451 1223 cantare
3485 1168 3593 1223 nisi
3623 1169 3671 1222 in
3697 1169 3817 1224 locis

497 1257 586 1317 98.
622 1257 698 1311 Ut
727 1256 786 1309 in
816 1256 1063 1310 duarum
1094 1255 1394 1310 civitatum
1430 1255 1708 1310 ecclesiis
1739 1256 1938 1310 nullus
1972 1254 2094 1308 cle-
2212 1256 2485 1310 sacratis.

430 1348 592 1401 ricus
624 1344 1055 1401 eonscribatur.
2284 1363 2401 1416 127,
2436 1364 2519 1417 De
2541 1364 2746 1418 eadem
2778 1380 2859 1418 re.

617 1433 778 1525 Q_l{0d
800 1522 813 1525 _
834 1432 1068 1525 minime
1099 1433 1352 1488 01917003
1383 1433 1809 1525 ῑΐθηειηίενθξᾞ
1843 1434 2091 1525 (ξροιίοίσ
2280 1449 2398 1505 128.
2435 1451 2510 1506 Ut
2539 1454 2851 1524 presbyter
2880 1453 3075 1507 minus
3107 1470 3281 1525 quam
3305 1470 3440 1508 cum
3471 1453 3686 1508 duobus
3714 1453 3821 1507 mis-

500 1522 621 1577 100.
657 1523 733 1577 Ut
765 1522 1019 1577 clericus
1041 1538 1156 1577 non
1189 1523 1719 1577 connumereturin
1738 1521 1968 1576 duabus
1993 1538 2093 1575 ec-
2206 1556 2332 1594 sum
2358 1557 2475 1595 non
2508 1521 2786 1596 celebre}.

427 1612 651 1667 etesiis.

2276 1630 2396 1684 129.
2416 1629 2580 1694 Quod
2605 1632 2797 1685 solum
2819 1631 3035 1685 sacrati
3058 1631 3402 1686 sacerdotes
3416 1631 3620 1686 debent
3640 1632 3819 1684 missas

497 1698 619 1755 101.
655 1700 731 1754 Ut
762 1700 999 1773 singula
1023 1700 1413 1755 ecclesiarum
1433 1700 1627 1754 officia
1659 1700 1915 1772 singulis
1935 1716 2092 1755 com-
2205 1723 2463 1789 cantare,
2489 1723 2544 1773 et
2575 1720 2809 1774 nonnisi
2843 1721 2902 1773 in
2923 1719 3055 1774 ιορο
3088 1723 3344 1774 sacrato.

428 1790 732 1846 mittantur
760 1789 1058 1861 personis.

2275 1808 2395 1862 130.
2429 1809 2591 1873 Quod
2616 1809 2945 1879 presbyteri
2971 1810 3082 1864 soli
3106 1798 3221 1863 non
3254 1809 3469 1863 debent
3491 1808 3693 1863 missas
3713 1824 3818 1862 can-

497 1880 617 1934 102.
654 1879 725 1933 U.
761 1878 959 1933 clerici
992 1877 1136 1931 nihil
1176 1880 1392 1947 praeter
1431 1878 1655 1948 proprii
1683 1877 1863 1931 officii
1910 1878 2089 1932 licen-
2122 1901 2175 1963 B
2200 1900 2325 1951 tare
2357 1913 2466 1951 nec
2496 1898 2555 1951 in
2586 1877 2848 1968 q'uolibét
2877 1897 3031 1952 Ῑοοο,

424 1970 563 2023 tiam
594 1970 790 2040 agant.

2275 1986 2395 2040 131.
2448 1986 2524 2040 Ut
2561 1989 2614 2041 si
2652 1986 2966 2057 presbyter
3008 1988 3330 2057 incoeptum
3371 2004 3489 2041 non
3539 1988 3714 2056 potest
3738 1987 3818 2040 im-

495 2057 618 2111 103.
664 2055 829 2122 Quod
879 2072 951 2110 ex
997 2054 1303 2110 monachis
1352 2056 1686 2126 presbyteri
1737 2057 1796 2110 in
1835 2056 2079 2110 ecclesia

2266 2090 2361 2130 ere
2395 2054 2674 2146 officium,
2707 2054 2859 2129 alius
2892 2091 2998 2146 pro
3029 2092 3097 2131 eo
3130 2054 3447 2147 presbyter
3475 2054 3704 2145 expleat.

421 2145 965 2235 Possint_°rdinari-
1004 2233 1017 2235 _
1182 2233 1190 2235 _
1330 2233 1365 2235 Η
1480 2233 1489 2235 4
1570 2233 1582 2235 _
1638 2232 1650 2235 _
1684 2233 1692 2235 _
1783 2233 1796 2235 _
1980 2234 1983 2235 ν
2207 2145 2210 2146 ν
2274 2163 2395 2219 132.
2431 2166 2505 2220 Ut
2534 2145 2753 2235 praeter
2790 2145 3022 2219 Domini
3052 2145 3401 2219 sacerdotes
3431 2164 3623 2219 nullus
3651 2162 3820 2217 audeat

493 2234 616 2289 104.
650 2233 815 2299 Quod
861 2233 1195 2304 presbyteri
1243 2233 1495 2288 ordinati
1533 2233 1606 2287 ab
1638 2232 1732 2287 his
1766 2233 1838 2287 de
1869 2234 2079 2304 quibus

2266 2254 2545 2309 'aedicare.

422 2323 665 2378 dubium
695 2326 787 2377 est
808 2338 882 2375 an
912 2322 1176 2395 episcopi
1210 2324 1433 2393 essent,
1458 2339 1487 2375 a
1509 2321 1797 2377 catholico
1815 2322 2088 2377 ordinen-

417 2415 513 2467 tur
545 2413 594 2467 si
627 2411 802 2467 utiles
835 2414 992 2465 sunt.

490 2500 612 2556 105.
644 2500 811 2565 Quod
842 2516 959 2555 non
988 2499 1220 2570 {debent
1266 2501 1611 2556 sacerdotes
1643 2501 1773 2555 sine
1805 2500 2089 2555 sacerdo-

417 2587 516 2642 tali
548 2589 757 2642 ornatu
786 2590 952 2641 extra
981 2586 1189 2641 domos
1220 2602 1524 2657 apparere.

489 2676 611 2732 106.
670 2675 837 2740 Quod
885 2675 1217 2747 presbyteri
1257 2675 1556 2746 parochias
1606 2676 1744 2729 dum
1804 2676 2088 2730 ordinan-

420 2769 533 2833 tur,
572 2764 836 2819 libellum
877 2764 1192 2819 officialem
1230 2781 1263 2817 a
1307 2780 1418 2819 suo
1468 2764 1776 2819 sacerdote
1816 2765 2079 2833 accipere

2267 2735 2392 2791 135.
2427 2735 2511 2790 De
2542 2735 3010 2791 subintroductis
3040 2736 3415 2791 mulieribus.

419 2824 656 2909 deﬂent,
1948 2824 1965 2833 ⁸
2266 2824 2387 2878 136.
2420 2824 2588 2888 Quod
2618 2824 2961 2878 sacerdotes
2995 2840 3128 2877 cum
3161 2824 3516 2879 mulieribus
3546 2840 3655 2879 non
3682 2824 3820 2878 habi-

2196 2917 2315 2968 tent
2347 2917 2556 2982 praeter
2591 2929 2740 2983 quas
2773 2928 3065 2967 cononum
3095 2928 3349 2966 censura
3380 2914 3673 2983 permittit.

2264 3001 2387 3056 137.
2422 3000 2588 3065 Quod
2617 3002 2715 3054 lex
2749 3001 3122 3055 continentiae
3158 3002 3363 3055 eadem
3396 3008 3496 3057 est
3523 3002 3711 3056 altaris
3733 3000 3818 3054 mi-

2191 3093 2399 3146 nistris
2432 3106 2563 3160 quae
2596 3089 2895 3159 episcopis
2927 3092 3100 3160 atque
3124 3092 3516 3161 presbyteris.

2263 3180 2384 3235 138.
2417 3180 2582 3243 Quod
2613 3194 2722 3232 nec
2772 3177 3036 3232 habitare
3060 3194 3210 3245 .eum
3242 3179 3596 3235 mulieribus
3625 3176 3819 3233 diaconi

2119 3254 2171 3318 ο
2191 3271 2423 3325 debent.

2265 3356 2384 3413 139.
2417 3357 2584 3422 Quod
2616 3357 2966 3412 subdiaconi
2990 3358 3224 3411 carnale
3255 3357 3603 3431 conjugium
3632 3355 3815 3411 habere

2272 2362 2392 2417 133.
2427 2360 2592 2427 Quod
2616 2361 2950 2432 presbyteri
2988 2360 3090 2432 qui
3134 2362 3286 2416 bene
3330 2364 3611 2431 praesunt,
3641 2359 3818 2428 duplici

2199 2453 2423 2508 honore
2455 2451 2619 2522 digni
2648 2450 2995 2505 habeantur.

2270 2538 2391 2595 134.
2430 2540 2503 2594 Ut
2534 2540 2868 2611 presbyteri
2900 2541 2957 2593 et
2989 2538 3183 2594 levitm
3229 2555 3367 2594 eum
3410 2539 3681 2594 uxoribus
3715 2538 3818 2592 suis

2195 2644 2313 2684 non
2342 2629 2721 2682 misceantur.

486 2942 609 2997 107.
640 2942 807 3007 Quod
840 2942 1092 2997 maxime
1125 2941 1539 2997 sacerdotibus
1570 2941 1805 2995 vitanda
1835 2944 1926 2996 est
1956 2957 2081 2995 ma-

410 3034 502 3086 ter
529 3046 797 3085 errorum
828 3030 1178 3102 ignorantia.

484 3120 605 3174 108.
656 3119 822 3186 Quod
867 3123 1093 3190 oportet
1141 3120 1553 3191 presbyterum
1606 3120 1697 3174 vel
1745 3119 2077 3189 diaconum,

410 3210 645 3282 quando
693 3225 798 3279 per
837 3209 1161 3280 parochias
1194 3210 1591 3279 constituitur,
1642 3208 2083 3279 professionem

421 3299 620 3354 facere
654 3299 966 3353 castitatis.

484 3388 606 3442 109.
641 3388 806 3453 Quod
840 3388 1229 3442 intolerabilis
1260 3391 1352 3443 est
1375 3387 1685 3441 inscientia
1717 3387 1775 3440 in
1808 3387 2083 3441 sacerdo-

413 3475 594 3529 tibus.
662 3447 686 3515 ί
2188 3465 2306 3505 non
2339 3447 2574 3502 debent.

485 3562 607 3618 110.
642 3562 809 3628 Quod
843 3564 984 3617 nulli
1018 3542 1396 3619 sacerdotum
1440 3563 1576 3617 licet
1608 3578 1867 3619 canones
1908 3566 2081 3636 igno-
2534 3538 2853 3636 399°91‘9-

408 3667 474 3707 1‘8
482 3667 548 3707 re
557 3694 568 3706 .

2266 3628 2383 3683 141.
2425 3628 2503 3682 Ut
2549 3626 2750 3681 clerici
2800 3626 2913 3681 soli
2956 3626 3031 3680 ad
3078 3625 3433 3681 feminarum
3482 3622 3817 3682 tabernacula

481 3739 603 3794 111.
637 3739 748 3804 Qui
797 3740 938 3795 libri
985 3741 1401 3797 sacerdotibus
1445 3741 1789 3796 necessario
1839 3742 1958 3797 sint
1989 3741 2080 3796 di-
2188 3734 2306 3772 non
2335 3716 2637 3785 accedant:
2673 3731 2781 3769 nec
2815 3715 3264 3770 confabulemur
3292 3731 3429 3769 cum
3462 3717 3549 3771 eis
3580 3715 3701 3769 5°“-

407 3829 635 3883 scendi,
662 3800 682 3804 ⁷
2262 3807 2383 3861 142.
2419 3807 2495 3860 Ut
2525 3805 2872 3859 concubinae
2903 3804 3254 3859 clericorum
3274 3800 3819 3871 venumdentur,cle-

478 3918 603 3973 112.
640 3919 721 3973 De
749 3919 1033 3989 precibus
1065 3923 1121 3974 et
1152 3921 1539 3977 orationibus.

2266 3896 2329 3950 :is
2361 3911 2503 3949 vero
2534 3895 2873 3963 poenitentia
2904 3895 3254 3963 imponatur.

478 4005 599 4061 113.
638 4008 720 4062 De
749 3979 1228 4078 -praefationibus
1276 4026 1425 4081 quas
1468 4014 1625 4066 tenet
1657 4010 1925 4066 Ecclesia
1958 4012 2078 4066 Ro-
2185 4076 2200 4081 _
2231 3984 2379 4081 143;
2418 3985 2491 4039 Ut
2520 3985 2579 4081 ill
2612 3984 2962 4038 Clericorum
2991 3982 3266 4081 domibus
3298 3983 3703 4081 mulieresnon
3728 3979 3813 4031 ha-

407 4112 600 4151 mana.
780 4071 794 4078 ’
1203 4129 1207 4135 .
1292 4071 1313 4081 ’
2185 4076 2389 4142 bitent,
2423 4077 2642 4143 praeter
2671 4087 2821 4143 quos
2848 4071 3113 4142 synodus
3144 4071 3386 4125 Nicaena
3419 4071 3706 4141 permittit.

475 4187 596 4241 114.
630 4186 797 4252 Quod
827 4189 1026 4245 nullus
1057 4190 1302 4245 alterius
1333 4190 1631 4260 parochim
1662 4191 1946 4246 terminos
1976 4193 2076 4245 aut
2191 4255 2201 4261 .
2257 4162 2378 4261 1+"
2416 4164 2492 4218 Ut
2522 4161 2829 4261 Quich“?
2859 4160 3552 4261 Ρυδθνξθιίθηῖινθηθνίηίν
3584 4160 3676 4212 θυι
3702 4167 3812 4208 con.

397 4274 506 4347 jus
535 4249 793 4332 invadat.
1054 4292 1075 4297 -
1334 4249 1351 4260 ³
2178 4254 2452 4347 jugium,_
2464 4257 2567 4347 aut
2582 4252 2924 4347 castitatem
2944 4249 3347 4347 profiteantur.

832 4366 1205 4422 Simoniacus
1254 4372 1345 4422 est
1374 4369 1474 4439 qui
1518 4369 1783 4423 ordinem
1825 4369 1983 4437 emit,
2018 4371 2075 4423 et
2225 4344 2377 4439 145-
2433 4341 2747 4439 UE_Cleri°i
2793 4339 2891 4439 vel.
2937 4338 3307 4439 οφηίίηθηίθε
3347 4336 3418 4390 ad
3460 4335 3710 4408 νίνείηθε
3737 4327 3811 4383 vel

399 4454 473 4508 ab
497 4454 705 4508 ordine
735 4455 831 4509 sui
861 4455 1042 4510 officii
1072 4457 1419 4511 submovcri
1448 4458 1641 4512 debet.

2266 4434 2391 4488 luas
2422 4432 2534 4487 soli
2567 4447 2684 4486 non
2715 4428 3017 4483 accedant.

473 4541 596 4597 116.
631 4543 714 4597 De
745 4544 820 4597 iis
852 4544 1071 4614 quibus
1104 4545 1515 4617 chorepiscopi
1537 4551 1593 4602 et
1621 4548 1955 4618 presbyteri
1987 4548 2073 4602 di-
2103 4605 2149 4618 _
2250 4541 2372 4596 146.
2414 4539 2579 4605 Quod
2613 4538 2807 4609 major
2854 4551 2886 4589 a
2935 4534 3159 4589 minore
3198 4548 3316 4587 non
3347 4532 3521 4586 debet
3547 4525 3808 4618 benedict-

399 4632 645 4686 stantab
676 4605 1000 4702 episcopis.
1288 4605 1305 4616 .
1458 4605 1477 4617 ⁸
1621 4605 1641 4618 ⁵
1812 4605 1831 4618 Ψ
2099 4605 2155 4671 D
2250 4631 2371 4686 147.
2411 4629 2576 4695 Quod
2627 4605 2743 4681 non
2789 4628 2879 4680 est
2931 4622 3315 4695 quaerendum
3363 4622 3499 4692 quis
3543 4615 3808 4688 praedicet,

469 4720 590 4775 117.
627 4721 703 4775 Ut
733 4721 1144 4792 chorepiscopi
1182 4723 1252 4776 de
1285 4723 1480 4778 officio
1514 4725 1669 4795 quod
1699 4726 1771 4779 ad
1799 4739 2068 4781 summos
2177 4722 2283 4779 sed
2314 4734 2488 4792 quem
2519 4716 2772 4789 quisque
2802 4713 3106 4785 praedicet.
3777 4787 3805 4799 μ

398 4811 745 4865 sacerdotes
774 4811 1027 4880 pertinet
1058 4812 1204 4865 nihil
1239 4817 1619 4882 praesumant.
2248 4810 2370 4866 148.
2405 4808 2572 4873 Quod
2618 4803 2925 4876 praepositi
2958 4818 3064 4856 sua
3093 4801 3453 4872 quaerentes,
3487 4805 3807 4852 mercenarii

470 4897 591 4954 118.
647 4900 723 4954 Ut
773 4900 1104 4971 presbyteri
1152 4901 1223 4955 ad
1264 4902 1601 4973 episcopale
1650 4904 1911 4959 officium
1952 4922 2067 4959 non
2181 4906 2337 4956 sunt.
3652 4972 3657 4973 ί
3724 4972 3727 4973 ν
3798 4963 3808 4973 ,

404 4988 692 5058 “pix-ent,
1472 4972 1481 4973 η
2248 4989 2371 5044 149.
2425 4986 2592 5052 Quod
2643 4984 2836 5040 omnia
2883 4998 3015 5054 quae
3065 4979 3330 5050 episeOpi
3377 4977 3470 5032 vel
3498 4972 3812 5062 lpresbytet‘l

470 5077 591 5132 “9-
633 5079 715 5131 De
745 5080 949 5133 eadem
982 5078 1066 5134 re}
2176 5080 2269 5134 vel
2309 5078 2644 5149 quicunque
2677 5072 2875 5127 clerici
2910 5072 2968 5124 in
3000 5069 3261 5140 qualibet
3306 5066 3562 5122 ecclesia
3593 5058 3810 5117 ordinati

467 5167 587 5220 120.
628 5167 700 5219 Ut
730 5169 1066 5238 presbyteri
1112 5171 1434 5240 baptizatos
1473 5170 1791 5227 chrismate
1824 5177 2065 5245 tangant
2175 5168 2603 5239 adquisierunt,
2640 5163 2854 5216 debent
2898 5174 3035 5214 esse
3068 5157 3340 5229 ejusdem
3371 5153 3658 5247 ecclesiae.
3707 5236 3717 5247 .

395 5255 455 5308 in
486 5254 677 5306 fronte
708 5256 807 5308 ubi
839 5258 1103 5328 episcopi
1139 5260 1373 5314 desunt.
1936 5244 1947 5245 ί

2266 5258 2366 5310 .50.
2391 5256 2463 5308 Ut
2488 5253 2686 5307 clerici
2718 5267 2816 5305 res
2849 5248 3121 5304 ecelesiaa
3147 5262 3264 5301 non
3294 5244 3547 5299 vendant
3567 5244 3806 5331 nescien-

466 5340 589 5394 121.
622 5341 788 5404 Quod
819 5345 973 5398 idem
1004 5346 1143 5400 olim
1166 5350 1487 5419 episcopus
1506 5350 1604 5421 qui
1629 5351 1940 5421 presbyter
1960 5349 2056 5422 (9).
2172 5348 2329 5401 tibus
2344 5342 2783 5414 episeopis,nee
2805 5330 3800 5409 episcopiinconsultispresbyteris.

466 5428 586 5483 122.
638 5429 804 5493 Quon
853 5434 1185 5504 presbyteri
1236 5438 1334 5507 qui
1383 5438 1603 5493 Christi
1654 5455 1871 5509 corpus
1926 5456 2060 5511 per-
2245 5435 2364 5489 151.
2399 5433 2564 5499 Quod
2596 5432 2941 5488 sacerdotes
2987 5425 3183 5495 cupidi
3214 5440 3329 5477 non
3359 5422 3571 5476 debent
3600 5428 3742 5471 esse.

465 5589 541 5659 (8)
576 5588 961 5671 Νθωρεβίρβ
1009 5593 1175 5671 titulo
1216 5598 1458 5671 speciali
1500 5614 1608 5653 seu
1653 5600 2060 5671 assignatione
2167 5600 2465 5654 tissimum
2510 5593 2855 5671 ilieropymi
2903 5591 3099 5671 locum
3156 5601 3229 5639 ex
3276 5576 3698 5640 Commentario
3751 5582 3799 5624 In

393 5660 479 5742 ad
487 5666 731 5742 parturn
756 5660 1388 5742 ministerium,_ut_est
1428 5670 1494 5742 in,
1518 5673 1701 5725 textu.
1783 5660 1815 5671 ν
2169 5674 2356 5742 Epist.
2389 5668 2557 5724 Pauli
2589 5666 2661 5720 ad
2693 5660 2887 5719 Titum
2929 5679 2969 5735 ι,
3002 5660 3056 5714 5.

463 5733 541 5808 (9)
574 5732 734 5791 Nihil
765 5733 922 5790 aliud
945 5732 1239 5793 recitat'in
1270 5740 1435 5795 textu
1470 5741 1791 5800 Anselmus
1824 5744 1936 5799 nisi
1955 5759 2059 5801 no-
