3948 6168
219 286 311 350 517
1110 286 1584 349 COLLEC’I‘IO
1632 288 2082 352 CANONICA.
2119 325 2193 338 -
2240 293 2397 355 LIB.
2449 295 2586 355 VII.
3442 305 3563 367 518

269 481 365 537 152.
392 481 530 547 Quod
560 448 808 537 clericus
840 499 949 538 nec
994 499 1101 554 per
1145 486 1318 539 alium
1371 486 1543 540 fenus
1590 490 1790 541 attem~
1829 475 1872 534 Α
1971 489 2091 543 180.
2129 491 2205 544 Ut
2235 494 2585 548 contentiosi
2619 492 2885 551 manachi
2920 501 3091 554 etiam
3123 518 3154 555 a
3195 502 3365 557 laicis
3415 520 3558 559 con-

208 576 335 643 ptare
360 570 522 624 debet.

262 660 358 714 153.
384 659 523 724 Quod
550 660 743 714 clerici
770 677 889 715 non
921 663 1041 716 sint
1068 663 1466 717 conductores
1497 665 1589 719 vel
1614 681 1787 737 nego-

204 749 411 803 tiatores.

257 837 352 891 151.
386 838 445 891 Ut
472 837 657 891 clerici
692 855 931 893 usuram
964 857 1078 895 non
1111 842 1418 912 accipiant.

256 924 351 979 155.
378 924 520 990 Quod
553 926 749 980 clerici
777 928 990 983 debent
1017 946 1184 1000 papa:
1216 930 1504 999 intimare,
1540 933 1592 985 si
1624 933 1782 987 vide-

201 1014 604 1083 rint;episcopum
625 1031 799 1069 suum
815 1022 1014 1071 contra
1050 1019 1237 1088 ipsius
1256 1023 1614 1090 praeceptum
1637 1037 1783 1092 age-

197 1119 258 1169 re,
284 1106 363 1155 aut
388 1102 681 1172 dampnum
715 1105 773 1157 in
805 1106 1081 1160 ecclesia.

250 1188 346 1244 156.
376 1191 444 1244 Ut
470 1190 665 1246 clerici
695 1194 747 1247 si
776 1194 1031 1248 viderint
1057 1197 1403 1267 episcopum
1423 1198 1513 1252 vel
1548 1201 1789 1270 presby-

196 1282 338 1333 terum
365 1295 459 1334 seu
488 1280 795 1336 diaconum
825 1284 1114 1339 excedere
1134 1289 1349 1340 statuta
1369 1287 1614 1341 Romani
1635 1304 1783 1358 pon-

191 1368 345 1435 tiﬁcis,
374 1369 476 1438 ipsi
501 1369 749 1424 debeant
780 1371 1061 1427 indicare.

241 1455 338 1510 157.
367 1456 516 1521 Quod
543 1464 773 1528 oportet
806 1462 1188 1533 presbyteros
1215 1467 1272 1517 et
1311 1464 1593 1519 diaconos
1627 1466 1783 1520 scire

193 1546 339 1599 omnia
365 1562 483 1616 quae
512 1551 650 1601 sunt
677 1548 991 1604 Ecclesiae.

243 1632 338 1688 158.
362 1632 511 1698 Quod
538 1637 884 1692 sacerdotes
917 1641 1234 1712 caeterique
1266 1642 1472 1697 fideles
1505 1643 1563 1697 in
1594 1644 1780 1698 ecrle-

183 1722 250 1775 sia
272 1738 368 1776 non
396 1725 629 1779 sedeant
659 1727 892 1796 quando
925 1730 1232 1800 evangelia
1264 1730 1563 1802 leguntur.

1901 579 2287 649 stringantur.

1970 665 2092 720 181.
2129 668 2210 722 De
2245 670 2481 724 clericis
2515 674 2934 755 monachorum
2980 682 3389 747 appetentibus
3420 700 3557 754 pro-

1901 756 2178 822 positum.

1984 842 2103 898 1S2.
2141 846 2213 899 Ut
2243 848 2496 903 serviles
2518 866 2790 919 personae
2823 853 2883 906 in
2912 858 3292 911 monasteriis
3325 875 3441 913 non
3474 864 3560 915 te-

1903 938 2152 987 neantur
2181 939 2343 989 extra
2376 938 2733 995 voluntatem
2766 943 3135 999 dominorum
3168 962 3431 1003 suorum.

1973 1020 2094 1075 183.
2127 1021 2291 1085 Quod
2325 1029 2597 1081 conversi
2622 1029 2679 1083 in
2701 1033 3080 1087 monasteriis
3113 1038 3243 1090 ante
3257 1035 3559 1093 biennium

1898 1124 2014 1162 non
2045 1114 2448 1169 tonsurentur.

1965 1196 2090 1252 184.
2126 1199 2291 1263 Quod
2326 1218 2459 1257 cum
2490 1205 2704 1276 aliquis
2736 1208 2800 1261 ﬁt
2841 1211 3186 1282 monachus,
3220 1228 3425 1269 omnes
3460 1230 3556 1271 res

1886 1283 2050 1354 juris
2081 1292 2425 1344 monasterii
2457 1294 2618 1347 fiunt.

1967 1374 2088 1429 185.
2122 1377 2196 1431 Ut
2228 1381 2497 1434 monachi
2529 1389 2884 1440 commatres
2918 1387 3032 1441 sibi
3066 1405 3183 1443 non
3210 1391 3442 1446 faciant.

1965 1462 2085 1518 186.
2122 1466 2197 1519 Ut
2241 1471 2597 1524 monasteria
2643 1489 2812 1528 nemo
2858 1478 3181 1546 perturbet,
3237 1481 3344 1534 sed
3392 1482 3554 1551 cpis-

1891 1567 2039 1622 copo
2064 1554 2175 1607 loci
2210 1555 2370 1610 illius
2403 1574 2563 1613 curae
2586 1561 2663 1615 sit
2693 1578 2907 1617 causas
2935 1566 3330 1638 utilitatesque
3348 1586 3553 1625 eorum

1891 1640 2234 1713 disponere,

1962 1729 2083 1784 187.
2120 1732 2195 1785 Ut
2226 1734 2428 1788 clerici
2460 1738 2716 1808 negotiis
2750 1743 3142 1798 saecularibus
3175 1762 3291 1800 non
3322 1748 3553 1820 illigen-

233 1809 329 1865 159.
352 1811 424 1865 De
446 1813 678 1868 clericis
703 1816 1185 1885 superbientibus
1210 1823 1413 1873 contra
1438 1822 1777 1897 episcopum
1807 1852 1853 1913 Β
1888 1820 2003 1880 tur.
2039 1836 2231 1890 neque
2262 1824 2333 1877 ad
2365 1826 2602 1878 tutelam
2630 1828 2723 1881 vel
2756 1844 2954 1883 curam
2986 1832 3104 1885 ullo
3141 1836 3310 1889 modo
3360 1809 3551 1891 nomi-

182 1914 328 1965 suum,
344 1906 392 1955 et
416 1906 472 1955 ut
500 1906 923 1958 monasterium
960 1907 1328 1962 conditiones
1352 1910 1631 1979 episcopo
1657 1912 1782 1964 red-

181 1987 250 2041 dat
264 2005 391 2059 quas
405 1990 672 2046 fundator
693 1998 954 2064 tempore
974 1999 1442 2051 consecrationis
1461 1999 1774 2069 disposuit.

1888 1912 2123 1962 nentur.

1965 1994 2081 2050 188.
2115 1997 2281 2062 Quod
2320 2000 2553 2056 diaconi
2599 2008 2654 2057 et
2700 2006 3032 2077 presbyteri
3082 2012 3319 2067 nonnisi
3367 2018 3548 2086 certo,

227 2075 323 2131 160.
352 2078 418 2132 Ut
445 2094 615 2134 nemo
647 2096 717 2135 ex
748 2082 954 2137 ordine
982 2085 1336 2140 clericorum
1378 2088 1553 2141 intret
1585 2088 1641 2142 in
1670 2105 1777 2143 cu-
1888 2087 2088 2138 caeteri
2121 2102 2261 2141 vero
2295 2089 2495 2144 clerici
2527 2093 2685 2146 omni
2711 2098 2973 2164 tempore
3006 2099 3369 2156 ordinantur.

176 2181 300 2220 nam.

225 2255 320 2310 161.
353 2256 419 2311 Ut
448 2259 703 2313 clericus
735 2261 828 2315 sui
851 2263 1116 2332 episcopi
1137 2262 1445 2320 insidiator
1462 2266 1642 2321 curiae
1666 2270 1774 2320 tra-

172 2343 316 2399 datur.

221 2431 315 2489 162.
344 2435 411 2489 Ut
435 2437 662 2507 clerici,
696 2442 909 2508 praeter
942 2441 1261 2511 Romanos,
1315 2444 1606 2514 mappulis
1655 2460 1771 2499 non

168 2524 368 2577 utantur.

217 2608 313 2664 163.
344 2612 423 2667 Ne
452 2616 587 2684 quis
622 2615 903 2670 clericum
934 2616 1193 2688 alicujus
1239 2620 1502 2690 episcopi
1549 2620 1647 2675 illo
1679 2623 1772 2676 in-

164 2698 251 2752 vito
277 2702 564 2773 suscipiat.

212 2786 311 2841 161.
342 2790 496 2853 Quod
537 2807 657 2845 non
686 2796 913 2863 oportet
946 2796 1296 2867 peregrinos
1346 2796 1596 2852 clericos
1642 2798 1771 2853 sine

161 2879 597 2934 commendatitiis
627 2881 985 2937 ministrare.

212 2961 311 3019 165.
341 2966 410 3021 Ut
438 2969 643 3023 clerici
672 2973 963 3025 scurriles
995 2972 1370 3043 abjiciantur.

208 3050 307 3109 166.
332 3056 387 3109 Si
404 3058 538 3127 quis
564 3059 893 3128 potentium
920 3062 1239 3131 quemlibet
1261 3064 1700 3135 exspoliaverit,
1717 3068 1771 3119 et

161 3140 450 3201 admonente
478 3149 764 3219 episcopo
793 3166 909 3204 non
933 3152 1274 3222 reddiderit,
1293 3155 1771 3209 excommunice-

157 3233 238 3284 tur.

206 3318 304 3376 167.
333 3323 411 3380 De
448 3325 686 3397 jejunio
726 3327 1075 3384 clericorum
1116 3334 1249 3386 ante
1296 3332 1546 3403 Pascha,
1594 3337 1651 3388 et
1694 3334 1765 3388 de

158 3407 299 3465 missa
324 3412 379 3467 in
404 3419 576 3469 nocte
608 3416 947 3473 Nativilatis
978 3419 1227 3473 Domini.

203 3498 300 3554 168.
333 3503 409 3557 De
432 3508 707 3575 tempore
740 3505 1244 3579 Quadragesimae.

206 3587 306 3643 169.
354 3593 578 3658 Quibus
624 3596 991 3664 temporibus
1036 3598 1171 3651 anni
1220 3600 1563 3669 temporalia
1611 3599 1770 3655 cele-

153 3672 363 3734 brentur.

1960 2173 2080 2228 189.
2119 2176 2199 2229 De
2232 2176 2470 2232 clericis
2501 2195 2662 2234 arma
2690 2185 3078 2240 sementibus.

1957 2262 2077 2325 190.
2111 2264 2275 2328 Quod
2302 2267 2585 2337 episcopo
2620 2276 2912 2339 praesente
2946 2275 3037 2327 vel
3064 2277 3429 2347 presbyteris
3456 2296 3547 2334 ur-

1885 2350 2001 2419 bis,
2036 2352 2095 2405 in
2126 2353 2381 2408 ecclesia
2426 2356 2684 2412 civitatis
2733 2361 3101 2432 presbyteris
3139 2365 3302 2419 ruris
3334 2365 3547 2424 offerre

1887 2455 2002 2494 non
2034 2440 2190 2494 licet.

1957 2526 2078 2582 191.
2117 2530 2191 2584 Ut
2221 2531 2475 2587 ecclesia
2501 2551 2607 2605 per
2644 2539 2997 2593 saecularem
3046 2540 3390 2613 dignitatem
3429 2561 3546 2600 non

1885 2617 2238 2673 obtineatur.

1958 2704 2078 2761 192.
2119 2702 2429 2765 De'rerum
2462 2713 2816 2785 venditione,
2837 2732 2970 2786 quae
3001 2734 3072 2771 ex
3104 2723 3547 2779 consecratione

1884 2797 2257 2865 proveniunt.

1954 2885 2077 2939 193.
2116 2886 2281 2951 Quod
2312 2888 2498 2942 missa
2533 2907 2564 2943 a
2596 2892 2814 2947 talibus
2838 2900 3090 2965 nequeat
3130 2897 3435 2954 celebrari.

1955 2973 2076 3027 194.
2094 2975 2176 3028 De
2196 2978 2359 3046 (nou)
2380 2979 2646 3034 ordinato
2672 2983 2724 3034 si
2743 2983 2984 3037 ordines
3009 2986 3123 3040 sibi
3148 2990 3545 3058 usurpaverit.

1957 3061 2078 3117 195.
2100 3063 2180 3117 De
2201 3064 2438 3119 clericis
2453 3068 2552 3137 qui
2568 3069 2637 3122 ad
2659 3072 3201 3144 saeculariajudicia
3220 3081 3544 3134 transeunt.

1955 3151 2076 3205 196.
2112 3152 2187 3205 Ut
2215 3153 2699 3224 clericiprzefecti
2724 3160 2819 3214 vel
2849 3162 3101 3216 ordinati
3134 3164 3191 3218 in
3221 3167 3543 3236 parochiis,

2433 3214 2451 3224 -
2986 3214 3039 3216 "‘
3066 3214 3100 3216 ﬁ
3134 3214 3191 3218 “‘
3223 3214 3543 3236 r‘”"""""1

1793 3214 1840 3272 Ο
1878 3242 2275 3310 monasteriis,
2322 3247 2495 3313 atque
2526 3248 2844 3318 martyriis,
2904 3250 2963 3304 in
3012 3253 3236 3322 proprii
3279 3255 3545 3326 episcopi

1878 3333 2152 3383 maneant
2181 3333 2491 3399 potestate.

1955 3417 2075 3471 197.
2109 3418 2190 3472 De
2224 3418 2317 3471 his
2351 3421 2447 3490 qui
2500 3422 2570 3477 de
2619 3426 2858 3495 propria
2909 3428 3187 3498 parochia
3232 3432 3305 3485 ad
3344 3434 3539 3505 aliam,

1884 3505 2092 3560 deinde
2123 3508 2358 3562 omnino
2390 3509 2739 3583 demigrant.

1952 3595 2075 3649 198.
2111 3596 2193 3650 lie
2225 3596 2319 3652 his
2342 3599 2442 3673 qui
2462 3603 2830 3670 propositum
2855 3607 3127 3661 monachi
3150 3608 3537 3681 reliquerunt.

1949 3683 2071 3740 199.
2107 3686 2182 3739 Ut
2210 3703 2327 3740 non
2364 3687 2538 3743 liceat
2587 3707 2906 3760 personam
2953 3697 3420 3753 ecclesiasticam
3465 3701 3539 3757 ad

202 3762 299 3820 170.
330 3767 493 3833 Quod
524 3772 789 3843 quisque
821 3789 927 3842 pro
961 3774 1090 3828 suis
1122 3776 1368 3829 mortuis
1399 3792 1537 3831 vere
1558 3776 1767 3832 Chris-
1878 3773 2278 3829 testimonium
2301 3776 2615 3833 dicendum
2648 3783 2894 3850 pulsari.

147 3852 282 3909 tianis
308 3856 506 3914 offerat
528 3861 886 3930 oblationes,
911 3878 1237 3934 eorumque
1256 3866 1571 3936 presbyter
1593 3866 1767 3921 faciat

149 3948 453 4001 memoriam.

199 4032 483 4099 t'll.Quai-e
497 4038 631 4094 dies
649 4056 1086 4110 m,vn,xxx.pro
1101 4043 1352 4096 mortuis
1367 4043 1758 4100 celebrentur.

196 4118 295 4174 172.
322 4126 545 4188 Quibus
593 4127 891 4182 defunctis
940 4130 1233 4184 sacrificia
1284 4132 1375 4186 vel
1429 4132 1760 4189 oblationes

145 4210 324 4271 prosint
354 4214 698 4270 viventium.

196 4296 293 4353 1'13.
321 4302 483 4366 Quod
509 4321 631 4358 non
661 4305 739 4360 sit
762 4306 1002 4360 nimium
1028 4306 1100 4361 de
1121 4309 1329 4363 amicis
1356 4311 1605 4366 mortuis
1630 4328 1762 4366 con-

145 4384 459 4447 tristandum.

1948 3859 2071 3916 200.
2106 3863 2190 3917 De
2219 3863 2313 3917 his
2346 3867 2447 3936 qui
2477 3869 2713 3923 viduam
2744 3878 2843 3926 aut
2888 3874 3198 3930 dimissam
3241 3878 3535 3952 duxerint,

1876 3951 1969 4004 vel
2000 3951 2315 4007 homicidio
2349 3960 2780 4014 consenserint.

1942 4037 2066 4093 201.
2106 4041 2186 4094 De
2214 4042 2549 4113 virginibus
2579 4052 3023 4106 consecrandis.

1943 4127 2064 4181 20'2.
2104 4130 2186 4183 De
2219 4130 2414 4185 viduis
2444 4134 2517 4188 ab
2548 4136 2850 4207 episc0pis
2891 4156 3006 4193 non
3039 4142 3327 4198 velandis.

1942 4217 2065 4272 203.
2102 4219 2185 4272 De
2219 4220 2369 4273 votis
2403 4223 2825 4279 monachorum
2856 4243 2924 4281 ac
2976 4228 3273 4301 virginum
3302 4249 3531 4301 pracva-

1873 4306 2097 4362 ricatis.

1836 4402 1841 4407 ’
1940 4395 2063 4450 204.
2096 4397 2176 4450 De
2208 4397 2446 4454 clericis
2478 4400 2569 4455 vel
2588 4401 2896 4459 monachis
2929 4422 3044 4461 non
3073 4411 3445 4465 manentibus
3465 4412 3526 4466 in

197 4473 293 4529 171.
326 4479 397 4533 Ut
424 4482 733 4552 episcOpia
764 4485 855 4538 vel
890 4488 1248 4542 monasteria
1280 4504 1395 4543 non
1445 4505 1618 4545 nemo
1660 4492 1758 4545 fiat
1868 4501 1979 4540 suo
2010 4487 2336 4556 proposito.

143 4569 420 4622 communia
447 4571 808 4626 diversoria.
1782 4574 1825 4628 U
1937 4574 2057 4628 205.
2086 4574 2251 4638 Quod
2297 4576 2637 4648 juvenculaa
2681 4580 3003 4640 abbatissae
3059 4603 3176 4642 non
3238 4588 3412 4659 fiant,
3474 4593 3531 4646 et

194 4651 292 4706 175.
320 4658 480 4720 Quod
510 4660 850 4732 presbyteri
882 4665 937 4717 et
968 4663 1197 4719 diaconi
1228 4682 1346 4720 non
1379 4668 1593 4723 debent
1632 4686 1758 4724 mo-
1866 4663 2036 4734 virgo
2069 4666 2307 4718 nonnisi
2337 4670 2726 4739 sexagenaria
2757 4674 3005 4728 veletu'r.

143 4744 367 4800 materiis
392 4764 682 4817 praeesse
712 4751 829 4803 nisi
862 4752 1037 4805 vitam
1069 4756 1441 4810 mutaverint.
1937 4752 2059 4806 206-
2095 4753 2258 4816 Ωιιοά
2306 4760 2554 4812 sacratae
2606 4759 2726 4813 Deo
2786 4762 3020 4818 feminae
3080 4767 3170 4820 vel
3219 4768 3527 4825 monachm

196 4827 294 4885 176.
327 4834 397 4889 Ut
422 4837 482 4890 in
514 4840 877 4893 monasterio
922 4841 1106 4895 abbas
1136 4858 1252 4897 non
1292 4844 1444 4898 alius
1478 4845 1751 4917 eligatur,
1867 4856 2039 4895 sacra
2070 4858 2211 4896 vasa
2243 4844 2336 4897 vel
2370 4850 2638 4901 sacratas
2668 4849 2857 4917 pallas
2890 4854 3235 4925 contingere
3266 4872 3382 4911 non
3417 4858 3524 4913 de-

144 4913 228 4969 nisi
253 4924 338 4991 qui
361 4924 563 4996 dignis
597 4928 673 4980 sit
702 4927 933 4982 actibus
965 4933 1021 4983 et
1052 4930 1343 4987 moribus.
1563 4913 1586 4917 ν
1738 4913 1746 4917 ⁷
1872 4932 2030 4997 bent,
2064 4947 2173 4985 nec
2202 4933 2510 4988 incensum
2539 4937 2764 4991 circum
2804 4940 2987 4995 altare
3018 4942 3271 4999 deferre.

196 5005 293 5063 ΓΠ.
327 5012 392 5065 [ι
429 5016 479 5067 si
512 5017 650 5085 quis
681 5017 741 5069 in
770 5019 1127 5073 monasterio
1173 5023 1437 5075 converti
1481 5024 1750 5095 voluerit,
1944 5020 2065 5074 207.
2101 5021 2176 5074 Ut
2207 5021 2422 5076 oblatio
2446 5024 2517 5077 ab
2542 5025 2815 5082 omnibus
2834 5029 3268 5087 tiatDcminicis
3287 5034 3519 5094 diebus.

144 5094 269 5158 prius
291 5099 601 5174 dilacnter
631 5105 934 5175 probetur.
1936 5111 2059 5165 208.
2097 5111 2179 5165 De
2209 5111 2501 5167 oblatione
2529 5117 2585 5167 et
2614 5108 2775 5184 pace.

196 5183 294 5241 178.
325 5190 485 5253 Quod
517 5210 628 5262 pro
660 5211 769 5249 suo
803 5196 1043 5251 arbitrio
1076 5214 1193 5253 non
1235 5200 1449 5254 debent
1485 5203 1749 5256 monachi
1935 5200 2056 5254 209.
2092 5201 2175 5255 De
2205 5202 2457 5271 panibus
2490 5183 2935 5262 benediccndis.

146 5277 386 5340 expellere
416 5284 517 5335 aut
548 5283 820 5337 ordinare
853 5284 969 5339 sibi
999 5286 1263 5342 abhates.
1936 5290 2225 5361 Incipiunt
2257 5290 2507 5359 capitula
2539 5292 2891 5350 Placentina:
2941 5300 3152 5369 synodi
3192 5319 3324 5374 quae
3357 5307 3516 5362 cele-

198 5361 296 5419 179,
324 5367 482 5432 Quod
514 5375 757 5440 paterna
782 5372 1016 5428 devotio
1053 5377 1144 5431 vel
1178 5378 1414 5448 propria
1447 5379 1749 5437 confessio
1860 5380 2026 5434 brata
2076 5382 2167 5434 est
2209 5394 2242 5432 a
2286 5379 2519 5434 domino
2569 5397 2718 5452 papa
2766 5361 3006 5442 Urbano
3055 5361 3320 5448 secundo
3380 5395 3514 5468 (10).

146 5455 443 5512 monachum
471 5459 632 5515 facit.
1860 5468 2007 5524 Sunt
2033 5472 2230 5523 autem
2260 5468 2517 5540 capitula
2547 5489 2643 5529 xx.

198 5600 554 5685 (1_0)._Urbani
586 5611 650 5685 All
692 5613 1091 5685 pontiﬁcatum
1148 5617 1310 5678 obitu
1367 5618 1428 5675 S.
1482 5620 1749 5678 Anselmi

1861 5621 2212 5703 tumaddita
2241 5624 2509 5695 quaedam
2551 5623 2743 5703 fuisse
2786 5626 3052 5703 Anselmi
3086 5632 3422 5703 codicibus,
3455 5634 3515 5689 id

144 5678 483 5743 posteriorem
512 5678 712 5743 fuisse
730 5686 975 5744 scimus.
995 5687 1354 5763 Sedjamdiu
1371 5695 1463 5748 est
1479 5694 1746 5764 explora-

1863 5693 2020 5768 quod
2033 5693 2344 5768 scripturae
2362 5711 2597 5774 quoque
2611 5696 2938 5758 differentia
2955 5717 3117 5777 saepe
3130 5693 3511 5763 demonstrat.
