3948 6168
360 249 483 314 519
1256 274 1267 281 -
1402 247 1468 309 s.
1508 248 1888 310 A‘NSELMI
1942 246 2352 311 LUCENSIS
2394 246 2807 312 EPISCOPI.
3024 238 3033 247 ‘
3654 235 3751 317 sic

1475 443 1976 526 GAPITULA
2042 442 2303 524 LIBRI
2354 442 2717 523 OG'I‘AVI

1814 591 1925 656 Qui
1955 596 2047 645 est
2080 590 2154 645 de
2184 590 2390 663 lapsis.

438 735 492 791 1.
536 736 614 791 Ut
633 734 734 806 qui
756 750 830 788 ex
845 733 1171 803 clerolapsi
1192 732 1426 801 fuerint,
1444 732 1904 804 pauperriminis
1921 746 2040 786 mo-
2071 712 2129 773 Α
2226 731 2315 786 20.
2360 734 2436 787 Ut
2465 750 2540 788 ex
2569 735 2761 788 sacris
2792 733 3101 787 ordinibus
3130 732 3300 803 lapsi,
3337 732 3405 786 ad
3430 748 3645 787 sacrum
3668 732 3757 785 mi-

366 825 645 881 nasteriis
676 824 778 878 ubi
812 824 1129 893 pmnitea'nt
1158 821 1462 876 tradantur
1492 821 1608 892 ipsi
1639 824 1696 876 et
1734 835 1834 875 res
1865 822 2034 891 ipso-
2157 821 2470 876 nisterium
2502 838 2612 876 nec
2641 824 2778 892 post
2805 821 3209 892 paenitentiam
3240 824 3593 875 revocentur.

369 929 523 984 rum;
555 915 654 966 aut
683 911 735 966 si
780 913 1057 982 parentes
1087 910 1357 980 habeant,
1419 910 1535 980 ipsi
1564 924 1663 964 res
1723 910 2035 979 accipiant,
2228 908 2316 965 21.
2360 911 2437 965 Ut
2482 911 2796 982 presbyter
2837 911 2958 982 qui,
3012 914 3320 982 postquam
3365 910 3645 979 depositus
3670 913 3759 977 est,

372 1018 440 1056 ac
469 1001 887 1057 sufficientiam
917 1000 1006 1054 eis
1037 1000 1404 1069 provideant.
2160 999 2404 1054 missam
2435 1000 2845 1068 celebraverit,
2866 999 3277 1053 communione
3300 998 3557 1068 corporis
3583 1000 3632 1052 et
3657 1013 3766 1050 san.

443 1092 495 1145 2.
528 1091 578 1143 Α
599 1091 816 1161 quibus
839 1088 1055 1144 ofﬁciis
1075 1104 1142 1142 se
1164 1087 1417 1142 ministri
1446 1087 1650 1141 altaris
1682 1087 2033 1151 contineant,
2160 1090 2360 1162 guinis
2408 1089 2640 1143 Domini
2680 1102 2870 1159 usque
2902 1088 2975 1142 ad
3016 1087 3213 1142 obitus
3245 1087 3339 1141 sui
3369 1087 3517 1141 diem
3545 1084 3764 1157 privetur

373 1181 427 1235 si
454 1183 590 1250 post
610 1179 876 1233 ordinem
900 1194 1033 1232 cum
1055 1178 1184 1232 suis
1216 1176 1508 1231 uxoribus
1542 1177 1885 1241 miscentur,
1903 1175 2038 1246 qui-
2229 1177 2318 1232 22.
2362 1179 2443 1231 De
2475 1178 2722 1231 diacono
2755 1180 2809 1231 et
2831 1177 3181 1248 presbytero
3197 1174 3404 1247 lapsis,
3428 1177 3487 1229 ut
3508 1172 3572 1228 ad
3593 1188 3764 1227 sacros

369 1270 559 1324 busve
591 1270 844 1322 utantur.
2159 1268 2401 1323 ordines
2430 1267 2684 1336 amplius
2733 1281 2849 1320 non
2896 1266 3157 1333 redeant,
3192 1268 3249 1319 et
3288 1262 3618 1318 subdiaconi
3645 1262 3766 1332 lapsi

440 1357 494 1412 3.
525 1357 690 1422 Quod
721 1372 891 1410 nemo
923 1359 1058 1425 post
1105 1355 1509 1425 paenitentiam
1544 1354 1623 1408 sit
1660 1354 1934 1417 clericus,
1963 1352 2045 1406 ri-
2156 1357 2311 1411 inter
2339 1356 2522 1409 laicos
2554 1354 3025 1409 communionem
3056 1353 3329 1407 habeant.

372 1461 518 1520 gare
548 1445 882 1516 disciplinae
913 1461 1031 1499 non
1055 1444 1439 1517 indulgentias
1470 1443 1883 1514 desperatione
1916 1442 2063 1495 sta-’
2230 1444 2318 1500 23.
2362 1444 2446 1499 De
2474 1444 2889 1514 episc0porum
2929 1442 3129 1497 carnis
3163 1441 3463 1496 munditia.

370 1538 559 1592 tutum
591 1539 706 1589 est.
2230 1535 2318 1591 24.
2363 1535 2446 1589 De
2482 1534 2576 1589 his
2607 1535 2707 1605 qui
2754 1534 2826 1587 ab
2870 1532 3091 1587 haeresi
3135 1531 3207 1586 ad
3250 1529 3571 1585 Ecclesiam
3599 1542 3765 1582 rever-

442 1625 496 1679 4.
550 1625 626 1679 Ut
675 1624 985 1677 viduarum
1044 1622 1234 1677 mariti
1283 1626 1337 1676 et
1386 1623 1711 1676 numerosa
1752 1619 2041 1675 habentes
2158 1628 2380 1681 tuntur.

374 1713 740 1785 conjugiaab
755 1713 1031 1767 omnibus
1046 1711 1473 1766 ecclesiasticis
1487 1710 1702 1765 officiis
1717 1712 2039 1763 arceantur.
2228 1718 2314 1771 25,
2359 1716 2434 1769 Ut
2465 1714 2523 1767 in
2550 1713 2680 1766 loco
2712 1712 2863 1782 lapsi
2895 1710 3159 1780 episcopi
3192 1709 3347 1763 alius
3380 1706 3708 1762 restituatur.

442 1804 495 1856 5.
528 1803 613 1855 De
642 1801 846 1855 eadem
879 1814 967 1855 re.
2229 1805 2315 1859 26.
2349 1803 2517 1869 Quod
2543 1803 2855 1873 presbyter
2885 1803 3019 1869 post
3047 1800 3279 1869 lapsum
3314 1798 3370 1851 in
3405 1811 3568 1850 sacro
3597 1793 3765 1849 ordine

445 1890 497 1944 6.
531 1889 697 1957 Quod
726 1905 876 1959 papa
908 1888 1160 1943 Siricius
1198 1889 1640 1959 paenitentibus,
1674 1887 1952 1960 bigamis,
1987 1889 2043 1941 et
2078 1961 2111 1963 μ
2158 1911 2268 1951 nec
2297 1906 2643 1963 permanere
2674 1906 2783 1945 nec
2817 1888 3085 1945 revocari
3115 1889 3332 1958 potest.

377 1978 687 2034 viduarum
719 1979 950 2032 maritis
980 1977 1203 2050 gradus
1234 1993 1386 2048 quos
1416 1980 1553 2033 tunc
1573 1977 1869 2031 habebant
1898 1992 2042 2030 con-
2077 1961 2127 2022 Β
2227 1961 2315 2037 2¹7ξ
2358 1980 2660 2046 Quomodo
2712 1979 2772 2032 hi
2816 1979 2916 2049 qui
2964 1976 3189 2048 injuste
3235 1974 3488 2045 depositi
3530 1973 3676 2041 sunt,
3716 1970 3770 2023 ab

376 2068 580 2136 σθεείῑν
609 2067 962 2138 ΡνεθοίΡίθηε
994 2083 1066 2121 ne
1096 2067 1249 2121 ιιηνίι
1278 2067 1427 2121 tales
1450 2067 1961 2136 promoverentur-
2157 2071 2458 2142 episcOpis
2491 2084 2691 2124 coram
2720 2067 2888 2122 altari
2919 2065 3173 2120 debeant
3201 2062 3548 2118 restaurari.

446 2157 499 2211 7-
532 2155 695 2221 QUOd
719 2156 984 2226 episcopi
1005 2156 1098 2210 νει
1121 2158 1442 2226 sequentes
1458 2154 1681 2227 gradus
1705 2170 1877 2208 3801‘8
1914 2169 2042 2224 mY-
2223 2160 2313 2218 28.
2357 2161 2435 2216 Ut
2464 2162 2685 2214 temere
2706 2158 2843 2228 quis
2873 2172 2990 2211 non
3021 2152 3415 2209 communicet
3442 2150 3635 2220 lapsis.

376 2246 554 2301 steria
585 2247 1039 2313 contrectantes,
1074 2245 1128 2298 si
1168 2260 1235 2299 se
1269 2246 1339 2299 ab
1373 2244 1663 2299 uxoribus
1695 2260 1813 2299 non
1852 2243 2041 2298 conti-
2224 2248 2312 2305 29,
2356 2250 2438 2305 Do
2487 2248 2706 2318 lapsis,
2762 2244 2980 2316 quibus
3028 2245 3274 2313 propter
3320 2238 3690 2312 paenitentiam
3728 2237 3772 2288 et

374 2339 532 2404 nent,
567 2333 638 2387 ab
671 2334 1079 2388 ecclesiastico
1103 2333 1299 2388 officio
1342 2337 1782 2388 removeantur.
2153 2356 2363 2395 manus
2423 2335 2892 2407 impositionem,
2954 2331 3288 2387 communio
3347 2323 3765 2400 periclitantibus

445 2424 497 2478 8.
530 2423 696 2489 Quod
733 2422 1079 2478 sacerdotes
1111 2426 1168 2477 et
1194 2422 1389 2477 levitae
1423 2423 1551 2477 suis
1582 2423 1874 2477 uxoribus
1926 2436 2041 2475 non
2158 2426 2613 2484 concedebatur.

378 2513 762 2581 misceantur,
794 2512 931 2582 quia
951 2511 1292 2582 quotidiano
1312 2511 1636 2565 ministerio
1655 2513 2037 2580 occupantur.
2225 2518 2313 2571 30,
2355 2515 2521 2581 Quod
2571 2514 2744 2585 vigor
2786 2510 3150 2581 antiquitatis
3206 2511 3484 2563 servetur
3525 2506 3576 2558 in
3620 2501 3770 2571 lapsis

446 2600 500 2656 9.
535 2601 612 2656 Ut
641 2600 842 2655 clerici
872 2601 1460 2655 excommunicentur
1490 2601 1591 2671 qui
1618 2616 1684 2655 se
1737 2603 1868 2668 post
1926 2603 2043 2654 ter—
2156 2621 2348 2677 usque
2378 2604 2451 2659 ad
2479 2602 2888 2658 auctoritatem
2917 2604 2972 2654 et
3003 2599 3324 2653 consilium
3352 2611 3534 2667 papae.

375 2691 514 2745 tiam
537 2688 994 2744 admonitionem
1025 2703 1143 2742 ηοῐι
1175 2688 1496 2743 continent.
2227 2695 2288 2750 31
2337 2696 2420 2749 De
2449 2694 2545 2747 his
2576 2692 2675 2763 qui
2707 2706 2781 2745 ex
2812 2691 2955 2760 fuga
2996 2685 3417 2756 comprehensi
3447 2684 3594 2750 sunt,
3624 2683 3672 2735 et
3694 2693 3773 2749 per

449 2779 535 2833 10.
571 2779 653 2833 De
685 2778 1057 2833 damnatione
1087 2777 1507 2831 incontinentis
1529 2776 1884 2848 presbyteri.
2158 2786 2275 2838 vim
2304 2783 2519 2855 pagani
2548 2782 2696 2835 ritus
2719 2778 2941 2849 aliquid
2971 2775 3368 2847 protulerunt,
3405 2776 3465 2828 ut
3495 2788 3524 2825 a
3556 2784 3773 2825 commu-

448 2868 534 2921 11.
561 2867 646 2921 De
674 2866 771 2921 his
804 2865 906 2937 qui
937 2865 1008 2919 ad
1037 2865 1477 2936 presbyterium
1511 2868 1958 2935 promoventur,
1991 2866 2048 2920 et
2158 2875 2333 2929 niono
2363 2888 2479 2927 non
2511 2872 2881 2924 moveantur.

375 2959 509 3011 ante
540 2955 967 3012 ordinationem
998 2956 1375 3024 peccatorum
1408 2954 1528 3008 sibi
1556 2957 1694 3009 sunt
1724 2955 1970 3008 conscii.
2229 2963 2317 3017 32,
2359 2960 2519 3026 Quia
2543 2957 2887 3013 melioribus
2905 2971 3037 3026 quae
3061 2952 3393 3008 deliberant
3415 2945 3774 3009 suecum'bunt,

445 3044 531 3100 12.
564 3043 730 3108 Quod
761 3044 1027 3114 episcopi
1077 3042 1435 3098 fornicantes
1481 3043 1815 3112 deponendi
1883 3045 2041 3097 sunt.
2162 3068 2358 3107 coram
2388 3049 2578 3104 oculis
2612 3048 2715 3101 Dei
2748 3046 3107 3100 ceciderunt.

448 3134 535 3188 13.
570 3133 652 3187 De
683 3132 778 3187 his
800 3133 899 3203 qui
929 3132 1002 3186 ad
1019 3129 1307 3186 honorem
1336 3131 1694 3202 presbyterii
1727 3131 1858 3186 sine
1909 3147 2045 3186 exa-
2228 3141 2318 3195 33,
2360 3138 2527 3203 Quod
2584 3137 2901 3207 plurimum
2949 3133 3201 3202 possunt
3239 3147 3351 3200 pro
3396 3128 3575 3199 lapsis
3610 3121 3776 3178 merita

372 3224 690 3281 minutione
720 3222 985 3292 Ρνονθοίί
1013 3223 1171 3276 sunt
2081 3208 2131 3270 δ
2160 3231 2520 3294 sanctorum,
2556 3223 2889 3295 praesertim
2920 3236 3055 3275 cum
3077 3220 3204 3274 dies
3231 3218 3447 3289 judicii
3475 3214 3693 3270 venerit.

446 3313 532 3367 14.
565 3310 733 3376 Quod
757 3310 929 3364 liceat
956 3309 1236 3379 episcopo
1260 3309 1351 3363 vel
1410 3310 1760 3380 presbytero
1799 3323 1907 3364 seu
1941 3324 2005 3378 qu

2229 3318 2318 3375 34.
2363 3318 2439 3372 Ut
2479 3314 2677 3370 clerici
2736 3312 3173 3367 Donatistarum
3221 3309 3278 3361 in
3321 3308 3453 3362 suis
3501 3296 3775 3360 honoribus

373 3402 435 3458 in
456 3402 616 3456 clero
648 3402 759 3470 est,
794 3414 1129 3470 expurgare
1162 3414 1249 3468 se,
1282 3397 1334 3451 si
1366 3400 1553 3452 testes
1585 3399 1900 3452 defuerint.
2160 3407 2581 3478 suscipiantur,

447 3490 534 3544 15.
564 3489 641 3543 Ut
666 3487 1000 3558 presbyteri
1048 3485 1146 3557 qui
1181 3502 1247 3540 se
1278 3501 1609 3556 expurgare
1641 3487 1711 3540 de
1771 3485 2005 3540 fornice

2229 3497 2319 3552 35.
2364 3496 2440 3550 Ut
2480 3493 2629 3564 lapsi
2664 3491 2732 3546 ad
2784 3505 2956 3545 suum
2989 3488 3254 3542 ordinem
3303 3503 3427 3540 non
3457 3480 3774 3564 revocentur.

373 3581 531 3636 tione
558 3588 677 3633 non
705 3577 978 3646 possunt,
1011 3589 1045 3628 a
1076 3574 1404 3629 ministerio
1438 3572 1808 3630 moveantur.

2232 3584 2323 3641 86.
2368 3583 2444 3639 Ut
2473 3560 2666 3652 hi_qui
2696 3595 2804 3649 pro
2847 3577 3175 3632 deserenda
3206 3560 3579 3629 accusatione
3608 3578 3776 3621 sacros

443 3667 530 3722 16.
562 3666 640 3720 Ut
669 3664 1111 3733 conspiratores
1169 3662 1461 3716 adversus
1510 3663 1828 3733 episcopos
1885 3674 1996 3716 suo

2216 3676 2521 3745 :ceperunt
2569 3670 2830 3737 ordines,
2880 3667 3105 3722 eisdem
3144 3664 3458 3734 priventur
3496 3655 3775 3745 ordinibus.

373 3756 447 3811 ab
478 3755 637 3810 omni
666 3753 856 3826 επεάιι
886 3754 1320 3806 removeantur.
2230 3740 2325 3819 37:
2362 3762 2471 3828 Qui
2503 3759 2764 3830 reparari
2798 3757 3032 3827 possint
3063 3756 3195 3824 post
3228 3754 3482 3822 lapsum,
3514 3751 3566 3803 et
3594 3745 3679 3817 qui
3700 3740 3779 3795 mi-

448 3843 535 3898 1'1.
567 3843 643 3896 Ut
682 3841 783 3913 qui
813 3841 1162 3895 calumniam
1211 3841 1303 3895 vel
1345 3840 1593 3895 insidias
1628 3839 1718 3895 vel
1778 3838 2047 3894 convicia
2162 3855 2338 3909 nime,

377 3949 489 3989 suo
512 3933 793 4001 episcOpo
825 3929 1107 3997 intulerit,
1141 3929 1451 3998 depositus
1486 3931 1666 3984 curiae
1689 3930 1968 3983 tradatur.
2230 3942 2319 3997 33,
2363 3942 2445 3994 De
2494 3937 2729 3993 clericis
2780 3935 2881 4007 qui
2929 3934 3060 3988 sine
3105 3930 3381 3986 consultu
3423 3922 3667 3998 episcopi
3707 3913 3777 3972 sui

448 4019 535 4077 18.
568 4018 733 4085 Quod
757 4018 1012 4073 clericus
1045 4019 1141 4072 vel
1201 4018 1528 4074 monachus
1562 4018 1612 4072 si
1656 4019 2041 4088 conSpirave-
2162 4042 2383 4087 αχοιτθε
2411 4030 2724 4084 duxerunt,

374 4112 470 4176 ι’ίῑν
505 4110 596 4165 vel
620 4108 971 4163 calumniam
1004 4107 1328 4178 θρίεοοΡίεν
1362 4108 1455 4163 vel
1488 4108 1724 4163 οῙθΡίοίε
1756 4108 2048 4163 maehina'
2230 4122 2319 4176 39.
2360 4118 2661 4184 Quomodo
2681 4113 2859 4184 recipi
2884 4111 3136 4167 debeant
3155 4106 3255 4180 qui
3279 4101 3637 4178 praeVaricati
3651 4096 3775 4162 sunt,

374 4205 473 4257 ius
505 4199 702 4268 fuerit:
737 4197 979 4267 ΡῙὊΡΓίο
1005 4195 1174 4251 cadat
1206 4198 1415 4269 gradu.
2163 4227 2297 4268 cum
2327 4211 2399 4265 ad
2431 4205 2760 4263 Ecclesiam
2795 4202 3061 4257 redeunt.
3202 4198 3213 4208 ”

449 4289 535 4345 19.
571 4289 653 4344 De
682 4287 925 4343 clericis
959 4285 1018 4339 in
1049 4286 1328 4340 haeresim
1358 4286 1547 4357 lapsis
1580 4289 1637 4342 et
1665 4290 1870 4357 postea
1900 4303 2043 4342 con-

375 4394 593 4438 VOI‘SIB.

1546 4525 2035 4608 tlAPl'I‘ULA
2091 4522 2352 4606 LIBRI
2406 4515 2656 4611 NON],

1715 4697 1826 4763 Qui
1859 4704 1952 4751 est
1973 4696 2047 4751 de
2075 4689 2491 4749 sacramentis.

448 4869 499 4926 1.
542 4868 616 4926 Ut
648 4872 705 4925 in
738 4870 1242 4926 sacramentorum
1275 4862 1673 4920 oblationibus
1715 4861 1857 4915 nihil
1903 4858 2048 4914 ol'fe-
2081 4839 2132 4899 D
2232 4855 2286 4909 '7.
2328 4852 2494 4917 Quod
2525 4850 2597 4903 ad
2630 4849 2743 4903 hoc
2788 4845 3086 4901 ccelestem
3134 4841 3331 4896 cibum
3375 4848 3604 4894 sumere
3628 4823 3780 4926 981.13:

377 4961 545 5013 ratur
573 4960 690 5013 nisi
720 4960 890 5029 panis
922 4962 977 5013 et
1001 4958 1199 5011 vinum
1224 4970 1374 5026 aqua
1406 4952 1671 5007 mixtum.
2164 4961 2319 5010 mus,
2353 4945 2416 4997 ut
2446 4942 2504 4993 in
2552 4953 2787 4993 carnem
2841 4934 3053 5006 ipsius,
3089 4932 3191 5003 qui
3233 4944 3370 4984 caro
3400 4927 3597 4982 nostra
3626 4916 3779 4972 factus

450 5048 505 5101 Ξ.
541 5048 618 5101 Ut
650 5048 1010 5101 sacrificium
1035 5046 1238 5100 altaris
1267 5044 1326 5099 in
1356 5059 1504 5115 puro
1551 5042 1705 5095 lineo
1741 5053 1929 5109 panno
1960 5036 2033 5089 ab
2162 5038 2274 5102 est,
2310 5037 2702 5086 transeamus.
2852 5112 2860 5115 ρ
2913 5112 2921 5115 Δ
3224 5110 3233 5115 Δ
3309 5106 3340 5115 __
3529 5103 3541 5115 .
3610 5085 3753 5115 dm:

380 5136 663 5205 episcopo
685 5141 916 5189 sacrato
952 5134 1304 5190 celebretur.
1356 5098 1375 5115 ι
1741 5098 1755 5109 ⁸
2231 5098 2286 5177 8⁷·
2329 5119 2496 5184 QUOd
2529 5132 2666 5170 081‘0
2699 5112 2928 5169 Domini
2978 5125 3116 5165 Vere
3148 5110 3240 5163 est
3271 5106 3461 5171 Cibus.
3493 5103 3545 5156 θῑ
3574 5098 3782 5164 εεηευιε

450 5223 505 5277 3.
529 5222 605 5276 Ut
637 5239 667 5274 a
689 5222 921 5293 jejunis
942 5223 1300 5277 sacriﬁcium
1323 5222 1440 5274 Deo
1465 5219 1817 5273 celebretur.
2162 5227 2302 5266 vere
2335 5212 2427 5263 est
2458 5211 2652 5276 Ροίυε·
3094 5288 3142 5293 η
3323 5285 3360 5293 η
3615 5278 3627 5293 ι
3670 5267 3715 5293 νε

448 5311 502 5366 4-
531 5268 828 5374 Ωιιοάϋηῖθο
857 5312 1058 5364 vinum
1102 5310 1293 5365 solum
1324 5323 1432 5363 nec
1473 5323 1623 5378 aqua
1662 5305 1788 5360 sola
1839 5306 1897 5357 in
1946 5318 2045 5356 ca-
2230 5298 2283 5353 9.
2326 5297 2490 5361 Quod
2542 5293 2764 5349 Christi
2809 5306 3026 5360 corpus
3092 5288 3221 5341 ideo
3270 5285 3527 5349 edimus,
3575 5278 3631 5330 ut
3670 5268 3779 5322 “‘33

379 5399 491 5454 lice
519 5396 714 5452 otl‘erri
737 5398 929 5452 debet.
2168 5392 2407 5441 aeternte
2441 5382 2761 5453 participes
2794 5396 2933 5434 esse
2964 5378 3294 5448 possimus.
3749 5440 3757 5450 ε

449 5487 502 5543 5.
531 5486 700 5542 Unde
732 5486 884 5539 calix
915 5485 1146 5538 Domini
1166 5485 1545 5539 finridebeat.
2232 5476 2318 5529 10.
2367 5474 2446 5527 De
2479 5472 2572 5525 his
2605 5470 2824 5541 quibus
2856 5467 3133 5521 omnibus
3168 5460 3485 5518 Dominicis
3508 5458 3780 5511 comnlunl'

449 5575 502 5633 6-
565 5575 730 5642 Quod
788 5589 905 5628 non
953 5573 1210 5628 hominis
1261 5573 1750 5629 consuetudinem
1799 5568 1906 5625 sed
1942 5567 2047 5622 Dei
2161 5580 2298 5620 care
2327 5564 2466 5617 licet
2495 5560 2728 5614 diebus.

377 5668 648 5744 aperient
661 5664 835 5741 sequi
867 5662 1247 5719 voluntatem.
2230 5653 2318 5711 11.
2362 5652 2444 5709 De
2477 5649 2682 5709 eadem
2711 5662 2798 5704 re.
