3948 6168
172 322 255 382 521
1030 307 1500 377 COLLECTIO
1548 305 2003 389 CANONICA.
2054 342 2127 352 —
2172 306 2333 371 LIB.
2384 308 2498 370 1x.

3380 314 3503 377 522

221 517 284 570 19.
330 514 463 578 Quod
508 513 633 566 dum
664 512 1033 565 Dominicum
1073 512 1505 565 sacramentum
1538 507 1728 564 malus
1756 493 1825 563 β’
1914 505 2001 562 39.
2043 507 2209 572 Quod
2240 508 2501 562 haeretici
2535 514 2897 564 sacramenta
2948 518 3002 565 et
3033 512 3372 584 Seripturas
3403 515 3504 569 ha-

165 604 409 673 acceperit,
438 605 607 656 tamen
639 602 781 654 illud
814 601 1029 653 malum
1062 616 1176 653 non
1207 598 1407 653 efﬁcit.

218 693 280 746 l3.
316 692 377 745 Ut
402 691 664 759 baptisma
697 706 813 743 non
856 691 954 742 tiat
984 694 1199 758 praeter
1229 687 1460 741 Pascha
1492 689 1547 740 et
1574 688 1729 740 Pen-

164 786 383 846 tecosten,
415 779 515 832 nisi
543 782 787 849 cogente
820 778 1193 831 necessitate.

215 869 277 923 14.
304 868 438 933 Quod
466 868 716 939 legitima
737 871 1002 936 tempora
1042 865 1371 934 baptizandi
1409 868 1543 918 sunt
1575 880 1728 934 prae-

159 960 259 1027 ﬁxa,
285 958 333 1012 id
358 959 435 1011 est
462 957 681 1011 Pascha
713 961 769 1010 et
798 957 1170 1010 Pentecoste.

211 1046 273 1100 15.
307 1046 443 1109 Quod
467 1045 629 1115 juxta
659 1044 1043 1114 apostolicam
1075 1042 1279 1097 sedem
1311 1043 1369 1095 in
1404 1041 1728 1111 Epiphania

155 1135 482 1205 baptizandum
512 1149 624 1187 non
655 1139 766 1188 est.

204 1223 269 1277 16.
304 1223 371 1276 De
391 1222 701 1276 redditione
732 1221 1232 1292 baptizandorum.

206 1311 270 1366 17.
302 1310 446 1375 Quod
471 1310 603 1364 dum
636 1313 806 1365 tertio
834 1310 1162 1379 baptizatus
1183 1310 1487 1381 mergitur,
1519 1308 1732 1363 tridua-

155 1416 219 1453 na}
241 1400 517 1469 sepulturae
548 1402 981 1454 sacramentum
1014 1398 1309 1469 signatur.

203 1487 268 1541 18.
304 1488 366 1542 Ut
393 1489 458 1542 ad
501 1488 947 1557 suscipiendum
993 1487 1066 1541 de
1110 1487 1405 1558 baptismo
1451 1487 1731 1541 infantem

152 1593 262 1630 unus
289 1581 480 1630 tantum
512 1578 772 1631 accedat.

203 1666 264 1719 19.
297 1664 439 1729 Quod
470 1666 886 1720 catechumcno
921 1669 974 1719 et
1014 1666 1074 1719 in
1102 1665 1395 1735 baptismo
1427 1670 1484 1719 et
1512 1664 1569 1717 in
1601 1678 1734 1718 con-

149 1754 404 1808 ﬁrmatione
434 1771 583 1807 unus
617 1758 783 1824 pater
802 1758 991 1823 potest
1027 1770 1185 1808 esse.

1840 596 1980 650 bent
2012 597 2082 650 ad
2106 599 2364 665 speciem
2399 613 2515 651 non
2545 599 2615 651 ad
2650 599 2917 653 salutem.

1912 684 2001 739 40.
2045 684 2207 749 Quod
2244 687 2293 739 si
2326 703 2433 756 per
2462 688 2578 740 vim
2604 689 2954 741 sacramenti
2978 690 3250 745 remissio
3276 692 3338 747 ﬁt
3365 709 3507 761 pec-

1845 778 2130 839 catorum,
2168 776 2321 829 sicut
2353 792 2569 829 avarus
2602 777 2677 830 ita
2702 781 2755 829 et
2780 776 3095 831 haereticus
3125 797 3136 843 ;
3172 780 3221 832 si
3256 796 3361 848 per
3388 797 3505 836 me-

1848 864 2041 931 ritum,
2066 880 2172 916 nec
2206 880 2443 931 avarus,
2478 880 2586 918 nec
2620 865 2958 919 haereticus.

1915 949 2005 1004 41.
2061 952 2225 1015 Quod
2276 953 2412 1005 mali
2458 960 2893 1008 sacramentum
2941 956 3161 1011 Christi
3215 961 3509 1014 maculare

1847 1055 1962 1093 non
1997 1044 2267 1109 possunt.

1917 1128 2007 1182 49..
2050 1129 2214 1192 Quod
2248 1136 2613 1185 sacramenta
2648 1134 2753 1186 Dei
2787 1135 3002 1206 ubique
3035 1141 3196 1190 recta
3227 1142 3383 1191 sunt.

1916 1217 2004 1271 43.
2048 1217 2210 1281 Quod
2245 1225 2677 1274 sacramentum
2709 1224 2857 1292 apud
2886 1225 3202 1279 haereticos
3233 1226 3438 1282 haberi
3455 1229 3513 1281 et

1851 1306 1976 1360 dari
2010 1310 2222 1375 potest,
2259 1307 2502 1363 eil‘eetus
2534 1326 2673 1364 vero
2705 1314 3060 1367 sacramenti
3083 1314 3339 1369 minime.

1919 1394 2010 1449 44.
2045 1395 2127 1448 De
2158 1396 2361 1450 eadem
2393 1413 2477 1451 re.

1916 1483 2005 1536 45.
2047 1484 2213 1547 Quod
2241 1486 2694 1554 parricidalibus
2737 1490 3006 1544 manibus
3049 1507 3114 1545 se
3146 1507 3317 1545 saera
3348 1507 3511 1563 mys-

1846 1572 1991 1626 teria
2016 1572 2387 1627 subtrahunt.

1915 1661 2004 1715 46.
2047 1660 2213 1724 Quod
2242 1678 2360 1716 non
2392 1664 2466 1716 ita
2507 1670 2677 1719 nocet
2706 1668 2946 1735 perfidia
2980 1670 3268 1739 parvulis,
3304 1685 3511 1741 quem-

1846 1749 2157 1803 admodum
2191 1751 2339 1804 tides
2375 1753 2591 1820 profuit
2623 1771 2754 1807 cum
2790 1756 3241 1824 baptizarentur.

196 1838 261 1892 ΞΟ.
288 1840 430 1903 Quod
462 1842 511 1893 si
543 1839 681 1911 quis
730 1856 801 1894 ex
833 1838 1116 1911 conjugio
1160 1840 1344 1894 tilium
1390 1838 1633 1892 alterius
1663 1837 1731 1890 ad
1768 1865 1819 1926 B
1916 1839 2004 1893 47.
2047 1838 2212 1903 Quod
2244 1845 2575 1909 perceptam
2620 1843 2675 1894 in
2720 1844 3068 1912 baptismate
3110 1846 3329 1899 Christi
3374 1863 3512 1917 gra-

145 1928 322 1999 aliquod
362 1932 786 1983 sacramentum
834 1929 1104 1997 tenuerit,
1156 1930 1355 1998 utique
1401 1932 1732 1996 compatres

146 2016 389 2072 habentur.

194 2104 258 2158 21.
293 2105 343 2159 Si
382 2106 508 2176 quis
557 2107 618 2160 in
672 2106 917 2176 perfidia
968 2122 1212 2160 manens
1260 2105 1603 2175 baptizatur,
1638 2106 1736 2156 aut

145 2193 307 2247 nullam
333 2197 547 2264 accepit
591 2196 1011 2251 remissionem
1042 2199 1140 2249 aut
1170 2195 1243 2249 ad
1274 2192 1558 2264 temporis
1588 2208 1735 2262 pun-

145 2286 270 2335 ctum.

188 2369 256 2425 ‘22.
299 2372 417 2427 Nisi
457 2377 851 2446 regeneratus
900 2372 1279 2427 conﬁrmetur
1308 2372 1381 2425 ab
1430 2371 1730 2441 episcopo,

141 2458 379 2525 perfectus
408 2462 785 2517 Christianus
808 2478 947 2517 esse
979 2478 1096 2515 non
1126 2464 1340 2531 potest.

186 2546 254 2602 23.
289 2549 353 2604 Ut
382 2567 587 2607 omnes
623 2551 832 2606 fideles
857 2555 990 2620 post
1012 2551 1369 2620 baptismum
1400 2565 1504 2618 per
1526 2565 1735 2603 manus

141 2634 501 2704 impositionem
535 2642 956 2711 episcoporum
987 2638 1275 2708 accipiant
1304 2637 1583 2708 Spiritum
1602 2653 1738 2690 san-

137 2728 266 2780 ctum.

185 2812 253 2868 24.
286 2815 436 2880 Quod
464 2835 607 2873 mox
641 2820 958 2874 morituros
993 2819 1322 2890 babptisma
1373 2817 1581 2886 salvat,
1615 2824 1736 2877 vic-

136 2904 245 2957 turis
270 2911 443 2960 autem
475 2908 824 2963 necessaria
857 2914 948 2963 est
978 2910 1318 2965 chrismatis
1349 2912 1734 2966 conﬁrmatio.

185 2991 252 3045 25.
290 2993 439 3058 Quod
495 2997 653 3052 solis
701 2996 949 3053 debetur
1007 3000 1308 3070 episcopis
1374 3001 1737 3055 conﬁrmatio

134 3077 431 3138 chrismatis.
459 3140 466 3145 ,

182 3167 249 3222 53.
284 3170 435 3235 Quod
466 3176 667 3247 magis
699 3177 1035 3230 veneranda
1064 3180 1159 3232 est
1200 3195 1411 3233 manus
1443 3164 1739 3250 impositio

133 3258 484 3331 epiSCOporum
513 3280 696 3335 quam
726 3264 1076 3333 baptismns.

181 3345 250 3402 27.
274 3349 426 3413 Quod
456 3354 593 3407 sine
632 3353 926 3422 baptismo
971 3371 1141 3409 nemo
1186 3360 1381 3425 potest
1412 3358 1649 3427 salvari,
1687 3361 1744 3412 et

133 3434 228 3490 sine
249 3440 363 3508 ipso
384 3442 519 3512 quis
550 3457 674 3496 non
695 3442 867 3496 debet
888 3444 1239 3514 participare
1267 3461 1513 3515 corpore
1532 3450 1587 3501 et
1615 3462 1745 3500 san-

133 3526 267 3592 guine
293 3529 536 3587 Domini.
1470 3526 1475 3531 ’

182 3612 251 3668 28.
285 3616 438 3680 Quod
482 3635 738 3689 corpore
787 3624 843 3674 et
874 3622 1166 3692 sanguine
1198 3623 1424 3677 Domini
1462 3625 1744 3693 parvulus

130 3706 399 3776 participal,
434 3725 573 3763 cum
607 3708 938 3764 membrum
968 3709 1190 3766 Christi
1207 3712 1265 3766 in
1296 3713 1586 3781 baptismo
1619 3713 1761 3774 efﬁ-.

132 3791 259 3846 citur.

178 3880 246 3935 29.
283 3883 436 3950 Quod
469 3903 693 3943 manus
724 3887 1019 3959 impositio
1052 3891 1236 3960 repeti
1265 3893 1457 3960 potest
1489 3890 1621 3959 (11).

179 3968 235 4024 30
267 3973 339 4028 De
369 3977 721 4031 renovando
752 3977 1071 4032 chrismate
1103 3979 1362 4051 singulis
1394 3980 1585 4034 annis.

178 4055 248 4113 3t.
286 4061 355 4117 Ut
382 4064 667 4136 baptizati
699 4065 771 4120 ab
801 4066 1101 4121 haareticis
1125 4068 1251 4123 sola
1268 4084 1477 4123 manus
1500 4070 1747 4139 imposi-

130 4145 248 4202 tione
275 4154 715 4209 conﬁrmentur.

176 4234 250 4291 3‘3.
277 4239 355 4296 De
385 4244 598 4298 eadem
632 4258 720 4298 re.

179 4324 249 4380 33.
284 4329 441 4394 Quod
490 4334 717 4387 donum
757 4333 884 4402 Dei,
932 4334 1090 4405 quod
1120 4340 1212 4389 est
1256 4335 1533 4407 charitas,
1583 4340 1748 4391 extra

128 4407 405 4474 Ecclesiam
437 4438 552 4475 nec
584 4421 790 4476 haberi
812 4426 1006 4491 potest
1036 4439 1142 4477 nec
1173 4424 1318 4478 dari.

178 4503 249 4558 34.
275 4509 431 4572 Quod
485 4510 759 4565 haeretici
801 4516 857 4565 et
888 4512 1290 4583 ,schismatiei,
1339 4515 1622 4584 quidquid
1653 4515 1752 4568 ha-

127 4586 283 4664 beant,
314 4599 664 4655 charitatem
693 4615 811 4654 non
844 4600 1077 4655 habent.

179 4681 252 4736 35.
289 4685 450 4751 Quod
484 4693 607 4743 tam
636 4705 743 4759 per
774 4691 962 4744 malos
990 4707 1162 4761 quam
1193 4707 1300 4762 per
1328 4693 1518 4748 bonos
1551 4708 1755 4747 sacra-

130 4778 280 4827 menta
308 4778 821 4833 administrentur.

179 4860 252 4915 36.
287 4864 447 4939 Quod
480 4872 923 4922 sacramentum
952 4869 1243 4939 baptisma
1259 4870 1407 4939 apud
1443 4871 1757 4926 haereticos

132 4950 173 4998 et
195 4938 466 5010 haberi'et
495 4957 627 5011 dari
660 4962 873 5028 potest.

179 5037 250 5092 37.
280 5044 437 5107 Quod
461 5048 672 5102 eadem
697 5051 1070 5102 sacramenta
1092 5049 1310 5120 ubique
1341 5052 1479 5103 sunt
1508 5051 1753 5122 integra.

179 5122 252 5179 33.
287 5130 445 5194 Quod
480 5136 760 5191 remissio
788 5152 895 5207 per
925 5138 1213 5193 columbae
1242 5138 1522 5210 gemitum
1556 5140 1743 5209 datur,

131 5215 440 5305 quicumque
471 5224 747 5295 baptizet.

1848 1928 1984 1980 tiam
2020 1929 2245 1997 parvuli
2276 1946 2389 1981 non
2423 1931 2688 1984 amittunt
2721 1932 2835 1983 nisi
2862 1938 3093 2001 propria
3128 1936 3438 2003 impietate.

1917 2016 2004 2068 48.
2047 2016 2211 2079 Quod
2246 2018 2323 2070 ita
2368 2019 2593 2086 parvuli
2639 2035 2741 2087 per
2774 2021 2920 2073 alios
2954 2023 3220 2090 credunt,
3257 2022 3409 2075 sicut
3440 2024 3512 2076 ab

1850 2104 1980 2157 aliis
2014 2109 2271 2173 peccata,
2309 2122 2441 2176 quae
2472 2108 2530 2160 in
2570 2108 2858 2176 baptismo
2892 2110 3278 2181 dimittuntur,
3317 2114 3512 2165 traxe-

1850 2197 2003 2246 runt.

1920 2280 2009 2335 49.
2051 2280 2216 2345 Quod
2250 2286 2434 2335 mater
2463 2283 2738 2338 Ecclesia
2764 2286 2935 2338 etiam
2969 2287 3184 2341 invitos
3214 2291 3401 2341 sanat.

1922 2371 2009 2424 50.
2070 2370 2235 2434 Quod
2293 2372 2559 2425 haeretici
2617 2388 2880 2427 errorem
2935 2380 3241 2444 acceptum
3299 2376 3514 2430 debent
3591 2440 3605 2453 ο

1851 2459 2135 2527 amittere,
2172 2475 2287 2512 non
2322 2465 2774 2532 sacramentum,
2808 2463 2963 2532 quod
3007 2464 3278 2518 similiter
3306 2478 3366 2518 ut
3399 2479 3511 2519 nos

1849 2552 2223 2617 acceperunt.

1920 2636 2009 2690 51.
2054 2638 2138 2690 De
2169 2637 2371 2691 eadem
2403 2654 2487 2692 re.

1922 2726 2009 2779 5‘2.
2054 2727 2222 2789 Quod
2251 2743 2358 2780 nec
2391 2732 2526 2781 ante
2555 2728 2913 2799 baptismum
2944 2730 3242 2801 bigamus,
3275 2730 3514 2785 ordine-

1852 2817 1946 2868 tur
1974 2817 2314 2885 episcopus.

1924 2904 2011 2957 53.
2055 2905 2219 2968 Quod
2245 2905 2402 2959 Deus
2420 2905 2835 2961 haereticorum
2859 2909 3151 2963 sacriﬁcia
3171 2909 3512 2963 detestatur.

1923 2993 2011 3045 51.
2057 2993 2139 3046 De
2171 3009 2240 3047 co
2272 2995 2371 3063 qui
2412 2995 2769 3049 necessitate
2811 3000 3070 3051 extrema
3102 3014 3134 3051 a
3162 3013 3281 3052 non
3310 2997 3515 3051 catho-

1854 3082 1967 3135 lico
2001 3082 2473 3136 communionem
2504 3086 2854 3153 susceperit.

1925 3169 2014 3224 55.
2055 3171 2219 3234 Quod
2251 3173 2507 3239 Spiritus
2539 3177 2780 3226 sanctus
2813 3174 3078 3242 procedit
3105 3190 3135 3227 a
3166 3173 3335 3229 Filio.

1927 3261 2013 3314 56.
2056 3261 2218 3324 Quod
2243 3261 2430 3314 virtus
2466 3263 2817 3315 sacramenti
2841 3279 2955 3316 non
2989 3266 3079 3317 est
3110 3263 3168 3316 in
3190 3278 3518 3318 sacramen-

1859 3350 1934 3404 tis
1967 3366 2099 3420 quae
2130 3349 2203 3402 ab
2226 3349 2493 3403 Ecclesia
2524 3352 2824 3421 segregati
2857 3352 3177 3407 celebrant.

1931 3439 2018 3492 5'7.
2062 3440 2145 3491 De
2178 3439 2416 3492 intineta
2449 3439 2824 3493 eueharistia.

1931 3530 2018 3583 58.
2061 3528 2121 3581 Si
2152 3529 2467 3599 presbyter
2512 3530 2803 3582 infirmum
2848 3531 3142 3601 baptizare
3170 3531 3517 3603 neglexerit.

1931 3617 2018 3672 59.
2063 3618 2145 3672 De
2182 3619 2273 3672 his
2313 3620 2384 3672 de
2426 3618 2644 3689 quibus
2684 3620 2971 3674 dubitatur
3029 3625 3224 3675 utrum
3252 3622 3524 3692 haptizati

1862 3709 1998 3763 sint.

1929 3799 2018 3852 60.
2066 3798 2144 3852 De
2177 3798 2378 3853 eadem
2406 3814 2490 3852 re.

1931 3886 2018 3940 61.
2063 3887 2203 3940 ltem
2235 3888 2306 3941 de
2340 3881 2544 3941 eadem
2577 3904 2659 3941 re.

1930 3975 2017 4030 6"2.
2060 3976 2223 4040 Quod
2264 3976 2457 4029 solum
2498 3977 2785 4045 baptisma
2831 3978 2918 4030 eis
2964 3977 3063 4047 qui
3106 3977 3177 4031 ab
3225 3977 3525 4033 haereticis

1863 4066 2229 4135 baptizantur
2246 4080 2384 4118 esse
2397 4066 2768 4133 permittitur,
2784 4070 2840 4119 et
2857 4082 2971 4119 non
2995 4070 3206 4120 caetera
3222 4068 3524 4137 mysteria.

1933 4153 2024 4208 63.
2060 4154 2142 4206 De
2174 4154 2452 4225 gentibus
2483 4153 2554 4207 ad
2588 4154 2760 4207 [idem
2783 4155 3175 4224 venientibus,
3211 4157 3368 4209 omni
3392 4159 3528 4209 tem-

1864 4258 2028 4313 pore,
2065 4243 2117 4297 si
2149 4256 2399 4296 necesse
2434 4242 2628 4310 fuerit,
2661 4241 3045 4311 baptizandis.

1937 4331 2025 4387 64.
2070 4333 2152 4385 De
2188 4332 2337 4384 trina
2370 4335 2426 4383 et
2458 4346 2568 4383 una
2602 4330 2979 4384 immersionc
3012 4331 3403 4401 baptismatis.

1937 4422 2025 4476 65.
2067 4420 2233 4486 Quod
2266 4436 2370 4474 eos
2401 4435 2551 4490 quos
2583 4422 2718 4489 post
2758 4420 3188 4474 damnationem
3220 4420 3533 4490 baptizavit

1870 4511 1965 4565 vel
1999 4510 2290 4566 ordinavit
2320 4510 2602 4576 Aeacius,
2648 4508 2806 4562 nulla
2838 4511 3025 4579 portio
3059 4510 3324 4565 laesionis
3355 4509 3531 4564 attin-

1789 4586 1842 4648 D
1867 4604 1984 4672 gat.

1938 4689 2027 4743 66.
2069 4688 2234 4753 Quod
2264 4688 2502 4759 praecisi
2536 4688 2607 4741 ab
2653 4688 2908 4742 ecclesia
2956 4690 3234 4758 Spiritum
3266 4691 3535 4743 sanetum

1873 4795 1991 4834 non
2022 4779 2257 4833 habent.

1945 4869 2033 4922 6'1.
2075 4869 2333 4932 Qualiter
2360 4866 2689 4936 baptizandi
2718 4870 2850 4921 ante
2897 4868 3252 4936 baptismum
3284 4866 3537 4921 catechi-

1878 4963 2100 5013 zentur.

1951 5046 2038 5103 68.
2078 5048 2161 5100 De
2191 5046 2502 5116 baptismo.

1954 5139 2040 5193 69.
2086 5139 2167 5191 De
2195 5135 2656 5190 conﬁrmatione.

1953 5227 2040 5282 70.
2086 5228 2166 5281 De
2200 5230 2566 5279 sacramento
2598 5225 2819 5277 altaris.

186 5414 279 5487 (11)
313 5420 449 5476 Puta
484 5423 560 5477 ad
593 5426 1085 5481 reconciliandam
1113 5428 1482 5498 haereticum,
1518 5428 1611 5483 vel
1643 5427 1784 5500 quid
1813 5427 2028 5499 simile,
2062 5442 2174 5481 non
2209 5427 2400 5479 autem
2432 5424 2499 5477 ad
2536 5424 2966 5478 sacramentum
2998 5426 3400 5497 repetendum.

264 5729 525 5811 Parnm.
548 5734 813 5820 CXLIX

3117 5740 3197 5805 17
