3948 6168
465 311 583 372 523
1504 312 1571 373 S.
1621 313 2001 376 ANSELMI
2042 314 2453 378 LUCENSIS
2499 317 2908 382 EPISCOPI.
3725 335 3812 395 524

1355 527 1994 608 CAPITULA
2026 542 2029 545 ‘
2056 498 2411 610 LIBRI
2464 534 2954 628 DECIMI,

1848 732 1959 800 Qui
1987 738 2080 789 est
2107 733 2183 790 de
2214 735 2525 808 coniugiis.

541 919 596 975 1.
638 918 806 985 Quod
835 924 1028 993 pactio
1060 923 1394 995 conjugalis
1427 924 1771 996 conjugium
1803 925 1963 980 facit.
2157 907 2218 970 Α
2313 927 2402 984 30.
2446 930 2529 986 De
2561 931 2843 1015 conjugio
2895 939 3120 1006 quartae
3168 937 3554 1009 generationis
3588 937 3821 1009 quondam

542 1010 594 1063 2.
638 1009 805 1074 Quod
838 1012 1166 1083 legitimum
1199 1012 1544 1085 conjugium
1577 1017 1668 1067 est
1697 1014 1796 1069 ubi
1826 1029 1976 1068 uxor
1995 1014 2136 1085 peti-
2243 1018 2454 1089 Anglis
2485 1010 2800 1089 permisso.

471 1099 586 1166 tur,
623 1102 677 1151 et
708 1116 737 1152 a
769 1100 1119 1168 parentibus
1150 1102 1436 1171 proximis
1457 1102 1728 1173 legaliter
1757 1102 1929 1156 datur
1957 1106 2016 1157 et
2044 1103 2137 1158 de-
2308 1107 2397 1162 31.
2440 1109 2605 1173 Quod
2645 1110 2858 1182 Anglis
2889 1113 2947 1165 in
2976 1113 3089 1168 ﬁde
3122 1113 3389 1168 solidatis
3420 1115 3822 1186 consanguinita-

476 1191 814 1256 sponsatur,
850 1191 907 1241 et
936 1204 968 1241 a
991 1189 1299 1244 sacerdote
1319 1190 1705 1245 benedicitur.
2240 1195 2316 1249 tis
2348 1198 2691 1270 eonjugium
2723 1201 2958 1270 penitus
2991 1205 3239 1257 vetetur.

535 1274 590 1327 3.
632 1274 773 1338 Quae
806 1276 883 1329 sit
911 1277 1175 1348 legitima
1198 1293 1367 1346 uxor,
1388 1281 1446 1332 et
1475 1279 1653 1350 quod,
1685 1280 1920 1335 vivente
1949 1295 2136 1335 uxore
2308 1284 2397 1339 32.
2442 1286 2515 1340 Ut
2549 1303 2738 1358 usque
2769 1289 2840 1342 ad
2886 1291 3193 1360 septimam
3233 1291 3725 1364 consanguinitatis
3749 1309 3824 1365 ge-

470 1360 757 1432 adultera,
792 1364 920 1418 viro
951 1381 1066 1419 non
1102 1366 1238 1421 licet
1269 1367 1485 1421 ducere
1512 1368 1706 1423 aliam.
1864 1386 1879 1395 ί
2237 1376 2597 1430 uerationem
2624 1392 2797 1433 nemo
2828 1380 3264 1434 matrimonium
3295 1380 3485 1434 dircat.

535 1450 589 1504 4.
634 1450 799 1515 Quod
825 1453 992 1507 tertia
1024 1470 1175 1509 uxor
1205 1456 1505 1523 superﬂua
1536 1461 1647 1511 est.
2305 1460 2395 1515 33.
2438 1463 2699 1533 Capitula
2753 1466 3140 1520 anathematis
3189 1467 3249 1522 S.
3296 1468 3560 1540 Gregorii
3603 1484 3743 1539 papze
3773 1468 3824 1524 de

530 1538 583 1592 5.
628 1540 711 1592 De
744 1557 990 1596 numero
1022 1544 1383 1599 maritorum.
2234 1548 2455 1605 illicitis
2486 1552 2786 1625 conjugiis
2818 1559 2875 1608 et
2904 1556 3258 1626 quibusdam
3289 1538 3441 1611 aliis.

529 1626 585 1681 6.
629 1628 795 1692 Quod
827 1631 1193 1702 desponsata
1240 1633 1666 1688 monasterium
1710 1633 2131 1689 monacharum
2305 1639 2394 1693 34.
2438 1639 2521 1695 De
2552 1641 2921 1713 presbytero.

463 1718 660 1784 potest
686 1717 932 1788 eligere.
2303 1728 2392 1782 35.
2436 1729 2519 1784 De
2549 1732 2853 1786 monacha.

529 1804 584 1857 '7.
626 1803 793 1868 Quod
827 1807 1250 1877 desponsatam
1280 1809 1447 1864 alteri
1479 1809 1624 1865 alter
1663 1826 1780 1866 non
1806 1813 2000 1883 potest
2026 1826 2127 1865 ac-
2303 1813 2392 1871 36.
2435 1817 2519 1871 De
2550 1822 2889 1874 commatre.

464 1891 681 1961 cipere.
2303 1902 2392 1958 37.
2437 1905 2520 1960 De
2546 1921 2779 1961 sorore.

531 1977 585 2035 8.
631 1980 713 2034 De
741 1983 946 2037 eadem
976 1999 1061 2038 re.
2302 1994 2391 2048 38.
2433 1994 2517 2047 De
2556 1998 2749 2065 nepte.

529 2067 584 2123 9.
628 2069 710 2123 De
744 2074 911 2141 raptu
938 2071 1171 2142 puellis.
2305 2080 2393 2136 39.
2438 2081 2521 2136 De
2551 2099 2807 2138 noverca
2837 2085 2931 2139 vel
2962 2101 3132 2139 nuru.

535 2158 623 2212 10.
668 2158 834 2223 Quod
863 2160 1036 2232 pejor
1055 2162 1263 2233 estqui
1282 2178 1392 2218 nec
1410 2165 1560 2219 malo
1583 2164 1757 2219 ﬁdem
1776 2163 2121 2236 scrvat(12).
2152 2158 2207 2221 B
2306 2172 2394 2226 40.
2438 2171 2522 2225 De
2554 2177 2824 2242 cognata,
2857 2173 2951 2227 vel
2985 2190 3160 2245 quam
3178 2179 3470 2247 cognatus
3503 2173 3700 2228 habuit.

532 2246 619 2300 11.
661 2246 829 2311 Quod
861 2249 1035 2303 etiam
1067 2266 1139 2305 ex
1187 2251 1337 2307 male
1366 2253 1700 2324 conjunctis
1734 2255 1966 2324 possint
1997 2254 2126 2309 ﬁeri
2302 2260 2392 2315 41.
2437 2261 2518 2315 De
2572 2262 2805 2332 virgine
2860 2278 2975 2317 non
3035 2263 3398 2333 desponsata
3448 2268 3602 2334 rapta
3641 2261 3719 2316 vel
3762 2260 3830 2314 iu-

460 2335 700 2405 nuptiaa.
946 2376 953 2383 .
2231 2352 2372 2405 rata.

532 2424 618 2478 12.
661 2422 828 2488 Quod
861 2426 1208 2500 conjugium
1237 2434 1500 2485 remanet
1526 2431 1947 2503 inseparatum,
1972 2433 2128 2487 sicut
2298 2437 2388 2494 42.
2433 2440 2516 2495 De
2546 2439 2818 2495 hariolis.

462 2513 756 2566 ordinatio
788 2514 846 2565 in
877 2515 1185 2572 damnatis.
2301 2528 2391 2583 43.
2434 2529 2517 2584 De
2550 2529 2644 2584 his
2675 2532 2774 2601 qui
2807 2545 2905 2585 res
2937 2530 3210 2585 ecclesiae
3241 2531 3603 2586 invaserunt.

534 2600 623 2653 13.
664 2600 830 2664 Quod
864 2603 1106 2673 pejores
1146 2607 1266 2660 sint
1293 2608 1596 2679 adulteris,
1630 2610 1730 2680 qui
1761 2626 1794 2664 a
1824 2611 2125 2681 proposito
2301 2617 2389 2671 44.
2433 2618 2517 2671 De
2549 2619 2783 2672 clericis
2814 2620 2912 2690 qui
2946 2635 3173 2674 comam
3205 2620 3634 2674 relaxaverunt.

460 2689 749 2742 castitatis
783 2695 1045 2746 ruerunt.
2299 2707 2388 2761 45.
2433 2707 2515 2761 De
2548 2689 2920 2763 afﬁnibusiin
2953 2709 3235 2781 conjugio
3265 2725 3388 2764 non
3412 2707 3753 2780 copulandis.

532 2776 618 2830 14.
661 2778 848 2848 Quod,
876 2784 1110 2836 vivente
1133 2798 1317 2837 uxore
1346 2784 1628 2857 adultera,
1653 2802 1771 2842 non
1800 2787 1935 2843 licet
1954 2788 2126 2843 aliam
2297 2796 2386 2850 46.
2432 2797 2514 2850 De
2576 2797 2829 2867 quodam
2876 2801 2936 2851 ut
2995 2776 3170 2852 ducat
3225 2776 3689 2869 uxorem—quam
3736 2810 3834 2849 cor-

457 2865 695 2920 ducere.
2190 2876 2197 2883 ’
2226 2887 2399 2956 rupit.

532 2954 618 3008 15.
667 2956 741 3009 Ut
779 2956 1066 3013 dimissus
1112 2960 1207 3015 vel
1257 2962 1505 3018 dimissa
1556 2964 1644 3019 sic
1687 2969 1977 3038 maneant,
2027 2966 2122 3021 vel
2294 2954 2384 3029 47.
2426 2975 2510 3029 De
2550 2975 2646 3030 his
2685 2976 2786 3046 qui
2823 2976 3057 3046 rapiunt
3090 2977 3319 3047 puellas
3359 2978 3474 3033 sub
3515 2975 3677 3031 simul
3704 2972 3833 3028 habi-

454 3043 571 3098 sibi
606 3046 1081 3103 reconcilientur.
2223 3064 2382 3119 tandi
2415 3065 2670 3119 nomine.

526 3133 611 3187 16.
656 3135 717 3187 Si
750 3135 1039 3192 dimissus
1071 3138 1164 3193 vel
1196 3138 1442 3194 dimissa
1466 3140 1635 3196 alteri
1652 3144 2021 3200 matrimonio
2053 3160 2119 3199 se
2292 3152 2383 3210 48.
2424 3154 2508 3207 De
2542 3170 2610 3208 eo
2642 3154 2741 3225 qui
2765 3155 3062 3225 propriam
3086 3170 3334 3210 uxorem
3358 3155 3665 3211 interfecit.

453 3222 877 3293 copulaverint,
903 3226 1153 3281 adulteri
1186 3231 1342 3285 sunt.
2294 3241 2382 3296 49.
2424 3241 2590 3307 Quod
2642 3222 2832 3314 magis
2878 3222 3267 3299 custodienda
3311 3249 3410 3299 est
3459 3246 3689 3299 castitas
3736 3237 3836 3294 ﬁdei

523 3310 609 3365 17-
654 3312 819 3375 Quod
868 3319 1138 3382 separata
1184 3333 1217 3370 ει
1265 3319 1393 3373 viro
1442 3319 1707 3375 adultero
1754 3337 1871 3377 non
1926 3323 2120 3392 possit
2225 3348 2399 3404 quam
2431 3333 2725 3404 corporis,
2744 3310 2817 3386 vet
2849 3334 3006 3405 quod
3038 3334 3316 3390 violentia
3346 3350 3469 3389 non
3500 3334 3731 3389 violatur
3753 3344 3835 3399 pu-

457 3398 633 3452 alium
663 3401 898 3455 ducere.
1224 3426 1227 3429 ν
2149 3411 2198 3473 C
2225 3398 2441 3476 dicitiu.

524 3487 610 3540 18.
654 3488 819 3552 Quod
851 3491 1160 3562 religionis
1180 3509 1362 3548 causa
1382 3511 1499 3551 non
1517 3498 1634 3551 sint
1665 3499 1949 3554 solvenda
1980 3517 2119 3557 eon-
2294 3512 2382 3566 50.
2425 3511 2640 3566 lterum
2672 3511 2830 3583 quod
2861 3512 3137 3567 violentia
3170 3527 3287 3567 non
3309 3511 3636 3582 corrumpit
3661 3505 3839 3581 pudici

449 3590 639 3646 Jugis.
1036 3650 1039 3655 _
2223 3601 2380 3655 tiam.

522 3663 609 3717 19.
652 3664 819 3728 Quod
865 3669 1037 3721 uxori
1082 3669 1419 3726 reddendus
1465 3678 1557 3728 est
1585 3676 1853 3746 maritus,
1889 3678 2119 3735 etiamsi
2292 3689 2379 3744 5L
2422 3689 2588 3754 Quod
2626 3691 2820 3761 possit
2865 3706 3017 3747 uxor
3057 3694 3193 3761 post
3236 3690 3591 3747 adulterium
3619 3683 3842 3744 reconci-

452 3755 798 3807 tonsuratus
824 3755 901 3807 sit
931 3758 1255 3813 monachus
1287 3760 1385 3835 illa
1415 3762 1670 3821 uolente.
2220 3779 2349 3833 liari
2381 3780 2506 3834 viro
2540 3755 2671 3835 suo.

519 3842 609 3933 2t).
652 3840 817 3933 Quod
851 3844 1210 3917 conjugatus
1253 3824 1373 3903 noxi
1414 3852 1588 3907 debet
1633 3854 1761 3909 ﬁeri
1791 3857 2116 3914 monachus
2220 3824 2768 3933 “non
2815 3869 2952 3925 licet
2997 3870 3305 3925 mulierem
3344 3870 3668 3926 adulteram
3712 3863 3838 3920 occi-

448 3929 567 3985 nisi
596 3931 855 4003 conjuge
887 3933 1057 4004 prius
1089 3937 1496 3994 castimoniam
1536 3943 1864 4011 proﬁtente.
2219 3959 2378 4014 dere.

650 4020 737 4119 Pe
769 4021 974 4119 “diam
995 4040 1078 4119 ξδ’
1125 4113 1161 4119 __
2289 4048 2376 4102 53.
2422 4048 2497 4103 Ut
2527 4054 2660 4119 post
2697 4049 3047 4105 adulterium
3093 4052 3191 4103 aut
3230 4064 3384 4104 uxor
3415 4048 3739 4118 recipiatur,
3766 4044 3843 4095 aut

514 4106 602 4163 22.
648 4109 733 4164 De
765 4111 1067 4184 coniugiis
1089 4113 1284 4186 aliqua
1313 4119 1672 4177 necessitate
1694 4123 1924 4196 divisis,
1957 4129 2021 4181 ut
2039 4127 2111 4182 ad
2220 4106 2577 4191 continentia
2612 4142 2903 4193 servetur.
3450 4202 3455 4207 ,

441 4198 693 4266 Pristim
726 4205 1118 4257 revertantur.
2286 4226 2373 4279 54.
2416 4225 2583 4290 Quod
2611 4227 2782 4298 virgo
2815 4242 2932 4282 non
2963 4228 3040 4281 sit
3060 4225 3344 4297 adultera,
3371 4225 3425 4279 si
3448 4225 3719 4281 nesciens
3743 4220 3843 4275 viro

510 4286 599 4341 23.
644 4288 728 4343 De
752 4291 1127 4373 separatione
1150 4308 1357 4350 eorum
1386 4297 1487 4368 qui
1509 4299 1582 4353 ob
1607 4315 1849 4357 causam
1871 4304 2108 4376 frigidm
2214 4286 2485 4385 nupserit
2513 4286 2726 4371 alieno:

440 4380 667 4431 ηδίυνεθ
700 4378 860 4433 Wire
891 4395 1005 4435 non
1037 4388 1309 4451 P083111“-
2284 4378 2372 4472 55,
2417 4404 2500 4459 De
2528 4405 2869 4474 raptoribus
2892 4405 3202 4459 mulierum
3227 4404 3283 4460 si
3310 4405 3382 4459 ad
3405 4404 3719 4461 ecclesiam
3735 4413 3845 4455 con-

509 4464 596 4519 24.
643 4466 719 4520 Ut
749 4466 808 4520 hi
841 4468 944 4538 qui
966 4470 1123 4525 coire
1154 4488 1273 4528 non
1294 4480 1566 4547 possunt,
1601 4479 1655 4533 si
1684 4482 1937 4550 probare
1968 4498 2105 4553 pos-
2214 4464 2497 4546 fugerint-

436 4554 575 4624 sint,
614 4561 984 4626 separentur.

2286 4564 2373 4619 56.
2418 4565 2501 4618 De
2534 4565 2869 4635 raptoribus
2908 4565 3218 4620 viduarum
3248 4565 3343 4620 vel
3375 4564 3692 4637 virginum.

506 4643 594 4698 25.
637 4644 803 4709 Quod
832 4650 1072 4717 prepter
1119 4650 1432 4706 amentiam
1476 4670 1592 4710 non
1636 4662 1774 4712 sunt
1817 4661 2104 4717 solvenda
2134 4679 2188 4740 Β
2286 4652 2376 4709 5⁸7.
2418 4652 2583 4718 Quod
2616 4654 2790 4708 vidua
2834 4654 3102 4725 episcopi
3144 4654 3238 4708 vel
3265 4653 3608 4724 presbyteri
3635 4654 3727 4706 aut
3753 4649 3847 4703 dia-

436 4733 736 4806 οοηιὶυὸίθ·
2134 4733 2178 4740 ”
2217 4744 2371 4814 coni,
2405 4743 2455 4797 si
2487 4744 2759 4798 maritum
2788 4744 3103 4813 acceperit,
3136 4742 3194 4797 in
3216 4742 3330 4797 ﬁne
3358 4745 3587 4797 tantum
3619 4752 3845 4796 commu-

505 4823 593 4877 26.
641 4824 716 4878 Ut
747 4825 941 4880 omnis
974 4825 1149 4881 homo
1179 4829 1474 4884 abstineat
1503 4847 1570 4887 se
1599 4848 1631 4887 a
1663 4835 1957 4905 spirituali
1987 4838 2103 4894 ﬁlia
2214 4834 2389 4887 nicet-

434 4912 618 4979 palris
652 4914 765 4968 sui.
2281 4920 2371 4975 58.
2431 4922 2480 4975 Α
2526 4921 2746 4992 quibus
2795 4921 2945 4975 inter
2987 4919 3343 4993 conjugatos
3384 4916 3845 4991 consanguinitas

503 4998 589 5053 2’7.
632 5000 799 5065 Quod
841 5004 1040 5060 nullus
1090 5006 1330 5062 ﬁliolam
1375 5010 1561 5079 patris
1603 5014 1695 5067 sui
1747 5014 1920 5070 ducat
1949 5033 2101 5073 uxo-
2213 5009 2569 5081 PquIiI‘dlUP-

434 5100 579 5141 rem.
2280 5097 2369 5152 59.
2415 5099 2496 5152 De
2520 5098 2744 5152 relictis
2777 5099 3378 5170 consanguineorum.

499 5173 589 5229 ‘28.
634 5178 718 5232 De
759 5185 1132 5250 separatione
1178 5187 1637 5261 conjugatorum
1680 5194 1780 5264 qui
1825 5195 1980 5253 ﬁlios
2026 5198 2058 5251 d

2286 5185 2367 5242 60.
2411 5188 2493 5241 De
2540 5187 2786 5241 muliere
2837 5203 2970 5258 quae
3019 5188 3090 5242 ad
3142 5187 3438 5243 secundas
3481 5185 3697 5242 transit
3723 5195 3845 5251 nup-

430 5260 591 5318 fonte
615 5278 1031 5337 susceperunt.
1378 5260 1385 5261 ί
1698 5260 1716 5264 “
2208 5276 2340 5331 tias.

503 5352 590 5406 29.
630 5354 706 5408 Ut
738 5359 1041 5431 conjugati
1090 5380 1206 5418 non
1237 5374 1604 5441 separentur,
1640 5374 1692 5427 si
1742 5377 2097 5433 necessitate
2276 5366 2364 5419 61.
2407 5364 2571 5429 Quod
2626 5365 2960 5437 presbyteri
3003 5365 3223 5437 nuptiis
3265 5365 3485 5437 bigami
3527 5378 3648 5420 non
3693 5361 3847 5416 inter-

429 5443 638 5496 mortis
671 5443 855 5498 ﬁlium
888 5463 1059 5502 suum
1092 5453 1558 5523 bap'tizaverunt.
2206 5458 2366 5509 sum-

640 5648 1421 5753 lle‘l'ut‘ins‘inla't‘ronlatrocinii
1442 5666 1607 5753 socio
1631 5666 1804 5723 ﬁdem
1829 5687 1945 5727 non
1968 5690 2093 5753 ser-
2203 5676 2506 5753 libidinem
2538 5680 2831 5747 exerceat,
2865 5678 3245 5753 quam_unico
3277 5670 3847 5753 οοῡὰιὶείίὲιίίυασὲῗίβ

424 5724 521 5777 vet
548 5723 609 5777 in
638 5723 949 5796 partienda
997 5728 1199 5798 praeda
1222 5746 1237 5795 ;
1275 5733 1369 5787 vel
1400 5737 1610 5793 mulier
1643 5723 2088 5816 vagani'p—oti'us
2867 5723 3409 5809 ‘sit'IEi'éii'te'EE
3421 5723 3849 5823 ξεῖ-Κιῖέιῖξίίὶιί.
