3948 6168
218 411 317 471 525

1141 405 1613 468 COLLECTIO
1661 405 2121 467 CANONICA.
2171 438 2236 451 -—
2311 404 2470 486 LIB.
2520 406 2613 467 XI

3479 406 3596 471 526

270 607 345 661 62.
379 606 444 660 Ut
470 606 553 659 vir
581 621 761 659 uxore
794 606 1046 674 vivente,
1078 608 1177 659 aut
1216 622 1370 660 uxor
1405 606 1640 659 vivente
1670 605 1820 673 viro,
1850 591 1904 650 Α
2004 603 2091 657 66.
2116 603 2280 668 Quod
2315 620 2433 658 uno
2464 605 2639 658 modo
2685 605 2981 674 parentela
3016 607 3126 659 viri
3157 610 3213 661 et
3241 607 3504 663 mulieris
3535 608 3596 662 in

194 681 504 749 nullatenus
533 694 695 748 alteri
726 695 1051 764 copuletur.

265 781 341 838 63.
374 783 446 836 De
473 782 927 853 propinquorum
959 784 1328 853 copulatione
1360 782 1640 836 cavenda.

265 870 339 925 64.
368 870 520 934 Quod
549 871 797 925 infames
830 875 1117 926 vocentur
1138 872 1238 943 qui
1261 887 1334 925 ex
1356 868 1821 941 consanguineis

206 964 509 1014 nascuntur.

259 1047 334 1103 65.
360 1048 427 1102 Ut
446 1049 533 1101 vir
552 1062 666 1102 non
688 1047 1088 1121 coniungatur
1104 1047 1567 1120 consanguineis
1592 1047 1819 1116 uxoris,

207 1137 332 1192 sicut
356 1152 456 1192 nec
486 1137 634 1191 suis.

1931 692 2351 762 conjunctione
2385 692 2813 748 consideranda
2846 698 3002 747 sunt.

2001 779 2090 835 67.
2124 781 2568 835 Sacramentum
2619 781 2690 835 de
2742 783 3035 851 parentela
3088 784 3380 854 quomodo
3405 784 3594 855 inqui-

1931 870 2112 924 renda
2145 871 2241 924 sit.

2001 955 2089 1012 68.
2120 958 2525 1012 Juramentum
2556 959 2814 1013 testium.

2000 1045 2089 1101 69.
2122 1046 2565 1103 Sacramentuin
2596 1047 2667 1101 de
2698 1048 3049 1118 separandis
3080 1048 3463 1104 incestuosis.

1224 1321 1719 1402 CAPI'I‘ULA
1755 1319 2014 1402 LIBRI
2061 1320 2532 1402 UNDECIMI

1507 1466 1619 1531 Qui
1647 1471 1739 1521 est
1770 1465 1845 1521 de
1866 1467 2241 1538 paenitentia.

256 1638 294 1692 1.
325 1638 399 1692 De
428 1638 763 1708 poenitentia
796 1654 931 1709 quae
962 1639 1160 1709 agitur
1191 1640 1325 1691 ante
1354 1638 1734 1707 baptismum.

250 1727 293 1781 2.
324 1726 398 1780 De
440 1727 803 1797 pwnitentia,
838 1743 971 1797 quae
1018 1727 1214 1798 agitur
1257 1730 1393 1796 post
1440 1727 1817 1796 baptismum,

192 1816 250 1869 de
277 1816 659 1887 gravioribus.

245 1901 290 1958 3.
321 1904 396 1958 De
427 1904 769 1973 poenitentia
792 1920 924 1975 qum
948 1903 1018 1958 de
1042 1904 1402 1975 quotidianis
1425 1904 1683 1974 peccatis
1707 1903 1826 1975 agi-

188 1996 279 2046 tur.

246 2081 290 2135 4.
317 2080 613 2146 Quomodo
649 2082 727 2135 sit
756 2081 985 2152 agenda
1015 2081 1376 2152 poenitentia.

241 2171 287 2224 5.
314 2169 469 2235 Quod
498 2171 676 2225 aliter
702 2171 989 2240 paenitere
1021 2170 1237 2224 debent
1265 2169 1365 2240 qui
1398 2169 1614 2240 minus,
1640 2172 1696 2223 et
1725 2169 1823 2223 ali-

189 2260 261 2312 ter
286 2259 374 2329 qui
402 2260 595 2330 magis
630 2263 897 2328 peccant.

239 2347 284 2401 6.
312 2346 468 2410 Quod
496 2352 637 2417 post
663 2347 1114 2402 conversionem
1139 2346 1482 2401 necessaria
1514 2350 1605 2400 est
1636 2347 1821 2416 poeni-

186 2436 351 2489 tentia.

238 2524 283 2578 7.
312 2523 469 2589 Quod
500 2525 622 2580 nisi
655 2524 1094 2596 cei-rigentibus
1144 2540 1211 2579 se
1255 2524 1424 2578 venia
1458 2539 1571 2577 non
1606 2538 1822 2578 conce-

184 2613 329 2668 ditur.

236 2700 280 2758 8.
312 2702 471 2769 Quod
504 2719 623 2758 non
660 2702 905 2772 prodest
946 2702 1165 2757 bonum
1211 2701 1367 2772 quod
1416 2701 1671 2772 agimus,
1706 2701 1823 2756 nisi

187 2793 367 2845 malum
399 2792 833 2863 relinquamus.

236 2878 279 2934 9.
309 2879 465 2945 Quod
497 2879 852 2935 sacerdotes
885 2878 1099 2933 debent
1132 2883 1370 2949 peccata
1404 2879 1702 2932 hominum
1736 2878 1820 2932 di-

179 2968 398 3040 ligenter
428 2971 762 3041 inquirere.

238 3058 310 3111 10.
341 3057 500 3123 Quod
533 3057 873 3129 presbyteri
921 3071 1036 3110 non
1086 3057 1302 3111 debent
1339 3057 1688 3127 poenitentes
1722 3070 1818 3109 re-

179 3148 457 3202 conciliare
490 3148 611 3201 nisi
652 3162 725 3200 ex
751 3145 1030 3215 jussione
1060 3146 1344 3216 episcopi.

236 3235 309 3289 11.
341 3236 419 3290 De
449 3237 670 3291 eadem
696 3251 779 3289 re.

232 3324 306 3378 12.
337 3325 415 3379 De
446 3325 666 3379 eadem
698 3340 782 3377 re.

235 3413 309 3483 13,
341 3414 421 3469 De
450 3416 754 3485 potestate
785 3413 1161 3468 sacerdotum
1201 3412 1455 3467 donandi
1496 3411 1819 3467 remedium

176 3504 524 3570 paenitentiae.

234 3592 307 3645 14.
338 3591 501 3656 Quod
549 3607 677 3647 non
726 3590 1011 3645 debemus
1064 3591 1311 3645 mortuis
1361 3590 1815 3655 communicare,

175 3680 362 3748 quibus
389 3681 511 3735 vivi
545 3696 673 3735 non
703 3680 1290 3733 communicavimus.

232 3770 306 3822 15.
341 3770 411 3823 Ut
443 3771 625 3840 plena
660 3768 993 3822 communio
1024 3768 1194 3822 detur
1223 3768 1312 3822 eis
1342 3768 1443 3838 qui
1474 3766 1694 3839 linguae
1726 3765 1818 3820 of-

174 3856 342 3912 ﬁcium
378 3859 772 3928 perdiderint,
811 3860 867 3911 et
918 3856 1133 3911 habent
1171 3857 1388 3912 bonum
1423 3856 1820 3911 testimonium

176 3946 306 4014 quod
335 3946 747 4016 paenitentiam
777 3947 910 3998 ante
938 3945 1272 4015 petiissent.

234 4040 309 4097 16.
340 4043 420 4098 De
453 4041 764 4117 ungendis
794 4041 1066 4095 infirmis.
1120 4091 1133 4106 ,

238 4132 308 4186 Π.
339 4133 421 4187 De
453 4133 785 4202 pmnitente
817 4129 1071 4198 infirmo,
1106 4128 1159 4182 si
1192 4128 1578 4183 convaluerit.

235 4219 308 4275 18.
341 4222 422 4277 De
453 4222 554 4277 his
588 4222 698 4293 qui
726 4218 1127 4290 paenitentiam
1156 4221 1379 4288 petunt,
1404 4222 1461 4272 et
1490 4216 1686 4271 officio
1715 4216 1821 4270 lin-

179 4322 287 4377 guze
309 4313 645 4379 privantur.
1760 4318 1775 4325 “

235 4396 310 4453 t9.
343 4399 424 4454 De
452 4400 552 4453 his
586 4399 693 4470 qui
725 4398 855 4453 sine
884 4396 1298 4453 communione
1331 4394 1677 4451 moriuntur.

233 4485 310 4541 ΞΟ.
340 4488 423 4543 De
455 4488 674 4544 eadem
706 4502 789 4541 re.

1852 3101 1901 3162 C

1854 1636 1904 1697 B
2005 1637 2095 1692 29.
2127 1637 2293 1703 Quod
2339 1640 2660 1710 episcopus
2702 1643 2800 1694 aut
2843 1641 3156 1711 presbyter
3184 1641 3277 1695 vel
3309 1641 3595 1695 diaconus

1935 1725 2054 1799 [in]
2088 1727 2474 1784 fornicatione
2506 1732 2603 1783 aut
2631 1728 2894 1800 perjurio
2927 1732 3024 1782 aut
3053 1730 3210 1784 furto
3241 1732 3447 1799 captus
3481 1731 3596 1784 de-

1933 1819 2205 1884 ponatur.

2005 1904 2094 1958 30.
2130 1906 2210 1959 De
2244 1905 2628 1960 fornicatione
2662 1906 3036 1961 clericorum.

2001 1992 2090 2048 31.
2128 1994 2208 2048 De
2240 1995 2442 2049 eadem
2478 2010 2561 2049 re.

2001 2082 2089 2137 3‘2.
2125 2082 2289 2146 Quod
2336 2100 2442 2153 pro
2492 2084 2897 2138 criminalibus
2954 2085 3216 2153 peccatis
3274 2083 3333 2137 in
3382 2084 3595 2140 melius

1931 2173 2046 2225 vita
2081 2173 2353 2225 mutanda
2380 2176 2490 2226 est.

2000 2260 2089 2315 33.
2121 2260 2288 2324 Quod
2323 2261 2727 2315 criminalibus
2758 2262 3018 2330 peccatis
3049 2261 3255 2315 irretiti
3288 2262 3359 2314 ad
3392 2261 3594 2330 poeni-

1932 2350 2167 2403 tentiam
2201 2366 2232 2402 a
2264 2350 2678 2403 sacerdolibus
2711 2352 2848 2403 sunt
2879 2349 3285 2419 compellendi.

1934 2498 2151 2570 Incipit
2190 2498 2264 2554 de
2297 2500 2453 2555 omni
2479 2514 2705 2571 genere
2735 2500 3182 2555 bomicidiorum
3215 2507 3273 2555 et
3305 2501 3379 2555 de
3400 2500 3594 2572 paeni-

2537 2573 2722 2625 tentia
2767 2587 2985 2626 eorum.

2000 2704 2089 2758 34.
2125 2704 2208 2758 De
2257 2704 2557 2775 episcopis
2607 2709 2662 2759 et
2712 2704 3078 2776 presbyteris
3128 2708 3185 2759 et
3227 2704 3491 2759 diaconis
3542 2704 3597 2759 si

1934 2792 2309 2848 homicidium
2341 2793 2608 2848 fecerint.

2002 2880 2089 2935 35.
2127 2882 2209 2937 De
2240 2882 2333 2935 his
2365 2882 2465 2952 qui
2492 2883 2563 2936 ad
2596 2883 2976 2937 homicidium
3009 2884 3403 2938 consentiunt.

2001 2970 2088 3024 36.
2126 2971 2207 3023 De
2238 2971 2578 3039 poenitentia
2610 2970 2845 3025 feminae
2876 2988 3007 3041 (inae
3053 2972 3200 3025 irata
3244 2970 3457 3025 occidit
3487 2985 3593 3025 an-

1933 3058 2123 3112 cillam
2158 3075 2345 3112 suam.

2000 3147 2089 3201 37.
2128 3147 2209 3201 De
2252 3147 2345 3200 his
2382 3148 2483 3219 qui
2516 3147 2589 3201 ita
2621 3147 2953 3217 pescutiunt
2979 3153 3042 3200 ut
3071 3146 3425 3219 sanguinem
3454 3146 3591 3201 fun-

1931 3235 2087 3290 dant.

1999 3324 2087 3379 38.
2114 3325 2197 3379 De
2229 3325 2322 3379 his
2351 3325 2450 3396 qui
2484 3324 2739 3379 infantes
2773 3324 3128 3394 opprimunt,
3153 3325 3245 3378 vel
3270 3326 3590 3393 conceptus

1931 3414 2251 3484 decipiunt,
2284 3414 2375 3468 vel
2407 3415 2675 3468 abortum
2706 3414 2946 3468 faciunt.

1999 3501 2087 3559 39.
2120 3504 2287 3568 Quod
2316 3503 2629 3574 presbyter
2658 3502 3003 3571 déponatur,
3027 3501 3203 3573 cujus
3228 3502 3593 3575 negligentia

1930 3594 2176 3647 moritur
2208 3593 2402 3646 infans
2433 3592 2660 3662 absque
2692 3592 3003 3660 baptismo.

1999 3682 2086 3736 40.
2125 3682 2205 3736 De
2238 3682 2586 3735 mulieribus
2614 3680 2953 3736 fornicariis
2976 3681 3067 3735 vel
3089 3681 3355 3736 abortum
3380 3681 3594 3737 facien-

1927 3772 2107 3826 tibus.

1998 3860 2086 3915 41.
2119 3860 2201 3914 De
2232 3859 2436 3914 eadem
2465 3873 2549 3913 re.

1998 3950 2087 4003 42.
2122 3950 2206 4003 De
2236 3949 2430 4002 tribus
2461 3947 2788 4019 generibus
2820 3946 3292 4005 homicidiorum.

2000 4038 2089 4092 43.
2122 4037 2285 4103 Quod
2319 4036 2599 4090 detractio
2634 4050 2826 4107 genus
2856 4040 2948 4089 est
2979 4036 3300 4093 homicidii.

2000 4125 2089 4180 44.
2122 4125 2287 4189 Quod
2336 4142 2451 4179 non
2488 4126 2681 4179 solum
2712 4124 3015 4192 manibus,
3064 4126 3171 4179 sed
3221 4130 3278 4181 et
3324 4128 3591 4185 consiliis

1932 4214 2247 4270 homicidia
2276 4217 2704 4284 perpetrantur.

2003 4304 2091 4357 45.
2126 4303 2209 4357 De
2240 4302 2553 4355 homicidio
2584 4306 2792 4369 sponte
2823 4301 3165 4356 commisso.

2003 4390 2092 4446 46.
2126 4391 2209 4445 De
2240 4390 2556 4446 homicidio
2590 4406 2704 4443 non
2739 4392 2946 4459 sponte
2980 4389 3323 4445 commisso.

2002 4480 2092 4536 47.
2128 4481 2208 4535 De
2255 4479 2515 4534 diversis
2546 4478 2881 4534 homicidiis
2915 4479 3042 4533 sive
3073 4479 3423 4550 voluntarie,
3466 4481 3595 4537 sive

232 4574 311 4630 9..
344 4577 419 4631 Ut
465 4578 800 4648 episcopus
848 4574 1127 4629 decernat
1172 4576 1435 4643 tempora
1485 4572 1822 4643 pcenitenti-
1858 4575 1903 4635 D
1934 4569 2028 4643 [ει]
2059 4571 2312 4625 nolente.

174 4661 287 4718 bus.

233 4752 310 4806 ἓξ.
342 4754 417 4809 Ut
446 4754 772 4809 manifesta
800 4755 1042 4823 peccata
1072 4750 1383 4805 manifeste
1418 4754 1767 4821 purgentur.

233 4842 311 4896 23.
344 4844 421 4898 Ut
458 4843 630 4898 omni
670 4840 826 4896 ﬁdeli
858 4842 919 4894 in
947 4841 1105 4894 exitu
1135 4840 1349 4910 posito,
1389 4839 1823 4893 communionis

181 4933 342 4998 gratia
368 4933 565 4986 detur.

234 5017 314 5075 9.4.
344 5020 515 5086 Quod
561 5019 872 5075 confessio
919 5018 1255 5087 pcenitentis
1301 5015 1666 5070 manifestari
1710 5030 1826 5069 non

178 5104 345 5163 debet.

231 5193 310 5252 25.
352 5198 426 5254 Ut
478 5197 811 5264 sacerdos,
873 5196 925 5250 si
985 5196 1429 5251 confessionem
1489 5195 1827 5265 paenitentis

181 5286 653 5355 manifestaverit,
687 5286 1032 5356 deponatur.

237 5373 315 5429 26.
349 5375 423 5431 Ut
461 5378 710 5431 secreto
755 5374 1165 5445 corripiantur,
1214 5390 1347 5443 quae
1399 5375 1630 5428 secreto
1664 5387 1827 5425 com—

183 5462 483 5519 mittuntur.

236 5548 315 5606 27.
362 5552 531 5619 Quod
594 5553 871 5608 omnibus
926 5551 1369 5622 pmnitentibus,
1430 5550 1630 5622 quinta
1681 5549 1829 5604 feria

184 5643 294 5694 ante
322 5642 579 5712 Pascha,
617 5640 1026 5696 remittendum
1057 5643 1170 5695 est.

239 5726 319 5784 28.
350 5730 425 5785 Ut
455 5729 833 5803 presbyteris
878 5733 934 5785 et
982 5729 1250 5785 diaconis
1280 5728 1341 5783 in
1372 5730 1596 5785 crimen
1640 5728 1828 5800 lapsis

184 5817 428 5885 privatus
459 5820 644 5878 detur
668 5818 988 5892 paenitendi
1018 5818 1211 5877 locus.
1364 5809 1385 5825 “

2006 4660 2092 4713 48.
2129 4659 2212 4712 De
2246 4657 2563 4713 homicidio
2596 4658 2753 4728 quod
2785 4657 2847 4711 iit
2874 4657 2934 4710 in
2965 4658 3426 4730 congregatione
3458 4674 3596 4714 mo-

1934 4748 2278 4804 nachorum.

2004 4838 2092 4892 49.
2128 4838 2209 4891 De
2242 4853 2311 4891 eo
2343 4837 2441 4907 qui
2475 4852 2617 4890 casu
2647 4836 2855 4890 nolens
2886 4836 3265 4889 homicidium
3296 4835 3521 4891 fecerit.

2005 4928 2092 4981 50.
2130 4927 2211 4979 De
2243 4942 2312 4980 eo
2345 4927 2444 4997 qui
2476 4926 2706 4995 publice
2737 4925 3115 4995 poenitentem
3147 4924 3450 4980 occiderit.

2005 5016 2093 5070 51.
2129 5016 2210 5068 De
2241 5015 2579 5084 poenitentia
2613 5013 2925 5083 cujusdam
2958 5012 3295 5067 matricidm.

2005 5106 2093 5159 52.
2130 5105 2212 5158 Dc
2244 5104 2339 5157 his
2381 5105 2481 5173 qui
2524 5106 2750 5172 patrem
2788 5101 2881 5155 vel
2926 5104 3200 5172 matrem,
3235 5101 3329 5156 vel
3357 5102 3599 5159 fratrem

1934 5196 2033 5248 aut
2064 5208 2334 5248 sororem
2368 5191 2787 5245 interfecerint.

2004 5282 2091 5337 53.
2126 5281 2289 5346 Quod
2323 5280 2538 5334 divinae
2582 5279 2822 5333 ultionis
2874 5279 3145 5334 minister
3194 5285 3316 5352 est,
3349 5280 3449 5352 qui
3479 5296 3597 5335 non

1935 5388 2006 5427 ex
2040 5373 2354 5442 positione,
2388 5371 2491 5424 scd
2543 5372 2762 5439 praeter
2813 5369 3168 5423 voluntatem
3216 5370 3600 5426 homicidium

1935 5462 2161 5516 fecerit.
3002 5448 3007 5453 ’

2004 5549 2093 5605 54.
2125 5549 2209 5604 De
2241 5564 2310 5604 eo
2342 5548 2441 5619 qui
2485 5563 2591 5618 pro
2633 5547 2887 5601 vindicta
2932 5547 3134 5601 fratris
3166 5547 3374 5603 fecerit
3403 5547 3598 5602 homi-

1936 5638 2174 5693 cidium.

2004 5728 2092 5781 55.
2125 5728 2209 5782 De
2241 5741 2309 5782 eo
2340 5724 2461 5797 qui,
2490 5724 2737 5797 jubente
2789 5725 3026 5781 domino
3057 5739 3300 5780 servum
3329 5722 3462 5796 ejus
3493 5735 3599 5778 oc-

1935 5815 2164 5873 ciderit.
