3948 6168
442 378 564 440 527
1424 352 1429 361 ’
1480 378 1546 439 s.
1582 378 1961 442 ANSELMI
2006 380 2417 447 LUCENSIS
2450 384 2844 453 Episcopi
3682 392 3780 459 ,528

509 585 599 640 56.
636 586 718 640 De
747 602 817 641 eo
849 586 949 656 qui
978 586 1282 656 proprium
1311 600 1551 640 servum
1597 584 1727 640 sine
1757 583 1985 655 judicio
2009 583 2107 655 ju-
2135 564 2195 625 Α
2292 583 2382 643 90.
2416 583 2500 639 De
2529 583 2733 643 eadem
2765 598 2850 638 re.

440 674 591 727 dicis
624 674 927 728 occiderit.
1988 706 1993 713 α
2291 670 2380 726 91.
2414 672 2499 726 De
2529 672 2732 726 eadem
2763 688 2847 727 re.

510 760 597 815 57.
636 763 715 815 De
750 764 842 815 his
873 764 971 833 qui
1005 763 1062 816 in
1093 766 1259 818 utero
1288 764 1494 818 matris
1524 763 1617 818 vel
1640 761 1764 833 jam
1795 761 1987 817 editos
2018 762 2105 816 in-
2289 758 2378 815 9:2.
2411 761 2494 815 De
2524 761 2866 830 paenitentia
2891 760 3204 832 cujusdam
3230 762 3329 832 qui
3356 776 3575 821 uxorem
3600 765 3787 820 violavit

439 849 634 903 fontes
668 856 897 904 necant.
2215 848 2481 903 alterius.

508 940 596 992 58.
670 940 747 993 Dc
806 940 899 993 his
959 941 1059 1011 qui
1119 940 1356 995 sibimet
1406 940 1712 1010 proprium
1770 938 2101 994 membrum
2284 937 2373 991 93.
2412 938 2494 991 De
2524 937 2618 991 his
2648 938 2747 1007 qui
2778 936 3127 992 violaverint
3154 938 3375 1009 puellas
3412 938 3521 994 Deo
3556 945 3785 997 sacratas.

438 1031 646 1096 sponte
675 1029 1058 1083 absciderint.
2284 1025 2373 1080 91.
2409 1026 2492 1080 De
2524 1026 2728 1091 eadem
2761 1042 2845 1081 re.

508 1116 596 1170 59.
646 1115 810 1180 Quod
860 1118 1202 1172 sacerdotes
1263 1133 1380 1172 non
1438 1117 1653 1171 debent
1699 1115 2098 1171 membrorum
2284 1114 2373 1169 95.
2407 1115 2490 1168 De
2521 1115 2725 1169 eadem
2757 1131 2842 1169 re.

434 1205 837 1259 truncationes
871 1204 1085 1274 facere,
1116 1221 1224 1261 nec
1255 1205 1478 1275 aliquid
1506 1208 1693 1261 morte
1722 1204 2098 1274 plectendum
2280 1200 2371 1257 96.
2409 1203 2493 1257 De
2544 1203 2759 1257 femina
2802 1220 2936 1273 quae
2974 1203 3302 1259 adulterum
3331 1206 3583 1259 maritum
3621 1205 3788 1261 dereli-

428 1292 719 1364 judicare.
2209 1291 2353 1364 quit,
2389 1293 2447 1345 et
2474 1291 2721 1346 alterum
2751 1292 2929 1363 ducit.

501 1382 590 1435 60.
626 1382 707 1435 De
741 1382 946 1436 eadem
977 1398 1060 1436 re.
2280 1378 2369 1435 97.
2406 1379 2488 1434 De
2518 1395 2588 1434 eo
2620 1380 2723 1451 qui
2752 1395 3035 1451 sponsam
3063 1380 3307 1436 alterius
3335 1381 3593 1451 rapuerit.

500 1470 589 1524 61.
622 1471 706 1524 De
736 1470 942 1525 eadem
971 1487 1057 1524 re.
2278 1469 2368 1525 98.
2403 1470 2487 1524 De
2516 1468 2753 1524 feminis
2778 1484 2913 1541 qum
2944 1468 3210 1523 habitum
3237 1469 3569 1542 religiosum
3594 1484 3788 1539 accepe-

499 1557 588 1612 62.
625 1559 707 1612 De
738 1575 808 1613 eo
840 1559 940 1630 qui
970 1557 1316 1628 compulsus
1347 1573 1381 1611 a
1409 1557 1646 1612 domino
1668 1557 1872 1613 sciens
1903 1556 2098 1629 pcrju-
2207 1562 2364 1614 runt.

429 1646 584 1700 rium
614 1644 840 1701 fecerit.
2276 1645 2366 1703 99.
2401 1647 2485 1701 De
2514 1646 2717 1701 eadem
2749 1662 2834 1700 rc.

499 1733 589 1789 63.
622 1734 707 1788 De
735 1735 831 1789 his
862 1735 963 1805 qui
994 1734 1304 1805 perjurant
1331 1735 1392 1788 in
1424 1749 1600 1789 mann
1615 1734 1883 1805 episcopi
1912 1734 2006 1790 vel
2036 1734 2096 1790 in
2279 1736 2401 1790 100.
2436 1736 2521 1790 De
2550 1751 2617 1790 ea
2649 1752 2781 1807 quae
2812 1735 3046 1789 duobus
3078 1735 3363 1790 fratribus
3392 1733 3654 1805 nupserit.

430 1838 628 1878 cruce.
2124 1871 2175 1896 η
2279 1825 2401 1880 101.
2435 1824 2520 1879 De
2564 1824 2659 1879 his
2704 1826 2803 1896 qui
2842 1840 2975 1879 cum
3006 1825 3325 1896 pecoribus
3367 1827 3422 1879 et
3464 1822 3708 1877 masculis
3744 1837 3792 1875 se

500 1910 589 1965 64.
623 1911 706 1966 De
738 1911 832 1965 his
865 1911 964 1982 qui
996 1912 1183 1966 coacti
1211 1910 1538 1982 perjurant.
2123 1871 2177 1933 B
2205 1871 2753 1984 coinquinaverunt.

498 1998 588 2053 65.
625 2000 707 2054 De
738 2000 833 2054 his
866 2001 965 2071 qui
1002 1998 1328 2071 perjurant,
1372 2002 1430 2055 et
1476 2000 1623 2055 alios
1664 2001 1723 2055 in
1761 1998 2092 2072 perjurium
2274 2002 2397 2057 102.
2434 2002 2518 2057 De
2548 2002 2643 2056 his
2671 2002 2772 2072 qui
2803 2001 3075 2055 fornicati
3106 2005 3245 2057 sunt
3274 2006 3337 2056 ut
3363 2001 3697 2056 Sodomistae.

429 2087 669 2143 ducunt.
2272 2088 2394 2146 103.
2428 2091 2511 2146 De
2542 2091 2882 2161 pmnitentia
2914 2090 3048 2161 ejus
3081 2091 3184 2162 qui
3212 2091 3502 2163 virginem
3530 2088 3760 2159 rapuerit.

497 2177 585 2232 66.
619 2176 702 2231 De
734 2193 802 2231 eo
833 2177 936 2247 qui
965 2192 1031 2231 se
1063 2178 1289 2233 sciente
1318 2176 1601 2249 perjurat.
2270 2178 2976 2250 104.Dehisquiincestis
2990 2179 3213 2249 nuptiis
3228 2194 3296 2233 se
3316 2178 3791 2249 coinquinaverunt.

494 2264 584 2320 67.
619 2266 702 2320 De
736 2266 940 2320 eadem
970 2281 1056 2320 re.
2272 2267 2390 2323 105.
2422 2267 2590 2333 Quod
2621 2267 3103 2322 adolescentibus
3140 2267 3484 2339 conjugium
3514 2265 3794 2321 conceditur

494 2352 584 2409 68.
615 2353 783 2417 Quod
810 2353 1003 2425 jejuni
1030 2354 1246 2410 debent
1275 2355 1548 2411 homines
1570 2354 1800 2426 jurare.
2196 2359 2329 2427 post
2358 2356 2757 2426 pmnitentiam
2787 2359 3026 2427 pr0pter
3055 2357 3246 2411 aetatis
3270 2356 3733 2411 incontinentiam.

493 2442 583 2497 69.
616 2442 782 2507 Quod
803 2441 1131 2513 perjurium
1161 2444 1591 2499 emendandum
1609 2447 1701 2499 est
1722 2444 1877 2498 sicut
1906 2441 2090 2497 homi-

424 2530 641 2585 cidium
671 2534 880 2601 sponte
913 2532 1318 2587 commissum.

493 2620 581 2672 70.
618 2620 701 2673 De
729 2620 826 2673 his
859 2621 959 2691 qui
992 2636 1095 2690 per
1124 2620 1398 2691 capillum
1430 2621 1522 2675 vel
1555 2620 1713 2675 aliud
1755 2620 2086 2675 membrum

423 2708 529 2762 Dei
553 2707 776 2777 jurant.

493 2795 584 2851 71.
616 2796 783 2861 Quod
811 2811 929 2851 non
962 2799 1054 2851 est
1084 2797 1523 2853 observandum
1562 2797 1705 2852 illud
1749 2811 2082 2853 sacramen-

420 2889 543 2939 tum
574 2886 731 2956 quod
760 2886 936 2939 vertit
964 2886 1022 2939 in
1052 2885 1248 2957 pejus.

488 2974 577 3028 7:2.
614 2975 693 3028 De
725 2978 1100 3029 sacramento
1144 2976 1303 3046 quod
1341 2975 1589 3047 regibus
1640 2976 1731 3046 fit,
1775 2976 1827 3029 si
1873 2990 2022 3045 spon

418 3064 689 3119 violatur.

487 3153 575 3206 73.
612 3152 819 3206 Utrum
841 3153 1279 3208 observandum
1300 3153 1397 3223 sit,
1419 3155 1470 3207 si
1495 3154 1629 3225 quis
1658 3169 1762 3223 per
1790 3153 2081 3230 daemonia

404 3240 590 3312 jurat.
2111 3234 2163 3294 C

484 3329 575 3384 74.
607 3329 773 3395 Quod
805 3331 965 3385 Deus
988 3333 1425 3385 sacramentum
1445 3331 1535 3384 sic
1551 3330 1764 3400 accipit
1795 3330 1951 3385 sicut
1979 3330 2077 3385 ille

417 3420 511 3472 cui
532 3418 770 3488 juratur
798 3419 1091 3487 intelligit.

484 3507 573 3560 '75.
604 3505 772 3571 Quod
804 3511 1240 3562 sacramentum
1261 3523 1293 3560 a
1314 3507 1468 3561 malo
1499 3511 1591 3562 est
1619 3522 1828 3562 eorum
1859 3508 2077 3578 quibus

405 3594 664 3666 juratur.
1330 3638 1337 3643 .

481 3682 571 3738 76.
606 3684 689 3737 De
720 3682 813 3738 liis
843 3683 943 3754 qui
972 3698 1078 3752 per
1109 3684 1483 3753 cupiditatem
1517 3699 1584 3739 se
1614 3683 1939 3755 perjurant.

480 3772 569 3827 77.
603 3772 769 3837 Quod
800 3773 915 3826 duo
946 3775 1083 3826 sunt
1112 3775 1334 3827 tantum
1379 3789 1599 3845 genera
1636 3774 2076 3829 mendaciorum

408 3860 467 3915 in
498 3862 715 3932 quibus
746 3877 864 3916 non
898 3877 1109 3932 magna
1140 3863 1312 3932 culpa
1342 3867 1452 3917 est.

2193 2481 2491 2554 Incipiunt
2520 2497 2585 2535 ca
2630 2480 2773 2536 ituIa
2803 2481 2877 2536 de
2907 2480 3116 2549 lurtis,
3142 2486 3203 2548 et
3233 2480 3311 2536 de
3346 2480 3726 2547 fornicatione,
3752 2481 3795 2531 et

2178 2545 2196 2555 ’
2558 2499 2632 2606 (ὦ
2663 2550 2802 2606 aliis
2831 2552 3177 2607 quibusdam
3211 2552 3500 2607 diversis.

2600 2567 2632 2606 θ
2663 2566 2802 2606 81118
2831 2566 3177 2624 ᾳιιιουεσθιη
3211 2566 3500 2607 azverszs.

2262 2656 2386 2714 106.
2417 2657 2584 2724 Quod
2615 2657 2901 2714 Israelita:
2934 2658 3153 2713 furtum
3183 2673 3304 2714 non
3337 2658 3607 2726 fecerunt,
3629 2655 3710 2728 qui
3725 2652 3791 2725 ju-

2189 2749 2347 2804 benti
2382 2748 2627 2802 Domino
2665 2747 3036 2818 obedierunt.

2261 2837 2383 2892 107.
2419 2835 2585 2901 Quod
2625 2836 2683 2889 in
2728 2835 2883 2891 furto
2926 2851 3043 2890 non
3089 2839 3204 2890 tam
3235 2836 3393 2906 quod
3434 2836 3669 2889 ablatum
3707 2836 3790 2899 est,

2026 2976 2083 3029 te
2188 2942 2363 2999 quam
2392 2942 2562 2980 mens
2594 2924 2845 2979 iurantis
2876 2924 3227 2980 attendenda
3259 2930 3375 2979 est.

2260 3015 2382 3069 108.
2416 3014 2678 3080 Qualiter
2708 3014 3193 3068 satisfaciendum
3231 3014 3311 3067 sit
3342 3014 3414 3068 de
3445 3012 3625 3068 furtis.

2262 3103 2382 3158 109.
2416 3104 2562 3168 Quid
2597 3104 2748 3158 inter
2779 3103 2996 3157 furtum
3028 3104 3105 3156 sit
3133 3107 3190 3156 et
3218 3103 3504 3173 rapinam.

2262 3192 2383 3248 110.
2416 3192 2582 3257 Quod
2613 3192 2711 3263 qui
2744 3191 2931 3246 aliena
2962 3191 3213 3256 rapiunt,
3242 3190 3629 3260 paenitentiam
3655 3199 3794 3257 agere

2188 3298 2305 3338 non
2349 3284 2602 3351 possunt
2645 3280 2761 3333 nisi
2801 3280 3047 3334 redditis
3090 3280 3183 3333 his
3224 3295 3362 3351 qum
3410 3276 3725 3350 rapuerunt,
3756 3272 3795 3326 si

2186 3387 2301 3443 quo
2334 3370 2505 3424 modo
2536 3371 2827 3440 poterunt.

2184 3549 2215 3605 J
2220 3547 2393 3604 udam
2427 3548 2718 3603 toleravit.

2253 3635 2376 3693 112.
2411 3637 2494 3691 De
2525 3635 2621 3690 his
2651 3636 2752 3707 qui
2782 3634 3071 3690 ecclesias
3101 3634 3540 3705 deprzedantur.

2253 3724 2376 3781 113.
2411 3726 2493 3780 De
2524 3723 2679 3779 furto
2708 3725 2866 3795 quod
2897 3724 2959 3778 fit
2990 3723 3285 3778 ecclesiae.

2252 3812 2374 3869 114.
2410 3813 2495 3868 De
2523 3813 2862 3885 poenitentia
2894 3828 3096 3868 eorum
3128 3811 3229 3883 qui
3261 3827 3485 3867 usuras
3516 3808 3747 3881 exigunt.

2252 3900 2374 3956 115.
2412 3902 2493 3956 De
2525 3902 2761 3955 clericis
2793 3900 3008 3956 furtum
3042 3900 3425 3967 facientibus.
3550 3888 3553 3895 '
3632 3888 3637 3899 ‘

583 3967 1269 4060 13'31'Pi’mt‘03Pi‘UI399
1301 3967 1479 4060 ῙξῙιῗίιῗ
1510 3970 1889 4026 εθείίιηοηίίει
2250 3990 2373 4046 116.
2402 3992 2487 4045 De
2520 3989 2908 4045 violatoribus
2939 3980 3380 4060 sepulcrorum.

476 4056 565 4112 78.
601 4057 682 4112 De
714 4073 783 4112 eo
814 4056 913 4129 qui
945 4057 1238 4111 consentit
1286 4058 1359 4112 ad
1402 4058 1618 4113 falsum
1647 4060 2068 4114 testimonium.

2250 4076 2373 4134 117.
2431 4077 2596 4144 Quod
2660 4078 2838 4133 stulta
2894 4056 3030 4132 vota
3084 4076 3450 4152 virginitatis
3516 4071 3795 4148 frangenda

595 4145 679 4239 l_)e
710 4145 806 4239 his
837 4146 936 4239 qui
968 4145 1119 4239 falso
1150 4146 1367 4239 fratres
1392 4151 1701 4239 accusant.
1777 4236 1789 4239 Α
2171 4172 2309 4224 sunt
2347 4167 2485 4239 (13),

472 4234 561 4289 80.
595 4234 678 4331 De
710 4234 806 4289 his
836 4234 939 4306 qui
968 4234 1193 4289 crimen
1224 4233 1513 4306 objiciunt
1559 4238 1616 4290 et
1662 4236 1918 4306 probare
1948 4252 2066 4292 non
2243 4233 2368 4311 ηεξ
2396 4233 2561 4321 Quod
2585 4255 2949 4327 iudicandus
2988 4257 3082 4312 est
3123 4258 3187 4311 ut
3234 4256 3571 4329 sacrilegus
3599 4251 3687 4331 qui
3713 4264 3796 4319 ρο-

398 4326 674 4393 possunt.

584 4411 752 4504 Quod
773 4411 987 4504 falsum
1008 4413 1411 4504 testimonium
1435 4414 1680 4485 capitale
1702 4415 1926 4471 crimen
1947 4418 2057 4471 est.
2095 4503 2100 4504 γ
2244 4434 2269 4487 1
2284 4431 2365 4489 19,
2402 4433 2484 4487 De
2516 4432 2610 4487 his
2641 4426 2743 4504 qui
2772 4411 3046 4488 dicatum
3077 4432 3346 4503 praebent
3375 4430 3667 4488 barbaris.

466 4499 555 4555 82.
587 4499 753 4565 Quod
785 4499 920 4554 falsi
951 4502 1135 4554 testes
1165 4517 1197 4554 a
1228 4504 1640 4558 communione
1667 4504 2059 4559 submovendi
2090 4503 2142 4565 D
2243 4521 2366 4577 490.
2397 4523 2480 4577 De
2514 4538 2582 4577 eo
2615 4499 2713 4594 (ιξη
2753 4522 2981 4577 habens
3014 4499 3259 4578 ωξονθηί
3290 4523 3500 4592 lapsus
3532 4519 3707 4575 ςυθτίι,

466 4594 556 4644 nt.
2241 4610 2333 4644 4m
2398 4612 2482 4644 nn
2512 4611 2605 4644 ιηςο
2639 4612 2735 4644 m.:
2771 4628 2901 4644 mm.
2932 4610 3275 4644 οοωοιςηρςα
3310 4609 3670 4644 εηνηςηοηιηιι

395 4605 556 4643 sunt.

394 4684 401 4689 '
463 4677 551 4733 83.
592 4677 675 4732 De
706 4677 860 4763 falso
891 4677 1228 4732 testimonio
1261 4681 1317 4732 et
1346 4680 1673 4735 mendacio.

2170 4349 2318 4400 trem
2349 4344 2442 4400 vel
2472 4348 2715 4400 matrem
2740 4345 3049 4416 expulerit.

2241 4610 2364 4666 121.
2398 4612 2483 4667 De
2512 4611 2608 4666 his
2639 4612 2740 4683 qui
2771 4628 2904 4666 cum
2932 4610 3276 4681 semetipsis
3310 4609 3686 4665 fornicantur.
3757 4610 3762 4614 ’

2241 4698 2362 4755 122.
2423 4701 2507 4754 De
2552 4700 2646 4755 his
2691 4701 2791 4773 qui
2837 4716 2970 4755 cum
3016 4703 3199 4753 matre
3243 4699 3338 4753 vel
3385 4713 3594 4754 sorore
3639 4690 3795 4749 forni-

390 4785 689 4857 Incipiunt
717 4783 972 4858 capitula
985 4784 1070 4858 de
1091 4784 1410 4858 adulteriis
1441 4792 1499 4840 et
1533 4787 1607 4840 de
1636 4788 1889 4843 incestis
1918 4804 2058 4843 con-
2166 4793 2394 4845 cantur.
2446 4842 2461 4858 ,

689 4854 1106 4927 junctionibus
1138 4861 1196 4909 et
1228 4856 1302 4910 de
1332 4855 1750 4912 fornicatione.

2236 4878 2359 4933 193.
2392 4854 2663 4944 Quandiu
2694 4878 2903 4933 mulier
2947 4893 3014 4932 se
3064 4876 3275 4932 debeat
3304 4876 3606 4932 abstinere
3633 4889 3662 4926 a
3691 4869 3794 4922 viro

459 4964 547 5018 84.
583 4963 660 5017 Ut
689 4964 761 5017 de
790 4961 1340 5034 adulterio‘publica
1371 4968 1579 5036 agatur
1608 4966 1971 5037 poenitentia.
2162 4982 2295 5022 cum
2327 4968 2600 5038 concipit.

458 5050 549 5105 85.
583 5052 666 5105 De
699 5051 905 5106 eadem
935 5068 1018 5106 re.
2231 5055 2352 5111 1‘24.
2386 5056 2469 5111 De
2500 5055 2761 5110 diversis
2794 5054 3308 5110 for‘nicationibus.

458 5136 547 5191 86.
584 5138 664 5193 De
697 5141 1036 5208 poenitentia
1068 5139 1339 5195 adulteri.
2229 5143 2352 5199 125.
2388 5145 2470 5199 De
2502 5161 2569 5200 ea
2599 5146 2699 5217 qui
2732 5144 3012 5199 fornicari
3043 5143 3167 5197 vult
3196 5146 3253 5197 et
3283 5158 3397 5197 non
3430 5141 3639 5213 potest.

455 5225 543 5278 87.
578 5227 660 5279 De
691 5228 940 5282 incestis
972 5228 1514 5301 conjunctionibus.
2227 5234 2350 5289 1‘26.
2384 5234 2467 5288 De
2511 5234 2605 5287 his
2657 5233 2755 5305 qui
2798 5232 3085 5287 maleficio
3131 5247 3241 5287 suo
3289 5231 3525 5302 aliquos
3554 5223 3794 5300 perdide-

455 5313 543 5367 88.
579 5312 657 5367 Ut
676 5314 1004 5370 incestuosi
1034 5318 1188 5371 inter
1217 5318 1674 5375 catechumenos
1700 5320 2045 5392 habeantur,
2156 5327 2310 5379 runt.

383 5404 441 5456 et
471 5417 604 5455 cum
634 5400 985 5458 Christianis
1019 5421 1135 5458 non
1167 5408 1620 5462 communicent.
2227 5409 2349 5466 127.
2384 5412 2469 5466 Da
2502 5411 2944 5466 immissoribus
2975 5412 3409 5480 tempestatum.

453 5489 541 5543 89.
594 5488 672 5543 Ut
720 5490 1168 5560 conjunctionos
1218 5496 1798 5567 consanguineorum
1846 5498 2048 5569 prohi-
2224 5499 2347 5554 128.
2384 5500 2466 5555 De
2499 5499 2829 5572 auguribus
2861 5502 2917 5553 et
2949 5498 3276 5571 sortilegis.

376 5578 649 5635 beanmr-
2224 5588 2348 5644 129.
2382 5588 2549 5655 Quod
2590 5571 2931 5660 episcopus,
2984 5589 3318 5659 presbyter,
3366 5584 3671 5651 diaconus,
3713 5571 3797 5630 vel

437 5777 554 5863 (13)
581 5779 796 5855 Agitur
825 5778 884 5835 in
914 5781 1074 5836 textu
1102 5778 1177 5837 de
1204 5779 1544 5855 conjugatis
1572 5783 1673 5857 qui
1704 5783 1834 5841 sine
1865 5785 2207 5859 alterutrius
2237 5802 2539 5845 consensu
2568 5789 2969 5863 virginitatem
2999 5788 3288 5863 vovet-int.

2256 3459 2379 3513 111.
2411 3458 2577 3524 Quod
2621 3457 2907 3512 tolerandi
2959 3460 3099 3512 sunt
3143 3457 3312 3527 mali,
3364 3458 3516 3512 sicut
3559 3451 3794 3524 Dominus
3906 3480 3907 3485 η
