3948 6168
163 332 267 394 529
1145 313 1616 389 COLLECTIO
1662 309 2116 388 omnem.
2164 324 2324 386 LIB.
2371 325 2514 386 x11.
3433 329 3552 392 530

155 531 370 603 quilibet
397 529 640 583 clericus
671 545 902 600 magos,
935 527 1307 598 haruspices,
1344 527 1626 596 hariolos,
1664 542 1772 580 au-
1804 507 1863 569 Α
1965 524 2086 580 15‘).
2109 525 2274 590 Quod
2293 523 2592 596 iniquiqui
2623 541 2859 596 semper
2877 542 3122 596 peccare
3140 528 3374 598 vellent,
3397 544 3550 583 sem-

152 637 308 691 gures
337 619 421 671 vel
453 619 764 688 sortilegos
799 618 1180 671 consulentes
1212 617 1599 686 deponantur.
1891 623 1996 684 pe‘r
2029 613 2220 685 puniri
2251 613 2484 668 debent.

214 706 318 762 130.
367 705 524 769 Quod
569 707 917 760 daemonium
960 705 1318 760 habentibus
1370 705 1506 758 licet
1554 703 1775 758 herbas
1962 703 2084 759 153.
2118 703 2200 756 De
2228 703 2322 756 his
2355 702 2456 772 qui
2481 701 2551 754 ad
2585 703 2932 756 saecularem
2958 703 3215 758 habitum
3238 712 3547 762 revertun-

154 797 228 851 vel
258 800 443 866 petras
474 795 689 849 habere
722 795 849 848 sine
883 794 1274 848 incantatione
1305 792 1440 864 (11).
1886 795 2000 860 tur,
2031 796 2344 862 postquam
2379 805 2444 844 se
2479 791 2596 845 Deo
2619 793 2904 846 voverint.

208 883 314 938 131.
346 885 424 938 De
455 883 781 938 cultoribus
814 883 1127 949 idolorum,
1158 885 1214 936 et
1244 881 1686 951 haruspicibus,
1721 881 1786 933 et
1957 881 2081 935 151.
2116 880 2284 945 Quod
2311 896 2427 935 non
2457 880 2571 934 sint
2601 884 2840 951 peccata
2871 883 3262 936 nescientium
3295 885 3411 936 nisi
3439 900 3547 939 no-

151 973 433 1043 sortilegis.
1883 970 2146 1024 lentinm.
2794 1009 2820 1039 ί

207 1061 309 1116 132.
342 1062 419 1115 De
450 1062 544 1115 his
572 1060 674 1130 qui
705 1060 954 1114 arbores
987 1059 1186 1113 colunt
1216 1062 1271 1113 et
1303 1062 1538 1113 caetera.
1957 1057 2079 1113 155.
2143 1059 2306 1124 Quod
2357 1062 2489 1128 post
2543 1059 2736 1130 ipsum
2805 1059 2979 1112 etiam
3054 1059 3267 1114 docere
3329 1061 3550 1132 aliquid

201 1149 301 1211 133.
334 1151 414 1205 De
444 1151 539 1205 his
584 1149 681 1220 qui
713 1149 941 1220 absque
991 1149 1352 1202 necessitate
1396 1146 1772 1218 prmvaricati
1880 1151 2155 1218 possunt.

151 1237 276 1295 sunt.
1953 1236 2077 1292 156.
2111 1237 2276 1302 Quod
2312 1253 2483 1292 omne
2537 1241 2840 1306 peccatum
2888 1240 2987 1290 aut
3029 1237 3188 1291 Deus
3233 1240 3330 1291 aut
3371 1239 3546 1293 homo

201 1328 305 1383 131.
335 1328 414 1383 De
443 1327 539 1382 his
563 1328 666 1398 qui
695 1313 1128 1380 communicant
1155 1325 1476 1379 haereticis.
1879 1327 2010 1397 ipse
2041 1327 2206 1396 punit
2237 1327 2295 1378 in
2337 1341 2422 1380 se.

201 1417 304 1472 135.
335 1417 412 1471 De
443 1416 754 1470 catholicis
785 1415 856 1469 ad
900 1414 1163 1469 heresim
1206 1412 1674 1482 transeuntibus,
1718 1413 1769 1467 si
1951 1414 2072 1470 157.
2103 1415 2185 1469 De
2213 1415 2417 1469 eadem
2442 1430 2528 1468 re.

149 1509 496 1570 revertantur,
1950 1502 2073 1559 158.
2107 1503 2272 1569 Quod
2308 1504 2363 1556 in
2388 1503 2731 1574 [iurgatorio
2763 1504 2900 1573 igne
2931 1506 3060 1557 ante
3083 1503 3370 1573 judicium
3386 1521 3544 1575 quae-

197 1593 298 1650 136.
327 1593 486 1659 Quod
519 1608 776 1648 securus
801 1587 916 1648 aen
943 1591 1063 1647 exit
1092 1591 1193 1662 qui
1219 1591 1277 1644 in
1303 1589 1506 1644 ultimo
1533 1590 1765 1644 tandem
1877 1593 2010 1647 dam
2045 1593 2386 1648 relaxantur
2415 1592 2769 1661 parvissima
2793 1597 3052 1660 peccata.

143 1684 496 1754 pcenitentiam
520 1682 669 1752 petit
1949 1682 2070 1736 159.
2104 1681 2269 1747 Quod
2302 1681 2565 1735 colentes
2594 1682 2777 1735 Deum
2809 1681 3181 1750 excipiuntur
3209 1681 3281 1735 ab
3313 1683 3542 1753 angelis

200 1771 296 1826 137.
330 1771 466 1837 Quae
508 1771 587 1824 sit
619 1770 780 1824 utilis
812 1768 1170 1840 poenitentia.
1877 1771 2006 1825 suis
2039 1771 2176 1824 dum
2207 1770 2344 1823 hinc
2375 1774 2610 1823 exeunt.

198 1858 298 1914 138-
326 1859 485 1924 ΩιιΟά
509 1859 819 1929 Ρωηίῐθηῑὶ
846 1873 962 1912 non
995 1860 1087 1911 est
1117 1857 1257 1910 utile
1297 1855 1606 1928 negotiari.
1793 1851 1846 1915 Β
1949 1860 2070 1915 160.
2124 1859 2206 1914 Ee
2259 1859 2570 1913 animabus
2630 1858 2934 1928 justorum
2999 1859 3134 1912 dum
3199 1859 3268 1912 de
3322 1859 3543 1914 saeculo

195 1949 298 2003 139.
331 1949 492 2014 Quod
527 1948 834 2019 negotium
875 1947 1029 2016 quod
1063 1947 1192 1999 sine
1220 1948 1460 2014 peccato
1498 1948 1607 2013 est,
1658 1960 1764 2014 per
1878 1953 2117 2004 exeunt.

141 2041 262 2106 post,
293 2035 951 2104 convcrsionem'repeti
978 2034 1190 2105 potest.
1951 2038 2074 2092 161.
2104 2038 2186 2092 De
2217 2023 2955 2092 illusionibus'nocturnis.

196 2125 295 2181 110.
328 2127 397 2182 Ut
415 2126 736 2196 pcenitens,
757 2124 811 2177 si
834 2124 1071 2194 dignam
1095 2122 1273 2176 habet
1294 2137 1554 2191 causam,
1580 2118 1769 2177 eccte-h
1951 2126 2074 2196 162,
2111 2127 2193 2180 De
2224 2127 2427 2180 eadem
2456 2142 2542 2179 re.

141 2210 400 2268 siasticum
431 2217 590 2284 petat
613 2211 926 2283 judicium.
1949 2216 2070 2270 163.
2120 2215 2284 2280 Quod
2332 2215 2711 2285 purgatorius
2762 2214 2926 2285 ignis
2979 2215 3198 2268 saevior
3247 2218 3337 2268 est
3388 2215 3543 2268 omni

194 2303 294 2357 111.
322 2301 480 2368 Quod
522 2303 752 2356 nullum
786 2303 1092 2370 peccatum
1123 2303 1385 2353 remanet
1415 2299 1763 2369 impunitum
1875 2304 2060 2376 hujus
2091 2304 2228 2358 vitae
2262 2319 2452 2373 poena.

190 2390 292 2446 112.
332 2391 491 2456 Quod
525 2390 786 2444 inaniter
826 2389 1108 2459 plangunt
1137 2387 1236 2459 qui
1283 2388 1604 2441 commissa
1645 2403 1762 2442 non
1947 2393 2069 2448 164,
2114 2393 2196 2446 De
2222 2391 2319 2445 his
2353 2392 2451 2461 qui
2484 2406 2592 2460 per
2621 2391 2817 2462 ignem
2849 2389 3118 2444 salvandi
3153 2395 3310 2443 sunt.

141 2479 395 2535 deserunt.
1948 2481 2069 2536 165.
2105 2482 2188 2534 De
2225 2479 2429 2534 eadem
2460 2494 2542 2533 re.

195 2569 295 2622 113.
325 2567 485 2632 Quod
510 2568 678 2622 Deus
709 2581 823 2620 non
851 2569 969 2619 tam
991 2571 1330 2619 mensuram
1359 2564 1596 2634 inspicit
1621 2567 1765 2618 tem-
1949 2567 2071 2624 166.
2123 2568 2288 2632 Quod
2335 2583 2504 2622 nemo
2553 2569 2625 2623 ab
2659 2582 2862 2623 errore
2905 2567 2979 2620 ad
3010 2559 3314 2622 veritatem
3350 2570 3544 2637 potest

138 2659 266 2726 poris
282 2674 443 2729 quam
476 2657 730 2710 doloris.
1877 2661 2006 2716 sine
2036 2657 2376 2730 poenitentia
2409 2659 2685 2711 transire.

193 2747 291 2800 li-i.
321 2745 480 2811 Quod
514 2746 780 2799 canones
819 2741 1066 2796 arbitrio
1096 2743 1348 2796 maxime
1390 2743 1764 2797 sacerdotum
1950 2755 2068 2811 ιδ’-ι,
2102 2757 2195 2810 De:
2217 2771 2286 2810 eo
2318 2756 2472 2828 quod
2507 2755 2790 2824 scriptum
2825 2760 2914 2808 est
2942 2771 2952 2808 ε
2989 2753 3097 2819 Qui
3119 2755 3395 2808 irascitur
3419 2755 3540 2808 ενα-

139 2836 454 2889 committunt
486 2832 866 2889 decernenda
894 2835 1152 2914 tempora
1187 2831 1628 2900 paenitentibus.
1873 2847 1948 2900 ιιιί
1980 2861 2089 2899 δυο
2122 2861 2261 2899 reus
2295 2845 2404 2899 erit
2428 2845 2718 2915 gehennae
2751 2845 2930 2916 ignis,

187 2924 287 2978 115.
319 2923 477 2990 Quod
511 2935 817 2994 nunquam
850 2919 1132 2975 carebunt
1174 2920 1485 2990 supplicio,
1529 2918 1628 2990 qui
1671 2934 1746 2973 cal

1981 2933 2068 2989 68.
2105 2934 2188 2988 De
2211 2933 2519 2988 sacerdote
2543 2933 2812 3002 deposito
2835 2933 2936 3003 qui
2958 2933 3191 2987 oculum
3215 2932 3366 2986 ernit
3392 2931 3539 2986 levi-

137 3027 240 3066 rere
266 3013 548 3067 noluerint
583 3012 853 3081 peccato.

1873 3025 1968 3088 ιω,
2002 3025 2056 3076 et
2087 3026 2146 3076 ut
2177 3023 2352 3077 levita
2384 3038 2500 3076 non
2534 3024 2965 3091 promoveatur.

191 3101 291 3157 116.
335 3100 407 3157 Ut
449 3101 602 3172 post
642 3098 1045 3170 paenitentiam
1103 3111 1274 3151 nemo
1328 3099 1662 3151 revertatur
1691 3097 1750 3150 ad

1980 3110 2068 3165 69.
2119 3112 2201 3164 De
2243 3111 2582 3180 paenitentia
2615 3126 2818 3164 eorum
2851 3111 2950 3180 qui
2984 3113 3183 3164 contra
3218 3109 3538 3162 sanctissi-

138 3191 386 3245 malitiam.
1796 3189 1845 3249 C
1871 3217 2030 3254 mum
2063 3199 2452 3269 patriarcham
2488 3199 2776 3270 lgnatium
2803 3196 3177 3269 juraverunt.

161 3289 416 3368 Incipiunt
449 3293 711 3368 capitula
743 3293 815 3348 de
839 3276 1097 3348 sccundo
1128 3281 1252 3346 loco
1275 3292 1646 3363 poenitentiae
1670 3296 1727 3346 et
1944 3288 2066 3341 1'70.
2112 3287 2324 3341 Contra
2371 3301 2475 3342 eos
2529 3288 2630 3358 qui
2680 3289 2895 3358 negant
2935 3286 3408 3340 communionem
3440 3285 3536 3338 his

666 3372 1010 3446 quibusdam
1034 3371 1191 3426 aliis.
1870 3377 2042 3431 reddi
2075 3377 2172 3448 qui
2199 3377 2347 3446 lapsi
2369 3381 2508 3431 sunt
2540 3375 3042 3446 praevaricatione.

190 3461 288 3518 117.
318 3447 569 3528 ΟυοάῚιὶ
601 3463 701 3533 qui
734 3461 806 3515 ad
839 3460 1201 3530 prior'a'vitia
1236 3463 1632 3530 revertuntur,
1670 3477 1764 3514 se-
1941 3465 2063 3520 1'71.
2104 3447 2189 3520 De
2238 3466 2577 3536 pcenitentia
2609 3465 2834 3536 stragis
2869 3469 2924 3519 et
2955 3463 3268 3518 effusionis‘
3297 3464 3535 3517 humani

142 3553 409 3607 verissime
440 3553 856 3620 dampnantur.
1868 3555 2202 3625 sanguinis.

191 3640 290 3694 118.
321 3641 398 3695 De
437 3639 788 3711 pmnitentia
819 3653 1023 3693 eorum
1060 3637 1159 3708 qui
1197 3638 1388 3692 denuo
1418 3638 1570 3708 lapsi
1601 3642 1758 3694 sunt.
1941 3641 2061 3697 1'72.
2093 3642 2258 3708 Quod
2289 3644 2579 3713 pwnitens
2612 3641 2729 3697 nisi
2757 3643 2994 3712 peracta
3033 3642 3372 3712 paenitentia
3416 3657 3532 3696 non

189 3729 290 3782 119.
323 3730 402 3784 De
434 3730 647 3783 eadem
682 3743 763 3781 re.
1869 3733 2284 3785 communicet.

190 3815 292 3871 150.
323 3817 402 3872 De
432 3819 682 3872 eadeam
714 3831 797 3870 re.
1942 3819 2061 3874 173.
2098 3819 2174 3875 Ut
2195 3821 2533 3892 quicunque
2555 3821 2904 3891 religiosum
2925 3817 3531 3889 habitum'spOntanee

193 3903 292 3959 151.
324 3903 482 3971 Quod
506 3901 762 3960 dimissa
791 3919 897 3974 per
926 3903 1324 3974 pmnitentiam
1356 3906 1757 3977 requiruntur,
1867 3913 2211 3980 susceptum
2244 3910 2496 3978 dimittit,
2531 3909 2590 3963 in
2623 3909 2980 3964 monasterio
3014 3924 3150 3963 esse
3193 3910 3456 3978 cogatur.

138 3992 177 4044 si
197 3992 538 4050 debitoribus
565 4009 689 4049 non
719 3993 1046 4048 dimittitur.
1939 3997 2062 4052 171.
2089 3999 2170 4052 De
2200 3999 2404 4054 eadem
2436 4013 2519 4053 re.

911 4166 1550 4250 CAPITULA
1611 4171 1965 4251 LIBRI
2026 4173 2725 4252 DUODECIMI

1313 4373 1422 4440 Qui
1451 4381 1544 4430 est
1583 4375 1657 4432 de
1696 4379 2312 4433 excommunicatione.

191 4537 408 4605 LQuod
446 4543 940 4598 excommunicati
991 4545 1129 4598 sunt
1173 4541 1378 4598 Omnes
1428 4544 1527 4616 qui
1556 4547 1756 4600 contra
1785 4529 1840 4591 D
1941 4551 1994 4604 '7.
2053 4549 2216 4615 Quod
2269 4548 2370 4620 qui
2425 4548 2496 4601 ab
2536 4545 2803 4620 Ecclesia
2865 4544 3423 4610 excommunicatur,
3471 4542 3530 4594 in

139 4633 357 4684 sanctam
403 4633 727 4687 Romanam
762 4631 1090 4686 Ecclesium
1122 4631 1517 4701 superbiendo
1549 4649 1615 4687 se
1648 4633 1758 4687 cri-
1871 4639 2019 4694 coelo
2055 4639 2289 4710 ligatur;
2327 4639 2382 4691 et
2421 4633 2518 4707 qui
2570 4636 2640 4690 ah
2674 4634 2942 4688 Ecclesia
2993 4633 3428 4699 reconciliatur,
3472 4631 3530 4683 in

141 4720 269 4782 gunt.

1871 4730 2019 4783 caelo
2043 4727 2310 4782 solvitur.

190 4803 232 4857 ἓ·
260 4805 413 4870 Quod
443 4823 652 4863 omnes
694 4809 1014 4865 violatores
1054 4809 1426 4863 decretorum
1463 4809 1757 4864 Romano-
1938 4818 1990 4872 8.
2026 4817 2192 4883 Quod
2224 4816 2515 4870 Silverius
2547 4831 2693 4886 papa
2727 4831 2830 4870 eos
2862 4814 2958 4884 qui
3003 4814 3194 4880 ipsum
3237 4812 3528 4862 insontem

140 4903 239 4944 "1m
258 4896 583 4962 Pontiﬁcum
615 4897 735 4950 Sint
765 4897 1092 4951 analhema-
1869 4907 2293 4961 damnaverant
2338 4909 2393 4960 et
2444 4905 2502 4959 in
2546 4904 2823 4959 exsilium
2861 4901 3159 4968 miserant,
3195 4897 3529 4951 anathema-

169 4977 235 5058 _3.
268 4981 332 5036 Ut
375 4984 682 5038 anathema
731 4986 808 5038 sit
854 4985 1190 5057 quicunque
1247 4985 1543 5056 praecepta
1593 4985 1756 5040 sedis
1864 4996 2080 5050 tizavit.

140 5071 430 5133 apostolicae
463 5073 904 5143 contempserit.
1035 5076 1040 5080 ⁸
1655 5145 1658 5148 ,

1974 5128 1986 5140 .
2050 5086 2132 5140 De
2186 5085 2338 5138 nodo
2397 5078 2961 5137 excomunicationis
3019 5074 3256 5130 Silverii
3314 5074 3370 5126 in
3425 5073 3527 5125 Vi-

194 5154 236 5208 1.
261 5156 410 5222 Quod
444 5167 719 5230 raptores
751 5165 807 5216 et
828 5162 1182 5216 alienatores
1209 5163 1293 5218 rei
1327 5151 1754 5218 ecclesizi’sticae
1865 5175 2090 5248 gilium,

146 5250 585 5303 excommunicati
619 5252 757 5319 sint,
807 5256 861 5304 et
901 5252 1001 5321 qui
1030 5251 1147 5305 illis
1179 5253 1573 5306 consentiunt.

1970 5266 2023 5318 Ο.
2052 5265 2132 5318 De
2166 5259 2712 5317 excomunicatione
2744 5253 2962 5309 Felicis
2981 5268 3146 5323 papae
3166 5253 3222 5306 in
3247 5251 3527 5305 Acacium

265 5333 415 5399 Quod
457 5339 555 5408 qui
590 5339 882 5393 consentit
901 5341 1167 5409 peccauti
1196 5339 1602 5407 aut'defendit,
1637 5355 1753 5394 ma-
1866 5355 2380 5426 prmsumptorem.

146 5415 349 5476 “dictus
380 5427 505 5480 el'it-
659 5492 676 5504 ,
1868 5415 1884 5426 ³
1940 5443 2024 5498 11.
2057 5415 2222 5505 Qu-od
2250 5455 2366 5494 non
2405 5436 2578 5491 debet
2609 5433 2743 5504 quis
2776 5433 2830 5486 ei
2868 5431 3302 5486 communicare
3350 5445 3526 5500 quem

198 5506 239 5560 6.
266 5510 415 5574 Quod
442 5514 536 5569 his
560 5517 774 5585 quibus
807 5516 1059 5571 ecclesia
1092 5518 1165 5572 ab
1189 5518 1487 5588 episcopis
1506 5517 1752 5573 interdi-

1966 5548 2043 5586 les
2074 5528 2396 5600 apostolica
2418 5525 2666 5595 repellit,
2703 5521 2819 5576 nisi
2841 5523 2914 5576 ab
2938 5521 3113 5576 illatis
3149 5535 3214 5574 se
3245 5519 3525 5576 emenda-

148 5594 282 5668 citur,
302 5600 476 5670 janua
505 5605 767 5660 cmlestis
798 5606 1106 5660 clauditur.
1866 5622 2034 5677 verit.

199 5788 294 5860 (14)
321 5793 411 5850 Sic
440 5797 510 5853 ad
539 5799 783 5856 verbum
811 5801 966 5873 apud
999 5799 1335 5858 Gratianum
1365 5801 1428 5857 C.
1464 5798 1554 5870 26,
1587 5817 1644 5872 q.
1685 5800 1738 5872 ’7,
1771 5818 1822 5856 c.
1858 5797 1942 5855 18.
