3948 6168
352 227 467 289 531

425 423 511 479 12.
546 425 628 480 De
660 424 864 478 eadem
896 441 978 479 re.

424 512 510 568 13.
542 512 709 578 Quod
740 513 937 567 nullus
968 512 1290 583 religiosus
1325 510 1846 564 excommunicatis
1886 509 2018 580 jun-

355 604 548 674 gatur.

424 691 510 744 14.
560 690 1099 743 Excommunicatis
1148 704 1319 743 nemo
1371 689 1759 743 communicet
1788 689 1847 743 in
1879 705 2014 743 ora-

354 780 530 845 tione,
565 779 719 847 cibo,
761 783 920 847 potu,
958 778 1183 845 osculo,
1221 793 1327 831 nec
1358 793 1465 831 ave
1490 778 1576 831 eis
1609 778 1782 831 dicat.

427 865 513 920 15.
547 866 711 931 Quod
746 866 805 919 hi
854 866 1108 935 separati
1155 882 1186 918 a
1232 865 1403 919 nobis
1448 866 1659 919 debent
1691 882 1846 932 esse,
1884 882 2016 919 cum

354 956 572 1026 quibus
603 971 709 1009 nec
742 955 935 1008 cibum
970 946 1203 1008 sumere
1236 954 1389 1008 licet.

426 1044 511 1098 16.
546 1043 711 1108 Quod
759 1060 890 1096 cum
922 1044 1428 1097 excommunicato
1476 1059 1643 1096 orare
1692 1059 1808 1096 non
1857 1043 2011 1111 licet,

353 1149 463 1188 nec
492 1133 676 1201 vesci,
710 1149 817 1187 nec
850 1134 1007 1203 loqui
1038 1134 1151 1186 nisi
1184 1133 1253 1187 de
1288 1132 1421 1203 ejus
1450 1133 1861 1187 conversione.

425 1222 511 1275 1'7.
528 1221 693 1287 Quod
708 1222 759 1276 is
777 1223 1026 1292 quicum
1041 1222 1545 1276 excommunicato
1562 1222 1837 1287 oraverit,
1860 1237 2019 1276 com-

354 1309 628 1364 munione
659 1310 943 1380 privetur.

424 1397 492 1451 18
521 1397 605 1451 De
636 1399 839 1452 eadem
871 1414 951 1452 re.

425 1484 511 1540 19.
543 1486 710 1549 Quod
741 1502 871 1540 cum
905 1486 1430 1541 excommunicatis
1455 1503 1570 1540 non
1598 1488 1673 1540 sit
1707 1486 2024 1540 communi-

355 1574 637 1643 candum;
662 1578 717 1628 et
746 1576 846 1645 qui
880 1575 1147 1639 fecerint,
1175 1577 1779 1628 excouuuuuicenlur.

423 1664 511 1717 20.
544 1664 620 1719 Ut
651 1664 829 1716 simili
857 1664 1445 1718 excommunicationi
1469 1662 1778 1733 subjaceat
1799 1664 1900 1735 qui
1933 1678 2026 1717 ex-

358 1752 788 1805 communicato
819 1752 1229 1806 communicat.

425 1838 514 1893 21.
550 1837 713 1902 Quod
746 1841 1288 1893 excommunicatus
1316 1843 1371 1893 et
1403 1841 1872 1895 communicator
1891 1842 2026 1912 ejus

358 1943 527 1997 eque
568 1928 809 1981 refutari
842 1932 897 1981 ct
927 1929 1123 1996 puniri
1148 1928 1383 1982 debent.

427 2016 515 2070 22.
548 2015 714 2080 Quod
745 2031 849 2085 par
898 2016 1069 2086 culpa
1098 2020 1189 2070 est
1229 2016 1667 2071 communicare
1720 2017 2026 2089 heretico,

354 2104 449 2159 vel
480 2105 535 2159 ei
560 2105 660 2175 qui
691 2108 999 2175 conjectus
1031 2108 1123 2159 est
1150 2105 1252 2159 illi.

426 2192 515 2248 23.
550 2194 627 2248 Ut
654 2198 891 2263 propter
913 2195 1206 2263 propriam
1239 2194 1519 2266 injuriam
1548 2195 1747 2250 nullus
1786 2212 2028 2252 excom-

355 2283 654 2337 municare
686 2299 1041 2354 quemquam
1077 2288 1420 2354 presumat.

425 2372 513 2426 24.
560 2371 728 2436 Quod
758 2376 1053 2442 pastores,
1101 2372 1239 2426 dum
1271 2388 1377 2442 pro
1435 2373 1565 2426 suis
1626 2373 2026 2429 voluntatibus

356 2461 598 2531 injuste,
632 2462 871 2515 solvunt
886 2460 979 2515 vel
1000 2460 1207 2534 ligant,
1225 2462 1339 2532 ipsi
1372 2477 1438 2517 se
1461 2466 1750 2534 potestate
1773 2463 2025 2533 privant.

426 2550 515 2603 25.
552 2550 634 2603 De
665 2550 866 2603 eadem
900 2566 983 2604 re.

427 2636 515 2692 26.
549 2637 713 2702 Quod
734 2638 787 2691 si
809 2640 1355 2693 exeommnnicatus
1376 2657 1614 2694 sacrum
1638 2641 2030 2696 ministerium

359 2726 690 2799 contigerit,
716 2742 883 2797 spem
916 2728 1306 2781 restitutionis
1339 2730 1487 2782 ultra
1521 2746 1637 2783 non
1671 2730 1903 2784 habeat.

316 2856 329 2864 .
428 2815 517 2870 27.
552 2817 637 2870 De
666 2817 870 2871 eadem
905 2833 992 2870 re.

427 2904 515 2959 28.
547 2904 713 2969 Quod
763 2906 1280 2961 schismaticorum
1340 2908 1576 2962 nomina
1632 2908 1786 2963 inter
1834 2908 2031 2962 divina

354 2994 633 3064 mysteria
661 3009 779 3048 non
814 2998 951 3048 sunt
980 2995 1297 3050 recitando.

425 3082 513 3137 29.
565 3084 646 3137 De
690 3084 895 3137 eadem
940 3101 1023 3138 re.
1097 3085 1169 3139 Et
1206 3086 1277 3140 de
1326 3086 1851 3141 excommunicatis
1901 3088 2030 3141 sine

358 3172 768 3228 communione
816 3173 1137 3243 defunctis;
1188 3180 1243 3229 et
1290 3175 1361 3229 de
1410 3176 1503 3230 his
1544 3176 1645 3246 qui
1691 3192 2030 3230 excommu-

355 3262 569 3316 nicatis
600 3263 862 3317 scienter
892 3263 1350 3318 communicant.

431 3348 519 3404 30.
572 3349 741 3416 Quod
793 3351 1246 3419 absolutionem,
1306 3369 1482 3422 quam
1543 3358 1853 3422 superstes
1914 3370 2030 3408 non

364 3439 661 3508 quaesivit,
694 3442 963 3492 mortuus
995 3439 1309 3509 impetrare
1340 3457 1458 3495 non
1488 3442 1698 3510 possit.

432 3525 524 3582 31.
574 3526 740 3591 Quod
790 3528 1309 3582 schismaticorum
1367 3529 1603 3583 nomina
1654 3530 1809 3584 inter
1836 3529 2031 3583 divina

362 3617 645 3687 mysteria
670 3630 787 3670 non
820 3618 958 3669 sunt
990 3616 1313 3671 recitanda.

431 3705 521 3760 32.
558 3706 633 3761 Ut
654 3704 890 3760 nomina
922 3707 1570 3761 excommunicatorum
1599 3706 1991 3777 publicentur.

433 3793 522 3848 33.
569 3793 631 3847 Si
680 3794 815 3864 quis
875 3794 1184 3864 presbyter
1231 3798 1435 3848 contra
1481 3795 1828 3865 episcopum
1861 3812 2034 3850 suum

365 3882 601 3936 inflatus
633 3882 896 3936 schisma
929 3883 1152 3950 fecerit,
1186 3882 1499 3936 anathema
1529 3884 1625 3937 sit.

435 3971 524 4025 34.
575 3970 741 4036 Quod
774 3970 1196 4026 ecclesiastice
1237 3971 1405 4043 leges
1448 3973 1861 4043 preponende
1898 3978 2037 4029 sunt

366 4060 605 4133 legibus
635 4060 1075 4130 imperatorum.

437 4149 527 4203 35.
559 4149 730 4215 Quod
761 4149 1073 4204 manifesta
1104 4165 1285 4220 Opera
1315 4150 1695 4206 accusatione
1732 4167 1848 4206 non
1881 4152 2035 4205 indi-

368 4243 530 4311 gent.

437 4326 529 4381 36.
591 4327 758 4393 Quod
790 4327 1122 4382 Lotharius
1172 4344 1277 4383 rex
1332 4344 1365 4382 a
1415 4328 1625 4398 pellice
1666 4328 1976 4397 abstineat,
2007 4344 2037 4383 s

377 4416 880 4471 excommunicari
921 4417 1085 4471 nolit.

2042 406 2097 467 A,

2067 3132 2239 3202 Ciﬁé

1376 224 1440 284 S.
1488 224 1868 285 ANSELMI
1916 223 2326 286 LUCENSIS
2388 224 2774 289 EPISCOPI
3632 234 3725 295 532

2199 424 2285 478 40.
2322 425 2404 478 De
2435 425 2805 480 damnatione
2836 426 3071 481 Novati.

2202 511 2289 565 4|.
2332 511 2495 576 Quod
2526 514 2787 568 haeretici
2818 516 2877 568 in
2907 514 3179 570 Ecclesia
3213 517 3351 570 nihil
3382 516 3607 573 habeant
3644 536 3731 588 po-

2131 601 2361 654 testatis
2392 602 2481 655 vel
2518 602 2698 672 juris.

2204 689 2290 742 42.
2322 688 2485 752 Quod
2518 706 2633 744 non
2665 697 2755 745 est
2784 694 3154 746 consecratio
3185 693 3289 747 sed
3321 694 3594 749 execratio
3629 713 3737 767 que

2136 782 2300 831 extra
2332 777 2657 833 Ecclesium
2689 780 2769 834 fit.

2204 866 2292 919 43.
2347 868 2429 921 De
2470 868 2734 922 custodia
2786 870 3185 940 Aquileiensis
3232 875 3285 924 et
3333 871 3740 926 Mediolanensis

2135 955 2419 1025 episcopi.
2453 955 2523 1009 Et
2552 956 2824 1026 quotiens
2855 959 2927 1012 de
2959 960 3279 1014 universali
3313 960 3524 1030 synodo
3552 961 3741 1014 dubita-

2132 1045 2248 1109 tur,
2281 1044 2355 1097 ab
2388 1045 2709 1114 apostolica
2738 1048 2881 1101 sede
2912 1049 3130 1102 veritas
3162 1050 3502 1119 requiratur.

2204 1132 2293 1186 41.
2328 1133 2492 1196 Quod
2527 1135 2949 1190 schismaticus
2980 1153 3097 1191 non
3120 1136 3744 1207 conﬁciatcorpusChri-

2136 1222 2214 1275 sti
2244 1222 2376 1290 (l5),
2412 1224 2505 1275 cui
2536 1223 2823 1278 Catholici
2850 1240 2969 1279 non
2997 1226 3210 1280 debent
3241 1226 3472 1279 sociari.

2204 1306 2292 1361 45.
2328 1306 2494 1372 Quod
2524 1308 2791 1363 Ecclesia
2841 1326 2958 1365 non
3003 1313 3397 1382 persequitur,
3448 1312 3547 1366 sed
3574 1311 3750 1382 diligit,

2136 1410 2270 1449 cum
2315 1395 2479 1464 punit
2521 1398 2613 1451 vel
2662 1398 2934 1468 prohibet
2983 1399 3219 1453 malum.
3267 1398 3335 1452 Et
3363 1398 3515 1469 quod
3551 1398 3753 1452 divisia

2138 1482 2399 1536 Romana
2413 1483 2556 1538 sede
2571 1484 2936 1539 schismatici
2958 1490 3117 1553 sunt;
3134 1489 3190 1540 et
3207 1486 3362 1556 quod
3380 1484 3756 1555 comprimendi

2137 1575 2276 1624 sunt
2304 1587 2336 1623 a
2366 1573 2759 1627 secularibus
2789 1573 2995 1644 injusti
3025 1576 3290 1644 episcopi
3321 1573 3452 1644 (16).

2207 1658 2296 1712 46.
2331 1660 2493 1723 Quod
2541 1660 2766 1716 nullum
2797 1663 3158 1717 sacrificium
3198 1663 3314 1716 Deo
3349 1678 3381 1715 a
3412 1661 3755 1732 potestatibus

2055 1778 2104 1839 Β
2136 1749 2365 1839 gratius
2398 1752 2509 1819 est,
2560 1766 2735 1820 quam
2768 1754 2827 1805 ut
2857 1752 3223 1806 schismatici
3256 1751 3516 1821 episcopi
3544 1749 3609 1803 ad
3640 1750 3756 1803 obe-

2138 1835 2415 1891 diendum
2439 1843 2845 1893 coerceantur.

2208 1927 2296 1981 47.
2348 1927 2491 1981 Item
2538 1926 2612 1981 de
2671 1927 3073 1983 schismaticis
3121 1944 3157 1982 a
3199 1928 3583 1983 saecularibus
3626 1941 3759 1980 coer-
3812 1985 3819 1993 ,

2140 2018 2366 2073 cendis.

2209 2104 2297 2163 48.
2328 2106 2493 2172 Quod
2517 2123 2634 2164 non
2656 2111 2749 2163 est
2771 2125 2912 2164 vera
2932 2110 3083 2165 ﬁdes
3106 2126 3241 2183 que
3264 2127 3402 2167 cum
3426 2111 3665 2167 Romana
3676 2108 3763 2162 Ec-

2141 2195 2321 2250 clesia
2353 2212 2472 2251 non
2503 2198 2795 2252 convenit.

2210 2282 2298 2337 49.
2350 2284 2516 2350 Quod
2558 2285 2810 2341 heresis
2854 2303 3204 2357 perversum
3269 2289 3503 2359 dogma,
3543 2286 3764 2341 schisma

2140 2388 2284 2427 vero
2313 2373 2748 2429 discessionem
2780 2376 3011 2430 habeat.

2210 2461 2298 2516 50.
2330 2460 2496 2525 Quod
2527 2462 2782 2519 heresis
2808 2462 3017 2519 Grece
3043 2465 3118 2519 ab
3149 2465 3438 2524 electione
3467 2464 3679 2517 dicitur.

2210 2550 2298 2603 51.
2322 2549 2582 2614 Qualiter
2611 2552 2710 2605 fiat
2738 2554 2991 2624 quisque
3022 2554 3365 2608 hereticus.

2211 2636 2300 2693 52.
2332 2638 2496 2703 Quod
2522 2639 2841 2694 hereticus
2871 2642 3093 2696 amittat
3120 2642 3404 2711 Spiritum
3428 2644 3694 2694 sanctum.

2211 2727 2298 2780 53.
2332 2727 2480 2791 Quid
2514 2729 2589 2782 sit
2622 2729 2965 2784 hereticus.

2211 2812 2299 2869 54.
2326 2815 2399 2869 Ut
2431 2816 2692 2870 heretici
2727 2818 3116 2873 cohibeantur
3146 2834 3178 2872 a
3210 2817 3624 2873 secularibus.

2210 2902 2299 2957 55.
2335 2904 2417 2957 De
2449 2906 2618 2958 malis
2651 2907 2935 2978 cogendis
2966 2907 3038 2961 ad
3070 2908 3312 2961 bonum.

2210 2991 2298 3047 56.
2331 2992 2497 3057 Quod
2521 2994 2887 3050 schismatici
2904 3011 3011 3051 nec
3030 2996 3385 3066 divinojure
3420 3011 3525 3050 nec
3555 2994 3772 3048 humano

2142 3096 2242 3135 res
2275 3085 2663 3137 ecclesiarum
2696 3085 2910 3139 debent
2942 3085 3275 3155 possidere.

2212 3171 2299 3224 57.
2355 3171 2520 3236 Quod
2552 3173 2652 3243 qui
2681 3176 2845 3227 extra
2881 3172 3211 3228 Ecclesiam
3257 3176 3419 3244 sunt,
3471 3172 3621 3227 nullo
3663 3170 3776 3240 jure

2141 3265 2394 3330 possunt
2425 3262 2577 3316 bona
2611 3262 2882 3317 ecclesiae
2913 3262 3249 3333 possidere.

2211 3347 2299 3404 58.
2333 3348 2500 3413 Quod
2531 3355 2841 3421 separatus
2885 3351 2957 3406 ab
2990 3351 3260 3406 Ecclesia
3290 3353 3772 3422 quantumcunque

2144 3439 2514 3493 laudabiliter
2544 3440 2720 3509 vivat,
2753 3456 2871 3495 non
2910 3443 3103 3495 tamen
3148 3440 3391 3495 habebit
3431 3442 3601 3495 vitam
3631 3438 3777 3492 eter-

2144 3542 2299 3581 nam.

2216 3616 2303 3670 59.
2330 3616 2413 3670 De
2443 3617 2841 3672 schismaticis
2874 3618 2946 3672 ad
2964 3618 3412 3690 correctionem
3436 3615 3723 3689 cogendis.

2214 3705 2303 3758 60.
2336 3705 2583 3769 Quinam
2615 3723 2730 3761 non
2762 3707 2881 3761 sint
2911 3707 3065 3761 inter
3095 3707 3417 3762 hereticos
3449 3704 3706 3761 habendi.

2215 3793 2303 3848 61.
2345 3794 2586 3859 Quando
2624 3796 2759 3849 mali
2789 3795 3075 3850 tolerandi
3118 3796 3254 3865 sint,
3289 3801 3346 3850 et
3376 3795 3606 3866 quando
3634 3805 3780 3860 sepa-

2145 3882 2313 3936 randi
2344 3899 2377 3936 a
2407 3884 2604 3938 nobis.

2217 3970 2304 4025 62.
2337 3973 2640 4037 Quomodo
2665 3974 2945 4028 recedere
2977 3973 3301 4027 debeamus
3333 3990 3367 4027 a
3397 3972 3589 4026 malis.

2219 4056 2307 4113 63.
2341 4059 2504 4124 Quod
2528 4062 3054 4116 excommunicatio
3077 4060 3299 4132 injusta
3327 4062 3385 4115 ei
3405 4061 3602 4131 potius
3628 4055 3788 4113 oberit

2148 4151 2247 4223 qui
2280 4150 2470 4219 faciat,
2504 4166 2680 4220 quam
2712 4151 2811 4222 qui
2843 4150 3119 4220 patiatur.

2218 4240 2304 4294 64.
2337 4238 2501 4304 Quod
2534 4239 2817 4293 innocens
2848 4255 2953 4308 pro
2983 4242 3225 4309 peccato
3247 4239 3496 4293 alterius
3527 4239 3677 4292 recte
3701 4248 3789 4286 ex-

2148 4329 2571 4386 communicari
2604 4344 2721 4383 non
2752 4331 2965 4398 potest.

2217 4418 2306 4473 65.
2339 4416 2504 4482 Quod
2545 4416 2800 4470 Aeacius
2827 4415 2990 4488 juste
3040 4420 3093 4470 ct
3130 4416 3413 4470 canonice
3457 4416 3533 4470 sit
3577 4414 3789 4467 damna-

437 4504 526 4559 37.
560 4506 654 4559 De
668 4505 1273 4560 excommunicatione
1305 4507 1627 4563 Innocentii
1652 4524 1818 4579 pape
1843 4509 1901 4561 in
1935 4508 2038 4560 im-
2068 4485 2117 4547 D
2146 4511 2264 4562 tus.

370 4597 704 4665 peratorem
735 4610 869 4647 cum
898 4595 1291 4664 impcratrice.

439 4683 527 4738 38.
555 4683 617 4736 Si
647 4683 782 4754 quis
813 4683 971 4752 quod
1001 4684 1191 4737 sancti
1222 4684 1429 4739 Patres
1459 4688 1515 4739 et
1548 4685 1905 4739 universalis
1935 4702 2038 4756 sy-

370 4772 506 4827 nodi
538 4774 888 4840 statuerunt,
930 4774 1328 4826 transmutare
1373 4774 1564 4843 audet,
1616 4774 2038 4829 condemnatus

372 4866 484 4917 est.

2218 4596 2306 4651 66.
2359 4595 2441 4648 De
2486 4594 2677 4649 edicto
2712 4594 3127 4664 imperatorum
3160 4593 3219 4646 in
3242 4592 3670 4646 damnationem
3698 4587 3795 4640 haz-

2151 4686 2487 4739 reticorum.

2224 4771 2312 4826 6'7.
2346 4772 2423 4825 Ut
2462 4772 2710 4826 homnes
2743 4770 3010 4826 hereses
3043 4774 3099 4825 ct
3143 4786 3344 4825 earum
3383 4768 3638 4823 ministri
3677 4779 3792 4818 cono

2152 4862 2481 4934 quiescant.

2223 4950 2312 5004 68.
2351 4950 2426 5003 Ut
2457 4949 2787 5003 adimantur
2831 4946 3129 5002 hereticis
3171 4947 3363 5002 omnia
3404 4962 3644 5002 suarum
3674 4940 3800 4997 cele-

2153 5038 2488 5094 brationum
2519 5038 2666 5092 loca.

443 4950 531 5003 39.
560 4950 635 5004 Ut
664 4951 724 5004 hi
754 4950 852 5021 qui
871 4950 945 5005 ab
961 4950 1258 5005 haereticis
1282 4950 1354 5004 ad
1378 4950 1706 5005 Ecclesiam
1729 4955 2040 5005 revertun-

373 5041 488 5105 tur,
523 5054 642 5092 non
687 5040 817 5093 sine
865 5039 1240 5110 professione
1290 5040 1568 5111 legitime
1612 5040 2040 5095 satisfactionis

372 5126 719 5181 habeantur.

448 5231 1115 5307 15)]ntextunihilaliud
1136 5241 1412 5306 estquam
1435 5237 1658 5307 Pelagii
1686 5237 1837 5291 1P1).
1878 5237 2041 5307 frag-

374 5309 632 5358 mentum
674 5304 937 5372 cpistole
976 5304 1269 5361 adversus
1307 5304 1918 5376 schismaticos,quod
1969 5304 2041 5360 ex

377 5376 506 5445 ipso
537 5375 818 5428 Anselmo
851 5378 1103 5444 sumpsit
1128 5377 1493 5443 Holstenius,
1522 5384 1576 5432 et
1599 5375 2045 5432 deindeinCon-

378 5446 648 5526 ciliorum
688 5461 921 5526 quoque
957 5447 1336 5526 collectiones
1372 5451 1601 5503 transiit
1634 5465 1766 5526 cum
1803 5448 2041 5526 ceteris

380 5518 599 5589 Pelagii
633 5517 922 5589 epistolis.
948 5518 1075 5570 Jam
1100 5523 1159 5571 ut
1190 5520 1524 5589 decerpere
1560 5520 1760 5573 morali
1797 5520 2038 5587 Christi,

378 5588 435 5642 id
467 5587 558 5645 est
588 5589 658 5645 de
690 5587 979 5655 Ecclesia,
1012 5590 1189 5643 verba
1223 5591 1347 5645 haec
1369 5587 1791 5663 intelligamus,
1827 5592 2042 5644 docent

2157 5251 2267 5290 nos
2298 5250 2431 5305 que
2452 5233 2669 5305 ibidem
2701 5234 3051 5303 sequuntur,
3089 5248 3277 5296 unam,
3315 5238 3373 5285 ut
3406 5247 3566 5305 sepe
3604 5229 3797 5305 dictum

2159 5313 2250 5361 est
2279 5298 2404 5377 qae
2437 5304 2669 5377 Christi
2699 5298 2910 5377 corpus
2931 5298 3045 5377 est,
3068 5308 3296 5377 constat
3320 5317 3455 5377 esse
3469 5298 3795 5377 Ecclesiam.

2228 5368 2341 5444 (16)
2374 5378 2587 5448 Agitur
2618 5376 2687 5428 de
2722 5368 3124 5448 schismaticis
3155 5373 3595 5448 episcopis'per
3617 5368 3797 5448 erili?-

2158 5436 2347 5502 (1οᾷοὲ
2361 5436 2661 5516 principes
2674 5446 3040 5500 coercendis.
3065 5436 3271 5498 Exstat
3292 5436 3442 5514 apud
3461 5436 3621 5496 Grut.
3636 5456 3682 5493 c.
3696 5436 3792 5500 23.,

2157 5536 2212 5588 q.
2247 5518 2298 5581 5,
2335 5534 2385 5571 e.
2415 5517 2503 5570 42.
