1974 3084
72 134 120 164 533
524 132 760 164 COLLEC'I‘IO
784 134 1011 166 CANONICA.
1031 153 1068 160 -—
1085 136 1163 167 LIB.
1183 138 1270 168 XIII.
1700 142 1761 173 534

97 232 134 259 69.
151 232 185 260 Ut
199 232 322 260 haeretici
338 232 409 259 nihil
425 233 552 260 habeant
568 241 634 260 cum
649 233 768 261 caeteris
786 242 867 261 com-
889 226 915 252 Α
969 235 1013 262 ἿΟ.
1038 235 1075 262 Ut
1099 236 1197 263 nullus
1222 236 1370 265 haereticis
1407 239 1637 268 ministeriorum
1666 242 1762 276 pateat

70 286 151 304 mune.
934 279 1028 307 locus.

396 364 715 404 CAPITULA
740 365 918 405 LIBRI
944 366 1163 406 DECIMI
1192 367 1402 407 TERTII

556 453 611 486 Qui
626 457 672 482 est
687 454 723 481 de
741 454 872 481 vindicta
888 457 917 482 θι
931 455 1244 491 persecutionejusta.

96 553 114 579 ι.
127 552 199 585 Quod
216 553 334 588 Moyses
349 553 421 580 nihil
438 553 558 580 crudele
574 553 643 580 fecit
659 552 777 587 quando
794 560 873 587 prae-
964 552 1007 579 19.
1024 552 1143 585 Quando
1155 553 1222 580 mali
1237 553 1296 580 sint
1310 553 1464 587 tolerandi,
1485 554 1532 580 vel
1543 554 1660 589 quando
1677 554 1759 581 dese-

67 599 133 632 cepto
147 597 255 624 Domini
271 597 416 632 quosdam
427 597 599 624 trucidavit.
927 597 1024 624 rendi.

93 641 113 669 Ξ.
128 642 164 669 De
179 642 304 668 vindicta
319 650 378 669 non
393 642 459 669 odio
471 642 523 668 sed
539 649 639 668 amore
660 641 803 668 facienda.
963 640 1007 667 ‘20.
1018 640 1100 673 Quod
1108 642 1218 668 homini
1228 642 1578 677 misericordia,peccatis
1591 642 1759 677 persecutio

96 686 118 713 3.
132 686 207 718 Quod
217 686 296 713 bella
315 694 386 713 cum
412 686 619 713 benevolentia
628 687 697 713 sunt
712 686 838 721 agenda.
928 685 1079 712 debeatur.

90 730 111 757 ι.
125 730 198 763 Quod
220 731 380 757 militantes
409 730 495 757 etiam
512 730 630 765 possint
645 737 714 757 esse
726 729 813 765 justi;
845 731 873 757 et
963 730 1007 756 21.
1021 729 1104 761 Quod
1121 738 1179 756 nou
1195 731 1352 765 imputetur
1369 731 1470 765 fallax,
1488 732 1536 766 qui
1554 731 1631 766 quod
1648 731 1758 765 promi—

63 775 123 809 quod
147 775 257 802 hostem
277 775 442 810 deprimere
466 775 632 801 necessitas
649 782 707 801 non
731 774 867 801 voluntas
928 773 976 808 sit,
994 781 1122 808 superna
1134 774 1328 809 dispositione
1338 777 1507 810 praeventus
1516 775 1676 810 adimplere
1685 783 1760 809 prae-

65 819 141 845 debet.
929 818 1064 845 termisit.

90 862 110 889 5.
124 862 198 895 Quod
214 865 383 899 pugnaturo
400 863 543 890 orandum
559 864 615 890 est.
963 862 1007 889 22.
1022 862 1104 895 Quod
1120 863 1222 889 saeculi
1238 865 1399 897 potestates
1414 871 1430 890 a
1446 864 1546 898 pravis
1563 864 1678 890 actibus
1696 871 1760 890 ma-

91 907 112 934 6.
127 908 163 935 De
178 908 385 943 persequendo
400 908 514 935 hostes.
931 907 976 934 los
993 914 1135 934 revocare
1143 907 1291 935 studeant.

92 951 113 979 'l.
128 952 164 979 De
178 952 280 979 eadem
295 959 339 979 re.
964 951 1008 978 23.
1027 951 1067 977 De
1081 959 1115 978 eo
1131 951 1210 986 quod
1238 952 1381 987 scriptum
1397 955 1456 979 est:
1476 953 1510 979 Si
1542 960 1592 979 vos
1606 952 1760 987 persecuti

90 995 110 1021 8.
126 995 161 1022 De
177 996 336 1030 prasdando
352 995 455 1023 hostes
471 995 614 1023 Eccleaiaa
627 995 694 1031 (17).
927 995 1041 1022 fuerint
1053 996 1083 1022 in
1100 1004 1154 1022 una
1165 996 1299 1030 civitate,
1312 996 1407 1032 fugite
1424 997 1453 1023 in
1469 997 1570 1023 aliam.

89 1038 110 1066 9.
125 1039 160 1066 De
174 1039 308 1067 habenda
338 1040 504 1067 obedientia
533 1040 576 1067 rei
606 1040 732 1075 publica;
762 1039 872 1066 utilita-
961 1038 1392 1071 24.QuodEeclesiteinimicis
1401 1041 1759 1068 omnivivacitatementis

65 1083 132 1110 tibus.
925 1085 953 1111 et
964 1084 1098 1119 corporis
1110 1084 1149 1111 sit
1164 1085 1353 1112 obviandum.

90 1127 123 1154 10.
137 1127 171 1155 Ut
183 1129 365 1163 temperetur
379 1128 517 1155 vindicta.
959 1127 1003 1155 25.
1022 1129 1063 1155 De
1075 1129 1199 1155 victoria
1215 1129 1398 1156 orationibus
1409 1130 1626 1163 praevenienda,
1640 1131 1667 1155 et
1678 1129 1757 1156 bello

90 1171 123 1197 ll.
139 1172 174 1199 De
190 1172 367 1200 sacerdotali
384 1172 599 1200 intercessione
615 1180 669 1207 pro
686 1172 760 1199 reis.
923 1181 981 1199 non
996 1173 1158 1208 appetendo
1174 1173 1320 1200 desiderio
1338 1173 1478 1200 fundendi
1490 1173 1656 1208 sanguinis.

90 1215 124 1241 12.
139 1215 172 1242 Ut
188 1217 254 1243 mali
270 1224 332 1243 non
349 1217 530 1252 occidantur,
548 1217 601 1243 sed
617 1216 815 1251 corrigantur.
958 1217 1003 1244 ‘26.
1020 1217 1102 1248 Quod
1119 1217 1282 1243 secundum
1297 1217 1425 1244 divinam
1439 1219 1467 1244 et
1482 1217 1637 1244 humanam
1649 1217 1756 1252 legem,

90 1258 123 1285 13.
137 1259 213 1291 Quod
235 1260 444 1288 inobedientes
460 1261 597 1287 seueriua
614 1260 672 1287 sidt
688 1259 868 1295 corrigendi.
923 1262 1534 1296 sinepersonarumaceeptione,rectorum
1543 1262 1686 1288 sententia
1694 1269 1759 1295 pro-

91 1302 124 1330 lt.
138 1303 214 1335 Quod
229 1304 368 1332 Ecclesia
386 1305 622 1340 persecutionem
651 1304 748 1339 possit
772 1304 869 1331 facere
924 1305 1045 1333 feratur.

62 1346 113 1381 (181'-
884 1360 909 1390 B
958 1349 1002 1376 27.
1019 1349 1103 1381 Quod
1117 1350 1223 1386 .magis
1240 1350 1439 1377 obediendum
1454 1352 1500 1377 est
1518 1350 1641 1385 spiritus
1671 1357 1759 1385 quam

89 1390 123 1418 15.
137 1392 175 1419 De
189 1393 291 1420 eadem
309 1401 354 1420 re.
924 1394 1060 1428 corporis
1071 1394 1199 1421 domino.

92 1436 126 1463 16.
139 1437 175 1464 De
191 1438 293 1465 eadem
310 1445 354 1464 re.
958 1438 1002 1465 28.
1020 1439 1102 1470 Quod
1117 1439 1192 1466 bene
1209 1438 1283 1466 velle
1296 1447 1354 1465 non
1367 1439 1486 1473 sufﬁcit,
1498 1446 1551 1465 nec
1563 1439 1668 1466 iterum
1678 1439 1753 1465 bene

89 1480 122 1506 l7.
131 1481 164 1508 Ut
174 1489 230 1508 non
238 1481 517 1516 nobisimputentur
525 1482 551 1509 si
562 1481 632 1517 quid
643 1481 709 1508 mali
717 1481 869 1509 acciderit.
923 1482 1031 1514 facere,
1050 1483 1108 1509 nisi
1125 1490 1161 1509 ex
1177 1484 1255 1510 bono
1271 1483 1351 1510 fonte
1367 1491 1473 1518 preces
1488 1483 1557 1517 sint,
1571 1484 1599 1510 et
1614 1483 1650 1510 de
1666 1482 1755 1509 liber-

88 1524 122 1552 18.
132 1525 208 1557 Quod
221 1527 272 1562 qui
293 1528 393 1562 potest
405 1526 578 1561 perturbare
596 1534 754 1561 perversos
768 1528 796 1553 et
811 1533 869 1553 non
923 1528 980 1553 tate
1002 1526 1146 1561 probabili
1163 1527 1232 1562 (19).

67 1567 125 1602 iacit,
139 1578 235 1597 eorum
250 1570 394 1606 impietati
409 1570 566 1598 consentit.

490 1652 891 1717 AUGTORES
933 1653 1025 1715 ET
1076 1653 1287 1716 LIBRI

101 1754 160 1793 Qui
179 1755 213 1789 in
234 1756 399 1790 Anselmi
415 1757 565 1791 Decreto
580 1756 730 1801 ejusque
750 1754 930 1790 interdum
945 1755 1198 1790 additamentis
1218 1756 1420 1799 laudantur,
1444 1755 1480 1789 hi
1497 1756 1568 1790 fere
1588 1758 1671 1790 sunt
1693 1766 1699 1791 :

87 1819 241 1857 Adrianusl
261 1822 326 1849 PP.
885 1815 910 1845 Ο
960 1821 1136 1857 Cyprianus.

88 1856 222 1893 Agapetus
237 1858 298 1885 PP.
960 1856 1087 1893 (lvi-illus
1102 1859 1186 1885 Alex.

88 1890 261 1920 Ambrosius.
960 1890 1106 1921 Damasus
1122 1894 1178 1921 PP.

88 1927 218 1963 Anastasii
234 1928 454 1956 Bibliothecarii
471 1928 603 1955 Historia
615 1928 690 1955 eccl.
959 1928 1129 1956 Decretates
1145 1930 1210 1956 ante
1222 1929 1359 1957 Siricium
1372 1937 1438 1956 cum
1454 1929 1643 1956 diversorum
1654 1928 1752 1963 ponti-

89 1961 269 1991 Anastasiusl
284 1964 343 1991 PP.
923 1963 1011 1990 ﬁcum
1026 1965 1206 1991 nominibus.

90 1997 261 2027 Athanasius.
957 1999 1121 2026 Ennodius.

90 2033 267 2070 augustinus.
957 2034 1110 2070 Eugenius
1126 2035 1151 2061 II
1167 2035 1216 2061 PP
1223 2055 1229 2061 .

90 2067 200 2106 gasilius
211 2070 350 2106 Magnus.
957 2067 1079 2106 Eusebii
1094 2070 1205 2097 Caesar.
1224 2069 1355 2097 Historia
1372 2070 1444 2096 ecel.

90 2102 249 2141 Eeaedictus
259 2102 408 2141 '(beatus).
955 2105 1093 2132 Gelasius
1109 2106 1119 2131 l
1137 2105 1194 2132 PP.

90 2138 168 2176 gibba
182 2138 277 2168 sacra.
388 2138 406 2176 λ
956 2141 1118 2176 Gregorius
1135 2141 1145 2166 l
1159 2141 1216 2167 ΡΙ).

90 2173 240 2211 ξοιλὶῐαοὶιιε
255 2177 314 2204 ΡΡ.
331 2175 409 2203 Alibi
426 2176 541 2202 tertius.
956 2173 1118 2211 Gregorius
1132 2176 1233 2210 junior
1247 2175 1306 2201 PP.

93 2208 272 2246 Burchardus.
957 2208 1118 2246 Gregorius
1134 2208 1185 2237 VII
1199 2211 1254 2238 PP.
1278 2211 1307 2237 in
1323 2210 1470 2245 epistolis,
1486 2213 1514 2237 et
1532 2217 1598 2237 cum
1622 2209 1748 2237 concilio

91 2244 210 2281 gallistus
227 2247 250 2274 ll
265 2248 325 2274 PP.
343 2254 410 2274 cum
426 2246 540 2281 synodo
556 2246 759 2273 Lateraneasi.
922 2255 959 2274 1.x
975 2244 1191 2281 episcoporum.

91 2278 207 2318 gaaones
222 2278 454 2318 apostolorumf
478 2317 495 2318 Π
957 2278 1086 2310 Hermes
1099 2283 1128 2308 in
1144 2283 1219 2309 libro
1236 2281 1380 2309 Pastoris.

92 2314 207 2353 ("lenones
224 2314 343 2345 Patrum
358 2317 559 2345 Orientalium.
958 2318 1168 2353 Hieronymus.

93 2349 221 2388 ganonum
229 2353 387 2388 judicium.
958 2349 1081 2380 Hilarus
1096 2353 1151 2380 PP.

93 2384 204 2423 Capitula
218 2384 326 2422 Caroli,
344 2388 485 2416 Ludovici
501 2389 529 2415 et
544 2388 674 2415 Lotharii
690 2388 780 2423 impp.
958 2388 1109 2416 Honorius
1122 2388 1223 2423 junior
1239 2388 1295 2415 PP.

93 2420 197 2459 gat-olus
213 2420 351 2459 Magnus.
733 2420 742 2423 ⁷
753 2420 762 2422 ’
879 2423 907 2452 D
958 2420 1135 2451 Hormisdas
1152 2424 1206 2451 PP.

94 2454 210 2494 βῖθὲηειιδ
219 2454 278 2486 PP:
957 2459 1152 2494 Imperatores
1161 2459 1314 2492 Arcadius,
1328 2457 1751 2494 Constantinus,Constaﬁntius,

94 2492 177 2529 Qodex
186 2495 352 2522 Justiniani.
921 2492 1088 2529 Gratianus,
1105 2496 1265 2528 Honorius,
1287 2494 1474 2527 Justitianus,
1491 2494 1637 2527 Justinus,
1655 2493 1714 2520 Leo
1730 2493 1751 2528 Ι,

94 2525 240 2564 ρωιεείηιιε
258 2531 312 2557 PP.
920 2525 1099 2564 Marcianus,
1116 2530 1201 2564 Otho,
1219 2525 1415 2564 Theodosius,
1433 2525 1555 2563 Valens,
1573 2525 1752 2556 Valentiniai

95 2561 267 2599 gommeanus
280 2565 518 2593 arehimandrita.
920 2574 987 2599 nus,
997 2574 1063 2592 eum
1079 2561 1349 2593 constitutionibus.

95 2596 304 2628 constitutiones
318 2601 461 2628 Ludovici
475 2601 529 2636 Pii,
547 2600 671 2628 Othonis
681 2601 702 2634 Ι,
717 2600 836 2628 Henrici
847 2600 867 2626 l.
957 2596 1146 2628 Innocentius
1161 2602 1172 2628 Ι
1187 2601 1244 2627 PP.

98 2675 140 2717 ψ)
152 2679 274 2717 Anselmi
284 2681 337 2708 hac
350 2681 386 2708 de
403 2689 434 2708 re
445 2682 554 2714 textus,
570 2680 621 2716 qui
636 2682 682 2708 est
691 2688 728 2708 ex
743 2681 867 2715 epistola
920 2681 1044 2708 recitati.

73 2711 234 2751 S{iregoriil
253 2717 320 2751 PP.,
333 2718 430 2743 exstat
438 2717 514 2751 apud
524 2711 694 2744 Gratianum
703 2724 728 2744 c.
745 2711 788 2749 23,
802 2725 830 2751 q.
839 2717 865 2750 8,
956 2717 1012 2751 (19)
1024 2717 1176 2743 Postremo
1184 2723 1338 2742 monemus
1347 2715 1541 2750 capitulorum
1553 2715 1643 2751 hujus
1653 2716 1752 2751 operis

314 2747 319 2751 ’
457 2747 464 2751 “
784 2747 786 2749 ⁷
812 2747 820 2751 ’
860 2747 863 2750 ’
921 2747 1074 2779 numerum
1086 2752 1115 2778 in
1126 2752 1279 2777 codicibus
1298 2747 1495 2785 variare,sive
1505 2752 1541 2777 ob
1554 2747 1689 2786 quidam
1698 2752 1751 2777 ad-

98 2782 226 2823 t‘tl§)_l_\‘pihil
245 2787 324 2814 aliud
343 2790 389 2814 est
414 2788 444 2814 in
460 2789 540 2814 textu
560 2787 617 2814 nisi
646 2787 676 2814 S.
706 2787 867 2823 Augustini
921 2788 1087 2822 ditamcnta,
1103 2795 1170 2822 quae
1192 2787 1262 2813 alibi
1289 2782 1505 2821 desiderantur,
1536 2782 1602 2814 sive
1618 2787 1655 2814 ob
1678 2787 1752 2813 alias

76 2820 179 2846 nonnulli
198 2822 260 2857 loci,
276 2825 303 2850 et
327 2823 445 2858 quidsm
464 2823 542 2858 apud
561 2823 732 2851 Gratianum
748 2820 867 2858 quoque
922 2823 1070 2858 quaslibet
1081 2820 1203 2850 causas.
