4008 6172
186 326 291 393 537

186 527 727 589 bibliothecislatent.
748 525 1079 595 Principem
1095 538 1239 578 vero
1254 525 1403 578 inter
1418 524 1607 592 ipsius
1623 537 1799 592 opera
1832 512 1886 576 Δ

184 622 347 674 locum
377 618 498 671 sine
530 616 703 669 dubio
752 614 1136 669 celeberrima
1181 629 1471 667 canonum
1518 611 1798 665 Collectio

187 711 397 774 obtinet,
438 721 625 777 quam,
674 705 1017 757 adhortante
1049 707 1222 773 atque
1270 702 1553 755 suadente
1586 700 1801 771 Grego-

184 800 255 851 rio
284 796 394 861 VII,
427 795 746 847 adornasse
790 808 929 845 vero
975 792 1335 845 simillimum
1372 784 1482 844 est.
1536 789 1595 842 Id
1647 790 1800 841 enim

183 886 349 956 operis
365 882 677 954 epigraplie
691 881 1094 935 demonstrare
1109 881 1357 947 videtur,
1374 894 1549 950 quam
1571 878 1800 948 inclyta

182 973 623 1029 Barberiniorum
653 970 1024 1024 bibliotheca
1051 969 1236 1023 codex
1254 971 1384 1022 ante
1407 968 1663 1023 medium
1687 983 1800 1021 sa-

181 1062 344 1117 cnlum
377 1060 662 1114 decimum
693 1059 927 1113 tertium
959 1062 1236 1112 cxaratus
1267 1058 1522 1126 exhibet,
1550 1071 1800 1127 quaque

179 1153 241 1205 ita
258 1166 315 1204 se
334 1149 533 1203 habet:
560 1148 772 1219 Incipit
796 1147 1133 1201 authentica
1163 1152 1219 1201 et
1239 1146 1644 1217 compendiosa
1670 1144 1797 1199 Col-

178 1236 670 1308 lectioregularum
694 1242 751 1289 et
775 1236 1205 1296 sententiarum
1228 1234 1341 1289 SS.
1360 1234 1606 1288 Patrum
1626 1240 1683 1288 et
1706 1249 1801 1287 au-

177 1325 515 1381 ctorabilium
531 1323 1089 1392 coneiliorumfacta
1106 1331 1368 1395 tempore
1385 1323 1667 1396 Gregorii
1678 1338 1741 1376 sa
1750 1339 1809 1376 n-

178 1414 403 1469 otissimi
425 1430 596 1485 papa
627 1429 658 1467 a
691 1412 1058 1468 B.Anselmo
1087 1413 1342 1467 Lucensi
1366 1412 1494 1485 ejus
1525 1411 1806 1483 diligenti

176 1506 442 1558 imitatore
472 1508 534 1557 et
566 1501 877 1573 discipulo,
910 1503 1074 1575 cuius
1088 1502 1364 1574 jussione
1408 1507 1466 1556 et
1503 1506 1804 1572 praecepto

175 1592 569 1647 desideranter
581 1592 1005 1645 consummavit
1018 1591 1125 1645 hoc
1139 1590 1584 1662 opus.Eamdem
1600 1589 1807 1643 inscri-

174 1680 392 1750 ptionem
425 1680 647 1733 habent
678 1680 867 1733 codex
898 1679 1216 1733 Vaticanus
1249 1695 1408 1733 num.
1442 1678 1575 1733 5331
1626 1678 1802 1732 char-

171 1775 368 1837 taneus,
386 1785 492 1823 nec
507 1784 628 1823 non
645 1770 759 1823 duo
774 1769 1169 1837 Parisienses,
1188 1770 1571 1824 Bibliotheca
1599 1768 1803 1839 Regia

172 1858 313 1925 alter,
356 1858 737 1912 bibliotheca
784 1873 928 1911 vero
976 1859 1351 1912 celeberrimi
1402 1859 1802 1912 Maurinorum
1835 1887 1884 1950 Β

173 1947 477 2000 monasterii
513 1946 579 2001 S.
614 1947 950 2001 Germania
1000 1948 1192 2001 Pratis
1238 1948 1412 2017 alter,
1464 1950 1564 2018 qui
1613 1952 1804 2001 tamen

169 2050 345 2090 omnes
374 2035 619 2089 nonnisi
648 2037 994 2105 pralaudati
1027 2037 1249 2090 codicis
1271 2038 1611 2107 apographa
1643 2040 1800 2090 sunt.

225 2141 554 2212 Quanquam
587 2150 727 2197 vero
771 2143 900 2197 hac
946 2144 1256 2214 inscriptio
1297 2160 1414 2197 non
1461 2144 1533 2197 ab
1579 2143 1709 2213 ipso
1740 2143 1799 2197 S.

175 2231 422 2285 Anselmo
455 2232 626 2301 operi
660 2246 768 2285 suo
798 2232 1064 2301 apposita
1098 2232 1385 2300 videatur,
1420 2232 1561 2285 nihil
1611 2235 1805 2286 tamen

172 2336 230 2372 ex
255 2335 318 2373 eo
348 2320 558 2374 deduci
594 2323 787 2389 potest
805 2321 960 2390 quod
979 2326 1240 2374 nostram
1265 2320 1615 2375 sententiam
1638 2336 1803 2374 ever-

168 2410 252 2477 tat,
282 2424 406 2462 cum
438 2409 652 2463 eadem
681 2409 852 2479 plane
884 2425 1058 2462 manu
1089 2424 1202 2480 qua
1235 2409 1363 2479 ipse
1383 2410 1569 2463 codex
1594 2424 1804 2462 exara-

171 2499 248 2550 tus
265 2502 365 2565 est,
382 2497 727 2567 conscripta
743 2498 838 2565 sit,
857 2513 924 2551 ac
938 2497 1183 2567 proinde
1204 2502 1475 2569 tanquam
1490 2498 1805 2569 cujusdam

168 2584 216 2638 S.
247 2587 497 2640 Anselmi
534 2586 723 2641 coavi
758 2588 1155 2640 testimonium
1188 2587 1557 2640 considerari
1593 2589 1803 2657 possit.

171 2675 381 2727 Accedit
409 2675 574 2745 quod
606 2675 794 2730 codex
822 2676 934 2728 iste
968 2675 1349 2730 Barberinius
1383 2677 1561 2730 Lucae
1594 2692 1805 2731 exara-

169 2764 247 2815 tus
273 2778 401 2817 esse
435 2764 728 2818 videatur.
762 2764 826 2818 In
856 2764 989 2835 ejus
1022 2765 1175 2819 enim
1194 2766 1440 2820 exordio
1463 2768 1584 2819 tum
1604 2766 1806 2820 charta

170 2853 654 2922 manumissionis,
692 2855 809 2906 tum
841 2853 1050 2922 littera,
1086 2870 1259 2925 quam
1303 2855 1501 2910 dicere
1541 2855 1806 2910 solemus

172 2938 408 3007 formata,
442 2942 502 2994 in
556 2941 833 2996 ecclesia
885 2942 1177 2997 Lucensis
1227 2959 1400 2997 usum
1453 2945 1807 3013 conscripta

170 3032 374 3082 exstant
397 3030 850 3085 (Seleberrimus
881 3031 1047 3086 Dom.
1095 3031 1382 3102 Mansius,
1416 3033 1806 3101 archiscopus

171 3119 433 3185 quondam
466 3119 793 3189 Lucensis,
828 3125 882 3174 et
914 3121 1299 3175 doctissimus
1323 3138 1636 3176 sacrorum
1669 3138 1808 3176 con-

172 3205 409 3261 ciliorum
457 3208 656 3262 editor
689 3208 839 3262 hanc
888 3210 1374 3265 manumissionis
1424 3211 1686 3265 chartam
1734 3227 1808 3265 ex

173 3300 348 3350 nostro
380 3297 591 3352 codice
622 3298 944 3367 exscripsit
973 3303 1028 3352 et
1057 3300 1211 3369 typis
1243 3300 1617 3371 pei-vulgavit
1644 3296 1779 3369 (23).

228 3383 506 3438 Caterum
540 3385 698 3438 idem
726 3385 916 3439 codex
944 3402 1159 3440 versus
1195 3390 1484 3457 quosdam
1514 3391 1571 3442 in
1602 3387 1662 3442 S.
1685 3389 1810 3440 An-

173 3471 318 3524 selmi
332 3489 482 3542 opus
499 3472 764 3541 exhibet,
781 3473 879 3544 qui
902 3474 1171 3528 eumdem
1195 3492 1263 3529 ae
1285 3476 1591 3545 inscriptio
1612 3480 1813 3530 aucto-

176 3574 276 3613 rem
304 3561 519 3616 habere
552 3562 847 3633 videntur,
883 3578 1150 3634 quosque
1184 3564 1279 3618 hic
1309 3581 1603 3635 apponere
1626 3566 1805 3620 lubet.

359 3686 424 3739 In
465 3686 792 3740 Trinitatis
821 3688 1055 3742 nomine

359 3774 605 3829 Sanctae
636 3781 695 3830 et
726 3776 1055 3831 individua

361 3863 585 3935 Incipit
614 3865 755 3918 hinc
782 3864 1051 3920 feliciter

361 3951 555 4006 Istius
583 3951 733 4006 libri
763 3953 963 4007 series
984 3972 1004 4018 ;

365 4039 554 4105 Quem
582 4039 819 4097 scilicet
849 4056 928 4097 ex
944 4040 1118 4097 Italia

180 4272 568 4348 musscripta,
600 4272 798 4348 aliqua
828 4273 1151 4348 retinemus
1183 4275 1241 4328 in
1263 4276 1578 4348 memoria;
1603 4277 1817 4348 multos

182 4338 391 4396 libellos
422 4338 694 4419 propriis
704 4338 995 4419 'manibus
1045 4346 1436 4419 conscripsit:
1473 4338 1818 4419 Apologeti-

182 4425 291 4463 cum
324 4429 500 4467 unum
538 4430 611 4467 ex
641 4415 898 4468 diversis
928 4419 1265 4469 sanctorum
1291 4415 1541 4471 Patrum
1565 4415 1819 4473 volumi-

184 4482 341 4557 nibus
364 4484 727 4553 compilavit,
760 4486 979 4557 quibus
1008 4485 1205 4541 domui
1252 4503 1420 4557 papa
1470 4490 1818 4545 sententiam

184 4556 231 4629 et
253 4554 529 4629 universa
580 4557 714 4629 ejus
762 4554 913 4629 facta
958 4562 1129 4628 atque
1173 4554 1468 4629 praecepta
1518 4563 1821 4617 canonicis

185 4620 505 4697 defenderet
574 4612 900 4681 rationibus
965 4612 1427 4697 et‘app‘robaret
1478 4612 1890 4687 orthodoxis”

188 4696 633 4750 auctoritatibus.
686 4698 745 4751 In
801 4696 1245 4753 lamentationes
1290 4702 1563 4756 Jeremia
1608 4703 1820 4756 diluci-

188 4763 469 4848 dissimam
505 4768 643 4848 fecit
663 4770 1101 4848 expositionem
1127 4787 1139 4824 :
1194 4771 1565 4848 Psalterium_
1586 4789 1822 4844 quoque

189 4843 373 4904 rogatu
402 4839 907 4893 benedictissima
940 4841 1043 4894 Dei
1078 4842 1309 4897 ancilla
1369 4839 1666 4898 Mathild'a
1724 4839 1824 4897 ex-

190 4910 362 4972 posuit
388 4909 882 4983 luculentissima,
899 4911 1157 4967 breviter
1177 4914 1433 4983 quidem.
1453 4916 1560 4970 sed
1584 4916 1821 4983 utiliter,

191 4981 465 5054 usquead
516 4982 677 5054 illum
719 4981 775 5054 in
824 4983 1038 5054 locum,
1090 4981 1211 5039 ubi
1231 4985 1346 5039 ait:
1397 4981 1827 5041 Benediximus

197 5050 434 5127 vobisin
457 5053 701 5127 nomine
717 5052 967 5127 Domini.
996 5050 1032 5127 ᾗ
1063 5054 1225 5127 (Vita
1250 5054 1638 5127 SrAnselmi,
1673 5055 1704 5127 ἕ
1731 5055 1820 5125 2οι

496 5126 648 5222 apud
668 5121 1246 5222 ΒᾹοιέῗηέΙῇΑοιειΑιςξ.
1270 5121 1726 5222 acdot8nMa§tiiAt
1752 5121 1820 5196 II,

194 5193 461 5278 ρθςηϐξμί,
496 5200 551 5247 et
580 5196 732 5261 apud
767 5195 1062 5248 Mabillon.
1097 5196 1391 5278 Acta_SS.
1431 5197 1495 5250 0.
1528 5198 1591 5253 S.
1627 5193 1823 5251 Beneé

196 5258 320 5335 dicti
349 5268 501 5335 haec.
537 5263 630 5335 VI,
665 5279 718 5331 p.
756 5280 813 5332 ii,
852 5281 983 5335 pag.
1015 5264 1139 5319 480.
1175 5268 1311 5321 edit.
1360 5268 1562 5323 Venet.
1608 5268 1825 5323 Eadem

196 5326 246 5380 S.
275 5332 531 5412 Anselmi
564 5326 707 5412 Vita
743 5326 862 5412 una
906 5326 1035 5412 ovum
1085 5338 1266 5412 variis
1296 5337 1604 5412 ejusdem,
1626 5340 1821 5412 sancti

199 5404 483 5467 Opusculis
505 5421 533 5457 a
565 5404 953 5461 celeberrimo
979 5407 1138 5462 Luca
1158 5404 1522 5480 Wadd'ingio
1543 5411 1697 5464 edita
1720 5410 1828 5464 fuit

203 5467 383 5525 Romae
414 5473 570 5527 1657.
597 5476 771 5527 iii-4.)

255 5486 383 5525 ama:
414 5481 570 5539 1657,
597 5481 771 5537 in-t.)

389 5546 671 5629 amplas.
703 5546 941 5629 Qollect.
980 5551 1596 5629 concilior:,t.-_XV_I_II,
1622 5568 1677 5620 p.
1703 5551 1824 5629 221.

259 5612 361 5681 (’24)
408 5612 790 5691 De'antiquis
841 5636 1129 5691 canonum
1174 5612 1640 5690 collectionibus;
1688 5626 1822 5691 etc.,

201 5698 510 5775 i’;_"’v,¢?,r,
536 5690 624 5775 t3,
650 5690 1093 5775 98,5.'640-§4§,.
1111 5693 1247 5774 edit.
1268 5694 1405 5775 "ea.
1437 5692 1824 5775 (Patro/ogize

202 5757 324 5809 tom.
358 5757 504 5811 LVI‘
533 5757 675 5832 Opp.
708 5757 768 5817 εἴ.
789 5763 1008 5818 Leonis
1039 5757 1237 5837 Magni
1268 5763 1360 5835 III,
1393 5757 1541 5834 init.)

693 325 1054 387 APPEND.
1091 325 1142 385 Ι.
1178 359 1249 369 -—-
1295 322 1649 385 DISSER’I‘
1702 321 1810 383 DE
1854 319 1919 379 S.
1968 314 2348 381 ANSELMI
2395 316 2799 379 COLLEC'I‘.
2846 319 3036 381 CAN.

3468 318 3597 381 538'

2135 517 2475 585 Anselmus,
2503 517 2714 589 quique
2739 518 3023 588 pontifex

2138 608 2386 660 Lucanae
2416 605 2529 659 fuit
2561 606 2873 673 Ecclesiae,

2154 694 2255 748 Vir
2270 696 2539 767 prudens
2569 710 2635 748 ac
2666 695 3006 758 catholicus,

2138 784 2205 838 In
2239 783 2472 837 Christi
2492 782 2608 837 [ide
2640 781 2937 851 fervidus,

2143 872 2381 942 Carpsit
2413 888 2491 926 ex
2523 877 2640 926 toto
2668 887 2949 925 canonum

2142 962 2219 1015 Et
2248 961 2496 1014 Patrum
2530 968 2865 1013 sanctiruni
2890 976 3155 1030 corpore.

1997 1050 2362 1105 Anselmiani
2406 1051 2607 1119 operis
2642 1049 2880 1103 codices
2911 1050 3067 1120 quod
3090 1050 3313 1116 attinet,
3334 1050 3583 1102 maxime

1927 1141 2077 1193 inter
2110 1155 2174 1192 se
2210 1139 2353 1191 varii
2386 1141 2541 1191 sunt.
2567 1139 2646 1191 De
2678 1154 2792 1208 qua
2817 1154 2877 1191 re
2912 1138 3154 1191 consule
3191 1155 3254 1192 ea
3284 1154 3414 1207 qua
3449 1138 3588 1191 doc-

1926 1228 2141 1281 tissimi
2174 1227 2390 1281 fratres
2428 1227 2725 1281 Ballerinii
2746 1226 3052 1281 disserunt
3073 1226 3475 1296 (‘24).Codices
3494 1226 3586 1280 ni-

1925 1317 2137 1369 mirum
2171 1317 2227 1369 in
2259 1315 2457 1368 multis
2490 1316 2636 1369 locis
2659 1315 2990 1385 interpolati
3011 1317 3167 1383 sunt,
3195 1315 3386 1385 iisque
3411 1316 3587 1369 docu-

1925 1407 2116 1459 menta
2150 1404 2398 1473 plurima
2417 1405 2638 1458 inserta
2663 1404 3126 1473 conspiciuntur,
3148 1419 3279 1473 qua
3304 1403 3584 1458 Anselmo

1925 1497 2046 1547 tum
2076 1493 2295 1562 priora,
2328 1497 2448 1547 tum
2477 1493 2808 1562 posteriora
2840 1496 2998 1546 sunt.

1998 1582 2155 1636 Inter
2185 1597 2251 1635 ea
2284 1598 2415 1653 qua
2450 1582 2783 1651 posteriora
2807 1586 2963 1651 sunt,
2987 1581 3196 1651 synodi
3230 1581 3585 1636 Placentina

1926 1687 2021 1725 an.
2058 1671 2196 1725 1109
2223 1671 2436 1725 habita
2469 1672 2739 1741 capitula,
2758 1686 2985 1726 necnon
3010 1686 3375 1725 summorum
3398 1672 3586 1741 ponti-

1927 1761 2102 1825 ﬁcum
2131 1760 2353 1814 Urbani
2387 1759 2453 1827 II,
2490 1759 2695 1813 Calixti
2729 1760 2801 1825 II,
2840 1761 3145 1813 Paschalis
3170 1761 3239 1827 ll,
3267 1760 3379 1813 imo
3410 1763 3465 1814 et
3496 1759 3585 1813 In-

1928 1851 2182 1905 nocentii
2215 1849 2261 1901 II
2296 1848 2561 1918 epistola
2592 1849 2863 1919 quadam
2894 1849 3220 1903 decretales
3272 1848 3582 1902 habentur.

1930 1939 2097 1993 Unde
2128 1938 2344 1991 factum
2375 1952 2513 1991 esse
2547 1940 2819 2007 putamus
2855 1940 2912 1990 ut
2940 1937 3199 1990 nonnulli
3235 1936 3385 1989 hanc
3417 1935 3588 1991 colle-

1929 2028 2181 2082 ctionem
2212 2025 2272 2081 S.
2308 2026 2589 2080 Anselmo
2626 2025 2883 2079 anensi
2918 2025 3284 2079 tribuendam
3311 2041 3449 2080 esse
3481 2042 3587 2080 ne-

1930 2115 2235 2186 gaverint,
2292 2130 2541 2185 quorum
2601 2129 2749 2168 vana
2808 2116 3150 2185 argumenta
3211 2129 3242 2166 a
3300 2113 3588 2167 fratribus

1930 2204 2268 2257 Balleriniis
2313 2204 2482 2256 docte
2530 2206 2586 2256 et
2635 2203 2781 2256 scite
2830 2203 3073 2271 explosa
3122 2205 3276 2268 sunt,
3326 2203 3396 2255 ad
3437 2218 3623 2272 quos-

1928 2293 2176 2363 proinde
2207 2292 2505 2362 benignos
2536 2292 2789 2345 lectores
2823 2290 3195 2359 remittimus,
3223 2306 3355 2345 cum
3386 2306 3497 2344 nos
3531 2290 3587 2343 in

1930 2381 2040 2434 hac
2070 2383 2275 2435 nostra
2308 2380 2746 2447 dissertatione,
2782 2395 2955 2449 quam
2988 2380 3069 2432 De
3102 2378 3163 2432 S.
3199 2378 3463 2432 Anselmi
3487 2395 3586 2432 ca-

1932 2485 2149 2523 nonum
2179 2469 2533 2524 Collectionc
2585 2468 3028 2537 inscripsimus,
3077 2483 3143 2522 ea
3189 2467 3587 2521 tantummodo

1931 2559 2120 2612 daturi
2151 2558 2339 2611 simus
2358 2574 2489 2628 qua
2509 2557 2769 2611 virorum
2790 2556 3022 2610 illorum
3042 2558 3423 2627 sagacitatem
3438 2553 3589 2609 effu-

1932 2650 2158 2718 gerant,
2192 2648 2283 2700 vel
2317 2663 2449 2716 qua
2483 2646 2844 2699 Anselmiani
2877 2646 3077 2714 operis
3119 2649 3386 2698 naturam
3418 2648 3590 2715 atque

1930 2736 2188 2790 indolem
2221 2736 2431 2789 melius
2464 2735 2764 2788 declarare
2800 2737 3070 2803 possunt.
3455 2799 3463 2812 ι

2003 2826 2293 2879 Caeterum
2323 2824 2672 2878 documenta
2704 2823 2820 2891 illa,
2855 2838 3009 2893 qua,
3047 2821 3122 2877 uti
3155 2822 3433 2892 diximus,
3470 2823 3593 2876 An-

1934 2914 2235 2967 selmiana
2283 2912 2622 2966 Collectioni
2669 2911 2896 2983 adjecta
2942 2915 3099 2981 sunt,
3132 2911 3191 2965 in
3222 2911 3593 2983 singulorum

1933 3002 2221 3056 librorum
2252 3001 2365 3054 fine
2401 3000 2624 3070 passim
2666 3000 2859 3054 addita
2908 3000 3372 3069 conspiciuntur.
3409 2999 3491 3052 Ita
3522 2998 3594 3052 ad

1930 3090 2066 3144 libri
2098 3090 2327 3160 septimi
2351 3088 2592 3159 calcem,
2610 3090 2667 3142 in
2691 3089 2891 3143 codice
2914 3088 3287 3142 bibliotheca
3303 3087 3591 3141 Barbari-

1935 3179 2147 3246 niana,
2184 3177 2510 3231 Innocentii
2541 3176 2587 3230 II
2622 3178 2951 3231 decretales
2987 3177 3295 3246 habentur,
3329 3192 3478 3246 quas
3498 3190 3592 3229 ce-

1842 3251 1888 3311 C
1934 3267 2289 3322 leberrimus
2307 3265 2703 3336 Sartiustypis
2726 3265 2905 3320 edidit
2919 3266 3051 3333 (25).
3068 3265 3195 3319 Nos
3210 3266 3304 3318 hic
3318 3264 3591 3319 dabimus

1936 3356 2108 3408 aliam
2138 3353 2409 3424 ejusdem
2442 3353 2767 3408 Innocentii
2799 3353 2849 3407 II
2882 3354 3192 3423 epistolam
3225 3354 3297 3407 ad
3324 3354 3455 3407 libri
3488 3352 3594 3407 de-

1938 3444 2071 3497 cimi
2104 3443 2326 3497 calcem
2358 3443 2416 3496 in
2448 3442 2649 3497 codice
2672 3442 2951 3497 Vaticano
2976 3459 3132 3497 num.
3164 3443 3316 3511 1364,
3351 3442 3591 3511 fol.255,

1937 3532 2275 3602 ascriptam.
2310 3531 2468 3585 Idem
2500 3532 2686 3586 codex
2737 3532 2794 3586 in
2840 3532 2954 3585 fine
2999 3531 3132 3584 libri
3163 3531 3317 3585 sexti
3351 3530 3594 3584 alteram

1939 3620 2163 3676 Urbani
2197 3620 2245 3673 II
2262 3620 2569 3689 epistulam
2588 3620 2806 3675 dilecto
2826 3619 2947 3674 lilio
2969 3620 3149 3675 Lucio
3162 3620 3483 3691 praeposito
3504 3634 3596 3673 ec-

1940 3708 2141 3766 clesia
2173 3708 2236 3762 S.
2269 3708 2539 3762 Juventii
2576 3708 2728 3778 apud
2774 3708 3035 3763 Ticinum
3076 3709 3367 3763 directam
3399 3708 3590 3772 habet,

1940 3814 2115 3870 quam
2162 3797 2429 3851 Mansius
2478 3796 2697 3867 publici
2741 3796 2900 3867 juris
2950 3796 3087 3852 fecit
3117 3797 3249 3864 (26).
3284 3796 3595 3851 Gratianus

1941 3886 2206 3941 eamdem
2238 3885 2461 3940 Urbani
2485 3886 2551 3939 P.
2569 3886 2877 3955 epistolam
2898 3886 3188 3957 integram
3204 3885 3326 3939 fere
3346 3885 3596 3939 Decreto

1942 3991 2053 4029 suo
2082 3975 2147 4028 Ο.
2184 3973 2235 4043 1,
2269 3990 2327 4045 q.
2360 3974 2414 4042 3,
2448 3990 2500 4027 c.
2535 3973 2586 4043 8,
2621 3974 2891 4028 inseruit.

2013 4061 2269 4117 Plurima
2300 4078 2447 4117 vero
2477 4077 2549 4115 ex
2584 4062 2717 4116 istis
2748 4062 3139 4131 documentis,
3167 4065 3294 4117 sive
3318 4062 3599 4117 Anselmo

2018 4277 2135 4345 (25)
2153 4276 2233 4329 De
2265 4274 2443 4329 claris
2468 4273 2929 4345 archigymnasii
2950 4274 3345 4345 Bononiensis
3368 4275 3599 4344 profes-

1946 4343 2187 4402 soribus
2216 4350 2255 4400 t.
2289 4346 2331 4410 I,
2368 4347 2423 4398 in
2457 4343 2946 4415 append.num.5,
2962 4361 3096 4416 pag.
3117 4343 3376 4399 191-194.
3410 4347 3600 4400 Bono-

1946 4420 2059 4473 nia
2092 4418 2248 4472 1769.
2283 4416 2474 4470 in-t‘ol.

2016 4488 2130 4557 (25)
2162 4488 2444 4557 Ampliss.
2493 4486 2774 4541 Collectio
2820 4486 3029 4541 concil.
3082 4491 3122 4541 t.
3175 4485 3307 4553 XX,
3354 4503 3410 4555 p.
3461 4484 3599 4539 660-

1944 4559 2070 4615 663.
2108 4558 2431 4613 Innocentii
2459 4559 2707 4627 epistola
2730 4561 2848 4613 est:
2883 4558 2957 4611 Ut
2983 4558 3250 4612 homines
3268 4573 3379 4628 non
3390 4558 3600 4628 prolii-

1946 4632 2091 4685 bean
2102 4637 2199 4684 tur
2220 4631 2491 4701 accipere
2510 4630 2899 4683 monachi/em
2913 4628 3177 4683 habitum
3191 4630 3251 4682 in
3266 4627 3399 4698 ﬁne,
3417 4643 3602 4701 neque

1947 4701 2197 4773 sepeliri
2218 4702 2278 4753 in
2308 4701 2692 4754 monasteriis
2722 4701 2843 4754 nisi
2865 4701 3369 4754 excommunicati.

2024 4768 2042 4819 ξι
2082 4772 2457 4825 Innocentius
2490 4773 2832 4841 episcopus,
2866 4787 3080 4825 servus
3131 4786 3441 4824 servorum
3474 4768 3600 4837 Dei,

1950 4842 2393 4896 veneraliilibus
2425 4840 2713 4896 fratribus
2746 4844 2813 4896 Il.
2850 4841 3271 4896 Mediolanensi
3303 4840 3601 4909 archiepi-

1948 4929 2153 4982 scopo,
2191 4916 2288 4967 Ar.
2323 4913 2584 4968 Cumano
2616 4919 2672 4967 et
2701 4915 2754 4968 J.
2777 4913 3074 4967 Laudensi
3098 4912 3419 4982 episcopis,
3446 4913 3602 4965 salu-

1948 4989 2063 5039 tem
2094 4990 2151 5037 et
2183 4984 2565 5054 apostolicam
2595 4985 3086 5039 benedictionem.

2026 5078 2046 5101 «
2079 5052 2375 5109 Pen-latum
2404 5055 2581 5109 estad
2615 5070 2791 5108 aures
2809 5059 3046 5108 nostras
3068 5054 3242 5124 quod,
3266 5058 3467 5107 contra
3490 5053 3604 5108 Ro-

1949 5142 2135 5179 mana
2162 5126 2445 5180 Ecclesia
2464 5125 2791 5195 privilegia,
2816 5125 3084 5195 quadam
3104 5141 3253 5178 nova
3271 5130 3326 5179 et
3348 5124 3605 5178 inaudita

1948 5198 2008 5250 in
2036 5198 2258 5250 vestris
2296 5197 2599 5267 parocliiis
2633 5200 2890 5249 statuere
2924 5197 3387 5262 rontendatis,ut
3410 5196 3607 5248 videli-

1950 5272 2040 5321 cet
2076 5269 2274 5321 nullus
2300 5266 2586 5336 deinceps
2619 5268 2992 5321 saecularium
3024 5267 3081 5319 in
3113 5266 3602 5321 monasteriorum

1949 5339 2254 5392 cimiteriis
2287 5338 2709 5407 tumutetur;et
2732 5339 2784 5391 si
2814 5339 2949 5409 quis
2983 5338 3316 5393 inﬁrmitate
3339 5354 3605 5409 praven-

1948 5412 2043 5463 tus
2076 5425 2142 5463 se
2176 5410 2525 5464 monachum
2548 5410 2672 5462 fieri
2696 5410 3451 5479 postulaverit,nullatenus
3475 5426 3604 5463 sus-

1949 5480 2216 5549 cipiatur.
2251 5480 2594 5533 Mandamus
2621 5480 2814 5550 itaque
2846 5483 3016 5535 vobis
3048 5486 3101 5534 et
3132 5484 3414 5535 universo
3447 5481 3605 5534 clero

1952 5555 2148 5606 vestro
2168 5554 2459 5620 quatenus
2484 5552 2555 5603 ab
2581 5551 2924 5620 hujusniodi
2949 5555 3407 5622 prasuinptione
3424 5552 3605 5603 omni-

1950 5622 2142 5675 modis
2176 5622 2503 5688 desistatis,
2534 5626 2588 5674 et
2621 5638 2725 5674 eos
2760 5625 2854 5691 qui
2892 5627 2945 5674 in
2980 5626 3097 5676 vita
3130 5625 3221 5677 vel
3243 5626 3298 5675 in
3335 5625 3517 5674 morte
3546 5623 3607 5673 in

1954 5693 2329 5748 monasteriis
2361 5695 2625 5749 converti
2661 5694 2749 5746 vel
2799 5694 3040 5765 sepeliri
3088 5694 3478 5759 dec‘reveiint,
3522 5693 3602 5763 ut,
