3948 6168
407 289 526 352 539

1163 287 1276 349 AD
1317 287 1501 349 OPP.
1551 288 1617 351 S.
1665 286 2041 349 ANSELMI
2088 285 2494 350 LUCENSIS
2537 288 3071 352 APPENDICES
3585 385 3592 391 Ι
3669 297 3757 357 540

409 492 613 562 priora
645 490 772 545 sive
802 489 1151 559 posteriora,
1187 505 1319 560 quae
1349 489 1406 542 in
1438 488 1832 543 Anselmianae
1871 488 2070 542 Colle-
2120 468 2159 523 Α
2188 488 2519 541 branaceus
2562 503 2632 543 ac
2680 489 3194 561 elegantissimus,
3226 491 3427 560 medio,
3459 493 3531 545 uti
3560 491 3761 562 videtur,

411 580 623 635 stionis
654 579 962 634 codicibus
994 579 1388 648 reperiuntur,
1424 578 1482 631 in
1517 579 1632 631 illis
1682 580 1854 632 etiam
1887 578 2073 633 colle-

412 669 707 723 ctionibus
739 671 971 721 exstant
1003 683 1135 737 quae
1166 683 1237 721 cx
1280 667 1544 720 Anselmi
1576 667 1930 721 Colleclione
1966 667 2071 720 de-

413 761 629 825 cerptaa
663 761 800 810 sunt
831 756 940 822 (‘27.
964 756 1129 819 Quod
1162 772 1282 825 prae
1333 756 1567 809 cieteris
1612 772 1684 809 ex
1715 756 2073 810 Collectione

413 861 586 915 quam
620 844 833 898 Bonizo
864 844 1139 898 Sutrinus
1157 845 1570 914 episcopus,et
1593 846 1651 899 S.
1678 846 1939 899 Anselmi
1963 863 2064 899 co-

414 934 792 1002 mvus,paulo
815 936 947 1002 post
970 949 1122 987 anno
1150 931 1286 987 1089
1309 934 1641 1003 composuit
1672 937 1727 987 et
1755 934 2072 989 Decretale

415 1037 521 1076 seu
538 1026 846 1092 syntagma
872 1022 1241 1076 decretorum
1263 1023 1801 1077 ecclesiasticorum
1824 1025 2073 1096 inscrip-

418 1111 515 1177 sit,
532 1110 664 1163 dein
682 1126 753 1163 ex
770 1110 883 1163 illis
899 1126 1046 1181 quas
1061 1111 1389 1181 Gregorius
1406 1113 1716 1181 presbyter
1730 1118 1783 1167 et
1805 1114 2075 1168 Deusde-

414 1198 496 1251 dit
528 1198 638 1266 (28)
670 1199 1170 1265 adornarunt,ncc
1202 1215 1317 1252 non
1348 1216 1420 1253 ex
1450 1200 1849 1255 Auselmianis
1874 1219 2075 1257 cxcer-

414 1286 550 1355 ptis,
587 1286 1032 1341 Vindobonensi
1050 1302 1257 1356 nempe
1276 1292 1330 1341 et
1348 1288 1713 1357 Cassinensi,
1730 1308 1797 1344 ac
1822 1292 2074 1363 denique

415 1374 865 1444 examplissima
882 1376 974 1429 illa
994 1379 1045 1430 et
1060 1393 1090 1429 a
1107 1378 1278 1430 nobis
1294 1378 1515 1446 saepius
1535 1379 1762 1432 laudata
1787 1397 2076 1436 canonum

413 1462 771 1518 Collectione
802 1469 1061 1535 apparet,
1080 1482 1213 1536 quae
1244 1467 1381 1520 olim
1406 1468 1462 1520 in
1485 1469 1872 1523 celeberrima
1894 1471 2080 1525 socie-

411 1553 548 1606 tatis
580 1553 725 1606 Jesu
756 1552 1112 1607 bibliotheca
1144 1554 1392 1609 Parisiis
1425 1557 1720 1625 exstabat,
1746 1575 1899 1613 nunc
1932 1575 2074 1614 vero

413 1640 676 1695 Berolini
707 1642 762 1693 in
794 1643 1111 1696 clarissimi
1160 1643 1426 1714 Savignii
1475 1645 1828 1700 bibliotheca
1871 1664 2075 1703 asser-

412 1733 602 1783 vatur.
638 1730 789 1783 Hinc
823 1730 1099 1784 facillime
1131 1731 1259 1785 fieri
1291 1732 1477 1802 potuit
1500 1736 1560 1787 ut
1582 1733 1874 1805 ejusmodi
1899 1737 2075 1791 docu-

413 1820 606 1871 menta
641 1834 713 1871 ex
744 1819 878 1872 istis
910 1819 1382 1889 collectionibus,
1417 1838 1548 1892 quae
1573 1839 1777 1879 omnes
1811 1841 1942 1878 cum
1963 1828 2080 1879 An—

417 1905 701 1959 selmiano
749 1922 927 1975 Opere
972 1908 1282 1961 maximam
1334 1910 1775 1965 similitudinem
1820 1913 2075 1979 habent,

416 1993 886 2062 desumerentur,
921 1999 1091 2065 atque
1125 1998 1430 2052 codicibus
1464 1999 1519 2052 in
1564 2000 1781 2070 quibus
1812 2002 2080 2056 Anselmi

416 2081 695 2136 Collectio
727 2083 1194 2151 describebatur,
1229 2084 1722 2157 adjungerentur.

487 2170 600 2224 Sed
626 2170 749 2240 jam
784 2171 854 2225 de
879 2172 1186 2227 codicibus
1210 2190 1356 2228 mss.
1381 2176 1779 2230 Anselmianis
1802 2178 2079 2232 nonnulla

416 2260 664 2313 dicenda
694 2276 830 2314 esse
864 2260 1155 2314 videntur.
1195 2262 1319 2316 Nos
1352 2262 1409 2315 in
1443 2264 1821 2320 elaborandis
1852 2268 2080 2322 nostris

415 2349 474 2402 in
506 2350 768 2403 Anselmi
803 2354 859 2404 et
889 2348 1145 2403 Gratiani
1178 2367 1356 2420 opera
1408 2353 1928 2424 disquisitionibus
1958 2359 2078 2409 tum

421 2437 737 2493 Vaticanos
766 2441 887 2493 tum
910 2439 1282 2510 Parisiensgs
1306 2441 1543 2496 codices
1568 2443 2081 2513 inspeximus.Co-

419 2526 583 2580 dices
620 2527 989 2581 Parisienses
1024 2544 1227 2596 parum
1266 2532 1364 2583 aut
1410 2530 1553 2584 nihil
1606 2532 1675 2584 ad
1726 2549 1849 2586 rem
1885 2535 2081 2587 facere

420 2618 691 2683 possunt.
728 2616 941 2685 quippe
988 2617 1086 2686 qui
1129 2633 1334 2671 omnes
1380 2620 1763 2689 recentiores,
1800 2626 1876 2689 et,
1909 2624 2084 2691 prout

414 2702 540 2773 jam
572 2703 851 2772 superius
882 2705 1309 2774 adnotavimus,
1347 2723 1420 2760 ex
1444 2708 1748 2763 codicibus
1774 2710 2079 2779 Romanis,

422 2790 846 2845 Barberiniano
878 2791 1106 2847 scilicet
1138 2799 1192 2848 et
1224 2795 1505 2849 Vaticano
1538 2812 1677 2849 num
1697 2797 1856 2864 4993,
1874 2798 2083 2867 paucis

423 2878 812 2949 solummodo,
846 2895 980 2950 quas
1009 2883 1104 2935 alii
1139 2882 1502 2938 Anselmiani
1546 2885 1784 2939 codices
1830 2884 2082 2940 forsitan

424 2966 688 3020 Vaticani
733 2969 1210 3040 suppeditarunt,
1265 2971 1545 3042 adjectis,
1591 2974 1873 3044 exscripti
1920 2977 2077 3029 sunt.

421 3053 623 3109 Codex
658 3055 975 3112 Vaticanus
1005 3059 1179 3113 modo
1227 3060 1462 3129 citatus,
1511 3062 1857 3116 chartaceus
1910 3067 2082 3133 atque

423 3144 643 3198 nullius
665 3146 859 3215 pretii,
878 3146 1059 3217 jussu
1084 3165 1272 3203 sacrm
1297 3152 1785 3221 congregationis
1804 3153 1875 3206 de
1894 3168 2087 3207 emen-
2124 3182 2175 3244 ο

422 3232 656 3288 datione
688 3234 921 3288 Decreti
951 3235 1212 3291 Gratiani
1243 3240 1623 3308 conscriptus
1646 3244 1756 3294 est.
1774 3241 2084 3294 Librarius

424 3337 629 3377 omnes
646 3324 843 3391 operis
866 3324 1225 3380 Anselmiani
1240 3328 1479 3381 codices
1494 3328 1808 3384 Vaticanos
1824 3331 1892 3382 ad
1910 3346 2083 3384 suum

423 3411 684 3464 codicem
709 3414 1067 3467 exarandum
1092 3415 1459 3486 adhibuisse,
1482 3419 1654 3487 atque
1674 3418 1927 3487 capitula
1951 3434 2083 3488 qum

422 3515 578 3553 unus
601 3516 722 3569 prm
741 3500 873 3555 aliis
892 3502 1058 3570 plura
1079 3503 1338 3570 exhibet,
1359 3505 1414 3557 in
1438 3520 1609 3558 suum
1634 3506 1897 3560 codicem
1920 3522 2084 3561 rece-

422 3587 587 3657 pisse
601 3587 1215 3661 videtur.Hujusmodi
1231 3593 1435 3645 codice
1450 3596 1819 3647 correctores
1838 3595 2087 3649 Romani

421 3691 549 3747 prae
578 3678 811 3731 caeteris
845 3679 936 3731 τιεί
972 3684 1128 3745 sunt,
1164 3680 1317 3734 unde
1349 3681 1562 3734 factum
1600 3682 1895 3735 credimus
1929 3683 2085 3752 quod

422 3764 672 3835 plurima
690 3767 876 3836 capita
899 3783 1032 3837 quae
1054 3771 1328 3838 tanquam
1348 3785 1421 3823 ex
1442 3770 1710 3823 Anselmi
1726 3770 2087 3825 Collectione

421 3868 454 3906 a
486 3853 760 3909 Gratiano
794 3858 1048 3909 mutuata
1075 3856 1341 3926 atterunt,
1369 3858 1427 3912 in
1457 3859 1734 3928 genuinis
1766 3859 1925 3913 illius
1957 3875 2090 3930 ope-

423 3940 509 3994 ris
541 3941 846 3997 codicibus
878 3944 1113 3998 minimc
1144 3946 1536 4001 inveniantur.

494 4026 695 4084 Codex
726 4031 1206 4101 Barberinianus,
1241 4037 1340 4106 qui
1374 4035 1653 4091 Vaticano
1688 4052 1827 4091 mox
1856 4036 2086 4091 laudato

425 4117 761 4173 simillimus
783 4123 894 4190 est,
919 4126 1143 4190 septem
1174 4125 1405 4191 priores
1438 4125 1836 4180 tantummodo
1869 4125 2090 4180 Collec-

424 4206 602 4261 tionis
632 4207 818 4263 libros
850 4210 1273 4280 complectitur,
1312 4230 1379 4267 ac
1413 4231 1614 4283 parum
1663 4218 1758 4269 aut
1791 4214 1912 4268 fere
1943 4214 2087 4268 nihil

424 4295 512 4349 rei
544 4298 765 4351 criticae
799 4298 1136 4370 adjumento
1171 4317 1308 4355 esse
1358 4304 1569 4371 poterit
1613 4319 1687 4357 ex
1717 4303 1869 4374 quod
1911 4303 2088 4356 nimis

423 4385 809 4455 interpolatus
825 4389 920 4442 sit.
939 4388 1335 4444 Doctissimus
1351 4391 1604 4460 Sartius,
1623 4392 1848 4445 ordinis
1865 4390 2089 4445 Gamal-

424 4474 692 4529 dulensis
725 4475 931 4543 decus,
965 4493 1138 4547 quem
1183 4479 1255 4532 de
1280 4479 1441 4549 juris
1491 4480 1686 4534 civilis
1730 4485 1787 4534 et
1818 4479 2089 4535 canonici

423 4567 869 4618 antecessorum
884 4564 1135 4618 historia
1150 4567 1366 4634 Optime
1387 4568 1658 4622 meritum
1678 4583 1816 4623 esse
1836 4572 2086 4636 constat,

424 4652 588 4722 operi
600 4651 758 4723 quod
778 4652 859 4706 De
874 4652 958 4705 cla
970 4654 1053 4706 ris
1068 4654 1529 4726 archigymnasii
1548 4656 1942 4711 Bononiensis
1956 4673 2090 4726 pro-

424 4740 762 4796 fessoribus
784 4740 1174 4812 publicijuris
1197 4742 1355 4810 fecit,
1388 4748 1719 4799 accuratam
1741 4761 1810 4799 ac
1840 4745 2088 4816 diligen-

424 4833 540 4884 tem
571 4830 839 4900 ejusdem
873 4831 1098 4885 codicis
1131 4831 1577 4887 illustrationem
1607 4833 1857 4888 inseruit
1880 4832 2011 4904 (29).

500 4919 703 4973 Restat
736 4923 795 4975 ut
841 4921 912 4975 de
945 4920 1077 4974 aliis
1125 4920 1359 4975 duobus
1409 4922 1715 4977 codicibus
1764 4921 2080 4984 Vaticanis,

426 5022 483 5059 n.
520 5005 656 5061 1363
687 5013 742 5061 et
773 5007 911 5064 1364
943 5011 1216 5081 signatis,
1251 5026 1436 5080 pauca
1468 5011 1755 5064 dicamus.
1782 5010 2086 5067 Posterior

426 5109 673 5150 mancus
705 5102 814 5167 cst,
831 5103 887 5154 et
914 5099 1066 5155 libro
1087 5099 1395 5155 undecimo
1421 5103 1599 5154 caret.
1619 5099 1879 5169 Uterque
1911 5115 2083 5154 mem-

457 5276 592 5346 uxta
614 5277 1102 5346 consuetudinem
1121 5277 1410 5332 hactenus
1428 5267 1705 5346 habitam,
1731 5278 1819 5331 eis
1840 5277 2084 5331 liberam

457 5292 592 5326 uxra
616 5292 1102 5331 consuetudinem
1123 5292 1410 5332 hactenus
1428 5292 1705 5346 namtam,
1731 5292 1819 5331 eis
1841 5292 2083 5331 nncram

423 5292 725 5418 licentiam
754 5348 1099 5413 permittatis
1132 5364 1237 5418 per
1279 5348 1603 5418 apostolica
1650 5349 1821 5402 vobis
1862 5350 2083 5416 scripta

428 5414 756 5487 mandando
790 5414 1185 5487 praecipimus,
1237 5414 1351 5473 nisi
1402 5420 1549 5474 forte
1595 5414 2084 5473 excommunicati

430 5485 665 5539 fuerint.
698 5486 822 5539 Dat.
857 5485 1049 5542 Later.
1084 5485 1204 5543 Vlltl
1237 5490 1391 5544 Maii.
1431 5514 1452 5538 η

501 5555 616 5627 (27)
645 5556 946 5610 Ballcrinii
985 5558 1094 5613 loc.
1129 5561 1249 5629 cit.,
1283 5578 1337 5629 p.
1371 5577 1447 5631 IV,
1484 5578 1610 5630 cap.
1653 5557 1740 5628 15,
1776 5575 1912 5631 pag.
1943 5557 2083 5614 657-

2122 4531 2173 4593 D

2187 580 2410 635 saeculo
2440 580 2786 635 duodecimo
2826 578 3222 649 conscriptus.
3262 579 3451 634 Codex
3485 597 3613 636 vero
3639 599 3764 637 num.

2189 668 2324 723 1361
2357 670 2531 741 longe
2564 669 2957 738 praestantior,
2975 670 3030 721 et
3047 669 3192 721 mira
3212 668 3499 740 diligentia
3520 673 3764 725 exaratus.

2190 759 2316 811 Nos
2347 759 2456 812 etsi
2492 759 2656 811 hisce
2686 757 2919 811 duobus
2951 757 3257 811 codicibus
3287 774 3404 827 prae
3446 759 3657 813 caeteris
3696 761 3770 814 usi

2190 847 2775 918 simus,nequaquam
2791 850 2979 899 tamen
2996 847 3257 917 reliquos
3268 847 3423 901 adire
3437 848 3768 919 negleximus,

2191 937 2250 989 in
2280 936 2353 989 iis
2384 937 2713 1005 praesertim
2744 951 2876 1005 quae
2908 936 2979 988 ad
3002 936 3418 990 restituendam
3446 936 3773 1005 capitulorum

2192 1026 2428 1093 seriem,
2463 1040 2635 1095 quam
2666 1025 2726 1077 in
2758 1025 3031 1078 omnibus
3063 1025 3187 1078 fere
3233 1024 3576 1079 Anselmiani
3618 1026 3777 1094 operis

2192 1114 2498 1168 codicibus
2541 1114 2829 1167 turbatam
2880 1128 3016 1167 esse
3050 1112 3556 1183 deprehendimus,
3600 1113 3778 1184 aliquid

2192 1203 2480 1256 inservire
2514 1218 2692 1271 posse
2716 1202 3089 1257 videbantur.

2264 1292 2583 1345 Auselmus
2615 1306 2764 1359 opus
2796 1306 2969 1344 suum
2998 1292 3059 1343 in
3088 1291 3367 1345 tredecim
3396 1291 3573 1345 libros
3600 1289 3782 1357 divisit,

2192 1395 2441 1450 quorum
2472 1379 2712 1450 singuli,
2756 1383 2926 1449 prout
2959 1394 3157 1433 rerum
3196 1379 3609 1433 tractandarum
3647 1394 3786 1449 argu-

2192 1473 2450 1522 mentum
2480 1468 2897 1538 expostularet,
2930 1471 3050 1521 tum
3078 1468 3380 1539 majorem,
3404 1471 3520 1521 tum
3547 1466 3785 1520 minorem

2193 1555 2578 1624 capitulorum
2610 1570 2918 1609 numerum
2948 1555 3434 1624 complectuntur.
3467 1554 3627 1608 Juvat
3652 1553 3792 1606 libro-

2194 1660 2323 1698 rum
2357 1644 2626 1697 rubricas
2657 1659 2772 1697 una
2803 1660 2934 1698 cum
2956 1644 3346 1713 capitulorum
3363 1658 3594 1697 numero
3611 1657 3675 1694 ex
3691 1640 3791 1694 Bal-

2192 1733 2533 1786 leriniorum
2567 1747 2743 1802 opere
2776 1732 2873 1786 hic
2903 1747 3235 1802 apponere:

2127 1833 2171 1894 Β
2194 1822 2321 1876 Lib.
2339 1821 2380 1875 Ι.
2406 1821 2761 1892 Deprimatu
2790 1826 2850 1875 et
2869 1821 3225 1876 excellentia
3246 1821 3514 1876 Romanae
3532 1817 3793 1873 Ecclesiae.

2406 1910 2590 1976 Alias,
2610 1909 2695 1963 De
2722 1916 3015 1980 potestate
3035 1916 3093 1964 et
3108 1910 3371 1980 primatu
3395 1906 3701 1980 apostolica
3720 1913 3796 1959 se-

2407 1999 2521 2052 dis.
2545 1997 2611 2052 e.
2642 1997 2730 2066 90,
2766 1997 2839 2051 al.
2874 1996 2963 2066 91,
2997 1998 3093 2052 vel
3120 1998 3210 2052 94.

2339 2088 2406 2142 ΙΙ.
2441 2087 2528 2141 De
2560 2087 2844 2141 libertate
2888 2085 3322 2157 appellationis.
3372 2086 3549 2153 Alias,
3583 2084 3658 2138 De
3694 2083 3798 2154 pri-

2409 2182 2565 2230 matu
2598 2175 2867 2230 Romanae
2897 2174 3187 2231 Ecclesiae
3205 2182 3263 2230 et
3295 2175 3576 2230 libertate
3604 2169 3804 2243 appella-

2409 2264 2608 2332 tionis,
2641 2263 2704 2318 C.
2739 2264 2824 2329 '78,
2864 2265 2935 2318 al.
2968 2264 3056 2317 81.
3090 2265 3183 2318 vel
3214 2264 3303 2317 8⁵2.

2340 2353 2435 2407 lll.
2472 2353 2559 2407 De
2589 2352 2798 2407 ordine
2832 2352 3168 2420 accusandi,
3205 2349 3567 2406 testificandi
3595 2354 3647 2402 et
3663 2346 3803 2420 judi-

2409 2442 2601 2496 candi.
2633 2440 2696 2495 α.
2732 2440 2853 2507 117,
2887 2441 2960 2494 al.
2998 2441 3119 2508 1°24,
3154 2441 3245 2494 vel
3282 2440 3402 2505 127,
3437 2440 3524 2494 vel
3558 2438 3669 2492 131.

2336 2530 2431 2584 1V.
2465 2531 2551 2584 De
2578 2531 2679 2600 pri
2689 2530 3034 2601 vilegiorum
3059 2529 3436 2583 auctoritate.
3458 2527 3520 2582 C.
3539 2528 3621 2594 55,
3640 2525 3718 2580 vel
3734 2522 3801 2590 58,

2407 2623 2507 2673 aut
2533 2617 2621 2673 57.

2340 2707 2408 2761 V.
2443 2707 2530 2762 De
2561 2707 3039 2762 ordinationibus
3070 2705 3482 2773 ecclesiarum,
3516 2703 3660 2760 etde
3687 2699 3809 2756 omni

2396 2797 2541 2868 jure
2573 2812 2639 2849 ac
2669 2795 2825 2849 slatu
2854 2796 3111 2849 illarum.
3148 2795 3335 2865 Alias,
3367 2795 3459 2850 De
3486 2792 3812 2850 ordinatione

2410 2890 2468 2939 et
2483 2884 2628 2954 jure
2668 2900 2735 2938 ac
2778 2889 2938 2937 statu
2978 2883 3392 2938 ecclesiarum.
3439 2881 3503 2937 C.
3537 2880 3621 2951 71,
3652 2880 3716 2935 al.
3743 2876 3813 2946 83,

2407 2974 2502 3028 vel
2530 2973 2618 3028 93.

2337 3063 2430 3117 Vl.
2483 3061 2569 3117 De
2614 3061 2924 3131 electione,
2977 3067 3035 3117 et
3070 3059 3454 3116 ordinatione
3503 3075 3568 3113 ac
3596 3058 3663 3114 de
3691 3053 3815 3112 omni

2402 3156 2698 3223 potestate
2720 3150 2853 3204 sive
2884 3154 3044 3204 statu
3079 3149 3508 3221 episcOporum.
3533 3148 3594 3202 Ο.
3621 3146 3735 3215 901,
3759 3142 3815 3196 al.

2407 3238 2533 3306 203,
2566 3240 2660 3292 vel
2689 3237 2814 3293 207.

2337 3328 2456 3382 Vll.
2493 3328 2580 3382 De
2618 3328 2734 3381 vita
2766 3333 2824 3381 et
2856 3327 3232 3382 ordinatione
3262 3325 3637 3381 clericorum.
3661 3322 3821 3386 Alias,

2405 3417 2494 3471 De
2522 3417 2638 3470 vita
2657 3421 2715 3469 et
2738 3415 3112 3470 ordinatione
3126 3412 3817 3486 presbyterorum,diaco-

2410 3521 2614 3560 norum
2651 3510 2710 3559 et
2744 3504 3108 3576 reliquorum
3156 3503 3453 3559 ordinum.
3502 3503 3564 3557 C.
3609 3500 3721 3561 207,
3748 3496 3822 3550 vel

2409 3593 2534 3663 909,
2569 3597 2667 3647 aut
2693 3591 2818 3647 9.13.

2337 3683 2486 3737 VllI.
2522 3681 2609 3736 De
2640 3681 2844 3752 lapsis.
2880 3679 2944 3735 C.
2976 3680 3067 3735 39.

2338 3772 2435 3825 IX.
2471 3770 2559 3825 De
2588 3770 3008 3824 sacramentis.
3040 3768 3107 3823 C.
3137 3769 3227 3838 74,
3260 3769 3335 3836 al,
3367 3767 3463 3824 69.

2339 3860 2411 3914 X.
2445 3859 2532 3914 De
2562 3858 2875 3931 conjugiis.
2908 3857 2972 3912 C.
3007 3857 3096 3925 03,
3130 3858 3205 3912 al.
3237 3855 3326 3924 68,
3361 3858 3460 3911 vel
3491 3855 3580 3924 70,
3614 3855 3706 3910 aut
3730 3850 3805 3907 76.

2336 3948 2435 4003 XI.
2468 3948 2556 4003 De
2578 3946 2949 4019 paenitentia.
2984 3945 3047 4001 C.
3084 3945 3207 4014 174,
3239 3945 3315 4000 al.
3350 3944 3481 4000 179.

2338 4035 2471 4091 ΧΠ.
2505 4036 2591 4091 De
2623 4036 3245 4091 excommunicatione.
3278 4034 3343 4089 C.
3373 4032 3468 4088 75.

2337 4124 2490 4180 XIII.
2522 4125 2612 4179 De
2648 4123 2909 4179 vindicta
2942 4128 3001 4179 et
3016 4122 3445 4196 persecutione
3466 4122 3655 4194 justa.
3685 4115 3831 4183 0.28,

2407 4213 2481 4268 al.
2513 4213 2602 4282 29,
2637 4213 2731 4266 vel
2759 4211 2848 4266 at.
3377 4209 3382 4213 '

2268 4302 2354 4356 Ad
2368 4301 2705 4356 mcthodum
2727 4300 2881 4372 quod
2898 4304 3124 4370 spectat
3144 4315 3318 4371 quam
3336 4299 3658 4354 Auselmus
3676 4298 3729 4350 in
3746 4307 3835 4348 suo

2196 4406 2374 4460 opere
2406 4390 2774 4459 compilando
2805 4390 3091 4457 adhibuit,
3116 4388 3278 4442 illum
3301 4389 3374 4442 ab
3406 4391 3836 4442 antecessorum

2195 4480 2469 4551 vestigiis
2499 4479 2737 4532 minime
2771 4479 3109 4532 recessisse
3139 4475 3666 4547 deprehendimus.
3699 4472 3843 4527 Sum-

2194 4584 2423 4623 morum
2452 4567 2796 4637 pontificum
2844 4566 3178 4621 decretales
3225 4564 3455 4619 litteras
3508 4564 3679 4618 modo
3709 4563 3840 4615 inte-

2199 4673 2360 4729 gras,
2396 4656 2567 4710 modo
2597 4657 2657 4709 in
2688 4659 2889 4725 partes
2910 4655 3243 4725 discerptas
3264 4652 3669 4722 compilationi
3699 4650 3843 4703 inse-

2200 4747 2332 4813 ruit,
2365 4745 2658 4815 inquibus
2690 4743 3046 4813 recipiendis
3078 4743 3276 4813 potius
3309 4739 3644 4795 Burchardi
3678 4735 3841 4788 Wor—

2196 4834 2501 4888 maliensis
2546 4833 2878 4901 Decretum,
2929 4847 3102 4901 quam
3150 4830 3322 4884 aliam
3370 4828 3531 4883 illam
3577 4824 3841 4881 Anselmo

2197 4922 2521 4977 dedicatam
2550 4919 2967 4974 Collectionem
2999 4918 3347 4974 adhibuisse
3380 4917 3674 4971 dicendus
3706 4915 3807 4965 est.

2267 5010 2505 5065 Minime
2536 5008 2945 5063 necessarium
2973 5007 3245 5062 ducimus
3278 5010 3338 5060 ut
3372 5005 3613 5059 modum
3662 5000 3840 5056 fusius

2198 5100 2560 5171 explicemus
2592 5113 2708 5169 quo
2739 5096 3059 5153 Auselmus
3081 5093 3407 5150 Burchardi
3429 5093 3684 5148 Decreto
3707 5102 3840 5144 usus

2412 5345 2707 5402 Ballerinii
2740 5344 2833 5399 loc
2865 5344 2986 5413 cit.,
3019 5360 3076 5414 p.
3110 5359 3189 5411 xv,
3231 5358 3357 5412 cap.
3404 5340 3487 5408 14,
3535 5354 3676 5408 pag,
3721 5332 3846 5390 646-

2192 5418 2379 5559 65€159)
2411 5489 2552 5542 Loc.
2587 5487 2686 5542 cit.
2720 5485 2809 5541 Cf.
2844 5486 3039 5539 adnot.
3073 5482 3162 5553 25,
3198 5499 3401 5553 supra.
