3948 6168
139 372 241 434 549
676 367 1016 431 ΑΡΡΕΝΙ)
1076 369 1121 428 Ι.
1156 402 1231 414 -
1264 367 1647 429 DISSERT.
1688 368 1741 428 D

1925 366 2303 428 ANSELMI
2337 366 2685 430 COLLEC.
2722 369 2910 429 CAN.

3400 369 3518 432 550

146 574 347 642 gmento
375 574 566 623 nostro
597 568 1018 632 inserta,Hanc
1034 566 1326 621 Ecclesiae
1350 566 1630 619 unitatem
1650 566 1746 637 qui
1778 554 1823 615 Α
1860 567 1987 620 sius
2020 569 2329 636 utrumque
2363 566 2699 635 capitulum,
2735 570 2852 619 tum
2885 581 2956 619 ex
3000 568 3261 621 Ansehni
3292 568 3516 623 Collec-

138 675 228 712 non
260 664 421 724 tenet,
440 664 641 711 tenere
671 673 734 710 se
763 655 937 711 [idem
962 654 1199 710 credit?
1223 653 1334 718 Qui
1344 653 1636 707 Ecclesize
1650 669 1745 707 re-

137 747 319 800 nititur
329 751 379 799 et
392 745 642 813 resistit,
660 745 718 797 in
735 744 1010 799 Ecclesia
1029 759 1095 797 se
1112 758 1248 797 esse
1270 741 1509 796 conﬁdit
1524 740 1551 794 .9
1563 758 1742 811 supra

134 833 388 903 paululum
435 837 646 886 mutata
690 833 881 886 denuo
933 831 1183 901 profert:
1220 830 1286 884 D.
1336 828 1424 897 93,
1460 846 1509 882 c.
1544 830 1603 884 3:
1635 830 1745 895 Qui

139 920 431 975 cathedram
458 919 634 974 Petri
660 936 840 991 super
863 937 1028 993 quam
1060 920 1304 974 fundata
1329 926 1417 972 est
1444 919 1737 989 Ecclesia,

144 1009 353 1078 deserit,
386 1010 442 1062 in
465 1008 739 1063 Ecclesia
769 1024 834 1063 se
854 1025 988 1063 esse
1010 1025 1120 1062 non
1140 1007 1411 1062 conﬁdat.
1428 1007 1741 1061 Gratianus

135 1098 292 1151 locum
320 1098 485 1151 istum
532 1113 605 1151 ex
635 1098 989 1152 Collectione
1012 1097 1322 1167 'I‘ripartita
1356 1113 1412 1166 p.
1446 1113 1534 1165 ιιι,
1569 1096 1653 1149 tit.
1684 1096 1737 1163 9,

133 1203 231 1256 cap.
260 1186 336 1252 18,
367 1189 418 1239 et
448 1201 521 1240 ex
550 1186 1002 1240 Pseudo-Ivone
1033 1202 1089 1256 p.
1128 1203 1184 1253 ν,
1222 1201 1348 1255 cap.
1380 1184 1504 1252 361,
1539 1200 1739 1238 excer-

129 1275 237 1345 psit.
266 1274 509 1344 Uterque
556 1281 763 1328 auctor
810 1278 931 1329 tum
976 1274 1355 1329 Collectionis
1401 1273 1737 1343 tripertitae,

128 1366 221 1415 tum
246 1363 458 1417 Decreti
487 1363 988 1431 Pseudo-lvonis,
1023 1363 1201 1417 verba
1254 1361 1522 1432 quaedam
1576 1360 1739 1432 frag-

130 1456 284 1505 mento
322 1456 517 1506 nostro
547 1452 880 1522 praemittit:
935 1452 1111 1506 Petri
1156 1453 1437 1505 unitatem
1490 1451 1585 1521 qui
1630 1466 1740 1505 non

130 1545 275 1609 tenet,
295 1546 491 1594 tenere
511 1556 579 1595 se
611 1540 785 1594 [idem
811 1540 1006 1595 credit
1029 1542 1057 1593 ξ)
1086 1541 1227 1604 Quae
1257 1539 1571 1593 Gratianus
1608 1555 1743 1592 res-

128 1628 387 1694 cidit,cum
405 1644 471 1683 ea
489 1629 548 1682 in
580 1634 992 1700 argumentum
1016 1629 1107 1683 vel
1134 1628 1484 1683 summulam
1505 1627 1742 1697 capituli

125 1716 473 1772 transtulerit:
507 1718 643 1773 Non
681 1725 772 1772 est
807 1719 869 1771 in
908 1718 1202 1781 Ecclesia,
1254 1718 1353 1788 qui
1398 1716 1741 1770 cathedram

125 1804 267 1859 Petri
291 1822 394 1860 non
423 1808 715 1878 sequitur.
733 1806 929 1860 Locus
961 1812 1161 1860 noster
1182 1806 1349 1859 hisce
1373 1805 1573 1859 verbis
1598 1821 1741 1857 con-

1858 656 2037 722 tione,
2074 659 2190 708 tum
2224 671 2297 707 ex
2330 654 2566 707 decreto
2598 654 2855 708 Gratiani
2886 655 3036 707 inter
3067 656 3300 709 decreta
3332 656 3519 711 S.Ge-

1858 743 1990 796 Iasii
2025 745 2087 797 P.
2124 744 2145 796 1
2174 743 3515 813 recepit,Collect.Ampliss.concilior.t.VIII,

1855 848 1991 902 pag.
2033 831 2120 900 8'7,
2148 828 2268 899 120,
2301 832 2398 884 135
2432 834 2487 884 et
2519 830 2639 884 139.
2672 830 3024 885 Conferatur
3054 832 3224 886 etiam
3260 832 3518 886 Hardui-

1858 936 1969 974 nus
2003 919 2244 974 Collect.
2281 919 2584 973 concilior.
2618 924 2657 972 t.
2694 920 2762 985 Il,
2798 936 2932 991 pag.
2967 920 3072 973 930
3102 926 3157 973 et
3188 920 3311 974 936.

2193 1008 2317 1061 Ian.
2352 1007 2446 1074 VI,
2480 1009 2621 1061 (1A9.
2657 1008 2744 1075 89,
2780 1008 2847 1061 D.
2884 1009 3003 1077 100,
3040 1025 3089 1062 c.
3124 1010 3176 1061 3.

1932 1097 2253 1151 Anselmus
2303 1098 2385 1150 uti
2428 1096 2791 1167 Polycarpus
2842 1097 3045 1167 legunt
3087 1099 3306 1151 rectius
3339 1099 3524 1153 Novit

1858 1186 2219 1240 fraternitas
2256 1192 2369 1238 tua.
2403 1186 2482 1237 lta
2516 1185 2688 1239 habet
2721 1185 2908 1239 littera
2942 1186 3000 1240 S.
3033 1186 3305 1257 Gregorii
3341 1188 3413 1241 Μ.
3449 1187 3521 1241 ad

1859 1274 2143 1328 Joannem
2178 1272 2612 1327 Corinthiorum
2647 1274 3012 1343 episcopum,
3048 1274 3223 1345 cujus
3255 1280 3522 1329 nostrum

1860 1366 2031 1433 caput
2064 1363 2455 1432 fragmentum
2490 1365 2600 1415 est.
2636 1362 2765 1415 Lib.
2801 1378 2857 1431 ν,
2894 1363 3063 1431 epist.
3100 1364 3186 1417 59.

2179 1452 2303 1504 Lm.
2338 1451 2435 1518 Vl,
2469 1454 2609 1505 CAP.
2648 1452 2765 1504 100.
2804 1452 2870 1505 D.
2904 1452 3025 1519 100,
3062 1469 3110 1504 c.
3136 1453 3187 1505 4.

1928 1540 2248 1594 Anselmus
2282 1544 2337 1593 et
2357 1540 2676 1593 Deusdedit
2700 1538 2947 1593 offerunt
2966 1542 3281 1611 genuinam
3302 1542 3519 1595 inseri-

1853 1631 2110 1698 ptionem
2137 1630 2395 1685 Joannes
2418 1629 2487 1682 Ι).
2524 1629 2655 1681 l’lll
2689 1628 3047 1683 l'll’uiliberto
3074 1631 3361 1702 episcopo.
3388 1630 3519 1685 Ete-

1856 1720 1975 1772 nim
2008 1719 2273 1772 eamdem
2303 1718 2752 1787 inscriptionem
2785 1718 3025 1771 exhibet
3046 1718 3227 1773 altera
3249 1719 3520 1790 ejusdem

1857 1807 2414 1876 pontiticisepistola
2430 1806 2500 1860 ad
2523 1812 2790 1860 nostrum
2812 1806 3516 1875 praesulemtransmissa.

127 1898 291 1964 ceptus
318 1895 373 1948 in
400 1896 705 1949 veteribus
738 1895 868 1950 eod.
893 1911 1038 1949 mss.
1065 1895 1369 1948 Vaticanis
1402 1898 1457 1947 et
1489 1893 1741 1946 Gallica-
1780 1928 1824 1984 Β
1860 1895 2049 1948 Mansi
2081 1899 2119 1948 t.
2153 1896 2278 1963 XV,
2304 1912 2439 1965 pag.
2463 1894 2588 1948 209.
2617 1896 2772 1950 Idem
2796 1896 3061 1949 Mansius
3082 1897 3399 1965 capitulum
3420 1911 3522 1950 no-

124 1984 197 2036 nis
220 1985 433 2039 omnino
463 1985 653 2054 deest,
689 1985 792 2038 sed
843 1985 900 2037 in
957 1983 1259 2038 nonnullis
1302 1982 1433 2035 aliis
1487 1981 1742 2051 itemque

126 2073 330 2126 vetustis
357 2073 837 2144 deprehenditur,
872 2074 957 2127 uti
988 2079 1369 2127 correctores
1400 2070 1648 2124 Romani
1687 2073 1744 2123 et

124 2161 512 2215 eruditissimus
524 2161 783 2230 Opcrum
802 2159 862 2214 S.
880 2158 1152 2230 Cypriani
1178 2160 1388 2227 editor,
1407 2158 1741 2227 Stephanus

127 2247 369 2313 Baluzius,
394 2250 770 2304 adnotarunt.
804 2247 976 2302 Unde
1001 2248 1436 2302 animadvertas
1460 2263 1632 2316 quam
1651 2247 1742 2299 in-

120 2333 248 2403 juste
277 2338 485 2393 critica:
533 2338 836 2392 moderate
889 2342 1217 2392 sectatores
1260 2336 1601 2390 Gratianum
1632 2350 1741 2389 no-

124 2428 273 2478 strum
303 2441 404 2480 ceu
434 2430 700 2481 textuum
731 2426 835 2480 SS.
872 2427 1114 2480 Patrum
1135 2430 1541 2495 corruptorem
1571 2439 1743 2477 accu-

124 2519 244 2568 sent.

204 2603 312 2657 Lia.
348 2605 439 2672 Vl,
471 2604 617 2660 CAP.
647 2606 736 2660 19.
776 2606 1089 2661 Concesso.
1123 2605 1185 2658 C.
1220 2603 1383 2673 1‘2,q.
1408 2600 1633 2670 2,c.‘26.

175 2691 456 2748 Gratianus
487 2694 690 2749 locum
722 2699 1011 2763 nostrum,
1047 2694 1290 2747 omissis
1340 2691 1743 2745 tantummodo

124 2780 428 2848 quibusdam
474 2785 705 2853 verbis,
738 2800 812 2837 ex
866 2784 1169 2850 Anselmo,
1218 2797 1391 2852 quem
1442 2784 1498 2834 et
1541 2785 1745 2834 auctor

125 2867 455 2927 Collectionis
477 2873 1041 2944 Caesaraugustanee
1074 2872 1173 2925 lib.
1199 2886 1270 2939 ιγ,
1299 2887 1424 2941 cap.
1458 2870 1547 2937 '74,
1574 2885 1742 2923 secu-

125 2960 198 3010 tus
223 2965 311 3026 est,
349 2961 704 3032 desumpsit,
740 2961 847 3015 sed
879 2961 937 3013 in
969 2961 1116 3013 duas
1150 2963 1347 3029 partes
1378 2959 1600 3027 divisit,
1635 2973 1744 3027 po-

124 3047 301 3103 sterius
330 3048 728 3121 fragmentum
753 3064 764 3103 :
810 3047 1185 3103 Venerabilis
1205 3047 1485 3118 baptismi
1503 3047 1655 3100 infra
1675 3048 1741 3101 D.

125 3133 164 3199 1,
192 3136 263 3190 lle
288 3146 635 3206 consecrat.,
674 3155 725 3192 c.
763 3136 849 3209 l7,
888 3138 1136 3192 Decreto
1159 3153 1267 3191 suo
1292 3135 1744 3190 inserens.Gra-

124 3223 280 3280 tianus
306 3243 439 3281 vero
470 3226 795 3297 posteriori
830 3226 1159 3298 fragmento
1193 3226 1361 3279 aliam
1403 3226 1743 3293 inscriptio-

126 3326 229 3366 nem
255 3315 417 3387 dedit,
432 3286 614 3388 idque
638 3286 1234 3386 insei-ipsitGelasiiis
1251 3315 1322 3368 Ρ.
1340 3314 1501 3368 clero
1515 3320 1572 3368 et
1579 3286 1748 3385 plebi
1778 3286 1827 3345 Ο

134 3397 423 3474 Tarentino,
458 3406 801 3473 Ivonem,ut
832 3405 1065 3458 videtur
1095 3408 1361 3471 secutus,
1388 3403 1487 3472 qui
1519 3404 1747 3473 capitu-

125 3486 218 3541 lum
242 3490 409 3546 hocce
440 3493 1071 3562 (Panorm.lib.1,cap.
1098 3493 1188 3560 21)
1220 3491 1331 3545 sub
1363 3491 1747 3560 inscriptione

129 3574 314 3633 Gelasii
338 3581 406 3635 Ρ.
441 3582 608 3636 clero
640 3588 697 3636 et
721 3581 891 3653 plebi
930 3567 1223 3634 Thai-ensi
1252 3580 1494 3649 profert.
1523 3581 1747 3633 Auctor

126 3669 567 3733 pseudo-decreti
600 3670 799 3725 lvonis
834 3671 988 3724 idem
1021 3669 1339 3739 capitulum
1369 3668 1464 3722 bis
1489 3668 1747 3736 exhibet,

128 3757 220 3808 tum
243 3758 343 3813 sub
366 3760 549 3815 inseri
561 3759 787 3830 ptione:
815 3757 1178 3830 Gregoriil’.
1199 3756 1360 3812 clero
1381 3762 1439 3811 et
1456 3756 1623 3828 plebi
1645 3756 1749 3810 Ta-

126 3846 345 3916 rensi(p.
373 3866 408 3919 l,
434 3865 567 3919 cap.
594 3847 844 3919 63),tum
876 3848 989 3902 sub
1021 3847 1406 3916 inscriptione
1432 3862 1443 3901 :
1478 3846 1579 3899 Ex
1607 3862 1746 3900 con-

125 3932 231 3987 cilia
266 3936 702 4003 Wormaticnsi,
740 3954 863 4008 cap.
901 3937 985 3990 10.
1017 3939 1097 4007 (p.
1133 3953 1170 4004 ι,
1206 3952 1262 4005 p.
1296 3934 1448 4004 €202),
1487 3935 1751 3989 Pseudo-

129 4017 204 4075 Ivo
228 4023 275 4077 in
304 4027 483 4096 primo
512 4022 650 4081 loco
684 4027 882 4080 lvonis
904 4026 1255 4079 l’anorniam
1271 4041 1395 4094 praa
1428 4024 1616 4079 oculis
1641 4023 1748 4077 ba-

129 4107 240 4178 buit,
267 4114 320 4168 in
346 4116 666 4186 posteriori
712 4130 854 4170 vero
902 4114 1233 4168 Burchardi
1280 4114 1615 4179 Decretum,
1648 4112 1749 4166 ubi

128 4194 206 4253 lib.
231 4219 300 4271 1v,
328 4220 449 4275 cap.
483 4206 541 4273 '7,
576 4203 892 4274 capitulum
938 4204 1092 4258 istud
1142 4219 1214 4257 ex
1264 4218 1430 4256 conc.
1468 4201 1749 4255 Worma-

131 4288 266 4344 tiensi
298 4293 640 4364 inscriptum
691 4293 1072 4362 conspicitur,
1122 4296 1339 4345 mutato
1377 4290 1749 4345 solummodo

132 4376 233 4445 qius
245 4379 390 4435 initio
405 4382 795 4437 Sacrosancti
804 4381 1086 4452 baptismi
1098 4381 1228 4434 loco
1257 4377 1634 4433 Venerabilis
1650 4377 1750 4431 ba-

127 4467 309 4531 ptismi.
326 4470 390 4525 Et
411 4488 627 4526 revera
650 4477 821 4541 caput
853 4470 1035 4525 hocce
1055 4484 1169 4522 una
1193 4484 1325 4522 cum
1348 4468 1511 4521 initio
1536 4467 1750 4521 Sacro-

130 4560 286 4611 sancti
313 4560 459 4615 inter
479 4575 745 4615 canones
767 4576 935 4613 conc.
971 4575 1023 4611 a.
1048 4556 1151 4613 868
1186 4556 1535 4611 VVormatiac
1559 4555 1749 4609 editos

131 4640 546 4712 deprehenditur
578 4649 730 4719 apud
766 4647 1222 4702 Hartzheimium
1253 4644 1477 4700 Concil.
1512 4644 1750 4698 Germa-

133 4730 275 4787 nitet.
308 4735 372 4805 ll,
421 4755 557 4810 pag.
593 4738 731 4802 868;
793 4736 1073 4790 Harduin.
1125 4739 1165 4789 t.
1210 4735 1276 4803 V,
1332 4751 1467 4805 pag.
1520 4732 1644 4801 737,
1697 4735 1753 4786 et

137 4817 352 4879 Mansit.
385 4826 511 4897 XV,
546 4842 680 4898 pag.
714 4825 1020 4890 87I.Quod
1052 4824 1292 4895 capituli
1323 4822 1510 4877 nostri
1541 4821 1753 4875 inscri-

135 4908 366 4983 ptionem,
397 4932 569 4986 quam
619 4915 996 4969 Pseudo-lvo
1045 4931 1101 4984 p.
1136 4931 1174 4982 ι,
1208 4929 1337 4983 cap.
1369 4912 1458 4966 63.
1491 4910 1747 4979 exhibet,

136 4996 316 5069 attinet,
349 5019 411 5057 ea
444 5006 575 5059 sine
609 5003 785 5058 dubio
816 5003 1042 5058 incuria
1073 5002 1446 5056 librariorum
1479 5004 1604 5053 orta
1636 5003 1748 5068 est,

138 5097 244 5140 cum
270 5099 434 5162 caput
463 5094 620 5164 quod
652 5092 748 5147 hic
767 5094 825 5147 in
842 5108 1018 5162 opere
1037 5090 1509 5145 Pseudo—Ivonis
1531 5103 1753 5158 praece-

139 5170 216 5243 dit,
235 5176 663 5251 inscriptionem
682 5180 964 5253 Gregorii
985 5182 1032 5235 A
1045 5180 1317 5251 ugustino
1333 5177 1755 5248 respondentis

141 5259 328 5321 habeat.
376 5272 669 5325 Caeterum
716 5270 1102 5324 animadverti
1148 5268 1322 5322 debet
1368 5268 1572 5320 eadem
1627 5264 1752 5320 fere

141 5345 288 5423 blljus
315 5361 541 5429 capituli
589 5360 767 5415 verba
817 5360 874 5413 in
924 5357 1231 5429 capitulari
1278 5356 1550 5427 Gregorii
1585 5355 1645 5408 P.
1680 5353 1750 5424 ll,

142 5436 397 5502 Martiano
418 5450 706 5521 episcopo,
733 5448 990 5520 Georgio
1003 5446 1371 5519 presbytero
1385 5452 1441 5498 et
1458 5443 1755 5499 Dorothco

143 5528 454 5592 subdiacono
470 5538 747 5592 euntibus
766 5537 828 5591 in
846 5535 1181 5607 Baioariam
1198 5534 1495 5605 ablegatis
1516 5533 1752 5587 decreto

146 5613 459 5686 deprehendi
487 5626 640 5699 apud
671 5626 956 5681 Harduin.
988 5630 1029 5681 t.
1065 5623 1168 5695 ΙΙΙ,
1199 5639 1335 5696 pag.
1385 5620 1517 5678 1681
1546 5640 1560 5688 ;
1596 5621 1751 5675 Har-

144 5702 318 5766 tzheim
346 5715 385 5770 t.
416 5715 457 5787 ι,
488 5732 623 5793 pag.
693 5716 767 5786 6;
801 5716 993 5774 Μαιιεί
1021 5718 1062 5773 t.
1096 5715 1222 5789 XII,
1254 5729 1390 5790 pag.
1423 5708 1547 5769 258.
1584 5710 1751 5769 Man-

1858 1987 2046 2037 strum
2082 1984 2194 2038 sub
2221 1984 2328 2037 hac
2364 1984 2746 2052 inscriptione
2772 1984 2925 2037 inter
2954 1984 3279 2056 fragmenta
3306 1986 3520 2054 episto-

1857 2073 2044 2126 larum
2078 2073 2324 2126 Joannis
2359 2073 2421 2125 Ρ.
2457 2075 2759 2126 enumerat
2790 2072 2901 2126 loc.
2937 2073 3056 2139 cit.,
3091 2089 3146 2142 p.
3181 2070 3303 2127 242.

1976 2163 2101 2215 Lm.
2135 2160 2289 2229 XIII,
2324 2161 2463 2215 CAP.
2498 2161 2585 2214 33.
2630 2161 2699 2215 Si
2730 2162 2877 2233 quis.
2910 2160 2972 2214 C.
3016 2162 3060 2229 1,
3096 2178 3151 2232 q.
3187 2160 3238 2227 3,
3275 2179 3325 2215 c.
3362 2164 3412 2215 7.

1929 2250 2257 2320 Capitulum
2290 2251 2472 2303 hocce
2494 2251 2551 2302 in
2585 2251 2862 2321 genuinis
2894 2250 3274 2303 Collectionis
3311 2250 3523 2303 Anscl-

1861 2340 2069 2392 mianaa
2104 2339 2409 2392 codicibus
2434 2339 2668 2392 omnino
2688 2338 2875 2405 deest,
2893 2340 2947 2391 ct
2966 2354 3035 2390 ex
3058 2337 3522 2392 Collectionibus

1861 2425 2203 2488 Deusdedit,
2239 2423 2509 2494 Gregorii
2534 2423 2885 2493 presbyteri,
2908 2423 3221 2477 Bonizonis
3247 2424 3523 2478 aliorum-

1858 2530 2133 2586 que,quze
2149 2513 2413 2567 Anselmi
2430 2528 2579 2581 opus
2595 2527 2964 2566 communem
2979 2513 3265 2583 originem
3281 2513 3519 2583 habent,

1859 2608 1917 2661 in
1950 2605 2104 2657 illam
2158 2602 2422 2657 Anselmi
2455 2601 2920 2672 transmigrasso
2962 2602 3209 2655 videtur.
3243 2602 3522 2657 Collectio

1859 2712 2028 2766 aeque
2062 2692 2286 2746 codicis
2317 2690 2612 2745 Saviuiani
2646 2690 2746 2743 lib.
2784 2707 2861 2756 l.\',
2899 2706 3024 2759 cap.
3050 2690 3173 2759 247,
3198 2690 3350 2744 idem
3376 2690 3529 2760 capi-

1859 2787 2043 2840 tulum
2077 2779 2315 2837 exhibet
2358 2794 2491 2833 cum
2522 2778 2942 2847 inscriptione:
2992 2778 3316 2832 Paschalis
3355 2779 3426 2832 Ρ.
3464 2778 3525 2832 in

1860 2871 2108 2946 epistola
2143 2870 2217 2924 ad
2246 2867 2753 2922 Medmlanensem
2773 2866 3105 2920 Ecclesium
3124 2867 3184 2920 in
3209 2867 3367 2921 libre
3404 2864 3523 2921 VII.

1860 2964 1959 3016 Ivo
1993 2963 2049 3013 in
2072 2958 2380 3013 Panormia
2397 2957 2548 3011 idem
2565 2961 2737 3025 caput
2752 2956 3127 3025 inscriptum:
3148 2956 3244 3008 Ex
3258 2956 3527 3009 decretis

1860 3048 2177 3105 Paschalis
2202 3048 2269 3100 Ι).
2306 3062 2428 3116 cap.
2465 3044 2531 3099 18
2562 3045 2806 3113 profert,
2829 3059 2900 3097 ex
2935 3045 3136 3107 veteri,
3174 3046 3234 3096 ut
3263 3046 3522 3113 apparet,

1862 3151 2154 3190 canonum
2188 3133 2532 3187 collectione
2556 3131 2815 3183 nondum
2838 3129 3073 3201 cognita
3095 3129 3522 3199 depromptum.

1862 3224 2227 3281 I’seado-Ivo
2258 3223 2335 3291 (p.
2371 3238 2430 3290 ιι,
2466 3236 2592 3289 cap.
2628 3220 2717 3289 84)
2750 3220 3040 3289 integram
3069 3217 3378 3271 Paschalis
3402 3217 3467 3270 Ρ.
3503 3216 3526 3270 Ι

1862 3313 2168 3385 epistolam
2203 3311 2316 3365 sub
2346 3309 2551 3364 eadem
2590 3307 2975 3377 inscriptione
3008 3308 3290 3361 insertam
3321 3305 3520 3374 habet,

1861 3417 2035 3474 quam
2066 3399 2351 3454 celeberr.
2373 3397 2639 3450 Mansius
2661 3410 2734 3449 ex
2764 3394 3095 3448 Burchardi
3128 3393 3525 3448 \Vormatien-

1861 3492 1948 3544 sis
1979 3490 2318 3559 pervetustu
2355 3485 2556 3539 codice
2591 3480 2925 3536 Lucensis.
2959 3482 3191 3535 Martini
3221 3482 3413 3535 denuo
3436 3496 3529 3535 re-

1864 3578 2017 3631 cusit
2046 3574 2287 3629 Collect.
2321 3572 2587 3641 ampliss.
2623 3573 2662 3623 t.
2692 3570 2842 3638 XIV,
2894 3585 3028 3640 pag.
3062 3568 3167 3623 378
3198 3585 3316 3639 sq.,
3351 3569 3526 3640 igno-

1864 3682 2005 3719 rans
2039 3680 2165 3719 eam
2199 3662 2255 3715 in
2289 3659 2757 3715 Pseudo-Ivonis
2791 3659 3028 3712 decreto
3066 3657 3188 3729 jam
3218 3658 3488 3727 reperiri.

2234 3750 2296 3805 C.
2334 3748 2418 3817 IQ,
2454 3765 2510 3819 q.
2541 3749 2594 3818 5,
2629 3764 2680 3802 c.
2718 3746 2804 3801 1'7.
2841 3747 3146 3802 Decrevit.
3496 3734 3509 3751 “

1936 3844 2121 3897 Etiam
2156 3841 2267 3894 hoc
2299 3838 2615 3909 capitulum
2643 3837 2702 3890 in
2731 3836 3029 3890 nonnullis
3063 3833 3367 3890 codicibus
3390 3833 3521 3891 Col-

1862 3932 2134 3987 lectionis
2166 3928 2431 3983 Anselmi
2464 3927 2614 3980 falso
2648 3924 3112 3994 deprehenditur
3140 3923 3242 3979 lib.
3279 3942 3359 3993 tu,
3395 3941 3527 3997 cap.

1861 4022 1949 4077 98.
1991 4017 2341 4074 Buchardus
2374 4016 2472 4068 lib.
2508 4032 2610 4083 xu,
2646 4030 2773 4083 cap.
2806 4012 2892 4078 20,
2922 4018 2977 4067 et
2999 4014 3278 4068 Collectio
3305 4014 3529 4069 codicis

1863 4107 2163 4164 Saviniaui
2193 4106 2294 4159 lib.
2331 4121 2430 4167 xu,
2466 4119 2593 4173 cap.
2621 4100 2742 4172 109,
2761 4101 2911 4155 idem
2936 4102 3238 4171 caputsub
3270 4103 3528 4172 genuina

1863 4196 2248 4266 inscriptione
2281 4209 2358 4247 ex
2378 4190 2627 4246 concilio
2657 4190 2808 4260 apud
2830 4189 2894 4243 S.
2941 4189 3291 4243 Medardum
3323 4206 3446 4260 cap.
3470 4190 3525 4258 4,

1864 4286 2163 4341 exhibent.
2192 4283 2507 4339 Gratianus
2540 4279 2775 4333 omnino
2795 4277 3058 4331 eamdem
3084 4277 3528 4345 inscriptionem

1863 4374 2120 4431 retinuit.
2157 4372 2575 4442 Fragmentum
2607 4367 2811 4434 hocce,
2847 4364 3105 4436 alioquin
3154 4364 3335 4418 multo
3376 4366 3528 4419 inte-

1862 4465 2055 4536 grius,
2091 4460 2349 4516 occurrit
2379 4459 2437 4512 in
2462 4456 2767 4527 capitulari
2788 4454 2981 4509 Caroli
2999 4452 3159 4509 Calvi
3176 4454 3281 4523 (tit.
3302 4472 3377 4522 xi,
3397 4470 3523 4524 cap.

1860 4555 1914 4624 8,
1950 4554 2102 4607 inter
2131 4551 2254 4605 Jac.
2293 4546 2588 4602 Sit-mundi
2619 4546 2830 4615 Opera,
2864 4547 2902 4598 t.
2939 4543 3033 4613 III,
3066 4560 3200 4615 pag.
3226 4543 3313 4608 '70,
3356 4543 3526 4596 Pari-

1865 4644 1971 4697 siis
2008 4638 2164 4709 1696,
2191 4638 2398 4705 in-fol.,
2420 4638 2476 4690 in
2500 4636 2753 4707 ejusque
2779 4632 3039 4689 Concilia
3058 4633 3281 4697 Galliae,
3302 4637 3337 4684 t.
3356 4632 3523 4701 Ill,p.

1861 4731 1966 4795 89;
2000 4730 2153 4801 apud
2184 4728 2244 4781 S.
2284 4724 2603 4791 Baluzium,
2637 4723 2990 4792 Capitularia
3019 4737 3189 4792 regg.
3246 4721 3447 4773 Franc.
3482 4722 3522 4772 t.

1867 4821 1935 4889 ll,
1974 4836 2106 4890 pag.
2123 4817 2219 4880 53;
2247 4814 2426 4868 Hurd.
2442 4812 2683 4867 Collect.
2704 4810 2926 4866 Concil.
2946 4813 2982 4863 t.
3000 4811 3068 4876 Υ,
3087 4825 3220 4879 pag.
3241 4808 3339 4875 53;
3365 4808 3524 4861 Man-

1864 4910 1937 4963 sii
1968 4908 2209 4963 Collect.
2244 4903 2513 4972 ampliss.
2550 4906 2589 4955 t.
2626 4900 2803 4965 XVII,
2838 4915 2971 4970 pag.
3004 4899 3091 4967 39,
3118 4899 3177 4950 in
3207 4896 3523 4966 Append.),

1866 5014 1973 5053 nec
1999 5012 2115 5050 non
2150 4996 2207 5048 in
2242 4993 2550 5063 lleginone
2574 4990 2654 5043 De
2686 4988 2903 5042 eccles.
2938 4986 3290 5056 disciplinis.
3324 4986 3426 5039 lib.
3460 5003 3522 5055 ιι,

1866 5106 1993 5158 cap.
2037 5085 2159 5151 819,
2208 5099 2342 5155 pag.
2387 5080 2512 5149 433,
2564 5078 2655 5133 ed.
2704 5076 2904 5146 Steph.
2958 5074 3198 5141 Baluzii,
3250 5074 3521 5144 Parisiis,

1868 5176 2025 5238 16Ἶ1,
2060 5172 2214 5227 ἰπὶ-8ο.
2233 5171 2648 5241 Fragmentum
2679 5165 2834 5219 istud
2867 5164 2925 5217 in
2947 5164 3118 5233 capit.
3138 5163 3329 5218 Caroli
3361 5162 3527 5217 Calvi

1862 5264 2211 5332 inscriptum
2245 5264 2337 5314 est
2367 5275 2442 5312 ex
2472 5255 2698 5327 synodo
2730 5252 3187 5307 Suessiouensis
3230 5252 3363 5305 anni
3394 5249 3519 5321 853,

1863 5367 2195 5426 quanquam
2226 5350 2378 5402 inter
2407 5359 2666 5400 canones
2697 5341 2880 5413 hujus
2905 5341 3159 5411 concilii,
3182 5342 3336 5412 quod
3369 5338 3525 5410 apud

1863 5441 2226 5497 Suessiones
2258 5438 2318 5490 in
2351 5432 2709 5489 monasterio
2741 5429 2799 5484 S.
2851 5430 3113 5485 Medardi
3144 5445 3196 5484 a.
3229 5429 3335 5485 853
3366 5430 3525 5484 cele-

1862 5534 2091 5587 bratum
2144 5528 2269 5595 fuit,
2304 5541 2420 5579 non
2472 5523 2789 5577 invenitur.
2839 5520 2984 5575 Vide
3028 5536 3160 5591 quae
3205 5519 3320 5572 viri
3367 5518 3525 5572 docti

1864 5616 2279 5676 Hartzhemius
2308 5611 2531 5668 Concil.
2560 5610 2758 5667 Germ.
2791 5612 2831 5665 t.
2866 5609 2935 5678 II,
2967 5625 3104 5682 pag.
3136 5605 3260 5675 563,
3285 5610 3343 5661 et
3365 5607 3431 5661 P.
3466 5604 3521 5661 J.

1863 5711 1935 5767 de
1969 5709 2233 5782 Riegger
2263 5704 2320 5760 in
2367 5702 2621 5761 editione
2656 5716 2763 5758 sua
2798 5698 3127 5775 Reginonis
3174 5695 3247 5753 ad
3274 5694 3388 5752 loc.
3422 5693 3522 5755 cit.
