4008 6172
430 308 544 383 551

1185 305 1299 365 AD
1333 303 1520 364 OPP.
1560 301 1623 362 S.
1661 301 2039 364 ANSELMI
2076 300 2484 364 LUCENSIS
2514 300 3073 362 APPENDICES.

3700 312 3793 379 5.52

418 522 553 576 pag.
590 503 714 572 333,
763 505 1005 558 Viennae
1061 504 1311 556 Austrize
1364 499 1520 568 1765,
1571 500 1753 568 iii-4°,
1786 500 2079 554 adnotent.
2112 482 2167 542 Α
2200 500 2332 554 neis
2361 499 2761 567 elaborarunt,
2783 499 3000 554 [tardae
3025 498 3409 554 Collectiones
3432 500 3675 573 integras
3698 506 3795 558 An-

422 595 691 648 Mansius
726 599 885 647 recte
935 608 1217 646 canonem
1249 594 1516 644 nostrum
1548 606 1578 643 a
1610 588 1885 643 Gratiano
1918 605 2086 643 rece-

420 686 581 752 ptum
618 699 727 735 una
765 699 896 735 cum
926 682 1117 734 tribus
1148 681 1281 733 aliis
1326 695 1356 731 a
1403 678 1745 733 Burcbardo
1779 695 1850 732 ex
1882 678 2087 731 eodem

420 786 588 823 conc.
641 771 791 839 apud
838 770 897 823 S.
942 769 1282 823 Medarduni
1334 768 1472 821 alibi
1506 768 1729 835 relatis,
1761 768 1909 820 actis
1962 768 2090 821 suis

421 859 655 912 concilii
690 858 1150 913 Suessionensis
1182 874 1211 909 a
1246 855 1348 911 853
1378 857 1645 917 inseruit.
1681 856 1921 910 Collect.
1954 872 2089 909 con-

420 946 515 1000 cil.
549 947 812 1016 ampliss.
847 949 885 1000 t.
909 947 1063 1009 XIV,
1088 962 1222 1017 pag.
1256 945 1380 999 995.
1403 945 1692 998 Caeterum
1723 948 1928 998 auctor
1949 943 2088 998 Col-

416 1035 688 1089 lectionis
736 1035 958 1089 codicis
1008 1034 1306 1087 Saviniani
1349 1035 1406 1086 in
1458 1032 1571 1087 fine
1618 1033 1852 1102 capituli
1905 1032 2086 1101 hujus

416 1124 595 1178 verba
627 1124 895 1194 quaedam
927 1124 1161 1193 adjecit,
1199 1139 1330 1193 quae
1380 1122 1589 1175 nullibi
1625 1122 2082 1191 deprehendun-

378 1216 391 1223 ‘
415 1215 525 1281 tur,
561 1216 615 1266 ct
646 1215 784 1266 sunt
816 1229 826 1266 ε
865 1211 974 1265 Sin
1006 1218 1218 1281 autem,
1248 1218 1307 1265 ut
1323 1211 1658 1282 peijurium
1690 1218 1897 1281 sponte
1930 1228 2083 1265 com-

416 1300 660 1353 missum
687 1300 914 1371 singuli
932 1300 1284 1371 pwniteant.

490 1389 631 1442 Haec
662 1404 847 1458 pauca
871 1388 941 1442 de
965 1388 1023 1442 S.
1051 1388 1316 1442 Anselmi
1339 1388 1696 1443 Collectione
1720 1388 2085 1442 disseruisse

420 1475 698 1547 sufﬁciat,
734 1494 865 1531 cum
896 1493 927 1530 a
959 1481 1162 1531 nostro
1185 1492 1368 1546 scopo
1399 1477 1569 1546 plane
1599 1477 1852 1531 alienum
1885 1476 1961 1530 sit
1992 1477 2086 1529 hic

416 1565 712 1636 integrum
743 1581 892 1635 opus
923 1566 1077 1619 notis
1111 1566 1332 1619 criticis
1366 1566 1683 1633 illustrare,
1720 1565 1876 1636 quod
1916 1565 2080 1618 insu-

415 1670 524 1725 per
554 1654 939 1708 fastidiosum'
977 1654 1152 1707 nimis
1199 1657 1255 1708 et
1298 1654 1498 1708 inutile
1550 1670 1770 1722 prosus
1816 1658 1996 1715 esset,
2033 1655 2089 1707 si

416 1759 531 1797 non
557 1743 732 1796 simul
763 1743 942 1796 totius
975 1742 1354 1796 Collectionis
1380 1746 1599 1796 textum
1619 1743 1916 1797 daremus.
1952 1742 2085 1796 Cae-

416 1836 601 1885 terum
638 1847 770 1884 cum
801 1834 1024 1883 nostrae
1055 1831 1436 1885 Collectionis
1467 1834 1587 1884 tum
1623 1831 1680 1884 in
1713 1831 2084 1885 AntoniiAu-

418 1920 659 1990 gustini,
693 1919 972 1987 Stephani
1006 1919 1221 1972 Baluzii
1244 1919 1930 1988 aliorumqueoperibus,
1962 1923 2080 1971 tum

2198 589 2371 642 selnn'
2392 589 2703 658 Ducensis,
2733 589 2954 654 utdixi,
2988 588 3152 643 foras
3181 588 3361 654 dedit,
3395 605 3523 658 Opus
3551 608 3723 645 rarum
3753 602 3799 647 et

2200 677 2342 731 utile
2382 677 2513 746 (/18).
2546 676 2691 741 Quis
2724 694 2839 729 non
2870 677 3025 730 videt
3060 680 3347 729 oratorem
3377 677 3467 730 hic
3495 679 3558 731 de
3588 680 3799 735 editione

2194 765 2452 818 locutum
2488 766 2677 820 fuisse
2713 781 2885 835 quam
2920 766 3211 819 Antonius
3259 767 3609 836 Augustinus
3637 769 3696 821 de
3723 785 3800 823 ve-

2191 854 2420 908 teribus
2474 854 2857 908 decretalium
2924 854 3303 922 epistolarum
3368 854 3798 923 collectionibus,

2190 942 2478 995 Bernardi
2508 958 2717 1011 nempe
2751 943 3066 1010 Papiensis
3099 942 3476 1012 aliorumque,
3499 944 3801 998 adornavit?

2191 1031 2345 1100 quod
2377 1030 2709 1102 Gregorius
2745 1031 3094 1100 Majansius,
3131 1031 3541 1085 celeberrimus
3571 1033 3652 1085 sui
3680 1036 3801 1086 tem-

2190 1120 2351 1187 poris
2377 1119 2770 1189 jurispcritus
2800 1120 3121 1189 Hispanus,
3145 1118 3268 1189 jam
3298 1120 3674 1174 animadvertit
3693 1120 3800 1190 (49).

2261 1209 2423 1263 Multi
2456 1210 2607 1261 inter
2637 1209 2802 1263 viros
2836 1208 3043 1262 doctos
3076 1208 3134 1262 Β.
3173 1209 3432 1262 Anselmi
3476 1208 3804 1263 Collectionis

2188 1298 2341 1367 typis
2376 1297 2719 1351 mandandae
2743 1298 3054 1351 consilium
3080 1300 3400 1366 cmperunt.
3434 1298 3613 1351 Lucas
3661 1297 3807 1350 Wad-

2190 1386 2449 1457 diugius,
2486 1386 2913 1441 celeberrimus
2962 1386 3189 1440 ordinis
3231 1387 3513 1455 Minorum
3555 1386 3805 1439 annalium

2189 1475 2551 1544 compilator,
2588 1475 2810 1544 pluries
2845 1475 2915 1529 de
2949 1474 3057 1529 hac
3082 1490 3146 1528 re
3176 1474 3471 1545 cogitavit,
3504 1478 3563 1527 ut
3581 1474 3807 1543 praefatio

2188 1579 2362 1634 quam
2398 1563 2705 1633 opusculis
2739 1562 2799 1617 S.
2834 1564 3119 1630 Anselmi,
3141 1563 3274 1633 ejus
3298 1563 3458 1617 curis
3480 1562 3658 1630 editis,
3680 1578 3807 1631 prm-

2189 1652 2333 1719 ﬁxit,
2385 1652 2771 1706 demonstrat.
2824 1653 2898 1705 At
2939 1656 3295 1721 praematura
3339 1655 3521 1705 morte
3567 1651 3809 1719 abreptus

2189 1758 2387 1794 curam
2422 1741 2573 1794 hanc
2622 1742 2876 1810 posteris
2926 1741 3184 1810 reliquit.
3239 1740 3301 1793 Si
3355 1740 3520 1794 fidem
3555 1738 3808 1807 Stephano

2190 1831 2424 1885 Baluzio
2458 1830 2749 1883 habemus
2772 1832 2908 1899 (50),
2947 1829 3141 1883 Lucas
3175 1844 3411 1899 quoque
3436 1827 3735 1881 Dacherius
3758 1826 3807 1881 S.

2190 1918 2457 1974 Anselmi
2509 1935 2657 1987 opus
2708 1919 2870 1987 prelo
2913 1917 3036 1988 jam
3086 1922 3478 1987 praeparatum
3534 1916 3731 1979 habuit,
3768 1918 3812 1966 et

415 2008 475 2060 in
522 2008 1139 2061 animadversionibus
1200 2024 1347 2077 quas
1410 2012 1778 2061 correctores
1830 2008 2078 2061 Romani
2108 2027 2158 2087 Β
2191 2023 2363 2077 quam
2395 2009 2647 2060 maxime
2667 2007 2982 2061 dolendum
3017 2011 3109 2060 est
3138 2008 3332 2075 ipsum
3357 2005 3652 2059 consilium
3669 2017 3813 2056 suum

415 2095 676 2150 Gratiani
695 2097 943 2150 Decreto
957 2096 1323 2166 adjecerunt,
1342 2096 1625 2165 frequens
1639 2100 1908 2149 occurrat
1926 2111 2082 2149 men-

413 2186 514 2251 tio,
549 2185 835 2251 nonnulli,
881 2185 938 2237 in
969 2200 1237 2239 errorem
1270 2184 1508 2247 inducti,
1544 2183 1599 2237 S.
1652 2184 1916 2237 Anselmi
1945 2183 2082 2237 Col-

414 2272 725 2326 lectionem
749 2272 874 2343 jam
909 2273 1044 2326 dum
1080 2273 1231 2343 typis
1282 2272 1577 2342 vulgatam
1611 2287 1749 2327 esse
1788 2273 2081 2326 dixerunt.

415 2360 708 2414 Forsitam
753 2377 870 2415 non
902 2362 1073 2430 pauci
1105 2377 1177 2415 ex
1210 2376 1277 2414 co
1310 2361 1537 2430 decepti
1569 2364 1706 2415 sunt
1737 2360 1891 2431 quod
1925 2361 2082 2415 cele-

413 2449 711 2504 berrimus
743 2456 798 2503 et
830 2451 1275 2504 eruditissimus
1310 2450 1577 2503 Andreas
1610 2450 1890 2503 Scliottus
1908 2450 1966 2503 S.
2003 2450 2079 2519 J.,

413 2536 473 2591 in
517 2538 848 2592 laudatione
896 2554 1072 2609 quam
1123 2540 1180 2592 in
1221 2539 1457 2592 Antonii
1507 2539 1825 2607 Augustini
1875 2540 2081 2592 funere

414 2626 636 2695 habuit,
673 2627 939 2680 defuncti
971 2642 1148 2696 Opera
1168 2642 1637 2680 commemomns
1664 2626 1816 2679 dicat
1849 2642 1860 2680 :
1896 2627 2083 2682 Sacro

420 2730 563 2769 vero
579 2716 713 2786 juri
756 2714 1142 2783 illustrando,
1181 2722 1313 2785 post
1350 2715 1494 2768 duos
1537 2716 1834 2769 Antonios
1882 2714 2082 2769 Gallos

414 2803 838 2858 Democharem
873 2810 930 2858 et
955 2804 1243 2872 Contium,
1280 2803 1377 2875 qui
1408 2804 1468 2855 in
1501 2802 1776 2857 Gratiani
1806 2803 2074 2857 collecta-

2190 2112 2305 2150 non
2341 2096 2412 2149 ad
2445 2097 2664 2150 exitum
2711 2096 3097 2166 perduxisse,
3134 2111 3266 2148 cum
3300 2096 3488 2149 codex
3532 2094 3737 2162 integer
3760 2106 3813 2142 ac

2188 2188 2494 2253 vetustus,
2540 2186 2639 2254 qui
2689 2185 2750 2237 in
2799 2184 3183 2238 celeberrima
3230 2182 3720 2238 Benedictinorum
3764 2178 3814 2231 S.

2187 2273 2524 2327 Germania
2573 2274 2765 2327 Pratis
2807 2273 3162 2327 bibliotheca
3210 2272 3643 2335 asservabatur,
3682 2268 3815 2321 sedi-

2188 2363 2364 2416 tionis
2396 2362 2633 2415 Gallicze
2657 2365 2917 2431 tempore
2940 2361 3284 2430 deperditus
3304 2363 3403 2415 sit.
3431 2359 3592 2414 Docti
3609 2358 3815 2426 insuper

2185 2451 2299 2503 viri
2332 2451 2600 2503 Andreas
2637 2451 2784 2503 Rata
2820 2451 2932 2518 (51)
2965 2455 3019 2502 et
3052 2450 3226 2503 Mich.
3260 2451 3416 2520 Ang.
3451 2448 3816 2501 Monsacratus

2186 2540 2299 2608 (5‘2)
2349 2540 2503 2593 idem
2548 2540 2860 2592 consilium
2894 2539 3179 2593 habuisse
3230 2538 3523 2592 videntur.
3574 2538 3642 2588 At
3671 2532 3813 2586 nobis

2187 2644 2391 2683 eorum
2425 2644 2601 2697 opera
2652 2628 2948 2697 inspicere
2980 2629 3218 2681 minime
3252 2628 3438 2681 licuit.
3474 2626 3596 2680 Una
3621 2622 3817 2677 tandem

2188 2718 2511 2787 eademque
2558 2717 2819 2770 virorum
2867 2717 3175 2770 doctorum
3217 2716 3512 2770 sententia
3558 2716 3643 2767 est
3681 2716 3733 2764 ut
3766 2708 3813 2761 S.

2189 2807 2457 2859 Anselmi
2492 2806 2784 2859 Lucensis
2816 2805 3096 2860 Collectio
3121 2806 3273 2875 typis
3306 2806 3533 2859 edatur.

654 2926 765 2986 DE
789 2926 1097 2987 CODICE
1120 2926 1694 2997 ANSELMIANO,
1726 2926 1870 2996 QUI
1912 2927 1993 2984 IN
2030 2926 2673 2989 SACROSANCT/E
2710 2927 3125 2987 BASILIC/E
3158 2925 3616 2988 VATICAN/E

1518 3004 2101 3066 BIBLIOTHECA
2141 3008 2732 3069 ASSERVATUR.

482 3131 759 3185 Collectio
790 3146 961 3202 quam
996 3131 1181 3185 codex
1212 3131 1306 3184 hic
1339 3147 1497 3184 num.
1538 3130 1638 3183 118
1677 3130 1739 3183 Ο.
1777 3131 2074 3201 signatus,
2110 3116 2159 3176 Ο
2262 3133 2389 3186 Lib.
2427 3132 2521 3185 1V.
2556 3132 2642 3186 De
2674 3132 2921 3187 sedibus
2953 3103 3356 3203 episcoporum
3400 3137 3458 3187 et
3503 3127 3820 3185 auctoritate

414 3222 671 3289 exhibet,
717 3238 749 3275 a
780 3221 980 3275 multis
1012 3236 1115 3290 pro
1147 3220 1348 3274 eadem
1397 3235 1463 3273 ac
1494 3219 1588 3272 illa
1640 3234 1812 3289 quam
1861 3220 1919 3273 S.
1946 3220 2078 3272 'An-

414 3311 587 3364 selmi
620 3311 911 3365 Lucensis
942 3310 1310 3364 decretorum
1345 3324 1494 3378 opus
1525 3308 1953 3377 complectitur,
1980 3309 2081 3361 ha-

412 3399 530 3453 bita
562 3399 688 3451 fuit.
741 3399 926 3462 Quam
957 3399 1291 3467 opinionem
1324 3400 1379 3450 et
1415 3398 1464 3449 si
1490 3396 1613 3466 jam
1638 3396 1934 3449 Ballerinii
1966 3395 2078 3448 fal-

413 3503 541 3540 sam
575 3487 1047 3540 demonstrarent
1070 3486 1201 3555 (53),
1230 3486 1374 3537 nihil
1404 3488 1596 3537 tamen
1615 3485 1932 3539 attulerunt
1962 3500 2077 3555 quo

412 3575 587 3628 istius
639 3575 837 3645 operis
898 3574 1129 3626 indoles
1187 3573 1475 3626 illustrari
1531 3575 1741 3641 possit.
1793 3572 2079 3637 Quocirca

410 3679 597 3734 pauca
627 3663 698 3716 de
729 3662 829 3716 illo
862 3662 956 3715 hic
986 3662 1380 3731 proferamus.

482 3753 785 3807 Canonum
817 3750 1087 3804 collectio
1123 3750 1193 3803 de
1226 3765 1338 3820 qua
1370 3749 1665 3820 loquimur
1696 3751 1973 3805 universa
2003 3766 2076 3805 ex

411 3842 677 3896 Anselmi
711 3856 888 3911 opere
920 3843 1195 3909 excerpta
1220 3842 1327 3909 est,
1350 3839 1421 3892 ad
1441 3840 1595 3910 quod
1628 3841 1871 3910 propius
1886 3840 2075 3893 adhuc

411 3946 480 3985 ac
516 3930 630 3985 illae
661 3931 996 3996 Bonizonis,
1031 3928 1430 3983 Deusdeditet
1457 3928 1729 3999 Gregorii
1763 3928 2074 3983 Collectio-

411 4036 519 4074 ncs
551 4020 797 4074 accedit.
834 4019 1057 4072 Auctor
1088 4019 1146 4071 in
1193 4034 1259 4072 ea
1304 4017 1626 4072 ordinanda
1657 4018 1919 4071 eamdem
1952 4018 2074 4074 fere

408 4110 695 4163 rationem
729 4108 1112 4177 eamdemque
1145 4107 1481 4160 methodum
1501 4111 1743 4160 secutus
1765 4110 1875 4177 est,
1901 4123 2075 4178 quam

409 4199 467 4252 in
489 4198 837 4252 collectione
856 4196 1169 4251 Saviniana
1193 4195 1586 4263 Berolinensi,
1613 4196 1837 4265 saepius
1856 4196 2074 4250 anobis

410 4287 662 4355 laudata,
698 4302 806 4341 nec
838 4302 955 4341 non
1000 4286 1057 4339 in
1091 4285 1388 4354 excerptis
1439 4284 1858 4353 Anselmianis,
1893 4285 2073 4340 altero

410 4375 861 4430 Vindobonensi
919 4379 975 4429 et
1031 4374 1212 4428 altero
1271 4372 1651 4442 Cassinensi,
1702 4374 2072 4427 observatam

407 4463 600 4518 fuisse
651 4463 1196 4517 animadvertimus.
1259 4462 1460 4531 Ipsum
1516 4461 1751 4531 quidem
1809 4462 2073 4515 Anselmi

409 4569 559 4623 opus
590 4553 749 4618 adiit,
785 4552 1070 4606 librorum
1092 4566 1232 4605 vero
1262 4565 1569 4604 numerum
1592 4551 1663 4603 ad
1697 4566 1907 4604 novem
1942 4567 2075 4605 con-

2181 3221 2648 3291 prwdicationis.

2257 3310 2386 3363 Lib.
2423 3310 2491 3363 Υ.
2527 3310 2612 3363 De
2658 3310 3279 3365 excommunicatione.

2254 3399 2384 3452 Lib.
2422 3398 2515 3451 VI.
2552 3398 2640 3452 De
2671 3400 3064 3453 accusatione.

2254 3486 2384 3540 Lib.
2420 3486 2543 3540 V'II.
2580 3487 2664 3541 De
2691 3488 2916 3545 unitate
2953 3487 3263 3542 Ecclesiae.

2254 3576 2382 3630 Lib.
2418 3576 2567 3628 V’lII’.
2604 3575 2690 3630 De
2723 3576 2991 3648 conjugio
3008 3583 3065 3630 et
3093 3576 3410 3631 adulterio.

2254 3666 2383 3719 Lib.
2417 3665 2514 3718 1X.
2567 3665 2656 3719 De
2695 3664 3043 3736 raptoribus
3073 3672 3129 3719 et
3162 3665 3425 3720 furibus.

2250 3753 2479 3825 Singuli
2514 3754 2650 3807 libri
2671 3754 2837 3822 plura
2869 3754 3251 3822 velpauciora
3277 3753 3535 3823 capitula
3556 3750 3824 3821 complec-

2176 3846 2400 3912 tuntur,
2435 3842 2655 3914 quibus
2702 3842 2909 3896 eodem
2957 3843 3130 3896 modo
3170 3858 3239 3895 ac
3287 3842 3642 3914 Gregorius,
3670 3839 3826 3909 vulgo

2180 3932 2544 4003 Polycarpus
2568 3931 2782 3999 dictus,
2800 3931 2957 4000 fecit,
2979 3932 3291 4002 generales
3310 3932 3583 4002 quaedam
3604 3926 3825 3996 inscrip-

2175 4022 2376 4075 tiones
2419 4036 2527 4074 seu
2581 4020 2891 4073 summulie
2932 4020 3193 4089 praeﬁxae
3245 4025 3406 4074 sunt.
3449 4019 3618 4084 Quod
3664 4018 3712 4071 si
3748 4030 3827 4068 ca-

2176 4126 2364 4164 nones
2398 4126 2468 4163 cx
2521 4109 2785 4162 diversis
2837 4109 3104 4163 conciliis
3137 4124 3268 4178 quae
3300 4109 3462 4163 idem
3509 4122 3717 4162 nomen
3742 4104 3828 4158 ba-

2175 4200 2314 4253 bent
2344 4196 2692 4267 afferuntur,
2741 4198 2988 4251 concilia
3035 4197 3298 4251 numeris
3356 4198 3601 4251 minime
3647 4194 3831 4250 distin-

2177 4292 2475 4359 guuntur;
2511 4302 2799 4340 canonum
2833 4301 3067 4357 quoque
3092 4302 3379 4340 numerus
3398 4286 3629 4358 passim
3661 4284 3829 4347 deest,

2176 4374 2331 4447 quod
2375 4376 2433 4429 in
2485 4376 2609 4429 th.
2652 4375 2993 4444 pontificum
3039 4376 3437 4429 decretalibus
3480 4374 3692 4429 litteris
3737 4384 3832 4424 nec

2176 4481 2294 4519 non
2325 4465 2382 4518 in
2414 4464 2518 4517 SS.
2555 4465 2797 4517 Patrum
2840 4467 2895 4518 et
2926 4464 3277 4532 scriptorum
3311 4466 3369 4517 et
3399 4461 3830 4517 ecclesiastico—

2179 4570 2308 4607 rum
2339 4569 2580 4622 operum
2632 4552 2982 4623 fragmentis
3028 4552 3246 4622 pariter
3296 4551 3830 4605 animadvertimus.

409 4642 604 4708 traxit,
638 4634 887 4711 quorum
937 4639 1191 4710 singulis
1238 4638 1695 4707 exscriptionem
1731 4639 2067 4709 generalem
2094 4668 2148 4730 D
2181 4643 2405 4696 Prazter
2448 4642 2603 4695 nuda
2651 4641 3052 4709 conciliorum,
3088 4642 3430 4710 pontiﬁcum
3483 4641 3832 4705 aliorumque

405 4730 681 4800 praeﬁxit,
715 4745 863 4799 quas
897 4729 992 4781 hic
1022 4728 1370 4797 appouimus
1403 4744 1414 4780 :

480 4819 607 4872 Lib.
644 4818 686 4871 1.
720 4818 807 4871 De
833 4823 1128 4889 potestate
1162 4822 1219 4871 et
1239 4818 1500 4887 primatu
1531 4816 1862 4886 apostolicae
1883 4817 2068 4871 sedis.

478 4907 607 4960 Lib.
644 4907 710 4960 ll.
744 4906 830 4960 De
853 4905 1234 4977 prmiatorum
1268 4905 1575 4960 electione.

420 5038 425 5043 ,
470 4994 599 5047 Lib.
616 4995 805 5049 IlI.De
819 4995 1242 5049 consecrandis
1256 4993 1530 5048 ecclesiis
1544 5000 1599 5048 et
1615 5011 1813 5049 carum
1826 4994 2067 5063 ritibus,

484 5134 597 5206 (48)
630 5137 799 5204 Apud
831 5137 1093 5191 Galland.
1126 5153 1259 5206 pag.
1293 5134 1420 5202 589,
1453 5141 1590 5190 tom.
1627 5136 1693 5199 ll,
1730 5137 1866 5191 edit.
1902 5140 1996 5191 cit.

489 5203 602 5278 (49)
638 5228 658 5251 «ι
691 5203 957 5278 Anselmi
990 5203 1309 5278 Augustini
1337 5208 1803 5261 Tarraconensis
1834 5209 2070 5276 pontiﬁ-

415 5274 503 5329 cis
532 5275 694 5348 AVitae
720 5277 994 5348 Historia
1036 5274 1208 5348 quam
1246 5278 1562 5347 Hispaniae
1600 5274 1896 5331 scribebat
1921 5279 2069 5333 Gre-

410 5346 621 5471 gorius
682 5346 1018 5417 Mayansius
1054 5346 1384 5417 'Sisrurus’,
1430 5349 1651 5403 nobilis
1703 5349 2066 5418 Valentinus,

431 5417 831 5471 iisnaniarum
879 5420 1039 5471 regis
1088 5420 1461 5471 bibliothecae
1510 5423 1712 5471 custos
1758 5426 1813 5471 et
1844 5421 2066 5471 codicis

431 5417 831 5490 diapaniarum
869 5420 1039 5490 regis
1088 5420 1461 5474 bibliothecae
1510 5423 1712 5473 custos
1758 5426 1813 5472 et
1844 5421 2068 5474 codicis

412 5489 765 5544 Justinianei
790 5489 848 5542 in
868 5488 1169 5543 V'aientina
1191 5492 1487 5545 academia
1507 5494 1798 5546 interpres
1826 5507 1836 5544 :
1865 5491 2068 5546 Latine

408 5560 717 5633 vertebant
733 5558 949 5633 Fabius
968 5560 1223 5631 Prosper
1238 5561 1552 5617 Cenamius
1576 5566 1631 5615 et
1652 5558 1912 5616 Joannes
1928 5563 2069 5633 Bap-

410 5632 549 5686 tista
572 5631 1021 5703 Montecatiniuﬁs
1046 5634 1271 5701 patricii
1296 5634 1621 5688 Lucenses.
1652 5657 1673 5680 ι)
1699 5633 1853 5687 lnter
1879 5631 2068 5703 Opera

408 5704 544 5762 Ant.
565 5703 885 5780 Augustini
908 5708 944 5757 t.
973 5702 1022 5775 1,
1048 5718 1185 5775 pag.
1218 5719 1333 5759 xu.
1355 5704 1552 5777 Lucae,
1577 5704 1734 5776 1776,
1768 5702 1956 5762 in-fol’.

2183 4732 2536 4800 scriptorum
2586 4731 2840 4798 nomina,
2873 4730 3026 4783 aliud
3061 4730 3205 4783 nihil
3253 4730 3536 4797 occurrit,
3590 4731 3758 4798 atque
3788 4724 3837 4776 in

2178 4820 2378 4872 multis
2411 4819 2702 4888 capitulis,
2724 4818 3139 4886 inscriptiones
3162 4820 3395 4888 penitus
3416 4818 3667 4872 omissae
3690 4816 3832 4868 sunt.

2249 4908 2312 4960 In
2345 4908 2600 4979 singulis
2634 4907 2767 4961 dein
2805 4908 2973 4960 libris
3004 4908 3269 4975 plurimm
3300 4907 3603 4961 habentur
3631 4900 3836 4959 inscri-

2178 4998 2430 5066 ptiones,
2463 4995 2642 5049 rubro
2668 4995 2864 5050 colore
2888 4999 3160 5065 exaratae,
3185 5012 3317 5066 quae
3341 4996 3612 5049 rubricis
3631 4989 3838 5047 similli—

2248 5137 2361 5206 (50)
2393 5137 2669 5192 Praefatio
2700 5139 2758 5190 in
2800 5139 3033 5209 Antonii
3087 5138 3398 5209 Augustini
3453 5134 3837 5209 dialogos_l)_e

2178 5203 2580 5263 emendatione
2630 5210 2890 5262 Gratiani
2925 5208 2955 5280 ἓ
3004 5226 3123 5278 xix,
3172 5203 3307 5279 pag.
3342 5207 3467 5263 215.
3504 5203 3679 5278 Apu'd
3711 5203 3838 5258 Gal-

2177 5280 2616 5432 7a?gt)tl\llclitizic
2636 5351 2919 5406 istoriche
2939 5353 2993 5405 di
3013 5350 3071 5404 Ξ.
3096 5351 3395 5404 Anselmo.
3416 5350 3664 5404 Verona
3690 5343 3836 5413 1737,

2174 5423 2357 5561 mibi.)
2391 5495 2449 5546 Β.
2502 5493 2768 5546 Anselmi
2811 5493 3059 5561 epistola
3110 5509 3263 5547 nunc
3313 5493 3577 5563 primum
3610 5490 3840 5561 vulgata

2175 5579 2298 5618 acc.
2335 5565 2392 5617 in
2424 5564 2723 5617 decretum
2756 5580 2867 5618 ms.
2901 5564 2960 5618 S.
2981 5563 3836 5619 Anselmianimadvcrsiones.

2175 5634 2373 5689 Lucae.
2409 5633 2565 5704 18‘21,
2591 5632 2737 5690 in-8°
2793 5628 2796 5637 ’

2246 5705 2359 5778 (53,-
2401 5705 2541 5762 Loc.
2576 5710 2697 5776 cit.,
2730 5722 2787 5779 p.
2823 5723 2900 5781 ιν,
2936 5722 2986 5762 c.
3019 5706 3108 5781 13,
3139 5706 3170 5781 ἓ
3196 5708 3250 5780 8,
3284 5722 3340 5781 p.
3370 5704 3501 5765 648.
