  <div class='ocr_page' id='page_1' title='image "/cluster/home/n/w/nwhite01/storage/ocr_20150623/149/hvd.32044054760079/285.png"; bbox 0 0 2004 3086; ppageno 0'>
   <div class='ocr_carea' id='block_1_1' title="bbox 238 108 297 139">
    <p class='ocr_par' dir='ltr' id='par_1_1' title="bbox 238 108 297 139">
     <span class='ocr_line' id='line_1_1' title="bbox 238 108 297 139; baseline -0.017 0"><span class='ocrx_word' id='word_1_1' title='bbox 238 108 297 139; x_wconf 82' lang='lat'><strong>559</strong></span> 
     </span>
    </p>
   </div>
   <div class='ocr_carea' id='block_1_2' title="bbox 263 199 378 226">
    <p class='ocr_par' dir='ltr' id='par_1_2' title="bbox 263 199 378 226">
     <span class='ocr_line' id='line_1_2' title="bbox 263 199 378 226; baseline 0 -1"><span class='ocrx_word' id='word_1_2' title='bbox 263 199 378 226; x_wconf 90' lang='lat' dir='ltr'><strong>centur.</strong></span> 
     </span>
    </p>
   </div>
   <div class='ocr_carea' id='block_1_3' title="bbox 226 234 840 262">
    <p class='ocr_par' dir='ltr' id='par_1_3' title="bbox 226 234 840 262">
     <span class='ocr_line' id='line_1_3' title="bbox 226 234 840 262; baseline -0.002 -1"><span class='ocrx_word' id='word_1_3' title='bbox 226 234 269 262; x_wconf 85' lang='lat'><strong>19.</strong></span> <span class='ocrx_word' id='word_1_4' title='bbox 287 234 328 261; x_wconf 91' lang='lat' dir='ltr'><strong>De</strong></span> <span class='ocrx_word' id='word_1_5' title='bbox 344 234 530 261; x_wconf 74' lang='lat' dir='ltr'><strong>damnatione</strong></span> <span class='ocrx_word' id='word_1_6' title='bbox 548 234 674 261; x_wconf 76' lang='lat' dir='ltr'><strong>rectoris</strong></span> <span class='ocrx_word' id='word_1_7' title='bbox 690 234 840 261; x_wconf 65' lang='lat' dir='ltr'><strong>ecclesia).</strong></span> 
     </span>
    </p>
   </div>
   <div class='ocr_carea' id='block_1_4' title="bbox 225 269 833 304">
    <p class='ocr_par' dir='ltr' id='par_1_4' title="bbox 225 269 833 304">
     <span class='ocr_line' id='line_1_4' title="bbox 225 269 833 304; baseline -0.002 -7"><span class='ocrx_word' id='word_1_8' title='bbox 225 269 270 297; x_wconf 73' lang='lat'><strong>90.</strong></span> <span class='ocrx_word' id='word_1_9' title='bbox 286 269 327 296; x_wconf 90' lang='lat' dir='ltr'><strong>De</strong></span> <span class='ocrx_word' id='word_1_10' title='bbox 344 269 513 304; x_wconf 91' lang='lat' dir='ltr'><strong>raptoribus</strong></span> <span class='ocrx_word' id='word_1_11' title='bbox 530 272 557 296; x_wconf 90' lang='lat' dir='ltr'><strong>et</strong></span> <span class='ocrx_word' id='word_1_12' title='bbox 569 270 833 296; x_wconf 72' lang='lat' dir='ltr'><strong>consentientibus.</strong></span> 
     </span>
    </p>
   </div>
   <div class='ocr_carea' id='block_1_5' title="bbox 225 305 1057 340">
    <p class='ocr_par' dir='ltr' id='par_1_5' title="bbox 225 305 1057 340">
     <span class='ocr_line' id='line_1_5' title="bbox 225 305 1057 340; baseline 0 -9"><span class='ocrx_word' id='word_1_13' title='bbox 225 305 270 332; x_wconf 77' lang='lat'><strong>21.</strong></span> <span class='ocrx_word' id='word_1_14' title='bbox 287 305 324 332; x_wconf 92' lang='lat' dir='ltr'><strong>Ut</strong></span> <span class='ocrx_word' id='word_1_15' title='bbox 340 305 390 340; x_wconf 88' lang='lat' dir='ltr'><strong>qui</strong></span> <span class='ocrx_word' id='word_1_16' title='bbox 415 305 638 331; x_wconf 87' lang='lat' dir='ltr'><strong>ecclesiasticas</strong></span> <span class='ocrx_word' id='word_1_17' title='bbox 664 313 712 331; x_wconf 90' lang='lat' dir='ltr'><strong>res</strong></span> <span class='ocrx_word' id='word_1_18' title='bbox 729 306 793 332; x_wconf 83' lang='lat' dir='ltr'><strong>sine</strong></span> <span class='ocrx_word' id='word_1_19' title='bbox 811 305 902 340; x_wconf 77' lang='lat' dir='ltr'><strong>jussu</strong></span> <span class='ocrx_word' id='word_1_20' title='bbox 927 305 1057 339; x_wconf 80' lang='lat' dir='ltr'><strong>episcopi</strong></span> 
     </span>
    </p>
   </div>
   <div class='ocr_carea' id='block_1_6' title="bbox 260 340 694 375">
    <p class='ocr_par' dir='ltr' id='par_1_6' title="bbox 260 340 694 375">
     <span class='ocr_line' id='line_1_6' title="bbox 260 340 694 375; baseline -0.002 -8"><span class='ocrx_word' id='word_1_21' title='bbox 260 341 340 367; x_wconf 88' lang='lat' dir='ltr'><strong>tenet</strong></span> <span class='ocrx_word' id='word_1_22' title='bbox 355 341 391 366; x_wconf 90' lang='lat' dir='ltr'><strong>de</strong></span> <span class='ocrx_word' id='word_1_23' title='bbox 409 340 543 366; x_wconf 73' lang='lat' dir='ltr'><strong>Ecclesia</strong></span> <span class='ocrx_word' id='word_1_24' title='bbox 559 341 694 375; x_wconf 91' lang='lat' dir='ltr'><strong>pellatur.</strong></span> 
     </span>
    </p>
   </div>
   <div class='ocr_carea' id='block_1_7' title="bbox 224 374 811 410">
    <p class='ocr_par' dir='ltr' id='par_1_7' title="bbox 224 374 811 410">
     <span class='ocr_line' id='line_1_7' title="bbox 224 374 811 410; baseline 0 -8"><span class='ocrx_word' id='word_1_25' title='bbox 224 374 268 402; x_wconf 74' lang='lat'><strong>22.</strong></span> <span class='ocrx_word' id='word_1_26' title='bbox 286 376 328 402; x_wconf 88' lang='lat' dir='ltr'><strong>De</strong></span> <span class='ocrx_word' id='word_1_27' title='bbox 345 375 513 410; x_wconf 77' lang='lat' dir='ltr'><strong>raptoribus</strong></span> <span class='ocrx_word' id='word_1_28' title='bbox 530 374 743 402; x_wconf 61' lang='lat' dir='ltr'><strong>ecclesiastica</strong></span> <span class='ocrx_word' id='word_1_29' title='bbox 758 375 811 402; x_wconf 85' lang='lat' dir='ltr'><strong>rei.</strong></span> 
     </span>
    </p>
   </div>
   <div class='ocr_carea' id='block_1_8' title="bbox 224 410 950 446">
    <p class='ocr_par' dir='ltr' id='par_1_8' title="bbox 224 410 950 446">
     <span class='ocr_line' id='line_1_8' title="bbox 224 410 950 446; baseline 0 -9"><span class='ocrx_word' id='word_1_30' title='bbox 224 410 269 446; x_wconf 76' lang='lat'><strong>23.</strong></span> <span class='ocrx_word' id='word_1_31' title='bbox 288 410 328 437; x_wconf 92' lang='lat' dir='ltr'><strong>De</strong></span> <span class='ocrx_word' id='word_1_32' title='bbox 341 419 426 444; x_wconf 71' lang='lat' dir='ltr'><strong>pinna</strong></span> <span class='ocrx_word' id='word_1_33' title='bbox 443 410 522 437; x_wconf 89' lang='lat' dir='ltr'><strong>illius</strong></span> <span class='ocrx_word' id='word_1_34' title='bbox 537 411 586 446; x_wconf 88' lang='lat' dir='ltr'><strong>qui</strong></span> <span class='ocrx_word' id='word_1_35' title='bbox 602 411 759 437; x_wconf 82' lang='lat' dir='ltr'><strong>ecclesiam</strong></span> <span class='ocrx_word' id='word_1_36' title='bbox 776 411 950 437; x_wconf 85' lang='lat' dir='ltr'><strong>combussit.</strong></span> 
     </span>
    </p>
   </div>
   <div class='ocr_carea' id='block_1_9' title="bbox 224 445 1058 481">
    <p class='ocr_par' dir='ltr' id='par_1_9' title="bbox 224 445 1058 481">
     <span class='ocr_line' id='line_1_9' title="bbox 224 445 1058 481; baseline -0.001 -8"><span class='ocrx_word' id='word_1_37' title='bbox 224 445 269 473; x_wconf 80' lang='grc'><em>24.</em></span> <span class='ocrx_word' id='word_1_38' title='bbox 286 446 368 478; x_wconf 89' lang='lat' dir='ltr'><strong>Quod</strong></span> <span class='ocrx_word' id='word_1_39' title='bbox 382 445 565 472; x_wconf 79' lang='lat' dir='ltr'><strong>damnandus</strong></span> <span class='ocrx_word' id='word_1_40' title='bbox 580 446 619 472; x_wconf 88' lang='lat' dir='ltr'><strong>sit</strong></span> <span class='ocrx_word' id='word_1_41' title='bbox 629 446 678 481; x_wconf 87' lang='lat' dir='ltr'><strong>qui</strong></span> <span class='ocrx_word' id='word_1_42' title='bbox 688 446 724 473; x_wconf 90' lang='lat' dir='ltr'><strong>de</strong></span> <span class='ocrx_word' id='word_1_43' title='bbox 736 446 863 473; x_wconf 80' lang='lat' dir='ltr'><strong>ecclesia</strong></span> <span class='ocrx_word' id='word_1_44' title='bbox 875 446 1058 473; x_wconf 90' lang='lat' dir='ltr'><strong>subtractum</strong></span> 
     </span>
    </p>
   </div>
   <div class='ocr_carea' id='block_1_10' title="bbox 260 481 528 516">
    <p class='ocr_par' dir='ltr' id='par_1_10' title="bbox 260 481 528 516">
     <span class='ocr_line' id='line_1_10' title="bbox 260 481 528 516; baseline -0.004 -8"><span class='ocrx_word' id='word_1_45' title='bbox 260 481 370 516; x_wconf 88' lang='lat' dir='ltr'><strong>aliquid</strong></span> <span class='ocrx_word' id='word_1_46' title='bbox 389 481 528 508; x_wconf 79' lang='lat' dir='ltr'><strong>vendidit.</strong></span> 
     </span>
    </p>
   </div>
   <div class='ocr_carea' id='block_1_11' title="bbox 224 515 1058 552">
    <p class='ocr_par' dir='ltr' id='par_1_11' title="bbox 224 515 1058 552">
     <span class='ocr_line' id='line_1_11' title="bbox 224 515 1058 552; baseline -0.001 -8"><span class='ocrx_word' id='word_1_47' title='bbox 224 516 269 544; x_wconf 74' lang='lat'><strong>25.</strong></span> <span class='ocrx_word' id='word_1_48' title='bbox 286 515 327 543; x_wconf 83' lang='lat' dir='ltr'><strong>De</strong></span> <span class='ocrx_word' id='word_1_49' title='bbox 343 518 550 551; x_wconf 91' lang='lat' dir='ltr'><strong>persecutione</strong></span> <span class='ocrx_word' id='word_1_50' title='bbox 573 516 770 551; x_wconf 81' lang='lat' dir='ltr'><strong>sacerdotum,</strong></span> <span class='ocrx_word' id='word_1_51' title='bbox 797 517 825 543; x_wconf 89' lang='lat' dir='ltr'><strong>et</strong></span> <span class='ocrx_word' id='word_1_52' title='bbox 840 516 918 551; x_wconf 91' lang='lat' dir='ltr'><strong>quod</strong></span> <span class='ocrx_word' id='word_1_53' title='bbox 934 515 1058 552; x_wconf 77' lang='lat' dir='ltr'><strong>gravius</strong></span> 
     </span>
    </p>
   </div>
   <div class='ocr_carea' id='block_1_12' title="bbox 261 551 725 587">
    <p class='ocr_par' dir='ltr' id='par_1_12' title="bbox 261 551 725 587">
     <span class='ocr_line' id='line_1_12' title="bbox 261 551 725 587; baseline 0 -9"><span class='ocrx_word' id='word_1_54' title='bbox 261 552 298 578; x_wconf 93' lang='lat' dir='ltr'><strong>sit</strong></span> <span class='ocrx_word' id='word_1_55' title='bbox 314 552 503 587; x_wconf 81' lang='lat' dir='ltr'><strong>sacrilegium</strong></span> <span class='ocrx_word' id='word_1_56' title='bbox 522 551 725 578; x_wconf 81' lang='lat' dir='ltr'><strong>fornicatione.</strong></span> 
     </span>
    </p>
   </div>
   <div class='ocr_carea' id='block_1_13' title="bbox 223 587 879 621">
    <p class='ocr_par' dir='ltr' id='par_1_13' title="bbox 223 587 879 621">
     <span class='ocr_line' id='line_1_13' title="bbox 223 587 879 621; baseline -0.003 -6"><span class='ocrx_word' id='word_1_57' title='bbox 223 588 268 615; x_wconf 71' lang='lat'><strong>26.</strong></span> <span class='ocrx_word' id='word_1_58' title='bbox 285 587 327 614; x_wconf 89' lang='lat' dir='ltr'><strong>De</strong></span> <span class='ocrx_word' id='word_1_59' title='bbox 342 587 520 614; x_wconf 79' lang='lat' dir='ltr'><strong>vexantibus</strong></span> <span class='ocrx_word' id='word_1_60' title='bbox 539 587 742 614; x_wconf 88' lang='lat' dir='ltr'><strong>ecclesiastica</strong></span> <span class='ocrx_word' id='word_1_61' title='bbox 758 587 879 621; x_wconf 80' lang='lat' dir='ltr'><strong>praedia.</strong></span> 
     </span>
    </p>
   </div>
   <div class='ocr_carea' id='block_1_14' title="bbox 222 621 1058 657">
    <p class='ocr_par' dir='ltr' id='par_1_14' title="bbox 222 621 1058 657">
     <span class='ocr_line' id='line_1_14' title="bbox 222 621 1058 657; baseline 0 -8"><span class='ocrx_word' id='word_1_62' title='bbox 222 622 267 650; x_wconf 79' lang='grc'><strong>27.</strong></span> <span class='ocrx_word' id='word_1_63' title='bbox 283 622 365 654; x_wconf 85' lang='lat' dir='ltr'><strong>Quod</strong></span> <span class='ocrx_word' id='word_1_64' title='bbox 382 623 542 657; x_wconf 87' lang='lat' dir='ltr'><strong>episcopus</strong></span> <span class='ocrx_word' id='word_1_65' title='bbox 558 623 623 649; x_wconf 88' lang='lat' dir='ltr'><strong>sine</strong></span> <span class='ocrx_word' id='word_1_66' title='bbox 639 622 765 649; x_wconf 88' lang='lat' dir='ltr'><strong>consilio</strong></span> <span class='ocrx_word' id='word_1_67' title='bbox 781 622 905 649; x_wconf 76' lang='lat' dir='ltr'><strong>fratrum</strong></span> <span class='ocrx_word' id='word_1_68' title='bbox 922 621 1058 657; x_wconf 66' lang='lat' dir='ltr'><strong>quaedam</strong></span> 
     </span>
    </p>
   </div>
   <div class='ocr_carea' id='block_1_15' title="bbox 258 658 705 692">
    <p class='ocr_par' dir='ltr' id='par_1_15' title="bbox 258 658 705 692">
     <span class='ocr_line' id='line_1_15' title="bbox 258 658 705 692; baseline 0 -8"><span class='ocrx_word' id='word_1_69' title='bbox 258 658 294 684; x_wconf 89' lang='lat' dir='ltr'><strong>ab</strong></span> <span class='ocrx_word' id='word_1_70' title='bbox 311 658 438 684; x_wconf 88' lang='lat' dir='ltr'><strong>ecclesia</strong></span> <span class='ocrx_word' id='word_1_71' title='bbox 454 658 583 684; x_wconf 79' lang='lat' dir='ltr'><strong>alienare</strong></span> <span class='ocrx_word' id='word_1_72' title='bbox 599 660 705 692; x_wconf 89' lang='lat' dir='ltr'><strong>potest.</strong></span> 
     </span>
    </p>
   </div>
   <div class='ocr_carea' id='block_1_16' title="bbox 221 692 1058 728">
    <p class='ocr_par' dir='ltr' id='par_1_16' title="bbox 221 692 1058 728">
     <span class='ocr_line' id='line_1_16' title="bbox 221 692 1058 728; baseline -0.001 -8"><span class='ocrx_word' id='word_1_73' title='bbox 221 693 267 721; x_wconf 74' lang='lat'><strong>28.</strong></span> <span class='ocrx_word' id='word_1_74' title='bbox 285 693 322 720; x_wconf 88' lang='lat' dir='ltr'><strong>Ut</strong></span> <span class='ocrx_word' id='word_1_75' title='bbox 334 694 494 727; x_wconf 84' lang='lat' dir='ltr'><strong>episropus</strong></span> <span class='ocrx_word' id='word_1_76' title='bbox 510 701 563 719; x_wconf 91' lang='lat' dir='ltr'><strong>nec</strong></span> <span class='ocrx_word' id='word_1_77' title='bbox 580 693 782 720; x_wconf 86' lang='lat' dir='ltr'><strong>nescientibus</strong></span> <span class='ocrx_word' id='word_1_78' title='bbox 798 692 917 719; x_wconf 83' lang='lat' dir='ltr'><strong>clericis</strong></span> <span class='ocrx_word' id='word_1_79' title='bbox 933 699 987 719; x_wconf 91' lang='lat' dir='ltr'><strong>nec</strong></span> <span class='ocrx_word' id='word_1_80' title='bbox 1000 692 1058 728; x_wconf 86' lang='lat' dir='ltr'><strong>ipsi</strong></span> 
     </span>
    </p>
   </div>
   <div class='ocr_carea' id='block_1_17' title="bbox 258 728 834 755">
    <p class='ocr_par' dir='ltr' id='par_1_17' title="bbox 258 728 834 755">
     <span class='ocr_line' id='line_1_17' title="bbox 258 728 834 755; baseline -0.002 0"><span class='ocrx_word' id='word_1_81' title='bbox 258 736 293 755; x_wconf 86' lang='lat' dir='ltr'><strong>eo</strong></span> <span class='ocrx_word' id='word_1_82' title='bbox 309 728 461 755; x_wconf 82' lang='lat' dir='ltr'><strong>nesciente</strong></span> <span class='ocrx_word' id='word_1_83' title='bbox 478 736 526 755; x_wconf 89' lang='lat' dir='ltr'><strong>res</strong></span> <span class='ocrx_word' id='word_1_84' title='bbox 542 729 679 755; x_wconf 70' lang='lat' dir='ltr'><strong>ecclesiae</strong></span> <span class='ocrx_word' id='word_1_85' title='bbox 696 728 834 754; x_wconf 85' lang='lat' dir='ltr'><strong>vendant.</strong></span> 
     </span>
    </p>
   </div>
   <div class='ocr_carea' id='block_1_18' title="bbox 222 762 1057 825">
    <p class='ocr_par' dir='ltr' id='par_1_18' title="bbox 222 762 1057 825">
     <span class='ocr_line' id='line_1_18' title="bbox 222 762 1057 825; baseline -0.001 -34"><span class='ocrx_word' id='word_1_86' title='bbox 222 764 266 792; x_wconf 75' lang='lat'><strong>29.</strong></span> <span class='ocrx_word' id='word_1_87' title='bbox 284 763 321 825; x_wconf 54' lang='grc' dir='ltr'>υἱ</span> <span class='ocrx_word' id='word_1_88' title='bbox 336 763 435 804; x_wconf 83' lang='lat' dir='ltr'><strong>nullus</strong></span> <span class='ocrx_word' id='word_1_89' title='bbox 451 771 513 790; x_wconf 91' lang='lat' dir='ltr'><strong>rem</strong></span> <span class='ocrx_word' id='word_1_90' title='bbox 529 764 604 790; x_wconf 90' lang='lat' dir='ltr'><strong>tituli</strong></span> <span class='ocrx_word' id='word_1_91' title='bbox 628 764 674 790; x_wconf 89' lang='lat' dir='ltr'><strong>sui</strong></span> <span class='ocrx_word' id='word_1_92' title='bbox 690 764 824 798; x_wconf 86' lang='lat' dir='ltr'><strong>usurpet,</strong></span> <span class='ocrx_word' id='word_1_93' title='bbox 842 764 871 790; x_wconf 86' lang='lat' dir='ltr'><strong>et</strong></span> <span class='ocrx_word' id='word_1_94' title='bbox 885 762 922 789; x_wconf 87' lang='lat' dir='ltr'><strong>de</strong></span> <span class='ocrx_word' id='word_1_95' title='bbox 938 762 1057 790; x_wconf 87' lang='lat' dir='ltr'><strong>salariis</strong></span> 
     </span>
     <span class='ocr_line' id='line_1_19' title="bbox 259 806 407 825; baseline 0 0"><span class='ocrx_word' id='word_1_96' title='bbox 259 806 311 825; x_wconf 87' lang='lat' dir='ltr'><strong>ecc</strong></span> <span class='ocrx_word' id='word_1_97' title='bbox 324 806 407 825; x_wconf 71' lang='lat' dir='ltr'><strong>esus.</strong></span> 
     </span>
    </p>
   </div>
   <div class='ocr_carea' id='block_1_19' title="bbox 259 806 407 826">
    <p class='ocr_par' dir='ltr' id='par_1_19' title="bbox 259 806 407 826">
     <span class='ocr_line' id='line_1_20' title="bbox 259 806 407 826; baseline 0.007 -1"><span class='ocrx_word' id='word_1_98' title='bbox 259 806 407 826; x_wconf 62' lang='lat'><strong>80016818.</strong></span> 
     </span>
    </p>
   </div>
   <div class='ocr_carea' id='block_1_20' title="bbox 221 833 918 862">
    <p class='ocr_par' dir='ltr' id='par_1_20' title="bbox 221 833 918 862">
     <span class='ocr_line' id='line_1_21' title="bbox 221 833 918 862; baseline -0.003 -1"><span class='ocrx_word' id='word_1_99' title='bbox 221 834 267 862; x_wconf 84' lang='lat'><strong>30.</strong></span> <span class='ocrx_word' id='word_1_100' title='bbox 283 834 328 861; x_wconf 88' lang='lat' dir='ltr'><strong>Ne</strong></span> <span class='ocrx_word' id='word_1_101' title='bbox 345 842 394 861; x_wconf 90' lang='lat' dir='ltr'><strong>res</strong></span> <span class='ocrx_word' id='word_1_102' title='bbox 410 834 547 861; x_wconf 73' lang='lat' dir='ltr'><strong>ecclesiae</strong></span> <span class='ocrx_word' id='word_1_103' title='bbox 563 834 668 861; x_wconf 88' lang='lat' dir='ltr'><strong>dentur</strong></span> <span class='ocrx_word' id='word_1_104' title='bbox 682 833 729 860; x_wconf 87' lang='lat' dir='ltr'><strong>vel</strong></span> <span class='ocrx_word' id='word_1_105' title='bbox 744 833 918 860; x_wconf 83' lang='lat' dir='ltr'><strong>vendantur.</strong></span> 
     </span>
    </p>
   </div>
   <div class='ocr_carea' id='block_1_21' title="bbox 221 869 971 903">
    <p class='ocr_par' dir='ltr' id='par_1_21' title="bbox 221 869 971 903">
     <span class='ocr_line' id='line_1_22' title="bbox 221 869 971 903; baseline -0.003 -7"><span class='ocrx_word' id='word_1_106' title='bbox 221 870 266 897; x_wconf 83' lang='lat'><strong>81.</strong></span> <span class='ocrx_word' id='word_1_107' title='bbox 283 869 412 901; x_wconf 85' lang='lat' dir='ltr'><strong>Qualiter</strong></span> <span class='ocrx_word' id='word_1_108' title='bbox 427 870 588 903; x_wconf 83' lang='lat' dir='ltr'><strong>episcopus</strong></span> <span class='ocrx_word' id='word_1_109' title='bbox 604 869 695 896; x_wconf 86' lang='lat' dir='ltr'><strong>rebus</strong></span> <span class='ocrx_word' id='word_1_110' title='bbox 712 869 849 895; x_wconf 72' lang='lat' dir='ltr'><strong>ecclesiae</strong></span> <span class='ocrx_word' id='word_1_111' title='bbox 864 869 971 895; x_wconf 84' lang='lat' dir='ltr'><strong>utatur.</strong></span> 
     </span>
    </p>
   </div>
   <div class='ocr_carea' id='block_1_22' title="bbox 222 903 1056 939">
    <p class='ocr_par' dir='ltr' id='par_1_22' title="bbox 222 903 1056 939">
     <span class='ocr_line' id='line_1_23' title="bbox 222 903 1056 939; baseline -0.001 -7"><span class='ocrx_word' id='word_1_112' title='bbox 222 904 266 933; x_wconf 72' lang='lat'><strong>32.</strong></span> <span class='ocrx_word' id='word_1_113' title='bbox 291 905 334 931; x_wconf 89' lang='lat' dir='ltr'><strong>Ne</strong></span> <span class='ocrx_word' id='word_1_114' title='bbox 347 905 458 939; x_wconf 74' lang='lat' dir='ltr'><strong>priedia</strong></span> <span class='ocrx_word' id='word_1_115' title='bbox 474 903 678 931; x_wconf 86' lang='lat' dir='ltr'><strong>ecclesiastica</strong></span> <span class='ocrx_word' id='word_1_116' title='bbox 702 912 717 930; x_wconf 87' lang='lat' dir='ltr'><strong>a</strong></span> <span class='ocrx_word' id='word_1_117' title='bbox 733 903 1056 939; x_wconf 86' lang='lat' dir='ltr'><strong>militibusteneantur.</strong></span> 
     </span>
    </p>
   </div>
   <div class='ocr_carea' id='block_1_23' title="bbox 222 938 1057 1001">
    <p class='ocr_par' dir='ltr' id='par_1_23' title="bbox 222 938 1057 1001">
     <span class='ocr_line' id='line_1_24' title="bbox 222 938 1057 1001; baseline -0.001 -35"><span class='ocrx_word' id='word_1_118' title='bbox 222 940 275 1001; x_wconf 59' lang='grc' dir='ltr'><strong>3εᾶ</strong></span> <span class='ocrx_word' id='word_1_119' title='bbox 286 940 327 1001; x_wconf 47' lang='lat' dir='ltr'><strong>Ut!</strong></span> <span class='ocrx_word' id='word_1_120' title='bbox 339 938 391 974; x_wconf 81' lang='lat' dir='ltr'><strong>pro</strong></span> <span class='ocrx_word' id='word_1_121' title='bbox 412 940 537 974; x_wconf 80' lang='lat' dir='ltr'><strong>captivis</strong></span> <span class='ocrx_word' id='word_1_122' title='bbox 554 939 738 966; x_wconf 85' lang='lat' dir='ltr'><strong>redimendis</strong></span> <span class='ocrx_word' id='word_1_123' title='bbox 761 946 810 967; x_wconf 86' lang='lat' dir='ltr'><strong>res</strong></span> <span class='ocrx_word' id='word_1_124' title='bbox 825 938 962 966; x_wconf 66' lang='lat' dir='ltr'><strong>ecclesias</strong></span> <span class='ocrx_word' id='word_1_125' title='bbox 983 947 1057 966; x_wconf 90' lang='lat' dir='ltr'><strong>ven-</strong></span> 
     </span>
     <span class='ocr_line' id='line_1_25' title="bbox 279 983 373 1001; baseline 0 0"><span class='ocrx_word' id='word_1_126' title='bbox 279 983 313 1001; x_wconf 89' lang='lat' dir='ltr'><strong>an</strong></span> <span class='ocrx_word' id='word_1_127' title='bbox 330 983 373 1001; x_wconf 92' lang='lat' dir='ltr'><strong>ur.</strong></span> 
     </span>
    </p>
   </div>
   <div class='ocr_carea' id='block_1_24' title="bbox 279 976 373 1001">
    <p class='ocr_par' dir='ltr' id='par_1_24' title="bbox 279 976 373 1001">
     <span class='ocr_line' id='line_1_26' title="bbox 279 976 373 1001; baseline 0 0"><span class='ocrx_word' id='word_1_128' title='bbox 279 976 373 1001; x_wconf 89' lang='lat' dir='ltr'><strong>antur.</strong></span> 
     </span>
    </p>
   </div>
   <div class='ocr_carea' id='block_1_25' title="bbox 221 1009 1057 1042">
    <p class='ocr_par' dir='ltr' id='par_1_25' title="bbox 221 1009 1057 1042">
     <span class='ocr_line' id='line_1_27' title="bbox 221 1009 1057 1042; baseline 0 -6"><span class='ocrx_word' id='word_1_129' title='bbox 221 1009 266 1037; x_wconf 75' lang='lat'><strong>34.</strong></span> <span class='ocrx_word' id='word_1_130' title='bbox 282 1010 366 1042; x_wconf 83' lang='lat' dir='ltr'><strong>Quod</strong></span> <span class='ocrx_word' id='word_1_131' title='bbox 382 1010 548 1037; x_wconf 81' lang='lat' dir='ltr'><strong>faciendum</strong></span> <span class='ocrx_word' id='word_1_132' title='bbox 558 1010 597 1037; x_wconf 85' lang='lat' dir='ltr'><strong>sit</strong></span> <span class='ocrx_word' id='word_1_133' title='bbox 608 1018 674 1037; x_wconf 80' lang='lat' dir='ltr'><strong>eum</strong></span> <span class='ocrx_word' id='word_1_134' title='bbox 684 1018 809 1038; x_wconf 88' lang='lat' dir='ltr'><strong>necesse</strong></span> <span class='ocrx_word' id='word_1_135' title='bbox 826 1011 872 1036; x_wconf 90' lang='lat' dir='ltr'><strong>est</strong></span> <span class='ocrx_word' id='word_1_136' title='bbox 887 1017 948 1037; x_wconf 89' lang='lat' dir='ltr'><strong>rem</strong></span> <span class='ocrx_word' id='word_1_137' title='bbox 960 1010 1057 1037; x_wconf 88' lang='lat' dir='ltr'><strong>eccle-</strong></span> 
     </span>
    </p>
   </div>
   <div class='ocr_carea' id='block_1_26' title="bbox 259 1045 468 1072">
    <p class='ocr_par' dir='ltr' id='par_1_26' title="bbox 259 1045 468 1072">
     <span class='ocr_line' id='line_1_28' title="bbox 259 1045 468 1072; baseline 0 -1"><span class='ocrx_word' id='word_1_138' title='bbox 259 1045 313 1072; x_wconf 67' lang='lat' dir='ltr'><strong>siae</strong></span> <span class='ocrx_word' id='word_1_139' title='bbox 330 1045 468 1072; x_wconf 90' lang='lat' dir='ltr'><strong>vendere.</strong></span> 
     </span>
    </p>
   </div>
   <div class='ocr_carea' id='block_1_27' title="bbox 222 1080 1000 1109">
    <p class='ocr_par' dir='ltr' id='par_1_27' title="bbox 222 1080 1000 1109">
     <span class='ocr_line' id='line_1_29' title="bbox 222 1080 1000 1109; baseline -0.003 0"><span class='ocrx_word' id='word_1_140' title='bbox 222 1081 267 1109; x_wconf 88' lang='lat'><strong>35.</strong></span> <span class='ocrx_word' id='word_1_141' title='bbox 286 1081 322 1108; x_wconf 88' lang='lat' dir='ltr'><strong>Ut</strong></span> <span class='ocrx_word' id='word_1_142' title='bbox 339 1083 447 1108; x_wconf 85' lang='lat' dir='ltr'><strong>temere</strong></span> <span class='ocrx_word' id='word_1_143' title='bbox 463 1081 619 1108; x_wconf 85' lang='lat' dir='ltr'><strong>alienatum</strong></span> <span class='ocrx_word' id='word_1_144' title='bbox 635 1081 672 1108; x_wconf 87' lang='lat' dir='ltr'><strong>ab</strong></span> <span class='ocrx_word' id='word_1_145' title='bbox 692 1080 819 1108; x_wconf 89' lang='lat' dir='ltr'><strong>ecclesia</strong></span> <span class='ocrx_word' id='word_1_146' title='bbox 836 1081 1000 1108; x_wconf 84' lang='lat' dir='ltr'><strong>revocetur.</strong></span> 
     </span>
    </p>
   </div>
   <div class='ocr_carea' id='block_1_28' title="bbox 222 1116 912 1145">
    <p class='ocr_par' dir='ltr' id='par_1_28' title="bbox 222 1116 912 1145">
     <span class='ocr_line' id='line_1_30' title="bbox 222 1116 912 1145; baseline -0.004 0"><span class='ocrx_word' id='word_1_147' title='bbox 222 1116 267 1145; x_wconf 89' lang='lat'><strong>36.</strong></span> <span class='ocrx_word' id='word_1_148' title='bbox 285 1116 322 1143; x_wconf 92' lang='lat' dir='ltr'><strong>Ut</strong></span> <span class='ocrx_word' id='word_1_149' title='bbox 339 1124 393 1143; x_wconf 93' lang='lat' dir='ltr'><strong>nec</strong></span> <span class='ocrx_word' id='word_1_150' title='bbox 409 1116 437 1142; x_wconf 93' lang='lat' dir='ltr'><strong>in</strong></span> <span class='ocrx_word' id='word_1_151' title='bbox 455 1116 571 1143; x_wconf 88' lang='lat' dir='ltr'><strong>vadium</strong></span> <span class='ocrx_word' id='word_1_152' title='bbox 588 1124 636 1143; x_wconf 89' lang='lat' dir='ltr'><strong>res</strong></span> <span class='ocrx_word' id='word_1_153' title='bbox 648 1117 785 1143; x_wconf 63' lang='lat' dir='ltr'><strong>ecclesiae</strong></span> <span class='ocrx_word' id='word_1_154' title='bbox 796 1116 912 1143; x_wconf 91' lang='lat' dir='ltr'><strong>dentur.</strong></span> 
     </span>
    </p>
   </div>
   <div class='ocr_carea' id='block_1_29' title="bbox 220 1151 1017 1186">
    <p class='ocr_par' dir='ltr' id='par_1_29' title="bbox 220 1151 1017 1186">
     <span class='ocr_line' id='line_1_31' title="bbox 220 1151 1017 1186; baseline -0.003 -7"><span class='ocrx_word' id='word_1_155' title='bbox 220 1151 266 1179; x_wconf 84' lang='lat'><strong>3&#39;1.</strong></span> <span class='ocrx_word' id='word_1_156' title='bbox 282 1151 395 1184; x_wconf 89' lang='lat' dir='ltr'><strong>Quibus</strong></span> <span class='ocrx_word' id='word_1_157' title='bbox 411 1151 549 1186; x_wconf 87' lang='lat' dir='ltr'><strong>personis</strong></span> <span class='ocrx_word' id='word_1_158' title='bbox 566 1160 615 1179; x_wconf 87' lang='lat' dir='ltr'><strong>res</strong></span> <span class='ocrx_word' id='word_1_159' title='bbox 635 1152 772 1179; x_wconf 62' lang='lat' dir='ltr'><strong>ecclesiae</strong></span> <span class='ocrx_word' id='word_1_160' title='bbox 788 1151 875 1178; x_wconf 89' lang='lat' dir='ltr'><strong>vendi</strong></span> <span class='ocrx_word' id='word_1_161' title='bbox 891 1151 1017 1185; x_wconf 86' lang='lat' dir='ltr'><strong>possint.</strong></span> 
     </span>
    </p>
   </div>
   <div class='ocr_carea' id='block_1_30' title="bbox 221 1186 1055 1248">
    <p class='ocr_par' dir='ltr' id='par_1_30' title="bbox 221 1186 1055 1248">
     <span class='ocr_line' id='line_1_32' title="bbox 221 1186 1055 1248; baseline -0.002 -33"><span class='ocrx_word' id='word_1_162' title='bbox 221 1186 380 1248; x_wconf 66' lang='lat' dir='ltr'><strong>38.1Quam</strong></span> <span class='ocrx_word' id='word_1_163' title='bbox 395 1195 497 1214; x_wconf 86' lang='lat' dir='ltr'><strong>curam</strong></span> <span class='ocrx_word' id='word_1_164' title='bbox 513 1187 640 1215; x_wconf 85' lang='lat' dir='ltr'><strong>habeant</strong></span> <span class='ocrx_word' id='word_1_165' title='bbox 662 1187 797 1214; x_wconf 65' lang='lat' dir='ltr'><strong>haeredes</strong></span> <span class='ocrx_word' id='word_1_166' title='bbox 819 1186 984 1214; x_wconf 66' lang='lat' dir='ltr'><strong>fundator-is</strong></span> <span class='ocrx_word' id='word_1_167' title='bbox 1004 1194 1055 1213; x_wconf 92' lang='lat' dir='ltr'><strong>ec-</strong></span> 
     </span>
     <span class='ocr_line' id='line_1_33' title="bbox 258 1230 369 1248; baseline 0 0"><span class='ocrx_word' id='word_1_168' title='bbox 258 1230 274 1248; x_wconf 91' lang='lat' dir='ltr'><strong>e</strong></span> <span class='ocrx_word' id='word_1_169' title='bbox 287 1230 369 1248; x_wconf 72' lang='lat' dir='ltr'><strong>estin.</strong></span> 
     </span>
    </p>
   </div>
   <div class='ocr_carea' id='block_1_31' title="bbox 258 1230 369 1249">
    <p class='ocr_par' dir='ltr' id='par_1_31' title="bbox 258 1230 369 1249">
     <span class='ocr_line' id='line_1_34' title="bbox 258 1230 369 1249; baseline 0.009 -1"><span class='ocrx_word' id='word_1_170' title='bbox 258 1230 369 1249; x_wconf 71' lang='grc' dir='ltr'>ωθειω.</span> 
     </span>
    </p>
   </div>
   <div class='ocr_carea' id='block_1_32' title="bbox 221 1257 1055 1293">
    <p class='ocr_par' dir='ltr' id='par_1_32' title="bbox 221 1257 1055 1293">
     <span class='ocr_line' id='line_1_35' title="bbox 221 1257 1055 1293; baseline -0.002 -8"><span class='ocrx_word' id='word_1_171' title='bbox 221 1257 266 1285; x_wconf 85' lang='lat'><strong>39.</strong></span> <span class='ocrx_word' id='word_1_172' title='bbox 290 1258 373 1289; x_wconf 92' lang='lat' dir='ltr'><strong>Quod</strong></span> <span class='ocrx_word' id='word_1_173' title='bbox 403 1257 525 1285; x_wconf 82' lang='lat' dir='ltr'><strong>decimae</strong></span> <span class='ocrx_word' id='word_1_174' title='bbox 548 1259 616 1285; x_wconf 87' lang='lat' dir='ltr'><strong>sunt</strong></span> <span class='ocrx_word' id='word_1_175' title='bbox 641 1258 749 1285; x_wconf 85' lang='lat' dir='ltr'><strong>tributa</strong></span> <span class='ocrx_word' id='word_1_176' title='bbox 770 1257 919 1293; x_wconf 78' lang='lat' dir='ltr'><strong>egentium</strong></span> <span class='ocrx_word' id='word_1_177' title='bbox 943 1257 1055 1284; x_wconf 87' lang='lat' dir='ltr'><strong>anima-</strong></span> 
     </span>
    </p>
   </div>
   <div class='ocr_carea' id='block_1_33' title="bbox 257 1301 333 1320">
    <p class='ocr_par' dir='ltr' id='par_1_33' title="bbox 257 1301 333 1320">
     <span class='ocr_line' id='line_1_36' title="bbox 257 1301 333 1320; baseline 0 0"><span class='ocrx_word' id='word_1_178' title='bbox 257 1301 333 1320; x_wconf 85' lang='lat' dir='ltr'><strong>rum.</strong></span> 
     </span>
    </p>
   </div>
   <div class='ocr_carea' id='block_1_34' title="bbox 220 1327 1056 1363">
    <p class='ocr_par' dir='ltr' id='par_1_34' title="bbox 220 1327 1056 1363">
     <span class='ocr_line' id='line_1_37' title="bbox 220 1327 1056 1363; baseline -0.002 -7"><span class='ocrx_word' id='word_1_179' title='bbox 220 1329 266 1356; x_wconf 92' lang='lat'><strong>40.</strong></span> <span class='ocrx_word' id='word_1_180' title='bbox 281 1328 363 1360; x_wconf 89' lang='lat' dir='ltr'><strong>Quod</strong></span> <span class='ocrx_word' id='word_1_181' title='bbox 379 1328 428 1363; x_wconf 90' lang='lat' dir='ltr'><strong>qui</strong></span> <span class='ocrx_word' id='word_1_182' title='bbox 444 1328 574 1355; x_wconf 87' lang='lat' dir='ltr'><strong>decimas</strong></span> <span class='ocrx_word' id='word_1_183' title='bbox 591 1328 727 1356; x_wconf 84' lang='lat' dir='ltr'><strong>ecclesiae</strong></span> <span class='ocrx_word' id='word_1_184' title='bbox 743 1327 928 1363; x_wconf 86' lang='lat' dir='ltr'><strong>baptismalis</strong></span> <span class='ocrx_word' id='word_1_185' title='bbox 939 1328 1056 1355; x_wconf 90' lang='lat' dir='ltr'><strong>conten-</strong></span> 
     </span>
    </p>
   </div>
   <div class='ocr_carea' id='block_1_35' title="bbox 257 1364 684 1391">
    <p class='ocr_par' dir='ltr' id='par_1_35' title="bbox 257 1364 684 1391">
     <span class='ocr_line' id='line_1_38' title="bbox 257 1364 684 1391; baseline 0.002 -1"><span class='ocrx_word' id='word_1_186' title='bbox 257 1364 329 1390; x_wconf 92' lang='lat' dir='ltr'><strong>dunt</strong></span> <span class='ocrx_word' id='word_1_187' title='bbox 344 1364 483 1390; x_wconf 86' lang='lat' dir='ltr'><strong>damnum</strong></span> <span class='ocrx_word' id='word_1_188' title='bbox 498 1366 684 1391; x_wconf 76' lang='lat' dir='ltr'><strong>componant.</strong></span> 
     </span>
    </p>
   </div>
   <div class='ocr_carea' id='block_1_36' title="bbox 220 1399 690 1427">
    <p class='ocr_par' dir='ltr' id='par_1_36' title="bbox 220 1399 690 1427">
     <span class='ocr_line' id='line_1_39' title="bbox 220 1399 690 1427; baseline -0.002 0"><span class='ocrx_word' id='word_1_189' title='bbox 220 1400 265 1427; x_wconf 86' lang='lat' dir='ltr'><strong>4t.</strong></span> <span class='ocrx_word' id='word_1_190' title='bbox 285 1399 322 1426; x_wconf 88' lang='lat' dir='ltr'><strong>Ut</strong></span> <span class='ocrx_word' id='word_1_191' title='bbox 338 1399 461 1426; x_wconf 66' lang='lat' dir='ltr'><strong>decima:</strong></span> <span class='ocrx_word' id='word_1_192' title='bbox 476 1399 540 1426; x_wconf 87' lang='lat' dir='ltr'><strong>dari</strong></span> <span class='ocrx_word' id='word_1_193' title='bbox 555 1399 690 1426; x_wconf 87' lang='lat' dir='ltr'><strong>debeant.</strong></span> 
     </span>
    </p>
   </div>
   <div class='ocr_carea' id='block_1_37' title="bbox 219 1433 985 1470">
    <p class='ocr_par' dir='ltr' id='par_1_37' title="bbox 219 1433 985 1470">
     <span class='ocr_line' id='line_1_40' title="bbox 219 1433 985 1470; baseline -0.003 -8"><span class='ocrx_word' id='word_1_194' title='bbox 219 1435 265 1462; x_wconf 76' lang='grc'><em>42.</em></span> <span class='ocrx_word' id='word_1_195' title='bbox 282 1435 365 1466; x_wconf 85' lang='lat' dir='ltr'><strong>Quod</strong></span> <span class='ocrx_word' id='word_1_196' title='bbox 380 1435 429 1461; x_wconf 83' lang='lat' dir='ltr'><strong>flat</strong></span> <span class='ocrx_word' id='word_1_197' title='bbox 444 1435 480 1461; x_wconf 89' lang='lat' dir='ltr'><strong>de</strong></span> <span class='ocrx_word' id='word_1_198' title='bbox 496 1435 716 1470; x_wconf 82' lang='lat' dir='ltr'><strong>negligentibus</strong></span> <span class='ocrx_word' id='word_1_199' title='bbox 732 1434 876 1461; x_wconf 85' lang='lat' dir='ltr'><strong>decimam</strong></span> <span class='ocrx_word' id='word_1_200' title='bbox 905 1433 985 1461; x_wconf 89' lang='lat' dir='ltr'><strong>dare.</strong></span> 
     </span>
    </p>
   </div>
   <div class='ocr_carea' id='block_1_38' title="bbox 219 1470 858 1505">
    <p class='ocr_par' dir='ltr' id='par_1_38' title="bbox 219 1470 858 1505">
     <span class='ocr_line' id='line_1_41' title="bbox 219 1470 858 1505; baseline -0.003 -7"><span class='ocrx_word' id='word_1_201' title='bbox 219 1471 265 1498; x_wconf 83' lang='lat'><strong>43.</strong></span> <span class='ocrx_word' id='word_1_202' title='bbox 281 1471 352 1502; x_wconf 64' lang='lat' dir='ltr'><strong>Quae</strong></span> <span class='ocrx_word' id='word_1_203' title='bbox 369 1470 491 1497; x_wconf 72' lang='lat' dir='ltr'><strong>decimte</strong></span> <span class='ocrx_word' id='word_1_204' title='bbox 506 1478 522 1496; x_wconf 89' lang='lat' dir='ltr'><strong>a</strong></span> <span class='ocrx_word' id='word_1_205' title='bbox 538 1470 622 1497; x_wconf 88' lang='lat' dir='ltr'><strong>laicis</strong></span> <span class='ocrx_word' id='word_1_206' title='bbox 638 1470 858 1505; x_wconf 87' lang='lat' dir='ltr'><strong>possideantur.</strong></span> 
     </span>
    </p>
   </div>
   <div class='ocr_carea' id='block_1_39' title="bbox 218 1505 1054 1568">
    <p class='ocr_par' dir='ltr' id='par_1_39' title="bbox 218 1505 1054 1568">
     <span class='ocr_line' id='line_1_42' title="bbox 218 1505 1054 1540; baseline -0.001 -7"><span class='ocrx_word' id='word_1_207' title='bbox 218 1506 264 1534; x_wconf 75' lang='grc'><strong>44.</strong></span> <span class='ocrx_word' id='word_1_208' title='bbox 283 1506 320 1533; x_wconf 90' lang='lat' dir='ltr'><strong>Ut</strong></span> <span class='ocrx_word' id='word_1_209' title='bbox 344 1506 467 1533; x_wconf 64' lang='lat' dir='ltr'><strong>decima:</strong></span> <span class='ocrx_word' id='word_1_210' title='bbox 482 1505 539 1533; x_wconf 84' lang='lat' dir='ltr'><strong>sub</strong></span> <span class='ocrx_word' id='word_1_211' title='bbox 555 1514 643 1533; x_wconf 88' lang='lat' dir='ltr'><strong>manu</strong></span> <span class='ocrx_word' id='word_1_212' title='bbox 665 1506 798 1540; x_wconf 90' lang='lat' dir='ltr'><strong>episcopi</strong></span> <span class='ocrx_word' id='word_1_213' title='bbox 814 1505 874 1532; x_wconf 89' lang='lat' dir='ltr'><strong>sint</strong></span> <span class='ocrx_word' id='word_1_214' title='bbox 887 1506 916 1532; x_wconf 86' lang='lat' dir='ltr'><strong>et</strong></span> <span class='ocrx_word' id='word_1_215' title='bbox 931 1505 1001 1540; x_wconf 89' lang='lat' dir='ltr'><strong>quid</strong></span> <span class='ocrx_word' id='word_1_216' title='bbox 1016 1513 1054 1533; x_wconf 85' lang='lat' dir='ltr'><strong>ex</strong></span> 
     </span>
     <span class='ocr_line' id='line_1_43' title="bbox 255 1541 452 1568; baseline 0 0"><span class='ocrx_word' id='word_1_217' title='bbox 255 1541 303 1568; x_wconf 87' lang='lat' dir='ltr'><strong>his</strong></span> <span class='ocrx_word' id='word_1_218' title='bbox 320 1541 452 1568; x_wconf 76' lang='lat' dir='ltr'><strong>facialur.</strong></span> 
     </span>
    </p>
   </div>
   <div class='ocr_carea' id='block_1_40' title="bbox 277 1542 452 1568">
    <p class='ocr_par' dir='ltr' id='par_1_40' title="bbox 277 1542 452 1568">
     <span class='ocr_line' id='line_1_44' title="bbox 277 1542 452 1568; baseline 0 0"><span class='ocrx_word' id='word_1_219' title='bbox 277 1542 303 1568; x_wconf 89' lang='lat' dir='ltr'><strong>is</strong></span> <span class='ocrx_word' id='word_1_220' title='bbox 320 1542 452 1568; x_wconf 76' lang='lat' dir='ltr'><strong>facialur.</strong></span> 
     </span>
    </p>
   </div>
   <div class='ocr_carea' id='block_1_41' title="bbox 219 1576 1053 1639">
    <p class='ocr_par' dir='ltr' id='par_1_41' title="bbox 219 1576 1053 1639">
     <span class='ocr_line' id='line_1_45' title="bbox 219 1576 1053 1639; baseline -0.002 -34"><span class='ocrx_word' id='word_1_221' title='bbox 219 1577 394 1639; x_wconf 38' lang='lat' dir='ltr'><strong>455Quitbus</strong></span> <span class='ocrx_word' id='word_1_222' title='bbox 410 1577 547 1612; x_wconf 85' lang='lat' dir='ltr'><strong>personis</strong></span> <span class='ocrx_word' id='word_1_223' title='bbox 563 1576 697 1612; x_wconf 86' lang='lat' dir='ltr'><strong>episcopi</strong></span> <span class='ocrx_word' id='word_1_224' title='bbox 705 1576 837 1604; x_wconf 89' lang='lat' dir='ltr'><strong>decimas</strong></span> <span class='ocrx_word' id='word_1_225' title='bbox 848 1577 985 1604; x_wconf 86' lang='lat' dir='ltr'><strong>conferre</strong></span> <span class='ocrx_word' id='word_1_226' title='bbox 1001 1576 1053 1603; x_wconf 83' lang='lat' dir='ltr'><strong>de—</strong></span> 
     </span>
     <span class='ocr_line' id='line_1_46' title="bbox 275 1620 353 1639; baseline 0 0"><span class='ocrx_word' id='word_1_227' title='bbox 275 1620 329 1639; x_wconf 87' lang='lat' dir='ltr'><strong>ean</strong></span> <span class='ocrx_word' id='word_1_228' title='bbox 345 1633 353 1639; x_wconf 86' lang='lat'><strong>.</strong></span> 
     </span>
    </p>
   </div>
   <div class='ocr_carea' id='block_1_42' title="bbox 275 1616 353 1640">
    <p class='ocr_par' dir='ltr' id='par_1_42' title="bbox 275 1616 353 1640">
     <span class='ocr_line' id='line_1_47' title="bbox 275 1616 353 1640; baseline 0.013 -1"><span class='ocrx_word' id='word_1_229' title='bbox 275 1616 353 1640; x_wconf 69' lang='lat' dir='ltr'><strong>eanL</strong></span> 
     </span>
    </p>
   </div>
   <div class='ocr_carea' id='block_1_43' title="bbox 217 1647 1054 1710">
    <p class='ocr_par' dir='ltr' id='par_1_43' title="bbox 217 1647 1054 1710">
     <span class='ocr_line' id='line_1_48' title="bbox 217 1647 1054 1710; baseline -0.002 -35"><span class='ocrx_word' id='word_1_230' title='bbox 217 1647 271 1710; x_wconf 59' lang='grc' dir='ltr'><strong>46ἐι</strong></span> <span class='ocrx_word' id='word_1_231' title='bbox 282 1648 468 1710; x_wconf 58' lang='lat' dir='ltr'><strong>Uttepiscopi</strong></span> <span class='ocrx_word' id='word_1_232' title='bbox 483 1650 510 1675; x_wconf 92' lang='lat' dir='ltr'><strong>et</strong></span> <span class='ocrx_word' id='word_1_233' title='bbox 535 1648 658 1675; x_wconf 87' lang='lat' dir='ltr'><strong>abbates</strong></span> <span class='ocrx_word' id='word_1_234' title='bbox 683 1647 719 1675; x_wconf 90' lang='lat' dir='ltr'><strong>de</strong></span> <span class='ocrx_word' id='word_1_235' title='bbox 740 1647 822 1683; x_wconf 86' lang='lat' dir='ltr'><strong>agris</strong></span> <span class='ocrx_word' id='word_1_236' title='bbox 842 1648 908 1675; x_wconf 87' lang='lat' dir='ltr'><strong>suis</strong></span> <span class='ocrx_word' id='word_1_237' title='bbox 923 1647 1054 1674; x_wconf 88' lang='lat' dir='ltr'><strong>decimas</strong></span> 
     </span>
     <span class='ocr_line' id='line_1_49' title="bbox 275 1691 332 1710; baseline 0 0"><span class='ocrx_word' id='word_1_238' title='bbox 275 1691 311 1710; x_wconf 92' lang='lat' dir='ltr'><strong>en</strong></span> <span class='ocrx_word' id='word_1_239' title='bbox 327 1704 332 1710; x_wconf 99' lang='lat'><strong>.</strong></span> 
     </span>
    </p>
   </div>
   <div class='ocr_carea' id='block_1_44' title="bbox 275 1685 332 1710">
    <p class='ocr_par' dir='ltr' id='par_1_44' title="bbox 275 1685 332 1710">
     <span class='ocr_line' id='line_1_50' title="bbox 275 1685 332 1710; baseline 0 0"><span class='ocrx_word' id='word_1_240' title='bbox 275 1685 332 1710; x_wconf 92' lang='lat' dir='ltr'><strong>ent.</strong></span> 
     </span>
    </p>
   </div>
   <div class='ocr_carea' id='block_1_45' title="bbox 218 1717 1051 1754">
    <p class='ocr_par' dir='ltr' id='par_1_45' title="bbox 218 1717 1051 1754">
     <span class='ocr_line' id='line_1_51' title="bbox 218 1717 1051 1754; baseline -0.002 -8"><span class='ocrx_word' id='word_1_241' title='bbox 218 1719 263 1746; x_wconf 79' lang='grc'><em>47.</em></span> <span class='ocrx_word' id='word_1_242' title='bbox 279 1719 362 1750; x_wconf 88' lang='lat' dir='ltr'><strong>Quod</strong></span> <span class='ocrx_word' id='word_1_243' title='bbox 379 1718 405 1745; x_wconf 91' lang='lat' dir='ltr'><strong>si</strong></span> <span class='ocrx_word' id='word_1_244' title='bbox 424 1718 492 1753; x_wconf 83' lang='lat' dir='ltr'><strong>quis</strong></span> <span class='ocrx_word' id='word_1_245' title='bbox 509 1726 613 1754; x_wconf 88' lang='lat' dir='ltr'><strong>agrum</strong></span> <span class='ocrx_word' id='word_1_246' title='bbox 631 1725 719 1745; x_wconf 89' lang='lat' dir='ltr'><strong>suum</strong></span> <span class='ocrx_word' id='word_1_247' title='bbox 738 1717 876 1745; x_wconf 73' lang='lat' dir='ltr'><strong>ecclesiis</strong></span> <span class='ocrx_word' id='word_1_248' title='bbox 897 1717 1051 1754; x_wconf 79' lang='lat' dir='ltr'><strong>legaverit,</strong></span> 
     </span>
    </p>
   </div>
   <div class='ocr_carea' id='block_1_46' title="bbox 254 1754 678 1788">
    <p class='ocr_par' dir='ltr' id='par_1_46' title="bbox 254 1754 678 1788">
     <span class='ocr_line' id='line_1_52' title="bbox 254 1754 678 1788; baseline -0.002 -7"><span class='ocrx_word' id='word_1_249' title='bbox 254 1754 396 1781; x_wconf 86' lang='lat' dir='ltr'><strong>decimam</strong></span> <span class='ocrx_word' id='word_1_250' title='bbox 414 1754 483 1780; x_wconf 90' lang='lat' dir='ltr'><strong>dare</strong></span> <span class='ocrx_word' id='word_1_251' title='bbox 497 1762 556 1780; x_wconf 92' lang='lat' dir='ltr'><strong>non</strong></span> <span class='ocrx_word' id='word_1_252' title='bbox 572 1755 678 1788; x_wconf 84' lang='lat' dir='ltr'><strong>potest.</strong></span> 
     </span>
    </p>
   </div>
   <div class='ocr_carea' id='block_1_47' title="bbox 216 1788 987 1823">
    <p class='ocr_par' dir='ltr' id='par_1_47' title="bbox 216 1788 987 1823">
     <span class='ocr_line' id='line_1_53' title="bbox 216 1788 987 1823; baseline -0.003 -6"><span class='ocrx_word' id='word_1_253' title='bbox 216 1789 262 1817; x_wconf 90' lang='lat'><strong>48.</strong></span> <span class='ocrx_word' id='word_1_254' title='bbox 279 1789 316 1816; x_wconf 91' lang='lat' dir='ltr'><strong>Ut</strong></span> <span class='ocrx_word' id='word_1_255' title='bbox 327 1789 606 1816; x_wconf 83' lang='lat' dir='ltr'><strong>unathemntizentur</strong></span> <span class='ocrx_word' id='word_1_256' title='bbox 621 1789 671 1823; x_wconf 92' lang='lat' dir='ltr'><strong>qui</strong></span> <span class='ocrx_word' id='word_1_257' title='bbox 686 1788 817 1815; x_wconf 86' lang='lat' dir='ltr'><strong>decimas</strong></span> <span class='ocrx_word' id='word_1_258' title='bbox 834 1796 892 1815; x_wconf 92' lang='lat' dir='ltr'><strong>non</strong></span> <span class='ocrx_word' id='word_1_259' title='bbox 908 1788 987 1815; x_wconf 87' lang='lat' dir='ltr'><strong>dant.</strong></span> 
     </span>
    </p>
   </div>
   <div class='ocr_carea' id='block_1_48' title="bbox 217 1824 1050 1887">
    <p class='ocr_par' dir='ltr' id='par_1_48' title="bbox 217 1824 1050 1887">
     <span class='ocr_line' id='line_1_54' title="bbox 217 1824 1050 1859; baseline -0.001 -8"><span class='ocrx_word' id='word_1_260' title='bbox 217 1825 261 1852; x_wconf 84' lang='lat'><strong>49.</strong></span> <span class='ocrx_word' id='word_1_261' title='bbox 278 1825 361 1856; x_wconf 84' lang='lat' dir='ltr'><strong>Quod</strong></span> <span class='ocrx_word' id='word_1_262' title='bbox 376 1824 499 1851; x_wconf 65' lang='lat' dir='ltr'><strong>decima:</strong></span> <span class='ocrx_word' id='word_1_263' title='bbox 515 1832 573 1851; x_wconf 91' lang='lat' dir='ltr'><strong>non</strong></span> <span class='ocrx_word' id='word_1_264' title='bbox 589 1825 648 1850; x_wconf 88' lang='lat' dir='ltr'><strong>sint</strong></span> <span class='ocrx_word' id='word_1_265' title='bbox 663 1824 818 1859; x_wconf 74' lang='lat' dir='ltr'><strong>exigendae</strong></span> <span class='ocrx_word' id='word_1_266' title='bbox 830 1832 846 1851; x_wconf 90' lang='lat' dir='ltr'><strong>a</strong></span> <span class='ocrx_word' id='word_1_267' title='bbox 857 1825 1050 1851; x_wconf 87' lang='lat' dir='ltr'><strong>communiter</strong></span> 
     </span>
     <span class='ocr_line' id='line_1_55' title="bbox 252 1860 432 1887; baseline 0 -1"><span class='ocrx_word' id='word_1_268' title='bbox 252 1860 432 1887; x_wconf 86' lang='lat' dir='ltr'><strong>viventibus.</strong></span> 
     </span>
    </p>
   </div>
   <div class='ocr_carea' id='block_1_49' title="bbox 252 1860 432 1887">
    <p class='ocr_par' dir='ltr' id='par_1_49' title="bbox 252 1860 432 1887">
     <span class='ocr_line' id='line_1_56' title="bbox 252 1860 432 1887; baseline 0 -1"><span class='ocrx_word' id='word_1_269' title='bbox 252 1860 432 1887; x_wconf 86' lang='lat' dir='ltr'><strong>viventibus.</strong></span> 
     </span>
    </p>
   </div>
   <div class='ocr_carea' id='block_1_50' title="bbox 215 1894 1050 1930">
    <p class='ocr_par' dir='ltr' id='par_1_50' title="bbox 215 1894 1050 1930">
     <span class='ocr_line' id='line_1_57' title="bbox 215 1894 1050 1930; baseline -0.002 -7"><span class='ocrx_word' id='word_1_270' title='bbox 215 1896 260 1923; x_wconf 80' lang='lat'><strong>50.</strong></span> <span class='ocrx_word' id='word_1_271' title='bbox 278 1896 316 1923; x_wconf 91' lang='lat' dir='ltr'><strong>Ut</strong></span> <span class='ocrx_word' id='word_1_272' title='bbox 331 1895 467 1922; x_wconf 56' lang='lat' dir='ltr'><strong>ecclesia</strong></span> <span class='ocrx_word' id='word_1_273' title='bbox 480 1903 534 1922; x_wconf 90' lang='lat' dir='ltr'><strong>nec</strong></span> <span class='ocrx_word' id='word_1_274' title='bbox 545 1894 669 1922; x_wconf 87' lang='lat' dir='ltr'><strong>decimis</strong></span> <span class='ocrx_word' id='word_1_275' title='bbox 680 1902 735 1922; x_wconf 90' lang='lat' dir='ltr'><strong>nec</strong></span> <span class='ocrx_word' id='word_1_276' title='bbox 746 1894 842 1930; x_wconf 87' lang='lat' dir='ltr'><strong>aliqua</strong></span> <span class='ocrx_word' id='word_1_277' title='bbox 854 1894 1050 1930; x_wconf 88' lang='lat' dir='ltr'><strong>possessione</strong></span> 
     </span>
    </p>
   </div>
   <div class='ocr_carea' id='block_1_51' title="bbox 272 1932 414 1958">
    <p class='ocr_par' dir='ltr' id='par_1_51' title="bbox 272 1932 414 1958">
     <span class='ocr_line' id='line_1_58' title="bbox 272 1932 414 1958; baseline 0 0"><span class='ocrx_word' id='word_1_278' title='bbox 272 1932 414 1958; x_wconf 81' lang='lat' dir='ltr'><strong>rivcntur.</strong></span> 
     </span>
    </p>
   </div>
   <div class='ocr_carea' id='block_1_52' title="bbox 215 1940 1051 2001">
    <p class='ocr_par' dir='ltr' id='par_1_52' title="bbox 215 1940 1051 2001">
     <span class='ocr_line' id='line_1_59' title="bbox 281 1940 414 1958; baseline 0.008 -1"><span class='ocrx_word' id='word_1_279' title='bbox 281 1940 287 1947; x_wconf 85' lang='grc'><strong>⁸</strong></span> <span class='ocrx_word' id='word_1_280' title='bbox 300 1940 317 1957; x_wconf 82' lang='grc' dir='ltr'><strong>ν</strong></span> <span class='ocrx_word' id='word_1_281' title='bbox 329 1940 355 1957; x_wconf 75' lang='grc' dir='ltr'><strong>ιιι</strong></span> <span class='ocrx_word' id='word_1_282' title='bbox 372 1940 387 1957; x_wconf 86' lang='lat' dir='ltr'><strong>U</strong></span> <span class='ocrx_word' id='word_1_283' title='bbox 399 1940 414 1958; x_wconf 87' lang='lat'><strong>&#39;.</strong></span> 
     </span>
     <span class='ocr_line' id='line_1_60' title="bbox 215 1940 1051 2001; baseline -0.004 -7"><span class='ocrx_word' id='word_1_284' title='bbox 215 1940 334 1994; x_wconf 49' lang='lat' dir='ltr'><strong>5t¥nUtL</strong></span> <span class='ocrx_word' id='word_1_285' title='bbox 344 1940 481 1993; x_wconf 59' lang='lat' dir='ltr'><strong>ebcllesite</strong></span> <span class='ocrx_word' id='word_1_286' title='bbox 501 1967 610 2001; x_wconf 70' lang='lat' dir='ltr'><strong>printer</strong></span> <span class='ocrx_word' id='word_1_287' title='bbox 629 1973 702 1992; x_wconf 87' lang='lat' dir='ltr'><strong>suas</strong></span> <span class='ocrx_word' id='word_1_288' title='bbox 726 1973 820 1992; x_wconf 89' lang='lat' dir='ltr'><strong>novas</strong></span> <span class='ocrx_word' id='word_1_289' title='bbox 845 1973 902 1993; x_wconf 89' lang='lat' dir='ltr'><strong>non</strong></span> <span class='ocrx_word' id='word_1_290' title='bbox 927 1965 1051 2000; x_wconf 85' lang='lat' dir='ltr'><strong>perdant</strong></span> 
     </span>
    </p>
   </div>
   <div class='ocr_carea' id='block_1_53' title="bbox 248 2001 626 2038">
    <p class='ocr_par' dir='ltr' id='par_1_53' title="bbox 248 2001 626 2038">
     <span class='ocr_line' id='line_1_61' title="bbox 248 2001 626 2038; baseline -0.003 -9"><span class='ocrx_word' id='word_1_291' title='bbox 248 2002 393 2038; x_wconf 69' lang='lat' dir='ltr'><strong>justitiam</strong></span> <span class='ocrx_word' id='word_1_292' title='bbox 410 2004 458 2029; x_wconf 88' lang='lat' dir='ltr'><strong>aut</strong></span> <span class='ocrx_word' id='word_1_293' title='bbox 472 2001 626 2029; x_wconf 88' lang='lat' dir='ltr'><strong>decimam.</strong></span> 
     </span>
    </p>
   </div>
   <div class='ocr_carea' id='block_1_54' title="bbox 215 2036 1049 2072">
    <p class='ocr_par' dir='ltr' id='par_1_54' title="bbox 215 2036 1049 2072">
     <span class='ocr_line' id='line_1_62' title="bbox 215 2036 1049 2072; baseline -0.002 -7"><span class='ocrx_word' id='word_1_294' title='bbox 215 2036 259 2065; x_wconf 57' lang='lat'><strong>52&#39;.</strong></span> <span class='ocrx_word' id='word_1_295' title='bbox 276 2038 359 2070; x_wconf 89' lang='lat' dir='ltr'><strong>Quod</strong></span> <span class='ocrx_word' id='word_1_296' title='bbox 380 2045 531 2065; x_wconf 78' lang='lat' dir='ltr'><strong>consensu</strong></span> <span class='ocrx_word' id='word_1_297' title='bbox 548 2036 701 2072; x_wconf 75' lang='lat' dir='ltr'><strong>apostolici</strong></span> <span class='ocrx_word' id='word_1_298' title='bbox 718 2036 765 2063; x_wconf 89' lang='lat' dir='ltr'><strong>sui</strong></span> <span class='ocrx_word' id='word_1_299' title='bbox 789 2036 901 2071; x_wconf 89' lang='lat' dir='ltr'><strong>proprii</strong></span> <span class='ocrx_word' id='word_1_300' title='bbox 916 2036 1049 2071; x_wconf 87' lang='lat' dir='ltr'><strong>episcopi</strong></span> 
     </span>
    </p>
   </div>
   <div class='ocr_carea' id='block_1_55' title="bbox 250 2072 966 2101">
    <p class='ocr_par' dir='ltr' id='par_1_55' title="bbox 250 2072 966 2101">
     <span class='ocr_line' id='line_1_63' title="bbox 250 2072 966 2101; baseline -0.004 0"><span class='ocrx_word' id='word_1_301' title='bbox 250 2074 319 2101; x_wconf 90' lang='lat' dir='ltr'><strong>licet</strong></span> <span class='ocrx_word' id='word_1_302' title='bbox 332 2073 426 2100; x_wconf 85' lang='lat' dir='ltr'><strong>abbas</strong></span> <span class='ocrx_word' id='word_1_303' title='bbox 440 2073 487 2100; x_wconf 90' lang='lat' dir='ltr'><strong>vel</strong></span> <span class='ocrx_word' id='word_1_304' title='bbox 504 2072 668 2100; x_wconf 86' lang='lat' dir='ltr'><strong>monachus</strong></span> <span class='ocrx_word' id='word_1_305' title='bbox 683 2072 814 2099; x_wconf 88' lang='lat' dir='ltr'><strong>decimas</strong></span> <span class='ocrx_word' id='word_1_306' title='bbox 825 2072 966 2099; x_wconf 89' lang='lat' dir='ltr'><strong>detinere.</strong></span> 
     </span>
    </p>
   </div>
   <div class='ocr_carea' id='block_1_56' title="bbox 213 2108 1048 2145">
    <p class='ocr_par' dir='ltr' id='par_1_56' title="bbox 213 2108 1048 2145">
     <span class='ocr_line' id='line_1_64' title="bbox 213 2108 1048 2145; baseline -0.002 -9"><span class='ocrx_word' id='word_1_307' title='bbox 213 2109 258 2136; x_wconf 84' lang='lat'><strong>53.</strong></span> <span class='ocrx_word' id='word_1_308' title='bbox 276 2109 322 2136; x_wconf 84' lang='lat' dir='ltr'><strong>Ut&#39;</strong></span> <span class='ocrx_word' id='word_1_309' title='bbox 338 2108 480 2145; x_wconf 86' lang='lat' dir='ltr'><strong>quidquid</strong></span> <span class='ocrx_word' id='word_1_310' title='bbox 504 2109 531 2135; x_wconf 91' lang='lat' dir='ltr'><strong>in</strong></span> <span class='ocrx_word' id='word_1_311' title='bbox 556 2108 683 2135; x_wconf 87' lang='lat' dir='ltr'><strong>ecclesia</strong></span> <span class='ocrx_word' id='word_1_312' title='bbox 704 2115 767 2145; x_wconf 77' lang='lat' dir='ltr'><strong>pro</strong></span> <span class='ocrx_word' id='word_1_313' title='bbox 781 2108 905 2145; x_wconf 77' lang='lat' dir='ltr'><strong>pecunia</strong></span> <span class='ocrx_word' id='word_1_314' title='bbox 929 2109 1048 2145; x_wconf 81' lang='lat' dir='ltr'><strong>gestum</strong></span> 
     </span>
    </p>
   </div>
   <div class='ocr_carea' id='block_1_57' title="bbox 249 2143 1048 2178">
    <p class='ocr_par' dir='ltr' id='par_1_57' title="bbox 249 2143 1048 2178">
     <span class='ocr_line' id='line_1_65' title="bbox 249 2143 1048 2178; baseline -0.003 -7"><span class='ocrx_word' id='word_1_315' title='bbox 249 2145 337 2172; x_wconf 83' lang='lat' dir='ltr'><strong>fuerit</strong></span> <span class='ocrx_word' id='word_1_316' title='bbox 347 2143 468 2171; x_wconf 78' lang='lat' dir='ltr'><strong>irritum</strong></span> <span class='ocrx_word' id='word_1_317' title='bbox 480 2144 632 2177; x_wconf 89' lang='lat' dir='ltr'><strong>habeatur,</strong></span> <span class='ocrx_word' id='word_1_318' title='bbox 649 2146 677 2170; x_wconf 91' lang='lat' dir='ltr'><strong>et</strong></span> <span class='ocrx_word' id='word_1_319' title='bbox 692 2143 770 2178; x_wconf 84' lang='lat' dir='ltr'><strong>quod</strong></span> <span class='ocrx_word' id='word_1_320' title='bbox 785 2143 909 2170; x_wconf 85' lang='lat' dir='ltr'><strong>ordinati</strong></span> <span class='ocrx_word' id='word_1_321' title='bbox 924 2143 1048 2170; x_wconf 74' lang='grc' dir='ltr'><strong>ειδίωο-</strong></span> 
     </span>
    </p>
   </div>
   <div class='ocr_carea' id='block_1_58' title="bbox 248 2179 1009 2213">
    <p class='ocr_par' dir='ltr' id='par_1_58' title="bbox 248 2179 1009 2213">
     <span class='ocr_line' id='line_1_66' title="bbox 248 2179 1009 2213; baseline -0.003 -6"><span class='ocrx_word' id='word_1_322' title='bbox 248 2181 343 2208; x_wconf 90' lang='lat' dir='ltr'><strong>niacis</strong></span> <span class='ocrx_word' id='word_1_323' title='bbox 359 2180 528 2207; x_wconf 85' lang='lat' dir='ltr'><strong>nescienter</strong></span> <span class='ocrx_word' id='word_1_324' title='bbox 545 2179 781 2206; x_wconf 89' lang='lat' dir='ltr'><strong>misericorditer</strong></span> <span class='ocrx_word' id='word_1_325' title='bbox 795 2179 1009 2213; x_wconf 85' lang='lat' dir='ltr'><strong>suscipiantur.</strong></span> 
     </span>
    </p>
   </div>
   <div class='ocr_carea' id='block_1_59' title="bbox 212 2214 1046 2249">
    <p class='ocr_par' dir='ltr' id='par_1_59' title="bbox 212 2214 1046 2249">
     <span class='ocr_line' id='line_1_67' title="bbox 212 2214 1046 2249; baseline -0.004 -6"><span class='ocrx_word' id='word_1_326' title='bbox 212 2216 256 2243; x_wconf 88' lang='lat'><strong>54.</strong></span> <span class='ocrx_word' id='word_1_327' title='bbox 273 2216 481 2243; x_wconf 77' lang='lat' dir='ltr'><strong>Ordinationes</strong></span> <span class='ocrx_word' id='word_1_328' title='bbox 498 2215 591 2249; x_wconf 89' lang='lat' dir='ltr'><strong>pretio</strong></span> <span class='ocrx_word' id='word_1_329' title='bbox 607 2214 653 2241; x_wconf 87' lang='lat' dir='ltr'><strong>vel</strong></span> <span class='ocrx_word' id='word_1_330' title='bbox 673 2214 813 2249; x_wconf 85' lang='lat' dir='ltr'><strong>precibus</strong></span> <span class='ocrx_word' id='word_1_331' title='bbox 839 2215 884 2241; x_wconf 89' lang='lat' dir='ltr'><strong>vel</strong></span> <span class='ocrx_word' id='word_1_332' title='bbox 901 2214 1046 2248; x_wconf 88' lang='lat' dir='ltr'><strong>obsequio</strong></span> 
     </span>
    </p>
   </div>
   <div class='ocr_carea' id='block_1_60' title="bbox 248 2250 601 2278">
    <p class='ocr_par' dir='ltr' id='par_1_60' title="bbox 248 2250 601 2278">
     <span class='ocr_line' id='line_1_68' title="bbox 248 2250 601 2278; baseline -0.006 0"><span class='ocrx_word' id='word_1_333' title='bbox 248 2251 333 2278; x_wconf 76' lang='lat' dir='ltr'><strong>factae</strong></span> <span class='ocrx_word' id='word_1_334' title='bbox 350 2250 505 2278; x_wconf 63' lang='lat' dir='ltr'><strong>cessando)</strong></span> <span class='ocrx_word' id='word_1_335' title='bbox 522 2252 601 2277; x_wconf 88' lang='lat' dir='ltr'><strong>sunt.</strong></span> 
     </span>
    </p>
   </div>
   <div class='ocr_carea' id='block_1_61' title="bbox 213 2284 1047 2319">
    <p class='ocr_par' dir='ltr' id='par_1_61' title="bbox 213 2284 1047 2319">
     <span class='ocr_line' id='line_1_69' title="bbox 213 2284 1047 2319; baseline -0.004 -5"><span class='ocrx_word' id='word_1_336' title='bbox 213 2288 258 2314; x_wconf 93' lang='lat'><strong>55.</strong></span> <span class='ocrx_word' id='word_1_337' title='bbox 276 2287 360 2319; x_wconf 93' lang='lat' dir='ltr'><strong>Quod</strong></span> <span class='ocrx_word' id='word_1_338' title='bbox 376 2295 392 2314; x_wconf 88' lang='lat' dir='ltr'><strong>a</strong></span> <span class='ocrx_word' id='word_1_339' title='bbox 418 2286 623 2314; x_wconf 89' lang='lat' dir='ltr'><strong>communione</strong></span> <span class='ocrx_word' id='word_1_340' title='bbox 645 2284 777 2319; x_wconf 89' lang='lat' dir='ltr'><strong>privetur</strong></span> <span class='ocrx_word' id='word_1_341' title='bbox 800 2285 850 2319; x_wconf 88' lang='lat' dir='ltr'><strong>qui</strong></span> <span class='ocrx_word' id='word_1_342' title='bbox 872 2284 980 2311; x_wconf 88' lang='lat' dir='ltr'><strong>donum</strong></span> <span class='ocrx_word' id='word_1_343' title='bbox 996 2284 1047 2311; x_wconf 90' lang='lat' dir='ltr'><strong>Dei</strong></span> 
     </span>
    </p>
   </div>
   <div class='ocr_carea' id='block_1_62' title="bbox 247 2323 327 2350">
    <p class='ocr_par' dir='ltr' id='par_1_62' title="bbox 247 2323 327 2350">
     <span class='ocr_line' id='line_1_70' title="bbox 247 2323 327 2350; baseline 0.013 -1"><span class='ocrx_word' id='word_1_344' title='bbox 247 2323 327 2350; x_wconf 89' lang='lat' dir='ltr'><strong>emit.</strong></span> 
     </span>
    </p>
   </div>
   <div class='ocr_carea' id='block_1_63' title="bbox 211 2355 1045 2390">
    <p class='ocr_par' dir='ltr' id='par_1_63' title="bbox 211 2355 1045 2390">
     <span class='ocr_line' id='line_1_71' title="bbox 211 2355 1045 2390; baseline -0.005 -5"><span class='ocrx_word' id='word_1_345' title='bbox 211 2357 255 2385; x_wconf 88' lang='lat'><strong>56.</strong></span> <span class='ocrx_word' id='word_1_346' title='bbox 272 2358 355 2390; x_wconf 90' lang='lat' dir='ltr'><strong>Quod</strong></span> <span class='ocrx_word' id='word_1_347' title='bbox 373 2365 421 2385; x_wconf 85' lang='lat' dir='ltr'><strong>res</strong></span> <span class='ocrx_word' id='word_1_348' title='bbox 442 2365 478 2384; x_wconf 86' lang='lat' dir='ltr'><strong>ex</strong></span> <span class='ocrx_word' id='word_1_349' title='bbox 500 2357 724 2384; x_wconf 86' lang='lat' dir='ltr'><strong>consecratione</strong></span> <span class='ocrx_word' id='word_1_350' title='bbox 747 2355 956 2390; x_wconf 86' lang='lat' dir='ltr'><strong>provenientes</strong></span> <span class='ocrx_word' id='word_1_351' title='bbox 980 2355 1045 2382; x_wconf 89' lang='lat' dir='ltr'><strong>sine</strong></span> 
     </span>
    </p>
   </div>
   <div class='ocr_carea' id='block_1_64' title="bbox 246 2396 512 2421">
    <p class='ocr_par' dir='ltr' id='par_1_64' title="bbox 246 2396 512 2421">
     <span class='ocr_line' id='line_1_72' title="bbox 246 2396 512 2421; baseline -0.008 -1"><span class='ocrx_word' id='word_1_352' title='bbox 246 2401 282 2421; x_wconf 85' lang='lat' dir='ltr'><strong>ea</strong></span> <span class='ocrx_word' id='word_1_353' title='bbox 296 2402 353 2420; x_wconf 94' lang='lat' dir='ltr'><strong>non</strong></span> <span class='ocrx_word' id='word_1_354' title='bbox 366 2396 512 2421; x_wconf 86' lang='lat' dir='ltr'><strong>emuntur.</strong></span> 
     </span>
    </p>
   </div>
   <div class='ocr_carea' id='block_1_65' title="bbox 210 2426 1008 2463">
    <p class='ocr_par' dir='ltr' id='par_1_65' title="bbox 210 2426 1008 2463">
     <span class='ocr_line' id='line_1_73' title="bbox 210 2426 1008 2463; baseline -0.004 -7"><span class='ocrx_word' id='word_1_355' title='bbox 210 2430 255 2456; x_wconf 82' lang='lat'><strong>5&#39;1.</strong></span> <span class='ocrx_word' id='word_1_356' title='bbox 271 2430 352 2461; x_wconf 87' lang='lat' dir='ltr'><strong>Quod</strong></span> <span class='ocrx_word' id='word_1_357' title='bbox 370 2429 499 2456; x_wconf 74' lang='lat' dir='ltr'><strong>Simonis</strong></span> <span class='ocrx_word' id='word_1_358' title='bbox 516 2429 554 2455; x_wconf 88' lang='lat' dir='ltr'><strong>sit</strong></span> <span class='ocrx_word' id='word_1_359' title='bbox 573 2427 663 2454; x_wconf 84' lang='lat' dir='ltr'><strong>altare</strong></span> <span class='ocrx_word' id='word_1_360' title='bbox 678 2428 706 2453; x_wconf 87' lang='lat' dir='ltr'><strong>et</strong></span> <span class='ocrx_word' id='word_1_361' title='bbox 722 2426 852 2454; x_wconf 84' lang='lat' dir='ltr'><strong>decimas</strong></span> <span class='ocrx_word' id='word_1_362' title='bbox 869 2426 1008 2463; x_wconf 84' lang='lat' dir='ltr'><strong>vendere.</strong></span> 
     </span>
    </p>
   </div>
   <div class='ocr_carea' id='block_1_66' title="bbox 210 2463 1043 2500">
    <p class='ocr_par' dir='ltr' id='par_1_66' title="bbox 210 2463 1043 2500">
     <span class='ocr_line' id='line_1_74' title="bbox 210 2463 1043 2500; baseline -0.002 -9"><span class='ocrx_word' id='word_1_363' title='bbox 210 2464 255 2491; x_wconf 89' lang='lat'><strong>58.</strong></span> <span class='ocrx_word' id='word_1_364' title='bbox 274 2465 310 2491; x_wconf 79' lang='lat' dir='ltr'><strong>Ut</strong></span> <span class='ocrx_word' id='word_1_365' title='bbox 321 2466 444 2500; x_wconf 83' lang='lat' dir='ltr'><strong>quilibet</strong></span> <span class='ocrx_word' id='word_1_366' title='bbox 458 2472 494 2491; x_wconf 89' lang='lat' dir='ltr'><strong>ex</strong></span> <span class='ocrx_word' id='word_1_367' title='bbox 516 2464 594 2490; x_wconf 90' lang='lat' dir='ltr'><strong>clero</strong></span> <span class='ocrx_word' id='word_1_368' title='bbox 611 2471 663 2498; x_wconf 86' lang='lat' dir='ltr'><strong>per</strong></span> <span class='ocrx_word' id='word_1_369' title='bbox 679 2463 833 2497; x_wconf 79' lang='lat' dir='ltr'><strong>pecuniam</strong></span> <span class='ocrx_word' id='word_1_370' title='bbox 849 2471 907 2489; x_wconf 92' lang='lat' dir='ltr'><strong>non</strong></span> <span class='ocrx_word' id='word_1_371' title='bbox 923 2463 1043 2490; x_wconf 90' lang='lat' dir='ltr'><strong>ordine-</strong></span> 
     </span>
    </p>
   </div>
   <div class='ocr_carea' id='block_1_67' title="bbox 246 2502 303 2527">
    <p class='ocr_par' dir='ltr' id='par_1_67' title="bbox 246 2502 303 2527">
     <span class='ocr_line' id='line_1_75' title="bbox 246 2502 303 2527; baseline 0 -1"><span class='ocrx_word' id='word_1_372' title='bbox 246 2502 303 2527; x_wconf 86' lang='lat' dir='ltr'><strong>tur.</strong></span> 
     </span>
    </p>
   </div>
   <div class='ocr_carea' id='block_1_68' title="bbox 209 2533 1044 2570">
    <p class='ocr_par' dir='ltr' id='par_1_68' title="bbox 209 2533 1044 2570">
     <span class='ocr_line' id='line_1_76' title="bbox 209 2533 1044 2570; baseline -0.002 -8"><span class='ocrx_word' id='word_1_373' title='bbox 209 2533 254 2562; x_wconf 89' lang='lat'><strong>59.</strong></span> <span class='ocrx_word' id='word_1_374' title='bbox 270 2536 351 2567; x_wconf 93' lang='lat' dir='ltr'><strong>Quod</strong></span> <span class='ocrx_word' id='word_1_375' title='bbox 368 2544 426 2562; x_wconf 89' lang='lat' dir='ltr'><strong>non</strong></span> <span class='ocrx_word' id='word_1_376' title='bbox 443 2537 481 2562; x_wconf 87' lang='lat' dir='ltr'><strong>sit</strong></span> <span class='ocrx_word' id='word_1_377' title='bbox 492 2534 653 2562; x_wconf 90' lang='lat' dir='ltr'><strong>elemosina</strong></span> <span class='ocrx_word' id='word_1_378' title='bbox 669 2541 735 2570; x_wconf 66' lang='lat' dir='ltr'><strong>qua:</strong></span> <span class='ocrx_word' id='word_1_379' title='bbox 747 2535 785 2561; x_wconf 88' lang='lat' dir='ltr'><strong>sit</strong></span> <span class='ocrx_word' id='word_1_380' title='bbox 801 2542 837 2561; x_wconf 79' lang='lat' dir='ltr'><strong>ex</strong></span> <span class='ocrx_word' id='word_1_381' title='bbox 852 2534 975 2569; x_wconf 85' lang='lat' dir='ltr'><strong>pecunia</strong></span> <span class='ocrx_word' id='word_1_382' title='bbox 990 2541 1044 2568; x_wconf 89' lang='lat' dir='ltr'><strong>per</strong></span> 
     </span>
    </p>
   </div>
   <div class='ocr_carea' id='block_1_69' title="bbox 245 2570 551 2605">
    <p class='ocr_par' dir='ltr' id='par_1_69' title="bbox 245 2570 551 2605">
     <span class='ocr_line' id='line_1_77' title="bbox 245 2570 551 2605; baseline 0.003 -9"><span class='ocrx_word' id='word_1_383' title='bbox 245 2570 405 2597; x_wconf 82' lang='lat' dir='ltr'><strong>Simoniam</strong></span> <span class='ocrx_word' id='word_1_384' title='bbox 422 2573 551 2605; x_wconf 87' lang='lat' dir='ltr'><strong>accepta.</strong></span> 
     </span>
    </p>
   </div>
   <div class='ocr_carea' id='block_1_70' title="bbox 208 2605 1042 2668">
    <p class='ocr_par' dir='ltr' id='par_1_70' title="bbox 208 2605 1042 2668">
     <span class='ocr_line' id='line_1_78' title="bbox 208 2605 1042 2668; baseline 0 -36"><span class='ocrx_word' id='word_1_385' title='bbox 208 2605 262 2668; x_wconf 70' lang='grc' dir='ltr'>8οὸ</span> <span class='ocrx_word' id='word_1_386' title='bbox 270 2606 352 2638; x_wconf 88' lang='lat' dir='ltr'><strong>Quod</strong></span> <span class='ocrx_word' id='word_1_387' title='bbox 369 2608 468 2633; x_wconf 87' lang='lat' dir='ltr'><strong>contra</strong></span> <span class='ocrx_word' id='word_1_388' title='bbox 478 2606 637 2633; x_wconf 71' lang='lat' dir='ltr'><strong>Simoniam</strong></span> <span class='ocrx_word' id='word_1_389' title='bbox 649 2606 838 2633; x_wconf 86' lang='lat' dir='ltr'><strong>vehementer</strong></span> <span class='ocrx_word' id='word_1_390' title='bbox 848 2605 887 2632; x_wconf 88' lang='lat' dir='ltr'><strong>sit</strong></span> <span class='ocrx_word' id='word_1_391' title='bbox 898 2605 1042 2632; x_wconf 83' lang='lat' dir='ltr'><strong>exarden-</strong></span> 
     </span>
     <span class='ocr_line' id='line_1_79' title="bbox 267 2649 325 2668; baseline 0.017 -1"><span class='ocrx_word' id='word_1_392' title='bbox 267 2649 325 2668; x_wconf 91' lang='lat' dir='ltr'><strong>um.</strong></span> 
     </span>
    </p>
   </div>
   <div class='ocr_carea' id='block_1_71' title="bbox 267 2649 325 2668">
    <p class='ocr_par' dir='ltr' id='par_1_71' title="bbox 267 2649 325 2668">
     <span class='ocr_line' id='line_1_80' title="bbox 267 2649 325 2668; baseline 0.017 -1"><span class='ocrx_word' id='word_1_393' title='bbox 267 2649 325 2668; x_wconf 91' lang='lat' dir='ltr'><strong>um.</strong></span> 
     </span>
    </p>
   </div>
   <div class='ocr_carea' id='block_1_72' title="bbox 209 2676 1003 2713">
    <p class='ocr_par' dir='ltr' id='par_1_72' title="bbox 209 2676 1003 2713">
     <span class='ocr_line' id='line_1_81' title="bbox 209 2676 1003 2713; baseline -0.003 -9"><span class='ocrx_word' id='word_1_394' title='bbox 209 2676 253 2704; x_wconf 85' lang='lat'><strong>61.</strong></span> <span class='ocrx_word' id='word_1_395' title='bbox 272 2677 337 2703; x_wconf 79' lang='lat' dir='ltr'><strong>Non</strong></span> <span class='ocrx_word' id='word_1_396' title='bbox 354 2685 423 2704; x_wconf 74' lang='lat' dir='ltr'><strong>esse</strong></span> <span class='ocrx_word' id='word_1_397' title='bbox 440 2677 560 2704; x_wconf 86' lang='lat' dir='ltr'><strong>ordines</strong></span> <span class='ocrx_word' id='word_1_398' title='bbox 576 2678 702 2704; x_wconf 82' lang='lat' dir='ltr'><strong>humana</strong></span> <span class='ocrx_word' id='word_1_399' title='bbox 715 2677 807 2713; x_wconf 76' lang='lat' dir='ltr'><strong>gratia</strong></span> <span class='ocrx_word' id='word_1_400' title='bbox 823 2676 1003 2711; x_wconf 78' lang='lat' dir='ltr'><strong>largiendos.</strong></span> 
     </span>
    </p>
   </div>
   <div class='ocr_carea' id='block_1_73' title="bbox 208 2712 1043 2747">
    <p class='ocr_par' dir='ltr' id='par_1_73' title="bbox 208 2712 1043 2747">
     <span class='ocr_line' id='line_1_82' title="bbox 208 2712 1043 2747; baseline -0.002 -8"><span class='ocrx_word' id='word_1_401' title='bbox 208 2713 252 2740; x_wconf 71' lang='lat'><strong>62.</strong></span> <span class='ocrx_word' id='word_1_402' title='bbox 267 2713 347 2745; x_wconf 90' lang='lat' dir='ltr'><strong>Quod</strong></span> <span class='ocrx_word' id='word_1_403' title='bbox 365 2713 563 2739; x_wconf 83' lang='lat' dir='ltr'><strong>sacerdotium</strong></span> <span class='ocrx_word' id='word_1_404' title='bbox 589 2715 616 2740; x_wconf 87' lang='lat' dir='ltr'><strong>ct</strong></span> <span class='ocrx_word' id='word_1_405' title='bbox 638 2713 791 2747; x_wconf 85' lang='lat' dir='ltr'><strong>imperium</strong></span> <span class='ocrx_word' id='word_1_406' title='bbox 813 2712 967 2738; x_wconf 86' lang='lat' dir='ltr'><strong>humanam</strong></span> <span class='ocrx_word' id='word_1_407' title='bbox 984 2719 1043 2738; x_wconf 89' lang='lat' dir='ltr'><strong>ma-</strong></span> 
     </span>
    </p>
   </div>
   <div class='ocr_carea' id='block_1_74' title="bbox 243 2747 1042 2784">
    <p class='ocr_par' dir='ltr' id='par_1_74' title="bbox 243 2747 1042 2784">
     <span class='ocr_line' id='line_1_83' title="bbox 243 2747 1042 2784; baseline -0.003 -9"><span class='ocrx_word' id='word_1_408' title='bbox 243 2749 321 2775; x_wconf 86' lang='lat' dir='ltr'><strong>xime</strong></span> <span class='ocrx_word' id='word_1_409' title='bbox 338 2748 425 2774; x_wconf 89' lang='lat' dir='ltr'><strong>vitam</strong></span> <span class='ocrx_word' id='word_1_410' title='bbox 451 2748 577 2782; x_wconf 86' lang='lat' dir='ltr'><strong>ordinat,</strong></span> <span class='ocrx_word' id='word_1_411' title='bbox 595 2751 623 2775; x_wconf 91' lang='lat' dir='ltr'><strong>et</strong></span> <span class='ocrx_word' id='word_1_412' title='bbox 638 2749 674 2775; x_wconf 92' lang='lat' dir='ltr'><strong>de</strong></span> <span class='ocrx_word' id='word_1_413' title='bbox 690 2748 837 2784; x_wconf 82' lang='lat' dir='ltr'><strong>eligendis</strong></span> <span class='ocrx_word' id='word_1_414' title='bbox 857 2747 1042 2784; x_wconf 77' lang='lat' dir='ltr'><strong>ordinandis-</strong></span> 
     </span>
    </p>
   </div>
   <div class='ocr_carea' id='block_1_75' title="bbox 242 2783 1040 2820">
    <p class='ocr_par' dir='ltr' id='par_1_75' title="bbox 242 2783 1040 2820">
     <span class='ocr_line' id='line_1_84' title="bbox 242 2783 1040 2820; baseline -0.003 -9"><span class='ocrx_word' id='word_1_415' title='bbox 242 2792 300 2820; x_wconf 89' lang='lat' dir='ltr'><strong>que</strong></span> <span class='ocrx_word' id='word_1_416' title='bbox 315 2784 465 2819; x_wconf 88' lang='lat' dir='ltr'><strong>episcopis</strong></span> <span class='ocrx_word' id='word_1_417' title='bbox 485 2785 514 2810; x_wconf 91' lang='lat' dir='ltr'><strong>et</strong></span> <span class='ocrx_word' id='word_1_418' title='bbox 528 2784 565 2811; x_wconf 88' lang='lat' dir='ltr'><strong>de</strong></span> <span class='ocrx_word' id='word_1_419' title='bbox 581 2783 766 2811; x_wconf 85' lang='lat' dir='ltr'><strong>damnatione</strong></span> <span class='ocrx_word' id='word_1_420' title='bbox 782 2783 957 2810; x_wconf 72' lang='lat' dir='ltr'><strong>Simoniacze</strong></span> <span class='ocrx_word' id='word_1_421' title='bbox 974 2790 1040 2818; x_wconf 86' lang='lat' dir='ltr'><strong>pra-</strong></span> 
     </span>
    </p>
   </div>
   <div class='ocr_carea' id='block_1_76' title="bbox 242 2821 353 2847">
    <p class='ocr_par' dir='ltr' id='par_1_76' title="bbox 242 2821 353 2847">
     <span class='ocr_line' id='line_1_85' title="bbox 242 2821 353 2847; baseline 0.009 -1"><span class='ocrx_word' id='word_1_422' title='bbox 242 2821 353 2847; x_wconf 84' lang='lat' dir='ltr'><strong>vitatis.</strong></span> 
     </span>
    </p>
   </div>
   <div class='ocr_carea' id='block_1_77' title="bbox 206 2853 1040 2920">
    <p class='ocr_par' dir='ltr' id='par_1_77' title="bbox 206 2853 1040 2920">
     <span class='ocr_line' id='line_1_86' title="bbox 206 2853 1040 2920; baseline -0.004 -36"><span class='ocrx_word' id='word_1_423' title='bbox 206 2855 259 2919; x_wconf 43' lang='lat'><strong>685</strong></span> <span class='ocrx_word' id='word_1_424' title='bbox 268 2856 446 2920; x_wconf 40' lang='lat' dir='ltr'><strong>Dedlseptem</strong></span> <span class='ocrx_word' id='word_1_425' title='bbox 467 2854 600 2884; x_wconf 79' lang='lat' dir='ltr'><strong>diacOnia</strong></span> <span class='ocrx_word' id='word_1_426' title='bbox 616 2854 644 2881; x_wconf 91' lang='lat' dir='ltr'><strong>in</strong></span> <span class='ocrx_word' id='word_1_427' title='bbox 660 2861 837 2890; x_wconf 86' lang='lat' dir='ltr'><strong>unaquaque</strong></span> <span class='ocrx_word' id='word_1_428' title='bbox 858 2854 975 2881; x_wconf 87' lang='lat' dir='ltr'><strong>civitate</strong></span> <span class='ocrx_word' id='word_1_429' title='bbox 991 2853 1040 2882; x_wconf 88' lang='lat' dir='ltr'><strong>ha-</strong></span> 
     </span>
     <span class='ocr_line' id='line_1_87' title="bbox 263 2898 358 2919; baseline 0.011 -1"><span class='ocrx_word' id='word_1_430' title='bbox 263 2898 299 2919; x_wconf 88' lang='lat' dir='ltr'><strong>en</strong></span> <span class='ocrx_word' id='word_1_431' title='bbox 323 2899 358 2919; x_wconf 79' lang='lat' dir='ltr'><strong>is.</strong></span> 
     </span>
    </p>
   </div>
   <div class='ocr_carea' id='block_1_78' title="bbox 263 2898 358 2919">
    <p class='ocr_par' dir='ltr' id='par_1_78' title="bbox 263 2898 358 2919">
     <span class='ocr_line' id='line_1_88' title="bbox 263 2898 358 2919; baseline 0.011 -1"><span class='ocrx_word' id='word_1_432' title='bbox 263 2898 358 2919; x_wconf 82' lang='lat' dir='ltr'><strong>endis.</strong></span> 
     </span>
    </p>
   </div>
   <div class='ocr_carea' id='block_1_79' title="bbox 617 108 1910 143">
    <p class='ocr_par' dir='ltr' id='par_1_79' title="bbox 617 108 1910 143">
     <span class='ocr_line' id='line_1_89' title="bbox 617 108 1910 143; baseline 0.003 -4"><span class='ocrx_word' id='word_1_433' title='bbox 617 109 673 139; x_wconf 82' lang='lat' dir='ltr'><strong>AD</strong></span> <span class='ocrx_word' id='word_1_434' title='bbox 697 108 790 140; x_wconf 89' lang='lat' dir='ltr'><strong>OPP.</strong></span> <span class='ocrx_word' id='word_1_435' title='bbox 819 108 851 139; x_wconf 93' lang='lat' dir='ltr'><strong>S.</strong></span> <span class='ocrx_word' id='word_1_436' title='bbox 875 108 1065 141; x_wconf 82' lang='lat' dir='ltr'><strong>ANSELMI</strong></span> <span class='ocrx_word' id='word_1_437' title='bbox 1089 108 1291 140; x_wconf 87' lang='lat' dir='ltr'><strong>LUCENSIS</strong></span> <span class='ocrx_word' id='word_1_438' title='bbox 1317 108 1582 139; x_wconf 84' lang='lat' dir='ltr'><strong>APPENDICES</strong></span> <span class='ocrx_word' id='word_1_439' title='bbox 1861 112 1910 143; x_wconf 83' lang='lat'><strong>560</strong></span> 
     </span>
    </p>
   </div>
   <div class='ocr_carea' id='block_1_80' title="bbox 1069 197 1634 238">
    <p class='ocr_par' dir='ltr' id='par_1_80' title="bbox 1069 197 1634 238">
     <span class='ocr_line' id='line_1_90' title="bbox 1069 197 1634 238; baseline -0.002 -12"><span class='ocrx_word' id='word_1_440' title='bbox 1069 202 1100 238; x_wconf 66' lang='grc' dir='ltr'><strong><em>ι</em></strong></span> <span class='ocrx_word' id='word_1_441' title='bbox 1182 198 1219 238; x_wconf 71' lang='lat' dir='ltr'><strong>Ut</strong></span> <span class='ocrx_word' id='word_1_442' title='bbox 1235 199 1397 238; x_wconf 67' lang='lat' dir='ltr'><strong>episcopus</strong></span> <span class='ocrx_word' id='word_1_443' title='bbox 1413 200 1505 238; x_wconf 79' lang='lat' dir='ltr'><strong>testes</strong></span> <span class='ocrx_word' id='word_1_444' title='bbox 1521 198 1634 238; x_wconf 69' lang='lat' dir='ltr'><strong>habent.</strong></span> 
     </span>
    </p>
   </div>
   <div class='ocr_carea' id='block_1_81' title="bbox 1118 234 1721 262">
    <p class='ocr_par' dir='ltr' id='par_1_81' title="bbox 1118 234 1721 262">
     <span class='ocr_line' id='line_1_91' title="bbox 1118 234 1721 262; baseline 0.002 -1"><span class='ocrx_word' id='word_1_445' title='bbox 1118 234 1163 261; x_wconf 83' lang='lat'><strong>65.</strong></span> <span class='ocrx_word' id='word_1_446' title='bbox 1182 234 1223 261; x_wconf 91' lang='lat' dir='ltr'><strong>De</strong></span> <span class='ocrx_word' id='word_1_447' title='bbox 1239 236 1351 262; x_wconf 86' lang='lat' dir='ltr'><strong>sentem</strong></span> <span class='ocrx_word' id='word_1_448' title='bbox 1367 235 1500 261; x_wconf 87' lang='lat' dir='ltr'><strong>diaconis</strong></span> <span class='ocrx_word' id='word_1_449' title='bbox 1516 235 1599 261; x_wconf 87' lang='lat' dir='ltr'><strong>urbis</strong></span> <span class='ocrx_word' id='word_1_450' title='bbox 1613 235 1721 262; x_wconf 51' lang='lat' dir='ltr'><strong>Romam</strong></span> 
     </span>
    </p>
   </div>
   <div class='ocr_carea' id='block_1_82' title="bbox 1118 269 1621 297">
    <p class='ocr_par' dir='ltr' id='par_1_82' title="bbox 1118 269 1621 297">
     <span class='ocr_line' id='line_1_92' title="bbox 1118 269 1621 297; baseline 0.002 -1"><span class='ocrx_word' id='word_1_451' title='bbox 1118 269 1162 296; x_wconf 89' lang='lat'><strong>66.</strong></span> <span class='ocrx_word' id='word_1_452' title='bbox 1180 270 1221 296; x_wconf 88' lang='lat' dir='ltr'><strong>De</strong></span> <span class='ocrx_word' id='word_1_453' title='bbox 1238 269 1430 297; x_wconf 84' lang='lat' dir='ltr'><strong>subdiaconis</strong></span> <span class='ocrx_word' id='word_1_454' title='bbox 1446 273 1474 296; x_wconf 89' lang='lat' dir='ltr'><strong>et</strong></span> <span class='ocrx_word' id='word_1_455' title='bbox 1489 270 1621 297; x_wconf 81' lang='lat' dir='ltr'><strong>notariis.</strong></span> 
     </span>
    </p>
   </div>
   <div class='ocr_carea' id='block_1_83' title="bbox 1118 305 1861 334">
    <p class='ocr_par' dir='ltr' id='par_1_83' title="bbox 1118 305 1861 334">
     <span class='ocr_line' id='line_1_93' title="bbox 1118 305 1861 334; baseline 0.003 -3"><span class='ocrx_word' id='word_1_456' title='bbox 1118 306 1162 331; x_wconf 80' lang='lat'><strong>6&#39;1.</strong></span> <span class='ocrx_word' id='word_1_457' title='bbox 1182 305 1219 332; x_wconf 93' lang='lat' dir='ltr'><strong>Ut</strong></span> <span class='ocrx_word' id='word_1_458' title='bbox 1235 305 1262 331; x_wconf 95' lang='lat' dir='ltr'><strong>in</strong></span> <span class='ocrx_word' id='word_1_459' title='bbox 1279 306 1473 332; x_wconf 59' lang='lat' dir='ltr'><strong>sacriﬁcando</strong></span> <span class='ocrx_word' id='word_1_460' title='bbox 1490 313 1583 332; x_wconf 84' lang='lat' dir='ltr'><strong>sanus</strong></span> <span class='ocrx_word' id='word_1_461' title='bbox 1598 306 1734 333; x_wconf 88' lang='lat' dir='ltr'><strong>succedat</strong></span> <span class='ocrx_word' id='word_1_462' title='bbox 1748 307 1861 334; x_wconf 79' lang='lat' dir='ltr'><strong>inﬁrmo.</strong></span> 
     </span>
    </p>
   </div>
   <div class='ocr_carea' id='block_1_84' title="bbox 1118 339 1922 369">
    <p class='ocr_par' dir='ltr' id='par_1_84' title="bbox 1118 339 1922 369">
     <span class='ocr_line' id='line_1_94' title="bbox 1118 339 1922 369; baseline 0.002 -2"><span class='ocrx_word' id='word_1_463' title='bbox 1118 339 1162 367; x_wconf 90' lang='lat'><strong>68.</strong></span> <span class='ocrx_word' id='word_1_464' title='bbox 1181 340 1218 367; x_wconf 92' lang='lat' dir='ltr'><strong>Ut</strong></span> <span class='ocrx_word' id='word_1_465' title='bbox 1242 340 1471 367; x_wconf 81' lang='lat' dir='ltr'><strong>celebrationem</strong></span> <span class='ocrx_word' id='word_1_466' title='bbox 1497 341 1655 368; x_wconf 88' lang='lat' dir='ltr'><strong>missarum</strong></span> <span class='ocrx_word' id='word_1_467' title='bbox 1678 344 1742 369; x_wconf 85' lang='lat' dir='ltr'><strong>ante</strong></span> <span class='ocrx_word' id='word_1_468' title='bbox 1763 342 1864 369; x_wconf 87' lang='lat' dir='ltr'><strong>tertiam</strong></span> <span class='ocrx_word' id='word_1_469' title='bbox 1877 342 1922 369; x_wconf 83' lang='lat' dir='ltr'><strong>ho-</strong></span> 
     </span>
    </p>
   </div>
   <div class='ocr_carea' id='block_1_85' title="bbox 1154 376 1467 403">
    <p class='ocr_par' dir='ltr' id='par_1_85' title="bbox 1154 376 1467 403">
     <span class='ocr_line' id='line_1_95' title="bbox 1154 376 1467 403; baseline 0.003 -1"><span class='ocrx_word' id='word_1_470' title='bbox 1154 384 1216 402; x_wconf 88' lang='lat' dir='ltr'><strong>ram</strong></span> <span class='ocrx_word' id='word_1_471' title='bbox 1234 383 1291 402; x_wconf 94' lang='lat' dir='ltr'><strong>non</strong></span> <span class='ocrx_word' id='word_1_472' title='bbox 1309 376 1467 403; x_wconf 80' lang='lat' dir='ltr'><strong>celebrent.</strong></span> 
     </span>
    </p>
   </div>
   <div class='ocr_carea' id='block_1_86' title="bbox 1118 409 1494 438">
    <p class='ocr_par' dir='ltr' id='par_1_86' title="bbox 1118 409 1494 438">
     <span class='ocr_line' id='line_1_96' title="bbox 1118 409 1494 438; baseline -0.003 0"><span class='ocrx_word' id='word_1_473' title='bbox 1118 409 1163 438; x_wconf 86' lang='lat'><strong>69.</strong></span> <span class='ocrx_word' id='word_1_474' title='bbox 1182 411 1239 438; x_wconf 91' lang='lat' dir='ltr'><strong>Ubi</strong></span> <span class='ocrx_word' id='word_1_475' title='bbox 1254 411 1429 438; x_wconf 86' lang='lat' dir='ltr'><strong>celebranda</strong></span> <span class='ocrx_word' id='word_1_476' title='bbox 1445 411 1494 438; x_wconf 84' lang='lat' dir='ltr'><strong>sit.</strong></span> 
     </span>
    </p>
   </div>
   <div class='ocr_carea' id='block_1_87' title="bbox 1117 446 1575 473">
    <p class='ocr_par' dir='ltr' id='par_1_87' title="bbox 1117 446 1575 473">
     <span class='ocr_line' id='line_1_97' title="bbox 1117 446 1575 473; baseline 0 0"><span class='ocrx_word' id='word_1_477' title='bbox 1117 446 1161 473; x_wconf 87' lang='lat'><strong>70.</strong></span> <span class='ocrx_word' id='word_1_478' title='bbox 1179 447 1275 473; x_wconf 87' lang='lat' dir='ltr'><strong>Sanus</strong></span> <span class='ocrx_word' id='word_1_479' title='bbox 1290 447 1430 473; x_wconf 89' lang='lat' dir='ltr'><strong>succedat</strong></span> <span class='ocrx_word' id='word_1_480' title='bbox 1449 446 1575 473; x_wconf 79' lang='lat' dir='ltr'><strong>infirmo.</strong></span> 
     </span>
    </p>
   </div>
   <div class='ocr_carea' id='block_1_88' title="bbox 1116 481 1877 517">
    <p class='ocr_par' dir='ltr' id='par_1_88' title="bbox 1116 481 1877 517">
     <span class='ocr_line' id='line_1_98' title="bbox 1116 481 1877 517; baseline 0.003 -9"><span class='ocrx_word' id='word_1_481' title='bbox 1116 481 1161 517; x_wconf 74' lang='grc'><strong>71.</strong></span> <span class='ocrx_word' id='word_1_482' title='bbox 1181 481 1342 517; x_wconf 74' lang='lat' dir='ltr'><strong>Presbyter</strong></span> <span class='ocrx_word' id='word_1_483' title='bbox 1357 484 1422 509; x_wconf 88' lang='lat' dir='ltr'><strong>sine</strong></span> <span class='ocrx_word' id='word_1_484' title='bbox 1436 482 1553 508; x_wconf 90' lang='lat' dir='ltr'><strong>duobus</strong></span> <span class='ocrx_word' id='word_1_485' title='bbox 1569 489 1628 509; x_wconf 90' lang='lat' dir='ltr'><strong>non</strong></span> <span class='ocrx_word' id='word_1_486' title='bbox 1648 483 1742 510; x_wconf 87' lang='lat' dir='ltr'><strong>cantet</strong></span> <span class='ocrx_word' id='word_1_487' title='bbox 1756 483 1877 510; x_wconf 84' lang='lat' dir='ltr'><strong>missam.</strong></span> 
     </span>
    </p>
   </div>
   <div class='ocr_carea' id='block_1_89' title="bbox 1117 516 1557 544">
    <p class='ocr_par' dir='ltr' id='par_1_89' title="bbox 1117 516 1557 544">
     <span class='ocr_line' id='line_1_99' title="bbox 1117 516 1557 544; baseline -0.002 0"><span class='ocrx_word' id='word_1_488' title='bbox 1117 516 1161 544; x_wconf 70' lang='grc'><strong>72.</strong></span> <span class='ocrx_word' id='word_1_489' title='bbox 1178 517 1216 544; x_wconf 90' lang='lat' dir='ltr'><strong>Ut</strong></span> <span class='ocrx_word' id='word_1_490' title='bbox 1231 516 1322 543; x_wconf 86' lang='lat' dir='ltr'><strong>missa</strong></span> <span class='ocrx_word' id='word_1_491' title='bbox 1340 519 1397 544; x_wconf 83' lang='lat' dir='ltr'><strong>tota</strong></span> <span class='ocrx_word' id='word_1_492' title='bbox 1412 517 1557 544; x_wconf 87' lang='lat' dir='ltr'><strong>audiatur.</strong></span> 
     </span>
    </p>
   </div>
   <div class='ocr_carea' id='block_1_90' title="bbox 1114 552 1592 587">
    <p class='ocr_par' dir='ltr' id='par_1_90' title="bbox 1114 552 1592 587">
     <span class='ocr_line' id='line_1_100' title="bbox 1114 552 1592 587; baseline 0 -8"><span class='ocrx_word' id='word_1_493' title='bbox 1114 552 1159 579; x_wconf 83' lang='grc'><strong>73.</strong></span> <span class='ocrx_word' id='word_1_494' title='bbox 1177 552 1219 579; x_wconf 90' lang='lat' dir='ltr'><strong>De</strong></span> <span class='ocrx_word' id='word_1_495' title='bbox 1235 560 1340 579; x_wconf 89' lang='lat' dir='ltr'><strong>novem</strong></span> <span class='ocrx_word' id='word_1_496' title='bbox 1357 553 1592 587; x_wconf 82' lang='lat' dir='ltr'><strong>praefationibus.</strong></span> 
     </span>
    </p>
   </div>
   <div class='ocr_carea' id='block_1_91' title="bbox 1115 587 1553 622">
    <p class='ocr_par' dir='ltr' id='par_1_91' title="bbox 1115 587 1553 622">
     <span class='ocr_line' id='line_1_101' title="bbox 1115 587 1553 622; baseline 0 -8"><span class='ocrx_word' id='word_1_497' title='bbox 1115 587 1159 615; x_wconf 80' lang='grc'><em>74.</em></span> <span class='ocrx_word' id='word_1_498' title='bbox 1177 588 1219 615; x_wconf 91' lang='lat' dir='ltr'><strong>De</strong></span> <span class='ocrx_word' id='word_1_499' title='bbox 1235 588 1328 622; x_wconf 91' lang='lat' dir='ltr'><strong>capite</strong></span> <span class='ocrx_word' id='word_1_500' title='bbox 1344 595 1403 614; x_wconf 88' lang='lat' dir='ltr'><strong>non</strong></span> <span class='ocrx_word' id='word_1_501' title='bbox 1418 588 1553 615; x_wconf 85' lang='lat' dir='ltr'><strong>vetando.</strong></span> 
     </span>
    </p>
   </div>
   <div class='ocr_carea' id='block_1_92' title="bbox 1115 623 1831 659">
    <p class='ocr_par' dir='ltr' id='par_1_92' title="bbox 1115 623 1831 659">
     <span class='ocr_line' id='line_1_102' title="bbox 1115 623 1831 659; baseline 0.001 -9"><span class='ocrx_word' id='word_1_502' title='bbox 1115 623 1160 659; x_wconf 64' lang='lat'><strong>:75.</strong></span> <span class='ocrx_word' id='word_1_503' title='bbox 1178 623 1215 650; x_wconf 91' lang='lat' dir='ltr'><strong>Ut</strong></span> <span class='ocrx_word' id='word_1_504' title='bbox 1231 623 1321 659; x_wconf 84' lang='lat' dir='ltr'><strong>missa</strong></span> <span class='ocrx_word' id='word_1_505' title='bbox 1338 623 1375 650; x_wconf 90' lang='lat' dir='ltr'><strong>ab</strong></span> <span class='ocrx_word' id='word_1_506' title='bbox 1390 631 1425 650; x_wconf 88' lang='lat' dir='ltr'><strong>eo</strong></span> <span class='ocrx_word' id='word_1_507' title='bbox 1441 631 1500 658; x_wconf 92' lang='lat' dir='ltr'><strong>quo</strong></span> <span class='ocrx_word' id='word_1_508' title='bbox 1520 623 1659 658; x_wconf 89' lang='lat' dir='ltr'><strong>incipitur</strong></span> <span class='ocrx_word' id='word_1_509' title='bbox 1672 625 1831 659; x_wconf 83' lang='lat' dir='ltr'><strong>peragatur.</strong></span> 
     </span>
    </p>
   </div>
   <div class='ocr_carea' id='block_1_93' title="bbox 1114 657 1627 686">
    <p class='ocr_par' dir='ltr' id='par_1_93' title="bbox 1114 657 1627 686">
     <span class='ocr_line' id='line_1_103' title="bbox 1114 657 1627 686; baseline 0 -1"><span class='ocrx_word' id='word_1_510' title='bbox 1114 657 1158 685; x_wconf 90' lang='grc'><strong>76.</strong></span> <span class='ocrx_word' id='word_1_511' title='bbox 1177 659 1218 685; x_wconf 90' lang='lat' dir='ltr'><strong>De</strong></span> <span class='ocrx_word' id='word_1_512' title='bbox 1234 658 1413 685; x_wconf 86' lang='lat' dir='ltr'><strong>discretione</strong></span> <span class='ocrx_word' id='word_1_513' title='bbox 1429 657 1627 686; x_wconf 73' lang='lat' dir='ltr'><strong>eucharistiie.</strong></span> 
     </span>
    </p>
   </div>
   <div class='ocr_carea' id='block_1_94' title="bbox 1113 693 1920 729">
    <p class='ocr_par' dir='ltr' id='par_1_94' title="bbox 1113 693 1920 729">
     <span class='ocr_line' id='line_1_104' title="bbox 1113 693 1920 729; baseline 0.001 -9"><span class='ocrx_word' id='word_1_514' title='bbox 1113 693 1158 721; x_wconf 75' lang='lat'><strong>’17.</strong></span> <span class='ocrx_word' id='word_1_515' title='bbox 1190 693 1227 720; x_wconf 92' lang='lat' dir='ltr'><strong>Ut</strong></span> <span class='ocrx_word' id='word_1_516' title='bbox 1249 701 1369 721; x_wconf 91' lang='lat' dir='ltr'><strong>sacrum</strong></span> <span class='ocrx_word' id='word_1_517' title='bbox 1395 702 1505 729; x_wconf 88' lang='lat' dir='ltr'><strong>corpus</strong></span> <span class='ocrx_word' id='word_1_518' title='bbox 1530 702 1588 721; x_wconf 92' lang='lat' dir='ltr'><strong>non</strong></span> <span class='ocrx_word' id='word_1_519' title='bbox 1613 695 1747 721; x_wconf 83' lang='lat' dir='ltr'><strong>sumatur</strong></span> <span class='ocrx_word' id='word_1_520' title='bbox 1768 694 1829 722; x_wconf 85' lang='lat' dir='ltr'><strong>sine</strong></span> <span class='ocrx_word' id='word_1_521' title='bbox 1849 702 1920 722; x_wconf 85' lang='lat' dir='ltr'><strong>sacro</strong></span> 
     </span>
    </p>
   </div>
   <div class='ocr_carea' id='block_1_95' title="bbox 1150 736 1267 756">
    <p class='ocr_par' dir='ltr' id='par_1_95' title="bbox 1150 736 1267 756">
     <span class='ocr_line' id='line_1_105' title="bbox 1150 736 1267 756; baseline 0 0"><span class='ocrx_word' id='word_1_522' title='bbox 1150 736 1267 756; x_wconf 88' lang='lat' dir='ltr'><strong>cruore.</strong></span> 
     </span>
    </p>
   </div>
   <div class='ocr_carea' id='block_1_96' title="bbox 1112 763 1584 792">
    <p class='ocr_par' dir='ltr' id='par_1_96' title="bbox 1112 763 1584 792">
     <span class='ocr_line' id='line_1_106' title="bbox 1112 763 1584 792; baseline 0 0"><span class='ocrx_word' id='word_1_523' title='bbox 1112 763 1157 792; x_wconf 88' lang='lat'><strong>78.</strong></span> <span class='ocrx_word' id='word_1_524' title='bbox 1175 764 1217 792; x_wconf 92' lang='lat' dir='ltr'><strong>De</strong></span> <span class='ocrx_word' id='word_1_525' title='bbox 1230 764 1380 791; x_wconf 87' lang='lat' dir='ltr'><strong>illusionis</strong></span> <span class='ocrx_word' id='word_1_526' title='bbox 1394 764 1584 792; x_wconf 88' lang='lat' dir='ltr'><strong>discretione.</strong></span> 
     </span>
    </p>
   </div>
   <div class='ocr_carea' id='block_1_97' title="bbox 1202 808 1848 845">
    <p class='ocr_par' dir='ltr' id='par_1_97' title="bbox 1202 808 1848 845">
     <span class='ocr_line' id='line_1_107' title="bbox 1202 808 1848 845; baseline 0.003 -10"><span class='ocrx_word' id='word_1_527' title='bbox 1202 808 1265 835; x_wconf 84' lang='lat' dir='ltr'><strong>Lm.</strong></span> <span class='ocrx_word' id='word_1_528' title='bbox 1283 808 1332 835; x_wconf 86' lang='lat' dir='ltr'><strong>IV.</strong></span> <span class='ocrx_word' id='word_1_529' title='bbox 1348 808 1393 835; x_wconf 61' lang='lat' dir='ltr'><strong>De</strong></span> <span class='ocrx_word' id='word_1_530' title='bbox 1408 809 1533 836; x_wconf 79' lang='lat' dir='ltr'><strong>sedibus</strong></span> <span class='ocrx_word' id='word_1_531' title='bbox 1552 809 1753 845; x_wconf 81' lang='lat' dir='ltr'><strong>episcoporum</strong></span> <span class='ocrx_word' id='word_1_532' title='bbox 1774 812 1802 837; x_wconf 83' lang='lat' dir='ltr'><strong>et</strong></span> <span class='ocrx_word' id='word_1_533' title='bbox 1815 809 1848 837; x_wconf 80' lang='lat' dir='ltr'><strong>de</strong></span> 
     </span>
    </p>
   </div>
   <div class='ocr_carea' id='block_1_98' title="bbox 1326 844 1738 879">
    <p class='ocr_par' dir='ltr' id='par_1_98' title="bbox 1326 844 1738 879">
     <span class='ocr_line' id='line_1_108' title="bbox 1326 844 1738 879; baseline 0.007 -9"><span class='ocrx_word' id='word_1_534' title='bbox 1326 845 1503 871; x_wconf 75' lang='lat' dir='ltr'><strong>auctoritate</strong></span> <span class='ocrx_word' id='word_1_535' title='bbox 1511 844 1738 879; x_wconf 64' lang='lat' dir='ltr'><strong>praedicationis</strong></span> 
     </span>
    </p>
   </div>
   <div class='ocr_carea' id='block_1_99' title="bbox 1073 885 1589 926">
    <p class='ocr_par' dir='ltr' id='par_1_99' title="bbox 1073 885 1589 926">
     <span class='ocr_line' id='line_1_109' title="bbox 1073 885 1589 926; baseline 0.002 -13"><span class='ocrx_word' id='word_1_536' title='bbox 1073 887 1099 919; x_wconf 85' lang='grc' dir='ltr'>Β</span> <span class='ocrx_word' id='word_1_537' title='bbox 1156 886 1198 926; x_wconf 67' lang='lat' dir='ltr'><strong>9e</strong></span> <span class='ocrx_word' id='word_1_538' title='bbox 1212 887 1357 926; x_wconf 83' lang='lat' dir='ltr'><strong>potestate</strong></span> <span class='ocrx_word' id='word_1_539' title='bbox 1371 887 1589 926; x_wconf 75' lang='lat' dir='ltr'><strong>episcoporum.</strong></span> 
     </span>
    </p>
   </div>
   <div class='ocr_carea' id='block_1_100' title="bbox 1112 922 1564 957">
    <p class='ocr_par' dir='ltr' id='par_1_100' title="bbox 1112 922 1564 957">
     <span class='ocr_line' id='line_1_110' title="bbox 1112 922 1564 957; baseline 0 -8"><span class='ocrx_word' id='word_1_540' title='bbox 1112 923 1138 949; x_wconf 75' lang='lat'><strong>2.</strong></span> <span class='ocrx_word' id='word_1_541' title='bbox 1156 922 1198 949; x_wconf 88' lang='lat' dir='ltr'><strong>De</strong></span> <span class='ocrx_word' id='word_1_542' title='bbox 1211 922 1378 957; x_wconf 67' lang='lat' dir='ltr'><strong>iuramento</strong></span> <span class='ocrx_word' id='word_1_543' title='bbox 1394 922 1430 949; x_wconf 88' lang='lat' dir='ltr'><strong>ad</strong></span> <span class='ocrx_word' id='word_1_544' title='bbox 1450 930 1564 957; x_wconf 88' lang='lat' dir='ltr'><strong>papam.</strong></span> 
     </span>
    </p>
   </div>
   <div class='ocr_carea' id='block_1_101' title="bbox 1112 956 1918 993">
    <p class='ocr_par' dir='ltr' id='par_1_101' title="bbox 1112 956 1918 993">
     <span class='ocr_line' id='line_1_111' title="bbox 1112 956 1918 993; baseline -0.001 -9"><span class='ocrx_word' id='word_1_545' title='bbox 1112 958 1139 985; x_wconf 84' lang='lat'><strong>3.</strong></span> <span class='ocrx_word' id='word_1_546' title='bbox 1155 956 1270 990; x_wconf 88' lang='lat' dir='ltr'><strong>Quibus</strong></span> <span class='ocrx_word' id='word_1_547' title='bbox 1287 957 1366 984; x_wconf 83' lang='lat' dir='ltr'><strong>sacri</strong></span> <span class='ocrx_word' id='word_1_548' title='bbox 1381 956 1501 985; x_wconf 82' lang='lat' dir='ltr'><strong>ordines</strong></span> <span class='ocrx_word' id='word_1_549' title='bbox 1511 958 1670 993; x_wconf 89' lang='lat' dir='ltr'><strong>tribuendi,</strong></span> <span class='ocrx_word' id='word_1_550' title='bbox 1681 958 1787 993; x_wconf 88' lang='lat' dir='ltr'><strong>quibus</strong></span> <span class='ocrx_word' id='word_1_551' title='bbox 1802 956 1918 993; x_wconf 84' lang='lat' dir='ltr'><strong>negandi.</strong></span> 
     </span>
    </p>
   </div>
   <div class='ocr_carea' id='block_1_102' title="bbox 1110 966 1920 1029">
    <p class='ocr_par' dir='ltr' id='par_1_102' title="bbox 1110 966 1920 1029">
     <span class='ocr_line' id='line_1_112' title="bbox 1112 966 1918 1021; baseline -0.001 -37"><span class='ocrx_word' id='word_1_552' title='bbox 1112 966 1139 985; x_wconf 76' lang='grc' dir='ltr'><em>δ.</em></span> <span class='ocrx_word' id='word_1_553' title='bbox 1155 966 1270 990; x_wconf 77' lang='lat' dir='ltr'><strong>Qumus</strong></span> <span class='ocrx_word' id='word_1_554' title='bbox 1287 966 1366 984; x_wconf 82' lang='lat' dir='ltr'><strong>sacri</strong></span> <span class='ocrx_word' id='word_1_555' title='bbox 1381 966 1501 985; x_wconf 78' lang='lat' dir='ltr'><strong>ordines</strong></span> <span class='ocrx_word' id='word_1_556' title='bbox 1511 966 1670 993; x_wconf 76' lang='lat' dir='ltr'><strong>irinuenui,</strong></span> <span class='ocrx_word' id='word_1_557' title='bbox 1681 966 1787 1021; x_wconf 64' lang='lat' dir='ltr'><strong>qpinus</strong></span> <span class='ocrx_word' id='word_1_558' title='bbox 1802 966 1918 993; x_wconf 77' lang='lat' dir='ltr'><strong>negandi.</strong></span> 
     </span>
     <span class='ocr_line' id='line_1_113' title="bbox 1110 993 1920 1029; baseline -0.001 -10"><span class='ocrx_word' id='word_1_559' title='bbox 1110 993 1138 1020; x_wconf 82' lang='lat'><strong>4.</strong></span> <span class='ocrx_word' id='word_1_560' title='bbox 1153 993 1197 1020; x_wconf 86' lang='lat' dir='ltr'><strong>Ne</strong></span> <span class='ocrx_word' id='word_1_561' title='bbox 1213 994 1281 1028; x_wconf 89' lang='lat' dir='ltr'><strong>quis</strong></span> <span class='ocrx_word' id='word_1_562' title='bbox 1297 993 1355 1020; x_wconf 87' lang='lat' dir='ltr'><strong>cito</strong></span> <span class='ocrx_word' id='word_1_563' title='bbox 1371 995 1439 1028; x_wconf 87' lang='lat' dir='ltr'><strong>post</strong></span> <span class='ocrx_word' id='word_1_564' title='bbox 1454 993 1599 1028; x_wconf 86' lang='lat' dir='ltr'><strong>baptisma</strong></span> <span class='ocrx_word' id='word_1_565' title='bbox 1618 1002 1689 1029; x_wconf 87' lang='lat' dir='ltr'><strong>pres</strong></span> <span class='ocrx_word' id='word_1_566' title='bbox 1711 997 1773 1029; x_wconf 90' lang='lat' dir='ltr'><strong>yter</strong></span> <span class='ocrx_word' id='word_1_567' title='bbox 1786 993 1831 1021; x_wconf 79' lang='lat' dir='ltr'><strong>fiat</strong></span> <span class='ocrx_word' id='word_1_568' title='bbox 1843 995 1867 1020; x_wconf 87' lang='lat' dir='ltr'><strong>ct</strong></span> <span class='ocrx_word' id='word_1_569' title='bbox 1879 993 1920 1027; x_wconf 92' lang='lat' dir='ltr'><strong>qui</strong></span> 
     </span>
    </p>
   </div>
   <div class='ocr_carea' id='block_1_103' title="bbox 1147 1028 1875 1063">
    <p class='ocr_par' dir='ltr' id='par_1_103' title="bbox 1147 1028 1875 1063">
     <span class='ocr_line' id='line_1_114' title="bbox 1147 1028 1875 1063; baseline -0.001 -8"><span class='ocrx_word' id='word_1_570' title='bbox 1147 1030 1215 1063; x_wconf 88' lang='lat' dir='ltr'><strong>post</strong></span> <span class='ocrx_word' id='word_1_571' title='bbox 1230 1029 1342 1055; x_wconf 90' lang='lat' dir='ltr'><strong>crimen</strong></span> <span class='ocrx_word' id='word_1_572' title='bbox 1359 1028 1483 1055; x_wconf 88' lang='lat' dir='ltr'><strong>ordinati</strong></span> <span class='ocrx_word' id='word_1_573' title='bbox 1499 1032 1568 1055; x_wconf 89' lang='lat' dir='ltr'><strong>sunt</strong></span> <span class='ocrx_word' id='word_1_574' title='bbox 1578 1028 1731 1056; x_wconf 31' lang='lat' dir='ltr'><strong>ab’ordin’e</strong></span> <span class='ocrx_word' id='word_1_575' title='bbox 1745 1029 1875 1056; x_wconf 85' lang='lat' dir='ltr'><strong>decidunt.</strong></span> 
     </span>
    </p>
   </div>
   <div class='ocr_carea' id='block_1_104' title="bbox 1111 1063 1859 1099">
    <p class='ocr_par' dir='ltr' id='par_1_104' title="bbox 1111 1063 1859 1099">
     <span class='ocr_line' id='line_1_115' title="bbox 1111 1063 1859 1099; baseline -0.003 -8"><span class='ocrx_word' id='word_1_576' title='bbox 1111 1064 1138 1099; x_wconf 81' lang='lat'><strong>5.</strong></span> <span class='ocrx_word' id='word_1_577' title='bbox 1153 1063 1207 1096; x_wconf 87' lang='lat' dir='ltr'><strong>Qui</strong></span> <span class='ocrx_word' id='word_1_578' title='bbox 1223 1064 1283 1091; x_wconf 87' lang='lat' dir='ltr'><strong>sint</strong></span> <span class='ocrx_word' id='word_1_579' title='bbox 1296 1064 1488 1099; x_wconf 90' lang='lat' dir='ltr'><strong>promovendi</strong></span> <span class='ocrx_word' id='word_1_580' title='bbox 1503 1064 1540 1090; x_wconf 89' lang='lat' dir='ltr'><strong>ad</strong></span> <span class='ocrx_word' id='word_1_581' title='bbox 1554 1064 1725 1091; x_wconf 85' lang='lat' dir='ltr'><strong>clericatum</strong></span> <span class='ocrx_word' id='word_1_582' title='bbox 1741 1065 1783 1091; x_wconf 92' lang='lat' dir='ltr'><strong>vel</strong></span> <span class='ocrx_word' id='word_1_583' title='bbox 1799 1072 1859 1091; x_wconf 91' lang='lat' dir='ltr'><strong>non.</strong></span> 
     </span>
    </p>
   </div>
   <div class='ocr_carea' id='block_1_105' title="bbox 1111 1098 1919 1134">
    <p class='ocr_par' dir='ltr' id='par_1_105' title="bbox 1111 1098 1919 1134">
     <span class='ocr_line' id='line_1_116' title="bbox 1111 1098 1919 1134; baseline -0.001 -9"><span class='ocrx_word' id='word_1_584' title='bbox 1111 1098 1138 1125; x_wconf 91' lang='lat'><strong>6.</strong></span> <span class='ocrx_word' id='word_1_585' title='bbox 1154 1098 1209 1131; x_wconf 91' lang='lat' dir='ltr'><strong>Qui</strong></span> <span class='ocrx_word' id='word_1_586' title='bbox 1232 1098 1351 1126; x_wconf 82' lang='lat' dir='ltr'><strong>viduam</strong></span> <span class='ocrx_word' id='word_1_587' title='bbox 1375 1099 1457 1126; x_wconf 79' lang='lat' dir='ltr'><strong>duxit</strong></span> <span class='ocrx_word' id='word_1_588' title='bbox 1481 1107 1605 1126; x_wconf 88' lang='lat' dir='ltr'><strong>uxorem</strong></span> <span class='ocrx_word' id='word_1_589' title='bbox 1629 1100 1695 1127; x_wconf 90' lang='lat' dir='ltr'><strong>sive</strong></span> <span class='ocrx_word' id='word_1_590' title='bbox 1715 1103 1780 1127; x_wconf 85' lang='lat' dir='ltr'><strong>ante</strong></span> <span class='ocrx_word' id='word_1_591' title='bbox 1795 1099 1919 1134; x_wconf 78' lang='lat' dir='ltr'><strong>baptisma</strong></span> 
     </span>
    </p>
   </div>
   <div class='ocr_carea' id='block_1_106' title="bbox 1148 1134 1576 1169">
    <p class='ocr_par' dir='ltr' id='par_1_106' title="bbox 1148 1134 1576 1169">
     <span class='ocr_line' id='line_1_117' title="bbox 1148 1134 1576 1169; baseline 0.002 -8"><span class='ocrx_word' id='word_1_592' title='bbox 1148 1135 1212 1161; x_wconf 87' lang='lat' dir='ltr'><strong>sive</strong></span> <span class='ocrx_word' id='word_1_593' title='bbox 1228 1136 1296 1169; x_wconf 91' lang='lat' dir='ltr'><strong>post</strong></span> <span class='ocrx_word' id='word_1_594' title='bbox 1311 1142 1368 1161; x_wconf 90' lang='lat' dir='ltr'><strong>non</strong></span> <span class='ocrx_word' id='word_1_595' title='bbox 1384 1135 1423 1161; x_wconf 89' lang='lat' dir='ltr'><strong>sit</strong></span> <span class='ocrx_word' id='word_1_596' title='bbox 1439 1134 1576 1162; x_wconf 88' lang='lat' dir='ltr'><strong>clericus.</strong></span> 
     </span>
    </p>
   </div>
   <div class='ocr_carea' id='block_1_107' title="bbox 1110 1169 1695 1206">
    <p class='ocr_par' dir='ltr' id='par_1_107' title="bbox 1110 1169 1695 1206">
     <span class='ocr_line' id='line_1_118' title="bbox 1110 1169 1695 1206; baseline 0.003 -10"><span class='ocrx_word' id='word_1_597' title='bbox 1110 1169 1137 1206; x_wconf 72' lang='grc' dir='ltr'><em>Ἰ.</em></span> <span class='ocrx_word' id='word_1_598' title='bbox 1154 1170 1196 1206; x_wconf 75' lang='lat' dir='ltr'><strong>De</strong></span> <span class='ocrx_word' id='word_1_599' title='bbox 1212 1170 1321 1206; x_wconf 82' lang='lat' dir='ltr'><strong>quibus</strong></span> <span class='ocrx_word' id='word_1_600' title='bbox 1337 1170 1427 1206; x_wconf 19' lang='lat' dir='ltr'><strong>laieisr</strong></span> <span class='ocrx_word' id='word_1_601' title='bbox 1438 1169 1563 1206; x_wconf 77' lang='lat' dir='ltr'><strong>intelligi</strong></span> <span class='ocrx_word' id='word_1_602' title='bbox 1579 1170 1695 1198; x_wconf 84' lang='lat' dir='ltr'><strong>debeat.</strong></span> 
     </span>
    </p>
   </div>
   <div class='ocr_carea' id='block_1_108' title="bbox 1110 1205 1916 1233">
    <p class='ocr_par' dir='ltr' id='par_1_108' title="bbox 1110 1205 1916 1233">
     <span class='ocr_line' id='line_1_119' title="bbox 1110 1205 1916 1233; baseline -0.001 -1"><span class='ocrx_word' id='word_1_603' title='bbox 1110 1205 1136 1232; x_wconf 87' lang='lat'><strong>8.</strong></span> <span class='ocrx_word' id='word_1_604' title='bbox 1155 1205 1198 1232; x_wconf 91' lang='lat' dir='ltr'><strong>Ne</strong></span> <span class='ocrx_word' id='word_1_605' title='bbox 1219 1205 1342 1232; x_wconf 88' lang='lat' dir='ltr'><strong>ordinati</strong></span> <span class='ocrx_word' id='word_1_606' title='bbox 1365 1205 1402 1232; x_wconf 89' lang='lat' dir='ltr'><strong>ab</strong></span> <span class='ocrx_word' id='word_1_607' title='bbox 1422 1205 1573 1233; x_wconf 73' lang='lat' dir='ltr'><strong>haareticis</strong></span> <span class='ocrx_word' id='word_1_608' title='bbox 1597 1206 1680 1233; x_wconf 92' lang='lat' dir='ltr'><strong>nullo</strong></span> <span class='ocrx_word' id='word_1_609' title='bbox 1700 1205 1784 1233; x_wconf 86' lang='lat' dir='ltr'><strong>modo</strong></span> <span class='ocrx_word' id='word_1_610' title='bbox 1799 1205 1916 1232; x_wconf 87' lang='lat' dir='ltr'><strong>ordineu-</strong></span> 
     </span>
    </p>
   </div>
   <div class='ocr_carea' id='block_1_109' title="bbox 1145 1242 1203 1268">
    <p class='ocr_par' dir='ltr' id='par_1_109' title="bbox 1145 1242 1203 1268">
     <span class='ocr_line' id='line_1_120' title="bbox 1145 1242 1203 1268; baseline 0.017 -1"><span class='ocrx_word' id='word_1_611' title='bbox 1145 1242 1203 1268; x_wconf 88' lang='lat' dir='ltr'><strong>tur.</strong></span> 
     </span>
    </p>
   </div>
   <div class='ocr_carea' id='block_1_110' title="bbox 1109 1276 1889 1312">
    <p class='ocr_par' dir='ltr' id='par_1_110' title="bbox 1109 1276 1889 1312">
     <span class='ocr_line' id='line_1_121' title="bbox 1109 1276 1889 1312; baseline -0.001 -9"><span class='ocrx_word' id='word_1_612' title='bbox 1109 1276 1137 1312; x_wconf 74' lang='lat'><strong>9.</strong></span> <span class='ocrx_word' id='word_1_613' title='bbox 1154 1276 1192 1312; x_wconf 78' lang='lat' dir='ltr'><strong>Ut</strong></span> <span class='ocrx_word' id='word_1_614' title='bbox 1203 1276 1384 1304; x_wconf 88' lang='lat' dir='ltr'><strong>ordinandus</strong></span> <span class='ocrx_word' id='word_1_615' title='bbox 1399 1276 1541 1311; x_wconf 83' lang='lat' dir='ltr'><strong>probatur</strong></span> <span class='ocrx_word' id='word_1_616' title='bbox 1550 1284 1603 1311; x_wconf 86' lang='lat' dir='ltr'><strong>per</strong></span> <span class='ocrx_word' id='word_1_617' title='bbox 1616 1277 1764 1312; x_wconf 82' lang='lat' dir='ltr'><strong>prolixum</strong></span> <span class='ocrx_word' id='word_1_618' title='bbox 1778 1277 1889 1311; x_wconf 87' lang='lat' dir='ltr'><strong>tempus.</strong></span> 
     </span>
    </p>
   </div>
   <div class='ocr_carea' id='block_1_111' title="bbox 1109 1311 1678 1344">
    <p class='ocr_par' dir='ltr' id='par_1_111' title="bbox 1109 1311 1678 1344">
     <span class='ocr_line' id='line_1_122' title="bbox 1109 1311 1678 1344; baseline 0.002 -6"><span class='ocrx_word' id='word_1_619' title='bbox 1109 1311 1153 1338; x_wconf 89' lang='lat'><strong>10.</strong></span> <span class='ocrx_word' id='word_1_620' title='bbox 1172 1311 1227 1344; x_wconf 90' lang='lat' dir='ltr'><strong>Qui</strong></span> <span class='ocrx_word' id='word_1_621' title='bbox 1242 1312 1301 1339; x_wconf 89' lang='lat' dir='ltr'><strong>sint</strong></span> <span class='ocrx_word' id='word_1_622' title='bbox 1316 1312 1486 1340; x_wconf 88' lang='lat' dir='ltr'><strong>admittendi</strong></span> <span class='ocrx_word' id='word_1_623' title='bbox 1501 1312 1538 1338; x_wconf 90' lang='lat' dir='ltr'><strong>ab</strong></span> <span class='ocrx_word' id='word_1_624' title='bbox 1553 1311 1678 1340; x_wconf 83' lang='lat' dir='ltr'><strong>clerum.</strong></span> 
     </span>
    </p>
   </div>
   <div class='ocr_carea' id='block_1_112' title="bbox 1110 1345 1918 1409">
    <p class='ocr_par' dir='ltr' id='par_1_112' title="bbox 1110 1345 1918 1409">
     <span class='ocr_line' id='line_1_123' title="bbox 1110 1345 1918 1409; baseline -0.002 -35"><span class='ocrx_word' id='word_1_625' title='bbox 1110 1347 1153 1374; x_wconf 83' lang='grc' dir='ltr'><em>Η.</em></span> <span class='ocrx_word' id='word_1_626' title='bbox 1170 1347 1200 1409; x_wconf 56' lang='lat' dir='ltr'><strong>Sti</strong></span> <span class='ocrx_word' id='word_1_627' title='bbox 1223 1348 1291 1383; x_wconf 86' lang='lat' dir='ltr'><strong>quis</strong></span> <span class='ocrx_word' id='word_1_628' title='bbox 1315 1349 1417 1375; x_wconf 87' lang='lat' dir='ltr'><strong>contra</strong></span> <span class='ocrx_word' id='word_1_629' title='bbox 1432 1355 1563 1375; x_wconf 87' lang='lat' dir='ltr'><strong>canones</strong></span> <span class='ocrx_word' id='word_1_630' title='bbox 1583 1348 1736 1375; x_wconf 88' lang='lat' dir='ltr'><strong>ordinatur</strong></span> <span class='ocrx_word' id='word_1_631' title='bbox 1759 1346 1861 1375; x_wconf 79' lang='lat' dir='ltr'><strong>honoro</strong></span> <span class='ocrx_word' id='word_1_632' title='bbox 1872 1345 1918 1380; x_wconf 82' lang='lat' dir='ltr'><strong>pri-</strong></span> 
     </span>
     <span class='ocr_line' id='line_1_124' title="bbox 1144 1390 1239 1409; baseline 0.011 -1"><span class='ocrx_word' id='word_1_633' title='bbox 1144 1390 1180 1409; x_wconf 92' lang='lat' dir='ltr'><strong>ve</strong></span> <span class='ocrx_word' id='word_1_634' title='bbox 1194 1390 1239 1409; x_wconf 90' lang='lat' dir='ltr'><strong>ur.</strong></span> 
     </span>
    </p>
   </div>
   <div class='ocr_carea' id='block_1_113' title="bbox 1144 1390 1239 1410">
    <p class='ocr_par' dir='ltr' id='par_1_113' title="bbox 1144 1390 1239 1410">
     <span class='ocr_line' id='line_1_125' title="bbox 1144 1390 1239 1410; baseline 0.021 -2"><span class='ocrx_word' id='word_1_635' title='bbox 1144 1390 1239 1410; x_wconf 82' lang='lat' dir='ltr'><strong>vetur.</strong></span> 
     </span>
    </p>
   </div>
   <div class='ocr_carea' id='block_1_114' title="bbox 1109 1417 1650 1446">
    <p class='ocr_par' dir='ltr' id='par_1_114' title="bbox 1109 1417 1650 1446">
     <span class='ocr_line' id='line_1_126' title="bbox 1109 1417 1650 1446; baseline 0 -1"><span class='ocrx_word' id='word_1_636' title='bbox 1109 1418 1152 1445; x_wconf 78' lang='lat'><strong>12.</strong></span> <span class='ocrx_word' id='word_1_637' title='bbox 1170 1418 1212 1445; x_wconf 87' lang='lat' dir='ltr'><strong>De</strong></span> <span class='ocrx_word' id='word_1_638' title='bbox 1228 1417 1328 1446; x_wconf 90' lang='lat' dir='ltr'><strong>illicita</strong></span> <span class='ocrx_word' id='word_1_639' title='bbox 1343 1418 1528 1446; x_wconf 86' lang='lat' dir='ltr'><strong>ordinatione</strong></span> <span class='ocrx_word' id='word_1_640' title='bbox 1538 1426 1575 1446; x_wconf 94' lang='lat' dir='ltr'><strong>ne</strong></span> <span class='ocrx_word' id='word_1_641' title='bbox 1590 1418 1650 1445; x_wconf 77' lang='lat' dir='ltr'><strong>ﬂat.</strong></span> 
     </span>
    </p>
   </div>
   <div class='ocr_carea' id='block_1_115' title="bbox 1109 1452 1917 1489">
    <p class='ocr_par' dir='ltr' id='par_1_115' title="bbox 1109 1452 1917 1489">
     <span class='ocr_line' id='line_1_127' title="bbox 1109 1452 1917 1489; baseline -0.006 -8"><span class='ocrx_word' id='word_1_642' title='bbox 1109 1454 1152 1481; x_wconf 83' lang='lat'><strong>13.</strong></span> <span class='ocrx_word' id='word_1_643' title='bbox 1168 1453 1223 1486; x_wconf 91' lang='lat' dir='ltr'><strong>Qui</strong></span> <span class='ocrx_word' id='word_1_644' title='bbox 1239 1456 1321 1481; x_wconf 81' lang='lat' dir='ltr'><strong>extra</strong></span> <span class='ocrx_word' id='word_1_645' title='bbox 1335 1454 1509 1481; x_wconf 89' lang='lat' dir='ltr'><strong>catholicam</strong></span> <span class='ocrx_word' id='word_1_646' title='bbox 1518 1453 1685 1481; x_wconf 74' lang='lat' dir='ltr'><strong>Ecclesium</strong></span> <span class='ocrx_word' id='word_1_647' title='bbox 1694 1452 1917 1489; x_wconf 75' lang='lat' dir='ltr'><strong>baptizanturnon</strong></span> 
     </span>
    </p>
   </div>
   <div class='ocr_carea' id='block_1_116' title="bbox 1143 1489 1327 1517">
    <p class='ocr_par' dir='ltr' id='par_1_116' title="bbox 1143 1489 1327 1517">
     <span class='ocr_line' id='line_1_128' title="bbox 1143 1489 1327 1517; baseline 0.011 -2"><span class='ocrx_word' id='word_1_648' title='bbox 1143 1489 1327 1517; x_wconf 83' lang='lat' dir='ltr'><strong>ordinentur.</strong></span> 
     </span>
    </p>
   </div>
   <div class='ocr_carea' id='block_1_117' title="bbox 1108 1524 1577 1552">
    <p class='ocr_par' dir='ltr' id='par_1_117' title="bbox 1108 1524 1577 1552">
     <span class='ocr_line' id='line_1_129' title="bbox 1108 1524 1577 1552; baseline 0 0"><span class='ocrx_word' id='word_1_649' title='bbox 1108 1524 1151 1552; x_wconf 83' lang='lat'><strong>14.</strong></span> <span class='ocrx_word' id='word_1_650' title='bbox 1170 1525 1211 1552; x_wconf 91' lang='lat' dir='ltr'><strong>De</strong></span> <span class='ocrx_word' id='word_1_651' title='bbox 1226 1525 1433 1552; x_wconf 85' lang='lat' dir='ltr'><strong>transmarinis</strong></span> <span class='ocrx_word' id='word_1_652' title='bbox 1449 1525 1577 1552; x_wconf 86' lang='lat' dir='ltr'><strong>clericis.</strong></span> 
     </span>
    </p>
   </div>
   <div class='ocr_carea' id='block_1_118' title="bbox 1072 1559 1700 1594">
    <p class='ocr_par' dir='ltr' id='par_1_118' title="bbox 1072 1559 1700 1594">
     <span class='ocr_line' id='line_1_130' title="bbox 1072 1559 1700 1594; baseline 0.002 -8"><span class='ocrx_word' id='word_1_653' title='bbox 1072 1559 1151 1594; x_wconf 80' lang='lat' dir='ltr'><strong>C15.</strong></span> <span class='ocrx_word' id='word_1_654' title='bbox 1168 1560 1210 1587; x_wconf 91' lang='lat' dir='ltr'><strong>De</strong></span> <span class='ocrx_word' id='word_1_655' title='bbox 1226 1562 1330 1588; x_wconf 86' lang='lat' dir='ltr'><strong>marito</strong></span> <span class='ocrx_word' id='word_1_656' title='bbox 1347 1561 1471 1588; x_wconf 88' lang='lat' dir='ltr'><strong>duarum</strong></span> <span class='ocrx_word' id='word_1_657' title='bbox 1487 1563 1700 1588; x_wconf 85' lang='lat' dir='ltr'><strong>matronarum.</strong></span> 
     </span>
    </p>
   </div>
   <div class='ocr_carea' id='block_1_119' title="bbox 1107 1594 1918 1636">
    <p class='ocr_par' dir='ltr' id='par_1_119' title="bbox 1107 1594 1918 1636">
     <span class='ocr_line' id='line_1_131' title="bbox 1107 1594 1918 1636; baseline -0.004 -13"><span class='ocrx_word' id='word_1_658' title='bbox 1107 1595 1150 1623; x_wconf 89' lang='lat'><strong>16.</strong></span> <span class='ocrx_word' id='word_1_659' title='bbox 1167 1595 1248 1636; x_wconf 86' lang='lat' dir='ltr'><strong>Quod</strong></span> <span class='ocrx_word' id='word_1_660' title='bbox 1265 1604 1318 1623; x_wconf 90' lang='lat' dir='ltr'><strong>nec</strong></span> <span class='ocrx_word' id='word_1_661' title='bbox 1341 1598 1407 1623; x_wconf 88' lang='lat' dir='ltr'><strong>ante</strong></span> <span class='ocrx_word' id='word_1_662' title='bbox 1432 1596 1610 1632; x_wconf 90' lang='lat' dir='ltr'><strong>baptismum</strong></span> <span class='ocrx_word' id='word_1_663' title='bbox 1629 1596 1768 1632; x_wconf 88' lang='lat' dir='ltr'><strong>bigamus</strong></span> <span class='ocrx_word' id='word_1_664' title='bbox 1789 1594 1918 1622; x_wconf 86' lang='lat' dir='ltr'><strong>ordinetur</strong></span> 
     </span>
    </p>
   </div>
   <div class='ocr_carea' id='block_1_120' title="bbox 1106 1638 1916 1708">
    <p class='ocr_par' dir='ltr' id='par_1_120' title="bbox 1106 1638 1916 1708">
     <span class='ocr_line' id='line_1_132' title="bbox 1106 1638 1916 1708; baseline -0.004 -15"><span class='ocrx_word' id='word_1_665' title='bbox 1106 1638 1313 1708; x_wconf 39' lang='lat' dir='ltr'><strong>17?%:%%f):;.</strong></span> <span class='ocrx_word' id='word_1_666' title='bbox 1327 1667 1472 1708; x_wconf 71' lang='lat' dir='ltr'><strong>acolythis</strong></span> <span class='ocrx_word' id='word_1_667' title='bbox 1487 1668 1516 1694; x_wconf 92' lang='lat' dir='ltr'><strong>et</strong></span> <span class='ocrx_word' id='word_1_668' title='bbox 1530 1666 1725 1694; x_wconf 86' lang='lat' dir='ltr'><strong>subdiaconis</strong></span> <span class='ocrx_word' id='word_1_669' title='bbox 1741 1665 1849 1702; x_wconf 86' lang='lat' dir='ltr'><strong>possint</strong></span> <span class='ocrx_word' id='word_1_670' title='bbox 1861 1671 1916 1699; x_wconf 88' lang='lat' dir='ltr'><strong>pro-</strong></span> 
     </span>
    </p>
   </div>
   <div class='ocr_carea' id='block_1_121' title="bbox 1143 1703 1542 1739">
    <p class='ocr_par' dir='ltr' id='par_1_121' title="bbox 1143 1703 1542 1739">
     <span class='ocr_line' id='line_1_133' title="bbox 1143 1703 1542 1739; baseline 0.003 -11"><span class='ocrx_word' id='word_1_671' title='bbox 1143 1703 1256 1739; x_wconf 73' lang='lat' dir='ltr'><strong>moveri</strong></span> <span class='ocrx_word' id='word_1_672' title='bbox 1272 1703 1308 1730; x_wconf 89' lang='lat' dir='ltr'><strong>ad</strong></span> <span class='ocrx_word' id='word_1_673' title='bbox 1324 1703 1542 1739; x_wconf 76' lang='lat' dir='ltr'><strong>presbyterum.</strong></span> 
     </span>
    </p>
   </div>
   <div class='ocr_carea' id='block_1_122' title="bbox 1108 1733 1915 1766">
    <p class='ocr_par' dir='ltr' id='par_1_122' title="bbox 1108 1733 1915 1766">
     <span class='ocr_line' id='line_1_134' title="bbox 1108 1733 1915 1766; baseline -0.002 -2"><span class='ocrx_word' id='word_1_674' title='bbox 1108 1736 1151 1765; x_wconf 90' lang='lat'><strong>18.</strong></span> <span class='ocrx_word' id='word_1_675' title='bbox 1170 1738 1207 1765; x_wconf 89' lang='lat' dir='ltr'><strong>Ut</strong></span> <span class='ocrx_word' id='word_1_676' title='bbox 1221 1733 1340 1766; x_wconf 78' lang='lat' dir='ltr'><strong>obnoxii</strong></span> <span class='ocrx_word' id='word_1_677' title='bbox 1356 1733 1430 1765; x_wconf 61' lang='lat' dir='ltr'><strong>licet&#39;</strong></span> <span class='ocrx_word' id='word_1_678' title='bbox 1439 1738 1564 1766; x_wconf 88' lang='lat' dir='ltr'><strong>ordinati</strong></span> <span class='ocrx_word' id='word_1_679' title='bbox 1580 1738 1640 1765; x_wconf 88' lang='lat' dir='ltr'><strong>sint</strong></span> <span class='ocrx_word' id='word_1_680' title='bbox 1654 1737 1780 1765; x_wconf 88' lang='lat' dir='ltr'><strong>dominis</strong></span> <span class='ocrx_word' id='word_1_681' title='bbox 1792 1736 1850 1764; x_wconf 82' lang='lat' dir='ltr'><strong>suis</strong></span> <span class='ocrx_word' id='word_1_682' title='bbox 1864 1733 1915 1762; x_wconf 77' lang='lat' dir='ltr'><strong>red-</strong></span> 
     </span>
    </p>
   </div>
   <div class='ocr_carea' id='block_1_123' title="bbox 1107 1773 1628 1845">
    <p class='ocr_par' dir='ltr' id='par_1_123' title="bbox 1107 1773 1628 1845">
     <span class='ocr_line' id='line_1_135' title="bbox 1142 1773 1257 1800; baseline 0 0"><span class='ocrx_word' id='word_1_683' title='bbox 1142 1773 1257 1800; x_wconf 88' lang='lat' dir='ltr'><strong>duntur.</strong></span> 
     </span>
     <span class='ocr_line' id='line_1_136' title="bbox 1107 1809 1628 1845; baseline -0.002 -9"><span class='ocrx_word' id='word_1_684' title='bbox 1107 1809 1149 1836; x_wconf 88' lang='lat'><strong>19.</strong></span> <span class='ocrx_word' id='word_1_685' title='bbox 1168 1809 1205 1836; x_wconf 90' lang='lat' dir='ltr'><strong>Ut</strong></span> <span class='ocrx_word' id='word_1_686' title='bbox 1220 1810 1300 1837; x_wconf 88' lang='lat' dir='ltr'><strong>servi</strong></span> <span class='ocrx_word' id='word_1_687' title='bbox 1316 1817 1374 1837; x_wconf 91' lang='lat' dir='ltr'><strong>non</strong></span> <span class='ocrx_word' id='word_1_688' title='bbox 1390 1811 1628 1845; x_wconf 87' lang='lat' dir='ltr'><strong>promoveantur.</strong></span> 
     </span>
    </p>
   </div>
   <div class='ocr_carea' id='block_1_124' title="bbox 1105 1840 1914 1880">
    <p class='ocr_par' dir='ltr' id='par_1_124' title="bbox 1105 1840 1914 1880">
     <span class='ocr_line' id='line_1_137' title="bbox 1105 1840 1914 1880; baseline -0.006 -7"><span class='ocrx_word' id='word_1_689' title='bbox 1105 1845 1148 1872; x_wconf 74' lang='grc'><em>20.</em></span> <span class='ocrx_word' id='word_1_690' title='bbox 1168 1845 1205 1872; x_wconf 90' lang='lat' dir='ltr'><strong>Ut</strong></span> <span class='ocrx_word' id='word_1_691' title='bbox 1221 1846 1340 1873; x_wconf 89' lang='lat' dir='ltr'><strong>obnoxii</strong></span> <span class='ocrx_word' id='word_1_692' title='bbox 1356 1840 1483 1872; x_wconf 42' lang='lat' dir='ltr'><strong>do‘minis</strong></span> <span class='ocrx_word' id='word_1_693' title='bbox 1500 1844 1565 1871; x_wconf 88' lang='lat' dir='ltr'><strong>suis</strong></span> <span class='ocrx_word' id='word_1_694' title='bbox 1588 1844 1793 1880; x_wconf 87' lang='lat' dir='ltr'><strong>ignorantibus</strong></span> <span class='ocrx_word' id='word_1_695' title='bbox 1807 1849 1859 1869; x_wconf 92' lang='lat' dir='ltr'><strong>non</strong></span> <span class='ocrx_word' id='word_1_696' title='bbox 1874 1840 1914 1867; x_wconf 87' lang='lat' dir='ltr'><strong>ad-</strong></span> 
     </span>
    </p>
   </div>
   <div class='ocr_carea' id='block_1_125' title="bbox 1141 1881 1914 1914">
    <p class='ocr_par' dir='ltr' id='par_1_125' title="bbox 1141 1881 1914 1914">
     <span class='ocr_line' id='line_1_138' title="bbox 1141 1881 1914 1914; baseline 0.009 -7"><span class='ocrx_word' id='word_1_697' title='bbox 1141 1882 1291 1908; x_wconf 85' lang='lat' dir='ltr'><strong>mittanlur</strong></span> <span class='ocrx_word' id='word_1_698' title='bbox 1305 1881 1340 1908; x_wconf 89' lang='lat' dir='ltr'><strong>ad</strong></span> <span class='ocrx_word' id='word_1_699' title='bbox 1354 1881 1475 1907; x_wconf 88' lang='lat' dir='ltr'><strong>clerum.</strong></span> <span class='ocrx_word' id='word_1_700' title='bbox 1847 1912 1862 1914; x_wconf 42' lang='grc' dir='ltr'>η</span> <span class='ocrx_word' id='word_1_701' title='bbox 1910 1910 1914 1914; x_wconf 96' lang='grc'><strong>.</strong></span> 
     </span>
    </p>
   </div>
   <div class='ocr_carea' id='block_1_126' title="bbox 1104 1912 1914 1958">
    <p class='ocr_par' dir='ltr' id='par_1_126' title="bbox 1104 1912 1914 1958">
     <span class='ocr_line' id='line_1_139' title="bbox 1104 1912 1914 1958; baseline -0.007 -14"><span class='ocrx_word' id='word_1_702' title='bbox 1104 1916 1148 1958; x_wconf 68' lang='grc'><strong>21.</strong></span> <span class='ocrx_word' id='word_1_703' title='bbox 1166 1917 1248 1958; x_wconf 81' lang='lat' dir='ltr'><strong>Quod</strong></span> <span class='ocrx_word' id='word_1_704' title='bbox 1264 1925 1304 1958; x_wconf 54' lang='lat' dir='ltr'><strong>cit</strong></span> <span class='ocrx_word' id='word_1_705' title='bbox 1318 1916 1470 1944; x_wconf 83' lang='lat' dir='ltr'><strong>monachis</strong></span> <span class='ocrx_word' id='word_1_706' title='bbox 1491 1915 1659 1951; x_wconf 76' lang='lat' dir='ltr'><strong>presbyteri</strong></span> <span class='ocrx_word' id='word_1_707' title='bbox 1678 1914 1794 1951; x_wconf 86' lang='lat' dir='ltr'><strong>possint</strong></span> <span class='ocrx_word' id='word_1_708' title='bbox 1807 1912 1914 1941; x_wconf 71' lang='lat' dir='ltr'><strong>ordinati</strong></span> 
     </span>
    </p>
   </div>
   <div class='ocr_carea' id='block_1_127' title="bbox 1104 1953 1915 2023">
    <p class='ocr_par' dir='ltr' id='par_1_127' title="bbox 1104 1953 1915 2023">
     <span class='ocr_line' id='line_1_140' title="bbox 1104 1953 1915 2023; baseline -0.009 -7"><span class='ocrx_word' id='word_1_709' title='bbox 1104 1953 1402 2021; x_wconf 48' lang='grc' dir='ltr'><strong>Ξὲἶηρῗιέεᾶθιῗὲῗθοιιί</strong></span> <span class='ocrx_word' id='word_1_710' title='bbox 1412 1986 1529 2022; x_wconf 84' lang='lat' dir='ltr'><strong>possint</strong></span> <span class='ocrx_word' id='word_1_711' title='bbox 1543 1987 1708 2023; x_wconf 88' lang='lat' dir='ltr'><strong>aggregari</strong></span> <span class='ocrx_word' id='word_1_712' title='bbox 1728 1985 1830 2013; x_wconf 80' lang='lat' dir='ltr'><strong>officiis</strong></span> <span class='ocrx_word' id='word_1_713' title='bbox 1845 1982 1915 2011; x_wconf 81' lang='lat' dir='ltr'><strong>cleri-</strong></span> 
     </span>
    </p>
   </div>
   <div class='ocr_carea' id='block_1_128' title="bbox 1102 2032 1916 2095">
    <p class='ocr_par' dir='ltr' id='par_1_128' title="bbox 1102 2032 1916 2095">
     <span class='ocr_line' id='line_1_141' title="bbox 1102 2032 1916 2095; baseline -0.009 -7"><span class='ocrx_word' id='word_1_714' title='bbox 1102 2032 1250 2092; x_wconf 49' lang='grc' dir='ltr'><strong>ρθῗίδδὲἶι</strong></span> <span class='ocrx_word' id='word_1_715' title='bbox 1267 2060 1316 2095; x_wconf 89' lang='lat' dir='ltr'><strong>qui</strong></span> <span class='ocrx_word' id='word_1_716' title='bbox 1332 2058 1527 2088; x_wconf 83' lang='lat' dir='ltr'><strong>concubinam</strong></span> <span class='ocrx_word' id='word_1_717' title='bbox 1544 2058 1681 2085; x_wconf 80' lang='lat' dir='ltr'><strong>habuerit</strong></span> <span class='ocrx_word' id='word_1_718' title='bbox 1696 2065 1754 2085; x_wconf 92' lang='lat' dir='ltr'><strong>non</strong></span> <span class='ocrx_word' id='word_1_719' title='bbox 1769 2061 1916 2094; x_wconf 49' lang='lat' dir='ltr'><strong>promovea&#39;</strong></span> 
     </span>
    </p>
   </div>
   <div class='ocr_carea' id='block_1_129' title="bbox 1102 2099 1914 2166">
    <p class='ocr_par' dir='ltr' id='par_1_129' title="bbox 1102 2099 1914 2166">
     <span class='ocr_line' id='line_1_142' title="bbox 1102 2099 1914 2166; baseline -0.005 -7"><span class='ocrx_word' id='word_1_720' title='bbox 1102 2099 1245 2163; x_wconf 42' lang='grc' dir='ltr'><strong>Ἄξυόῆοᾶ</strong></span> <span class='ocrx_word' id='word_1_721' title='bbox 1261 2131 1311 2166; x_wconf 92' lang='lat' dir='ltr'><strong>qui</strong></span> <span class='ocrx_word' id='word_1_722' title='bbox 1327 2133 1394 2165; x_wconf 91' lang='lat' dir='ltr'><strong>post</strong></span> <span class='ocrx_word' id='word_1_723' title='bbox 1409 2129 1587 2164; x_wconf 86' lang='lat' dir='ltr'><strong>baptismum</strong></span> <span class='ocrx_word' id='word_1_724' title='bbox 1603 2129 1737 2156; x_wconf 89' lang='lat' dir='ltr'><strong>secundo</strong></span> <span class='ocrx_word' id='word_1_725' title='bbox 1748 2125 1914 2166; x_wconf 48' lang='lat' dir='ltr'><strong>nupseljitlllui</strong></span> 
     </span>
    </p>
   </div>
   <div class='ocr_carea' id='block_1_130' title="bbox 1138 2160 1914 2208">
    <p class='ocr_par' dir='ltr' id='par_1_130' title="bbox 1138 2160 1914 2208">
     <span class='ocr_line' id='line_1_143' title="bbox 1138 2160 1914 2208; baseline -0.01 -14"><span class='ocrx_word' id='word_1_726' title='bbox 1138 2160 1336 2208; x_wconf 72' lang='lat' dir='ltr'><strong>concubinam</strong></span> <span class='ocrx_word' id='word_1_727' title='bbox 1349 2160 1485 2193; x_wconf 74' lang='lat' dir='ltr'><strong>habuerit</strong></span> <span class='ocrx_word' id='word_1_728' title='bbox 1500 2173 1559 2192; x_wconf 92' lang='lat' dir='ltr'><strong>non</strong></span> <span class='ocrx_word' id='word_1_729' title='bbox 1584 2166 1623 2191; x_wconf 92' lang='lat' dir='ltr'><strong>sit</strong></span> <span class='ocrx_word' id='word_1_730' title='bbox 1637 2160 1797 2200; x_wconf 78' lang='lat' dir='ltr'><strong>episcopus</strong></span> <span class='ocrx_word' id='word_1_731' title='bbox 1811 2162 1852 2189; x_wconf 87' lang='lat' dir='ltr'><strong>vel</strong></span> <span class='ocrx_word' id='word_1_732' title='bbox 1866 2160 1914 2186; x_wconf 83' lang='lat' dir='ltr'><strong>cle-</strong></span> 
     </span>
    </p>
   </div>
   <div class='ocr_carea' id='block_1_131' title="bbox 1136 2210 1229 2229">
    <p class='ocr_par' dir='ltr' id='par_1_131' title="bbox 1136 2210 1229 2229">
     <span class='ocr_line' id='line_1_144' title="bbox 1136 2210 1229 2229; baseline 0 0"><span class='ocrx_word' id='word_1_733' title='bbox 1136 2210 1229 2229; x_wconf 79' lang='lat' dir='ltr'><strong>I‘lCllS.</strong></span> 
     </span>
    </p>
   </div>
   <div class='ocr_carea' id='block_1_132' title="bbox 1061 2233 1912 2269">
    <p class='ocr_par' dir='ltr' id='par_1_132' title="bbox 1061 2233 1912 2269">
     <span class='ocr_line' id='line_1_145' title="bbox 1061 2233 1912 2269; baseline -0.009 -4"><span class='ocrx_word' id='word_1_734' title='bbox 1061 2237 1087 2267; x_wconf 71' lang='grc' dir='ltr'><strong>Ι)</strong></span> <span class='ocrx_word' id='word_1_735' title='bbox 1099 2238 1143 2264; x_wconf 70' lang='lat'><strong>25.</strong></span> <span class='ocrx_word' id='word_1_736' title='bbox 1163 2238 1200 2265; x_wconf 87' lang='lat' dir='ltr'><strong>Ut</strong></span> <span class='ocrx_word' id='word_1_737' title='bbox 1215 2237 1312 2265; x_wconf 69' lang='lat' dir='ltr'><strong>vidnaa</strong></span> <span class='ocrx_word' id='word_1_738' title='bbox 1325 2238 1448 2264; x_wconf 87' lang='lat' dir='ltr'><strong>maritus</strong></span> <span class='ocrx_word' id='word_1_739' title='bbox 1459 2236 1485 2263; x_wconf 91' lang='lat' dir='ltr'><strong>si</strong></span> <span class='ocrx_word' id='word_1_740' title='bbox 1495 2235 1649 2263; x_wconf 87' lang='lat' dir='ltr'><strong>ordinatus</strong></span> <span class='ocrx_word' id='word_1_741' title='bbox 1666 2235 1753 2263; x_wconf 85' lang='lat' dir='ltr'><strong>fuerit</strong></span> <span class='ocrx_word' id='word_1_742' title='bbox 1762 2233 1912 2269; x_wconf 87' lang='lat' dir='ltr'><strong>deponatur.</strong></span> 
     </span>
    </p>
   </div>
   <div class='ocr_carea' id='block_1_133' title="bbox 1099 2276 1912 2309">
    <p class='ocr_par' dir='ltr' id='par_1_133' title="bbox 1099 2276 1912 2309">
     <span class='ocr_line' id='line_1_146' title="bbox 1099 2276 1912 2309; baseline -0.009 0"><span class='ocrx_word' id='word_1_743' title='bbox 1099 2283 1143 2309; x_wconf 65' lang='grc' dir='ltr'><strong>ΞΒ.</strong></span> <span class='ocrx_word' id='word_1_744' title='bbox 1163 2283 1199 2309; x_wconf 89' lang='lat' dir='ltr'><strong>Ut</strong></span> <span class='ocrx_word' id='word_1_745' title='bbox 1210 2290 1314 2309; x_wconf 83' lang='lat' dir='ltr'><strong>omnes</strong></span> <span class='ocrx_word' id='word_1_746' title='bbox 1327 2281 1452 2307; x_wconf 87' lang='lat' dir='ltr'><strong>ministri</strong></span> <span class='ocrx_word' id='word_1_747' title='bbox 1464 2281 1566 2307; x_wconf 85' lang='lat' dir='ltr'><strong>altaris</strong></span> <span class='ocrx_word' id='word_1_748' title='bbox 1579 2280 1787 2307; x_wconf 86' lang='lat' dir='ltr'><strong>continentiam</strong></span> <span class='ocrx_word' id='word_1_749' title='bbox 1800 2276 1912 2305; x_wconf 75' lang='lat' dir='ltr'><strong>servent.</strong></span> 
     </span>
    </p>
   </div>
   <div class='ocr_carea' id='block_1_134' title="bbox 1099 2316 1790 2345">
    <p class='ocr_par' dir='ltr' id='par_1_134' title="bbox 1099 2316 1790 2345">
     <span class='ocr_line' id='line_1_147' title="bbox 1099 2316 1790 2345; baseline -0.004 -1"><span class='ocrx_word' id='word_1_750' title='bbox 1099 2319 1142 2345; x_wconf 65' lang='grc' dir='ltr'><em>Ἦ.</em></span> <span class='ocrx_word' id='word_1_751' title='bbox 1162 2319 1197 2344; x_wconf 82' lang='lat' dir='ltr'><strong>Ut</strong></span> <span class='ocrx_word' id='word_1_752' title='bbox 1213 2326 1292 2344; x_wconf 78' lang='lat' dir='ltr'><strong>xxxv</strong></span> <span class='ocrx_word' id='word_1_753' title='bbox 1309 2325 1451 2343; x_wconf 85' lang='lat' dir='ltr'><strong>annorum</strong></span> <span class='ocrx_word' id='word_1_754' title='bbox 1468 2316 1622 2342; x_wconf 71' lang='lat' dir='ltr'><strong>ordinetur</strong></span> <span class='ocrx_word' id='word_1_755' title='bbox 1637 2316 1790 2342; x_wconf 84' lang='lat' dir='ltr'><strong>sacerdos.</strong></span> 
     </span>
    </p>
   </div>
   <div class='ocr_carea' id='block_1_135' title="bbox 1101 2352 1866 2387">
    <p class='ocr_par' dir='ltr' id='par_1_135' title="bbox 1101 2352 1866 2387">
     <span class='ocr_line' id='line_1_148' title="bbox 1101 2352 1866 2387; baseline -0.005 -7"><span class='ocrx_word' id='word_1_756' title='bbox 1101 2354 1143 2380; x_wconf 65' lang='lat'><strong>‘28.</strong></span> <span class='ocrx_word' id='word_1_757' title='bbox 1161 2354 1243 2385; x_wconf 90' lang='lat' dir='ltr'><strong>Quod</strong></span> <span class='ocrx_word' id='word_1_758' title='bbox 1260 2354 1297 2380; x_wconf 85' lang='lat' dir='ltr'><strong>sit</strong></span> <span class='ocrx_word' id='word_1_759' title='bbox 1313 2354 1370 2379; x_wconf 89' lang='lat' dir='ltr'><strong>cito</strong></span> <span class='ocrx_word' id='word_1_760' title='bbox 1388 2360 1491 2378; x_wconf 87' lang='lat' dir='ltr'><strong>manus</strong></span> <span class='ocrx_word' id='word_1_761' title='bbox 1506 2352 1594 2387; x_wconf 86' lang='lat' dir='ltr'><strong>aliqui</strong></span> <span class='ocrx_word' id='word_1_762' title='bbox 1613 2352 1773 2385; x_wconf 85' lang='lat' dir='ltr'><strong>imponere.</strong></span> <span class='ocrx_word' id='word_1_763' title='bbox 1806 2385 1811 2387; x_wconf 87' lang='lat'>_</span> <span class='ocrx_word' id='word_1_764' title='bbox 1851 2382 1866 2387; x_wconf 21' lang='grc' dir='ltr'><strong>Δ.</strong></span> 
     </span>
    </p>
   </div>
   <div class='ocr_carea' id='block_1_136' title="bbox 1100 2384 1913 2423">
    <p class='ocr_par' dir='ltr' id='par_1_136' title="bbox 1100 2384 1913 2423">
     <span class='ocr_line' id='line_1_149' title="bbox 1100 2384 1913 2423; baseline -0.01 -8"><span class='ocrx_word' id='word_1_765' title='bbox 1100 2389 1143 2415; x_wconf 73' lang='lat'><strong>&#39;29.</strong></span> <span class='ocrx_word' id='word_1_766' title='bbox 1160 2384 1198 2415; x_wconf 77' lang='lat' dir='ltr'><strong>De</strong></span> <span class='ocrx_word' id='word_1_767' title='bbox 1215 2398 1248 2415; x_wconf 84' lang='lat' dir='ltr'><strong>eo</strong></span> <span class='ocrx_word' id='word_1_768' title='bbox 1266 2389 1315 2423; x_wconf 84' lang='lat' dir='ltr'><strong>qui</strong></span> <span class='ocrx_word' id='word_1_769' title='bbox 1338 2396 1391 2414; x_wconf 88' lang='lat' dir='ltr'><strong>ens</strong></span> <span class='ocrx_word' id='word_1_770' title='bbox 1422 2388 1449 2413; x_wconf 91' lang='lat' dir='ltr'><strong>in</strong></span> <span class='ocrx_word' id='word_1_771' title='bbox 1480 2384 1601 2414; x_wconf 77' lang='lat' dir='ltr'><strong>crimine</strong></span> <span class='ocrx_word' id='word_1_772' title='bbox 1627 2384 1691 2413; x_wconf 85' lang='lat' dir='ltr'><strong>sine</strong></span> <span class='ocrx_word' id='word_1_773' title='bbox 1719 2384 1913 2413; x_wconf 79' lang='lat' dir='ltr'><strong>examinatione</strong></span> 
     </span>
    </p>
   </div>
   <div class='ocr_carea' id='block_1_137' title="bbox 1135 2426 1296 2451">
    <p class='ocr_par' dir='ltr' id='par_1_137' title="bbox 1135 2426 1296 2451">
     <span class='ocr_line' id='line_1_150' title="bbox 1135 2426 1296 2451; baseline -0.006 0"><span class='ocrx_word' id='word_1_774' title='bbox 1135 2426 1186 2451; x_wconf 87' lang='lat' dir='ltr'><strong>0rd</strong></span> <span class='ocrx_word' id='word_1_775' title='bbox 1193 2426 1296 2450; x_wconf 78' lang='lat' dir='ltr'><strong>iuatur.</strong></span> 
     </span>
    </p>
   </div>
   <div class='ocr_carea' id='block_1_138' title="bbox 1099 2458 1615 2494">
    <p class='ocr_par' dir='ltr' id='par_1_138' title="bbox 1099 2458 1615 2494">
     <span class='ocr_line' id='line_1_151' title="bbox 1099 2458 1615 2494; baseline -0.002 -9"><span class='ocrx_word' id='word_1_776' title='bbox 1099 2460 1143 2486; x_wconf 83' lang='lat'><strong>30.</strong></span> <span class='ocrx_word' id='word_1_777' title='bbox 1163 2460 1198 2486; x_wconf 71' lang='lat' dir='ltr'><strong>lit</strong></span> <span class='ocrx_word' id='word_1_778' title='bbox 1214 2460 1360 2494; x_wconf 67' lang='lat' dir='ltr'><strong>pinnitcns</strong></span> <span class='ocrx_word' id='word_1_779' title='bbox 1377 2467 1433 2484; x_wconf 91' lang='lat' dir='ltr'><strong>non</strong></span> <span class='ocrx_word' id='word_1_780' title='bbox 1454 2458 1615 2485; x_wconf 88' lang='lat' dir='ltr'><strong>ordinetur.</strong></span> 
     </span>
    </p>
   </div>
   <div class='ocr_carea' id='block_1_139' title="bbox 1099 2494 1552 2527">
    <p class='ocr_par' dir='ltr' id='par_1_139' title="bbox 1099 2494 1552 2527">
     <span class='ocr_line' id='line_1_152' title="bbox 1099 2494 1552 2527; baseline -0.002 -6"><span class='ocrx_word' id='word_1_781' title='bbox 1099 2496 1142 2522; x_wconf 85' lang='lat'><strong>3|.</strong></span> <span class='ocrx_word' id='word_1_782' title='bbox 1159 2497 1213 2527; x_wconf 81' lang='lat' dir='ltr'><strong>Qui</strong></span> <span class='ocrx_word' id='word_1_783' title='bbox 1230 2504 1286 2521; x_wconf 90' lang='lat' dir='ltr'><strong>non</strong></span> <span class='ocrx_word' id='word_1_784' title='bbox 1305 2497 1372 2520; x_wconf 90' lang='lat' dir='ltr'><strong>sunt</strong></span> <span class='ocrx_word' id='word_1_785' title='bbox 1389 2494 1552 2520; x_wconf 86' lang='lat' dir='ltr'><strong>ordinandi.</strong></span> 
     </span>
    </p>
   </div>
   <div class='ocr_carea' id='block_1_140' title="bbox 1098 2527 1869 2564">
    <p class='ocr_par' dir='ltr' id='par_1_140' title="bbox 1098 2527 1869 2564">
     <span class='ocr_line' id='line_1_153' title="bbox 1098 2527 1869 2564; baseline -0.008 -7"><span class='ocrx_word' id='word_1_786' title='bbox 1098 2531 1141 2557; x_wconf 78' lang='lat'><strong>32.</strong></span> <span class='ocrx_word' id='word_1_787' title='bbox 1159 2534 1238 2563; x_wconf 70' lang='lat' dir='ltr'><strong>Quos</strong></span> <span class='ocrx_word' id='word_1_788' title='bbox 1255 2531 1374 2556; x_wconf 71' lang='lat' dir='ltr'><strong>ordines</strong></span> <span class='ocrx_word' id='word_1_789' title='bbox 1390 2530 1564 2564; x_wconf 64' lang='lat' dir='ltr'><strong>pii-nitentes</strong></span> <span class='ocrx_word' id='word_1_790' title='bbox 1580 2529 1695 2563; x_wconf 87' lang='lat' dir='ltr'><strong>possint</strong></span> <span class='ocrx_word' id='word_1_791' title='bbox 1715 2527 1869 2564; x_wconf 44' lang='lat' dir='ltr'><strong>accipere.</strong></span> 
     </span>
    </p>
   </div>
   <div class='ocr_carea' id='block_1_141' title="bbox 1098 2563 1954 2601">
    <p class='ocr_par' dir='ltr' id='par_1_141' title="bbox 1098 2563 1954 2601">
     <span class='ocr_line' id='line_1_154' title="bbox 1098 2563 1954 2601; baseline -0.007 -9"><span class='ocrx_word' id='word_1_792' title='bbox 1098 2567 1142 2593; x_wconf 77' lang='lat'><strong>33.</strong></span> <span class='ocrx_word' id='word_1_793' title='bbox 1163 2567 1197 2593; x_wconf 81' lang='lat' dir='ltr'><strong>Ut</strong></span> <span class='ocrx_word' id='word_1_794' title='bbox 1214 2568 1261 2601; x_wconf 82' lang='lat' dir='ltr'><strong>qui</strong></span> <span class='ocrx_word' id='word_1_795' title='bbox 1280 2563 1439 2591; x_wconf 33' lang='lat' dir='ltr'><strong>invitus&#39;ad</strong></span> <span class='ocrx_word' id='word_1_796' title='bbox 1456 2565 1656 2598; x_wconf 73' lang='lat' dir='ltr'><strong>pmnitentiam</strong></span> <span class='ocrx_word' id='word_1_797' title='bbox 1676 2565 1703 2590; x_wconf 89' lang='lat' dir='ltr'><strong>in</strong></span> <span class='ocrx_word' id='word_1_798' title='bbox 1721 2563 1910 2589; x_wconf 77' lang='lat' dir='ltr'><strong>monasterium</strong></span> <span class='ocrx_word' id='word_1_799' title='bbox 1953 2576 1954 2581; x_wconf 61' lang='grc' dir='ltr'><strong>η</strong></span> 
     </span>
    </p>
   </div>
   <div class='ocr_carea' id='block_1_142' title="bbox 1134 2601 1871 2633">
    <p class='ocr_par' dir='ltr' id='par_1_142' title="bbox 1134 2601 1871 2633">
     <span class='ocr_line' id='line_1_155' title="bbox 1134 2601 1871 2633; baseline -0.003 -6"><span class='ocrx_word' id='word_1_800' title='bbox 1134 2602 1255 2628; x_wconf 81' lang='lat' dir='ltr'><strong>mittitur</strong></span> <span class='ocrx_word' id='word_1_801' title='bbox 1267 2609 1323 2627; x_wconf 83' lang='lat' dir='ltr'><strong>non</strong></span> <span class='ocrx_word' id='word_1_802' title='bbox 1341 2601 1502 2626; x_wconf 82' lang='lat' dir='ltr'><strong>ordinetur.</strong></span> <span class='ocrx_word' id='word_1_803' title='bbox 1867 2628 1871 2633; x_wconf 87' lang='lat'><strong>_</strong></span> 
     </span>
    </p>
   </div>
   <div class='ocr_carea' id='block_1_143' title="bbox 1097 2633 1895 2670">
    <p class='ocr_par' dir='ltr' id='par_1_143' title="bbox 1097 2633 1895 2670">
     <span class='ocr_line' id='line_1_156' title="bbox 1097 2633 1895 2670; baseline -0.009 -7"><span class='ocrx_word' id='word_1_804' title='bbox 1097 2638 1141 2664; x_wconf 69' lang='grc'><em>34.</em></span> <span class='ocrx_word' id='word_1_805' title='bbox 1162 2638 1284 2670; x_wconf 70' lang='lat' dir='ltr'><strong>Propter</strong></span> <span class='ocrx_word' id='word_1_806' title='bbox 1300 2636 1450 2670; x_wconf 82' lang='lat' dir='ltr'><strong>cingulum</strong></span> <span class='ocrx_word' id='word_1_807' title='bbox 1467 2636 1577 2662; x_wconf 70' lang='lat' dir='ltr'><strong>militia:</strong></span> <span class='ocrx_word' id='word_1_808' title='bbox 1592 2643 1651 2662; x_wconf 89' lang='lat' dir='ltr'><strong>non</strong></span> <span class='ocrx_word' id='word_1_809' title='bbox 1667 2633 1817 2661; x_wconf 86' lang='lat' dir='ltr'><strong>ordinetur</strong></span> <span class='ocrx_word' id='word_1_810' title='bbox 1828 2635 1895 2666; x_wconf 78' lang='lat' dir='ltr'><strong>quis.</strong></span> 
     </span>
    </p>
   </div>
   <div class='ocr_carea' id='block_1_144' title="bbox 1097 2672 1746 2699">
    <p class='ocr_par' dir='ltr' id='par_1_144' title="bbox 1097 2672 1746 2699">
     <span class='ocr_line' id='line_1_157' title="bbox 1097 2672 1746 2699; baseline -0.005 -2"><span class='ocrx_word' id='word_1_811' title='bbox 1097 2675 1139 2698; x_wconf 69' lang='grc' dir='ltr'><strong>ῖὶῖι,</strong></span> <span class='ocrx_word' id='word_1_812' title='bbox 1158 2674 1290 2699; x_wconf 58' lang='lat' dir='ltr'><strong>(Lit-rivus</strong></span> <span class='ocrx_word' id='word_1_813' title='bbox 1309 2673 1422 2697; x_wconf 73' lang='lat' dir='ltr'><strong>viduum</strong></span> <span class='ocrx_word' id='word_1_814' title='bbox 1440 2680 1496 2697; x_wconf 81' lang='lat' dir='ltr'><strong>non</strong></span> <span class='ocrx_word' id='word_1_815' title='bbox 1514 2672 1599 2697; x_wconf 76' lang='lat' dir='ltr'><strong>ducat</strong></span> <span class='ocrx_word' id='word_1_816' title='bbox 1616 2677 1746 2696; x_wconf 75' lang='lat' dir='ltr'><strong>uxorem.</strong></span> 
     </span>
    </p>
   </div>
   <div class='ocr_carea' id='block_1_145' title="bbox 1096 2701 1908 2742">
    <p class='ocr_par' dir='ltr' id='par_1_145' title="bbox 1096 2701 1908 2742">
     <span class='ocr_line' id='line_1_158' title="bbox 1096 2701 1908 2742; baseline -0.007 -9"><span class='ocrx_word' id='word_1_817' title='bbox 1096 2709 1139 2735; x_wconf 60' lang='lat' dir='ltr'><strong>liti.</strong></span> <span class='ocrx_word' id='word_1_818' title='bbox 1161 2709 1193 2735; x_wconf 65' lang='grc' dir='ltr'><strong>ῑζι</strong></span> <span class='ocrx_word' id='word_1_819' title='bbox 1218 2709 1393 2742; x_wconf 56' lang='grc' dir='ltr'><strong>ιηι-ιλίιρηιος</strong></span> <span class='ocrx_word' id='word_1_820' title='bbox 1415 2707 1459 2733; x_wconf 72' lang='lat' dir='ltr'><strong>Vol</strong></span> <span class='ocrx_word' id='word_1_821' title='bbox 1483 2707 1580 2741; x_wconf 80' lang='lat' dir='ltr'><strong>aliqua</strong></span> <span class='ocrx_word' id='word_1_822' title='bbox 1607 2706 1802 2733; x_wconf 88' lang='lat' dir='ltr'><strong>membrorum</strong></span> <span class='ocrx_word' id='word_1_823' title='bbox 1822 2701 1908 2727; x_wconf 63' lang='lat' dir='ltr'><strong>dum!“l</strong></span> 
     </span>
    </p>
   </div>
   <div class='ocr_carea' id='block_1_146' title="bbox 1132 2744 1901 2778">
    <p class='ocr_par' dir='ltr' id='par_1_146' title="bbox 1132 2744 1901 2778">
     <span class='ocr_line' id='line_1_159' title="bbox 1132 2744 1901 2778; baseline -0.003 -8"><span class='ocrx_word' id='word_1_824' title='bbox 1132 2744 1269 2778; x_wconf 74' lang='lat' dir='ltr'><strong>perpessi</strong></span> <span class='ocrx_word' id='word_1_825' title='bbox 1286 2752 1342 2769; x_wconf 87' lang='lat' dir='ltr'><strong>non</strong></span> <span class='ocrx_word' id='word_1_826' title='bbox 1361 2745 1596 2776; x_wconf 78' lang='lat' dir='ltr'><strong>promoveantur.</strong></span> <span class='ocrx_word' id='word_1_827' title='bbox 1781 2775 1786 2778; x_wconf 86' lang='lat'>_</span> <span class='ocrx_word' id='word_1_828' title='bbox 1854 2766 1901 2778; x_wconf 38' lang='lat' dir='ltr'><strong>ML,</strong></span> 
     </span>
    </p>
   </div>
   <div class='ocr_carea' id='block_1_147' title="bbox 1096 2766 1949 2813">
    <p class='ocr_par' dir='ltr' id='par_1_147' title="bbox 1096 2766 1949 2813">
     <span class='ocr_line' id='line_1_160' title="bbox 1096 2766 1949 2813; baseline -0.009 -7"><span class='ocrx_word' id='word_1_829' title='bbox 1096 2766 1652 2813; x_wconf 42' lang='lat' dir='ltr'><strong>militiaideinde};Ebi-pﬁié&#39;post</strong></span> <span class='ocrx_word' id='word_1_830' title='bbox 1668 2775 1836 2808; x_wconf 87' lang='lat' dir='ltr'><strong>susceptum</strong></span> <span class='ocrx_word' id='word_1_831' title='bbox 1849 2766 1910 2796; x_wconf 88' lang='lat' dir='ltr'><strong>ordi-</strong></span> <span class='ocrx_word' id='word_1_832' title='bbox 1948 2800 1949 2810; x_wconf 29' lang='grc' dir='ltr'><strong>η</strong></span> 
     </span>
    </p>
   </div>
   <div class='ocr_carea' id='block_1_148' title="bbox 1131 2814 1450 2848">
    <p class='ocr_par' dir='ltr' id='par_1_148' title="bbox 1131 2814 1450 2848">
     <span class='ocr_line' id='line_1_161' title="bbox 1131 2814 1450 2848; baseline -0.009 -6"><span class='ocrx_word' id='word_1_833' title='bbox 1131 2823 1197 2842; x_wconf 88' lang='lat' dir='ltr'><strong>nem</strong></span> <span class='ocrx_word' id='word_1_834' title='bbox 1210 2823 1267 2842; x_wconf 92' lang='lat' dir='ltr'><strong>non</strong></span> <span class='ocrx_word' id='word_1_835' title='bbox 1285 2814 1450 2848; x_wconf 76' lang='lat' dir='ltr'><strong>nbjicintur.</strong></span> 
     </span>
    </p>
   </div>
   <div class='ocr_carea' id='block_1_149' title="bbox 1096 2844 1908 2882">
    <p class='ocr_par' dir='ltr' id='par_1_149' title="bbox 1096 2844 1908 2882">
     <span class='ocr_line' id='line_1_162' title="bbox 1096 2844 1908 2882; baseline -0.015 -4"><span class='ocrx_word' id='word_1_836' title='bbox 1096 2850 1139 2878; x_wconf 85' lang='lat'><strong>38.</strong></span> <span class='ocrx_word' id='word_1_837' title='bbox 1157 2851 1230 2882; x_wconf 90' lang='lat' dir='ltr'><strong>Quid</strong></span> <span class='ocrx_word' id='word_1_838' title='bbox 1247 2851 1295 2877; x_wconf 83' lang='lat' dir='ltr'><strong>fiat</strong></span> <span class='ocrx_word' id='word_1_839' title='bbox 1310 2844 1345 2877; x_wconf 79' lang='lat' dir='ltr'><strong>de</strong></span> <span class='ocrx_word' id='word_1_840' title='bbox 1362 2849 1515 2876; x_wconf 85' lang='lat' dir='ltr'><strong>sacerdote</strong></span> <span class='ocrx_word' id='word_1_841' title='bbox 1532 2849 1673 2876; x_wconf 86' lang='lat' dir='ltr'><strong>redeunte</strong></span> <span class='ocrx_word' id='word_1_842' title='bbox 1688 2846 1724 2874; x_wconf 81' lang='lat' dir='ltr'><strong>ad</strong></span> <span class='ocrx_word' id='word_1_843' title='bbox 1734 2845 1837 2873; x_wconf 82' lang='lat' dir='ltr'><strong>lectum</strong></span> <span class='ocrx_word' id='word_1_844' title='bbox 1849 2844 1908 2867; x_wconf 81' lang='lat' dir='ltr'><strong>uxo-</strong></span> 
     </span>
    </p>
   </div>
   <div class='ocr_carea' id='block_1_150' title="bbox 1132 2887 1182 2913">
    <p class='ocr_par' dir='ltr' id='par_1_150' title="bbox 1132 2887 1182 2913">
     <span class='ocr_line' id='line_1_163' title="bbox 1132 2887 1182 2913; baseline 0 0"><span class='ocrx_word' id='word_1_845' title='bbox 1132 2887 1182 2913; x_wconf 85' lang='lat' dir='ltr'><strong>ris.</strong></span> 
     </span>
    </p>
   </div>
  </div>
