3948 6168
401 179 518 243 563
1143 176 1258 236 AD
1305 175 1492 236 OPP.
1539 173 1598 235 S.
1651 170 2030 234 ANSELMI
2087 171 2492 238 LUCENSIS
2534 172 3084 237 APPENDICES.
3673 176 3761 240 564

405 382 493 436 57.
529 384 612 438 De
644 380 935 436 monacho
958 379 1056 450 qui
1088 393 1305 450 servus
1341 380 1618 450 receptus
1649 379 1762 429 est.
1910 447 1916 450 7
1968 446 1976 450 _
2108 356 2162 420 Α
2197 374 2281 450 it).
2314 373 2478 450 Quod
2512 391 2630 450 non
2662 377 2740 431 sit
2771 374 2941 450 facile
2977 375 3352 450 credendum.

407 453 495 508 58.
531 455 615 507 De
666 453 794 505 viro
826 467 943 504 non
976 445 1312 519 recipiendo
1347 448 1464 501 nisi
1484 445 1646 500 uxor
1677 446 2081 499 convertatur.
2196 446 2283 519 11.
2313 446 2402 519 pe
2433 462 2501 500 eo
2535 448 2632 516 qui
2665 463 2782 502 non
2813 445 3115 516 probanda
3146 445 3365 500 detulit.

406 523 497 578 59.
531 525 674 588 Quae
707 523 824 576 sint
855 521 1082 574 deliciae
1102 515 1560 573 ’monachorum.
2198 515 2284 588 12.
2313 516 2386 588 Ut
2418 515 2702 586 apostatae
2732 515 2849 572 non
2878 519 3179 570 accusent.

407 595 498 648 60.
537 585 617 648 De
649 591 958 647 monachis
989 591 1259 643 infirmis.
2197 586 2282 640 13.
2319 587 2393 640 Ut
2424 589 2522 658 qui
2555 604 2743 657 nuper
2771 587 2990 642 inimici
3025 588 3258 641 fuerunt
3289 585 3639 656 abjiciantur.

409 667 498 720 6i.
532 665 700 729 Quod
732 665 919 716 laicus
948 661 1082 730 plus
1117 660 1404 714 monacho
1438 658 1668 713 habeat.
1949 726 1962 730 _
2197 658 2282 730 11.
2319 659 2396 711 Ut
2425 659 2575 730 viles
2607 676 2721 712 non
2753 662 3054 712 accusent.

412 737 505 789 6‘2.
539 726 620 789 De
679 735 775 788 his
830 726 964 801 qui'
989 735 1372 785 tonsurantur
1421 731 1550 783 sine
1609 743 1814 782 eorum
1870 726 2082 779 volun-
2316 729 2572 808 Ut7nihil
2604 730 2702 784 fiat
2735 733 2934 808 contra
2964 727 3284 808 quemlibet
3315 733 3654 808 accusatum.

487 809 622 859 tate.
848 798 864 801 ’
1808 868 1821 870 _
2199 798 2285 853 16.
2316 799 2648 869 Episcopos
2676 801 2844 870 prius
2867 798 3228 853 familiariter
3245 798 3660 854 conveniendos
3687 812 3796 851 esse

419 879 506 928 ita.
546 881 624 928 Ue
658 878 749 928 his
785 874 902 942 qui,
940 872 1184 925 dimissa
1219 877 1484 935 tousura,
1519 885 1761 942 uxorem
1793 868 2015 922 ducunt
2208 886 2440 942 7_quam
2472 868 2863 942 accusandos.

419 947 505 1000 6i.
537 948 610 998 [It
644 937 906 997 monachi
944 946 998 996 in
1026 944 1279 996 ecclesia
1312 958 1426 995 non
1463 941 1807 1010 praedicent.
2198 937 2395 1010 i75Ut
2428 941 2684 995 inimicis
2717 939 3104 995 familiaribus
3137 956 3254 994 non
3290 939 3574 994 credatur.

421 1021 506 1071 6.3.
549 1020 626 1070 lle
663 1015 944 1068 “mum-hu
980 1031 1094 1068 non
1129 1009 1583 1066 exhaeredando.
1811 1081 1842 1082 77
2198 1009 2284 1064 18.
2320 1011 2396 1065 Ut
2436 1013 2675 1082 propria
2718 1027 2865 1066 voce
2905 1014 2961 1066 et
3007 1014 3301 1081 praesente
3349 1013 3612 1064 accusato
3656 1025 3798 1062 accu-

419 1089 506 1141 66.
545 1090 623 1141 De
657 1086 983 1139 substantia
1005 1085 1273 1138 monachi
1297 1082 1719 1137 monasterium
1743 1081 2084 1150 relinquen-
2268 1083 2416 1136 satio
2442 1081 2564 1137 fiat.

497 1161 588 1210 tis.
2199 1151 2285 1207 19.
2323 1153 2396 1207 Ut
2442 1154 2726 1224 primates
2757 1152 3055 1208 notificent
3096 1153 3396 1207 accusatis
3443 1151 3589 1222 quod
3617 1152 3692 1206 eis
3717 1165 3799 1218 op-

424 1230 510 1282 6'l.
546 1230 619 1281 luit
650 1229 969 1295 cpiscopus
1002 1242 1117 1280 non
1149 1228 1323 1296 cogat
1351 1225 1620 1279 abbatem
1653 1223 1760 1275 ire.
2209 1223 2525 1296 “ponitur.

423 1300 509 1371 68.
548 1301 627 1352 De
658 1290 830 1352 novis
859 1290 1084 1371 cellis._
1175 1368 1185 1371 _
1228 1290 1255 1296 ⁷
1538 1368 1545 1371 _
1626 1365 1658 1371 __
2038 1360 2049 1371 .
2319 1295 2484 1371 Quod
2517 1309 2633 1371 non
2660 1294 2779 1371 sint
2807 1295 3072 1371 accusati
3103 1294 3448 1364 recipiendi.

424 1369 512 1424 69.
540 1371 613 1424 Ut
644 1385 798 1422 unus
837 1369 1022 1422 abbas
1054 1368 1287 1421 duobus
1319 1365 1696 1419 monasteriis
1728 1377 1842 1416 non
1875 1363 2087 1432 praesi-
2197 1363 2286 1436 21.
2322 1365 2406 1436 De
2433 1365 2772 1436 judicandis
2804 1365 3124 1436 episcopis.

495 1441 646 1495 deat.
1676 1503 1685 1506 _
2198 1433 2286 1489 22.
2321 1435 2409 1488 Ne
2438 1433 2627 1490 'alicui
2660 1433 3180 1490 liceat—convolare
3209 1436 3283 1489 ad
3325 1435 3470 1489 alias
3515 1433 3802 1506 provincias

424 1512 513 1583 7(7).
545 1510 692 1576 Quid
724 1509 936 1583 habeat
968 1509 1243 1583 fundator
1283 1508 1340 1560 in
1369 1503 1728 1583 monasterio
1760 1518 1914 1583 suos
2000 1572 2010 1583 _
2199 1506 2779 1583 “sinepraejudicio
2823 1507 2908 1560 rei
2938 1507 3231 1583 ecclesiae.

425 1582 514 1636 "lt.
551 1574 634 1635 De
692 1581 1002 1634 traditione
1051 1579 1144 1633 vel
1196 1579 1646 1633 commutatione
1689 1574 2087 1628 monasterio-
2197 1574 2287 1630 23.
2319 1574 2577 1641 Qui'sint
2601 1577 2673 1629 ab
2713 1579 3090 1632 accusatione
3127 1576 3538 1632 submovendi.

495 1669 648 1706 rum.
2198 1645 2287 1701 24.
2318 1647 2428 1711 Qui
2461 1648 2580 1701 sint
2613 1647 2886 1702 infames.

427 1721 516 1777 '72.
551 1725 633 1776 De
665 1721 1050 1775 translatione
1083 1721 1591 1773 monasteriorum.
1717 1787 1729 1788 7
2122 1723 2168 1783 υ
2198 1717 2288 1788 257.
2321 1719 2399 1773 Ut
2428 1733 2545 1772 non
2576 1723 2816 1772 accuset
2845 1718 2966 1772 nisi
2995 1721 3315 1773 accusatus
3347 1720 3642 1788 expurget.

428 1794 518 1848 '73.
556 1794 635 1846 De
668 1792 967 1860 incognito
1011 1807 1114 1858 per
1143 1790 1443 1843 biennium
1472 1787 1794 1860 probando.
2008 1859 2020 1860 7
2201 1787 2289 1860 26.
2325 1789 2400 1860 Ut
2431 1805 2602 1843 nemo
2625 1805 2730 1859 per
2756 1789 3040 1858 scriptum
3073 1793 3336 1844 accuset.

431 1865 520 1931 7,4.
553 1863 718 1927 Quod
741 1857 926 1914 abbas
952 1857 1059 1930 pro
1091 1861 1413 1915 humilitate
1442 1857 1744 1930 pii-Oprium
1768 1859 1962 1912 locum
1992 1859 2089 1911 de-
2199 1859 2290 1914 27.
2321 1857 2544 1923 Quator
2572 1857 2861 1928 personas
2884 1857 3270 1915 necessarias
3301 1875 3441 1915 esse
3469 1857 3683 1930 etquod
3709 1857 3807 1910 sin-

503 1948 708 1987 serere
740 1935 952 1999 potest.
1049 2002 1056 2003 7
1479 1955 1490 1965 -
1636 2000 1669 2003 __
1815 2000 1826 2003 7
2272 1931 2429 2003 gulae
2465 1931 2700 1985 faciant.

426 2005 515 2058 ’75.
551 2004 836 2056 Abbatem
862 2003 932 2054 ab
969 2002 1250 2072 episc0po
1283 2016 1400 2054 non
1428 2015 1568 2054 esse
1599 2000 1956 2072 eligendum.
2202 2000 2301 2056 28:
2325 2001 2402 2056 Ut
2433 2016 2648 2055 servus
2679 2006 2778 2056 aut
2807 2001 3058 2055 libertus
3088 2016 3206 2055 non
3237 2003 3500 2072 accuset.

427 2075 515 2129 '76.
551 2075 634 2128 De
680 2074 888 2126 abbate
921 2069 1022 2142 qui
1059 2089 1162 2141 per
1180 2069 1562 2141 cupiditatem
1595 2069 1915 2140 quemlibet
1957 2073 2092 2125 ton-
2199 2072 2288 2129 29.
2322 2072 2406 2126 De
2437 2077 2675 2142 pastore
2722 2089 2837 2126 non
2886 2072 3401 2141 reprehendendo,
3449 2070 3560 2124 nisi
3592 2071 3742 2135 erret,
3768 2069 3810 2119 et

498 2145 600 2198 dit.
1325 2212 1331 2214 _
1821 2213 1827 2214 7
2248 2147 2343 2214 7ut7
2362 2143 2650 2214 expulsus
2682 2143 3025 2196 restituatur
3046 2143 3397 2214 priusquam
3427 2144 3729 2214 accusetur.

427 2217 516 2271 "i7.
551 2215 789 2268 Nullum
819 2215 1064 2267 invitum
1085 2212 1533 2283 praeterjustam
1557 2227 1795 2265 causam
1816 2213 1873 2266 in
1892 2228 2091 2267 mona-
2201 2213 2290 2269 30.
2326 2213 2402 2268 Ut
2431 2210 2814 2267 accusatores
2854 2210 3195 2283 episcopum
3226 2210 3380 2268 tales
3412 2214 3527 2266 sint
3564 2211 3629 2265 ad
3655 2210 3809 2263 minus

497 2287 745 2340 sterium
777 2287 1164 2338 retinendum.
1335 2354 1338 2355 7
2273 2284 2429 2355 quod
2451 2284 2700 2353 provehi
2731 2285 2963 2354 possint
2991 2285 3062 2337 ad
3087 2285 3509 2339 sacerdotium.

424 2357 513 2413 78.
549 2357 635 2410 Ad
672 2357 988 2425 episcopos
1025 2354 1379 2408 monasteria
1411 2354 1754 2424 pertineant.
2203 2352 3133 2410 8L—Accusatores'sacerdotum
3183 2356 3334 2409 tales
3379 2352 3710 2424 sint-quales
3734 2364 3809 2402 sa-

425 2429 515 2481 79.
553 2429 633 2480 De
663 2427 998 2480 venditione
1032 2426 1262 2479 abbatis
1310 2425 1383 2479 ab
1424 2425 1706 2494 episcopo
1739 2425 2088 2478 revocanda.
2278 2426 2549 2496 cerdotes
2578 2425 2718 2496 eligi
2751 2425 2984 2479 debent.

427 2498 516 2553 80.
551 2498 628 2552 Ut
658 2498 927 2551 monachi
955 2513 1069 2550 non
1100 2497 1525 2566 prohibeantur
1556 2499 1820 2549 mortuos
1838 2495 2095 2565 sepelire
2201 2496 2290 2552 32.
2327 2497 2400 2551 Ut
2433 2494 2690 2566 majores
2721 2512 2836 2550 non
2869 2495 3318 2568 dedignentura
3354 2494 3812 2550 minoribusaccu-

499 2569 595 2621 vel
631 2571 848 2620 missas
883 2568 1097 2621 facere.
2274 2568 2415 2622 sari.

428 2639 520 2708 817.
554 2640 638 2692 De
669 2639 1033 2708 virginibus.
1187 2707 1196 2708 7
1291 2706 1297 2708 7
2202 2639 2290 2694 33.
2325 2639 2408 2690 De
2439 2636 2695 2691 induciis
2726 2641 3162 2708 accusatorum.

427 2707 517 2781 82.
553 2708 630 2781 Ut
658 2708 730 2761 de
753 2701 1408 2781 Jyuvenculaabbatissa
1443 2723 1559 2762 non
1593 2708 1688 2781 sit.
1790 2777 1799 2781 7
2202 2709 2298 2781 34.7
2325 2708 2457 2763 Non
2531 2722 2671 2762 esse
2739 2707 3139 2762 accusandum
3195 2710 3454 2781 aliquem
3519 2709 3580 2759 ut
3647 2701 3812 2756 melior

429 2779 518 2850 83.
552 2779 634 2833 De
659 2779 851 2832 sacris
884 2778 1222 2850 virginibus
1253 2777 1468 2831 indicta
1500 2777 1877 2850 prcnitcntia.7
1926 2849 1931 2850 7
2274 2780 2392 2850 ﬁat.

429 2849 517 2905 84.
551 2850 692 2912 Quae
724 2851 956 2902 vivente
989 2847 1116 2902 viro
1139 2848 1304 2902 alteri
1327 2850 1594 2918 nupserit
1625 2850 1675 2903 ei
1700 2865 1813 2902 non
1848 2847 2096 2903 debetur
2202 2850 2290 2905 35.
2323 2849 2538 2914 Quales
2569 2849 2820 2902 debeant
2850 2863 2990 2903 esse
3019 2848 3312 2906 advocati.

499 2921 838 2992 poenitentia
862 2919 977 2992 nisi
1011 2921 1158 2973 alter
1187 2935 1390 2992 eorum
1416 2917 1723 2992 moriatur.
1795 2989 1803 2992 7
2202 2922 2290 2976 36.
2322 2921 2512 2986 Quare
2583 2921 2721 2974 licet
2795 2920 3074 2974 recedere
3152 2925 3287 2976 ante
3373 2923 3545 2975 latam
3621 2917 3810 2970 senten-

429 2989 518 3046 85.
555 2992 637 3046 De
667 2991 1001 3062 virginibus
1035 3006 1151 3044 non
1183 2991 1392 3044 velatis
1424 2991 1475 3062 si
1509 2989 1896 3045 deviaverint.
2277 2993 2434 3046 tiam.

429 3064 516 3136 86.
551 3063 635 3136 pe
666 3061 1001 3136 virginibus
1035 3078 1150 3136 non
1183 3061 1563 3136 servantibus
1595 3062 1984 3132 propositum.
2125 3076 2177 3136 ο
2202 3062 2291 3136 37.
2328 3063 2418 3136 De
2443 3061 2672 3136 difﬁcili
2703 3061 3102 3116 accusatione.

429 3134 517 3188 87.
551 3134 634 3188 De
664 3133 878 3203 puellis
907 3133 1158 3200 devotis,
1197 3134 1250 3187 si
1281 3133 1590 3202 nupseriut
1617 3138 1842 3203 postea.
2146 3133 2170 3136 “
2203 3134 2292 3191 38.
2326 3135 2409 3188 De
2443 3133 2536 3186 his
2568 3133 2668 3203 qui
2700 3147 2816 3203 non
2845 3137 3098 3202 possunt
3128 3148 3440 3189 accusare.

428 3207 517 3262 88.
555 3206 637 3259 De
666 3202 1052 3270 Consecratis,
1087 3204 1140 3258 si
1171 3205 1499 3274 nupseriut.
1621 3202 1630 3203 “
2203 3204 2292 3260 39.
2322 3207 2404 3259 De
2435 3220 2554 3258 non
2581 3202 2961 3257 admittendis
2990 3204 3063 3258 ad
3094 3206 3556 3260 accusationem.

430 3278 520 3401 89i
550 3277 631 3358 De
657 3277 997 3401 tvirginibus
1031 3276 1223 3329 sacris
1255 3291 1388 3346 quae
1430 3274 1550 3329 vim
1593 3275 1971 3330 barbaricam
2001 3280 2096 3331 tu-
2203 3275 2531 3400 4O.dUt7itqtui
2557 3275 2813 3399 primum
2846 3289 2964 3328 non
2994 3277 3379 3345 probaverint
3408 3276 3480 3330 ad
3513 3275 3702 3328 ctetera
3727 3282 3814 3323 non

525 3363 650 3401 erm
681 3388 694 3401 .
2275 3363 2306 3400 a
2354 3363 2428 3400 mi
2481 3362 2550 3400 an
2582 3361 2670 3399 ur.

525 3348 694 3401 erint.
2275 3347 2670 3400 admittantur.

431 3417 521 3474 90.
556 3419 639 3472 De
670 3417 1008 3484 raptoribus
1037 3416 1356 3487 virginum.
2201 3418 2292 3472 41.
2320 3419 2402 3471 De
2435 3417 2689 3471 testibus
2721 3429 2837 3487 non
2867 3415 3263 3472 admittendis.

431 3487 520 3560 9i.
558 3489 632 3560 Ut
663 3488 856 3560 viduae
888 3491 1085 3560 votum
1118 3485 1403 3542 habentes
1435 3501 1551 3540 non
1583 3487 1824 3542 nubant.
1944 3559 1977 3560 77
2203 3487 2292 3545 42.
2323 3487 2488 3554 Quod
2539 3485 2754 3558 pagani
2795 3491 2852 3540 et
2895 3487 3157 3543 haeretici
3207 3503 3324 3543 non
3391 3489 3632 3560 possunt
3680 3495 3816 3536 accu-

432 3557 521 3613 92.
557 3558 633 3612 Ut
691 3557 1029 3612 diaconissa
1099 3560 1230 3611 ante
1296 3573 1486 3611 annos
1544 3576 1620 3612 XL
1673 3575 1788 3613 non
1855 3559 2094 3614 ordine-
2277 3574 2430 3614 sare.

505 3632 620 3683 ίαν·
912 3699 917 3700 γ
995 3698 1002 3700 Α
1248 3699 1258 3700 κ
1310 3699 1313 3700 ν
1512 3699 1515 3700 ν
2201 3629 2292 3686 43.
2327 3631 2402 3684 Ut
2433 3629 2838 3700 clericusnon
2857 3629 3122 3684 tradatur
3150 3631 3222 3685 ad
3263 3631 3556 3686 smculare
3580 3623 3815 3700 judicium

432 3700 522 3756 93.
558 3701 653 3772 De
691 3698 1122 3769 proscriptione
1172 3699 1265 3753 vel
1305 3699 1639 3771 integritate
1669 3700 1932 3756 locorum
1964 3717 2097 3755 ser-
2277 3700 2330 3755 si
2361 3716 2476 3772 non
2499 3715 2605 3769 per
2634 3699 2884 3772 missum
2916 3701 3201 3772 episcOpi.

505 3771 718 3825 vanda.
1443 3770 1452 3771 ί
2205 3772 2293 3826 44.
2327 3772 2414 3826 Ne
2450 3771 2637 3825 laicus
2667 3770 3011 3827 criminetur
3041 3770 3342 3827 clericum.

433 3843 522 3896 94.
557 3842 642 3896 De
672 3840 1120 3912 prescriptione
1153 3841 1430 3895 Romanae
1453 3839 1760 3898 Ecclesia).
2207 3843 2294 3898 45.
2331 3843 2414 3896 De
2445 3839 2755 3896 calumnia.

433 3914 524 3968 95.
559 3913 642 3966 De
672 3905 943 3967 terminis
976 3927 1090 3966 non
1123 3913 1570 3967 transferendis.
2203 3913 2294 3972 46.
2325 3913 2408 3968 De
2431 3916 2666 3982 pastore
2697 3929 2814 3969 non
2846 3914 3180 3969 accusando
3201 3931 3235 3967 a
3266 3915 3524 3970 subditis
3545 3905 3814 3968 nisiiniide

434 3983 524 4039 96.
557 3983 800 4047 Quando
832 3985 1020 4038 valeat
1051 3983 1354 4037 triennalis
1385 3983 1718 4053 possessio.
2277 3985 2586 4040 erraverit.

433 4055 522 4110 97.
560 4055 634 4108 Ut
663 4055 944 4109 dioecesis
993 4070 1126 4126 quae
1175 4056 1519 4126 episcopum
1559 4071 1673 4109 non
1726 4054 1928 4110 habuit
1978 4071 2096 4111 non
2205 4055 2293 4111 4⁸7.
2326 4055 2587 4119 Qualiter
2619 4057 2939 4126 episcopus
2975 4056 3263 4111 audiatur.

506 4127 738 4206 habeat,
767 4131 827 4206 _et
857 4142 990 4206 quae
1025 4125 1338 4206 aliquando
1370 4126 1572 4180 habuit
1602 4126 1833 4206 habeat_
2327 4126 2494 4206 Quod
2525 4126 2624 4180 ﬂat
2653 4142 2786 4181 cum
2816 4125 3002 4206 testes
3035 4127 3270 4206 desunt.
3528 4197 3561 4206 7_
3637 4194 3652 4206 7
3720 4190 3748 4206 ν

433 4195 520 4252 98.
556 4198 664 4321 Der
688 4192 988 4323 episcopis
1037 4192 1141 4266 qui
1187 4197 1335 4251 ultra
1392 4212 1502 4251 sex
1531 4213 1770 4252 menses
1819 4197 1951 4252 loca
1989 4213 2097 4252 sua
2203 4198 2292 4254 49.
2327 4197 2411 4322 De
2440 4213 2614 4268 pinna
2646 4199 3034 4270 quorumdam
3064 4199 3165 4270 qui
3193 4199 3267 4253 ab
3302 4197 3597 4253 accusatis
3623 4192 3812 4249 destite-

507 4285 836 4323 neaiaun.
2275 4284 2429 4323 run.

507 4284 836 4324 ιιθριιαιωῑ.
2275 4284 2429 4324 runt.

433 4285 1021 4404 99flegubgdunc‘lei'icis
1056 4354 1171 4392 non
1222 4339 1375 4393 valet
1411 4338 1780 4411 praescriptio
1830 4355 2006 4411 quam
2039 4339 2100 4394 in
2203 4287 2294 4411 5οῗ
2309 4285 2429 4394 “1:11;.
2448 4339 2704 4394 clericus
2733 4339 2888 4411 apud
2917 4339 3234 4409 praasidem
3263 4342 3596 4395 accusetur.

509 4411 692 4496 rebus
724 4427 829 4481 per
857 4411 1346 4496 renuntiationern
1375 4410 1760 4496 habuerunt.”
1952 4481 1963 4492 7
2050 4480 2060 4492 7
2114 4430 2172 4496 ι)
2327 4409 2957 4496 Manifestumcrimen
2987 4426 3167 4484 egere
3197 4416 3566 4466 accusatore.

437 4482 557 4537 100.
593 4481 684 4534 Ex
722 4480 838 4553 quo
887 4481 980 4535 die
1029 4481 1382 4552 computatio
1431 4480 1899 4551 praescriptionis
1948 4480 2168 4537 inci-"
2203 4483 2292 4538 52.
2326 4481 2410 4536 De
2439 4481 2808 4551 exspoliatis.

506 4553 646 4609 piat.
2203 4553 2291 4609 53.
2325 4553 2408 4608 De
2438 4553 2728 4609 expulsis.

506 4553 646 4626 piat:
754 4622 767 4626 _
854 4620 860 4626 _
1059 4621 1073 4626 _
1861 4623 1889 4626 77
2028 4623 2042 4626 Α
2203 4553 2291 4609 53.
2325 4553 2408 4608 De
2438 4553 2728 4624 expulsis.

437 4621 588 4750 102ait
605 4622 772 4690 Quod
821 4621 938 4678 non
983 4621 1137 4678 valet
1188 4639 1351 4677 mora
1411 4638 1586 4694 quam
1635 4623 1967 4678 necessitas
2017 4623 2101 4678 fa-
2655 4658 2750 4713 VL
2782 4657 2872 4715 De
2893 4658 3152 4732 iudiciis
3182 4658 3577 4732 a‘judicibus7

437 4766 579 4846 102:_
613 4767 689 4824 Ut
733 4767 1052 4838 episcopus
1099 4765 1157 4819 in
1207 4764 1446 4836 propria
1491 4764 1771 4821 cathedra
1817 4765 2103 4822 assiduus
2291 4766 2376 4846 Qa
2405 4764 2824 4846 praecipitapda
2855 4766 3165 4846 sententia.

508 4839 603 4895 sit.
769 4836 787 4838 “
2208 4837 2262 4892 2.
2296 4837 2378 4892 De
2407 4836 2836 4892 examinatione
2874 4840 3224 4906 temporum.

880 4944 1008 5000 LIB.
1043 4943 1117 4998 V1
1150 4943 1238 4998 De
1268 4943 1658 4999 accusatione.
2295 4910 2439 5044 8:01:

2208 4907 2264 4964 3.
2297 4910 2380 4963 De
2408 4923 2653 4962 numero
2673 4909 2730 4962 et
2749 4905 3025 4978 qualitate
3046 4905 3336 4980 judicum.

2208 4979 2263 5034 4.
2295 4979 2460 5044 Quod
2488 4978 2568 5032 sit
2597 4981 2755 5032 certa
2785 4979 3107 5048 provincia.

440 5055 488 5109 1.
545 5051 620 5107 Ut
667 5052 958 5107 adversus
1003 5051 1344 5107 sacerdotes
1387 5065 1506 5105 vox
1564 5051 1777 5107 mortui
1827 5065 1944 5107 non
1998 5068 2102 5108 au-
2208 5052 2262 5106 6.
2295 5043 2510 5105 Nullus
2542 5043 2862 5119 episcopus
2883 5049 3119 5103 invadat
3147 5048 3396 5119 alienam
3429 5043 3710 5101 dmcesim.

507 5124 722 5178 diatur.
2206 5122 2262 5177 6.
2294 5121 2372 5176 Ut
2400 5136 2518 5175 non
2549 5119 2701 5191 idem
2725 5118 2804 5174 sit
2833 5123 3216 5175 accusatores
3247 5118 3567 5191 etjudices.

438 5197 490 5250 2.
524 5195 601 5248 Ut
633 5193 972 5248 criminosis
1000 5209 1118 5249 non
1147 5193 1438 5248 credatur.
2207 5193 2261 5248 Ἷ.
2296 5193 2379 5247 De
2411 5191 2588 5246 stulta
2610 5190 2977 5245 difﬁnitione.

437 5265 490 5321 3.
526 5265 602 5319 Ut
633 5265 930 5319 accusatio
961 5265 1227 5320 absentis
1260 5281 1374 5319 non
1407 5265 1743 5336 recipiatur.
2205 5261 2259 5336 8.
2296 5264 2371 5336 Ut
2399 5278 2570 5336 nemo
2601 5263 2822 5336 absens
2854 5261 3182 5336 judicatur.

437 5279 490 5321 ὅ.
531 5279 602 5319 Ut
633 5279 930 5319 accusatio
961 5279 1227 5320 absentis
1260 5281 1374 5319 non
1407 5279 1743 5336 reeipiatur.
2205 5279 2259 5318 δ.
2299 5279 2371 5318 Ut
2399 5279 2570 5317 nemo
2601 5279 2822 5316 absens
2861 5279 3040 5386 quam

436 5339 490 5392 4.
525 5337 816 5389 Doctores
847 5351 961 5388 non
995 5352 1132 5391 esse
1171 5336 1564 5390 accusandos.
2203 5333 2258 5390 9.
2293 5335 2370 5390 Ut
2400 5334 2550 5388 actio
2582 5333 2676 5387 die
2707 5334 2864 5386 venti
2894 5337 3040 5388 etur.

437 5410 491 5462 5.
519 5407 595 5461 Ut
615 5405 876 5459 minores
906 5407 1166 5476 majores
1197 5424 1343 5461 suos
1376 5423 1494 5462 non
1526 5413 1828 5462 accusent.
2206 5405 2293 5461 10.
2327 5407 2410 5460 De
2426 5403 2655 5475 judicio
2685 5404 3045 5476 renovando.

436 5479 491 5535 6.
527 5478 602 5533 Ut
631 5476 868 5530 infamis
908 5473 1025 5530 non
1056 5478 1422 5532 testificetur.
2206 5477 2293 5532 11.
2326 5477 2409 5531 De
2432 5473 2881 5530 contumeliosis
2912 5475 2970 5528 in
2992 5473 3277 5545 majorem
3309 5476 3524 5545 natum.
3594 5543 3600 5545 _
3723 5532 3753 5545 ν

437 5533 490 5604 ἦ.
525 5550 609 5604 De
658 5547 1042 5602 examinando
1087 5552 1432 5604 accusatore
1482 5551 1539 5604 et
1578 5549 1650 5604 de
1682 5549 1890 5604 ordine
1921 5550 2103 5605 totius
2205 5548 2292 5604 12.
2334 5549 2383 5601 Α
2413 5547 2648 5618 quantis
2693 5546 2963 5601 audiatur
3000 5533 3339 5616 episcopus,
3372 5543 3682 5614 presbyter,
3711 5533 3806 5587 dia‘

510 5636 727 5675 οειιεξθ.
2278 5635 2486 5674 conus.

437 5696 488 5749 8.
522 5693 684 5758 Quod
719 5706 836 5746 non
866 5694 1039 5746 nocet
1078 5690 1127 5741 si
1161 5690 1332 5744 fuerit
1364 5694 1590 5745 extorta
1627 5692 1950 5746 confessio.
2209 5691 2276 5746 13
2310 5691 2413 5744 .De
2465 5689 2699 5743 clericis
2741 5689 2843 5759 qui
2875 5689 3352 5744 ecclesiasticum
3369 5685 3646 5760 judicium
3673 5675 3806 5731 relin-

434 5768 488 5821 9.
523 5767 604 5821 De
635 5763 1012 5821 accusatione
1046 5761 1418 5816 clericorum.
2279 5763 2479 5832 quunt.
