4008 6172
249 215 365 278 565

814 215 1177 276 APPEND.
1216 216 1271 276 1.
1312 249 1381 263 -—
1418 214 1789 276 DISSERT.
1826 215 1936 276 DE
1966 214 2032 276 S.
2065 216 2444 278 ANSELMI
2474 218 2866 282 COLLECT.
2904 219 3073 280 CAN
3564 217 3680 282 566

247 413 333 468 14.
359 414 442 469 De
472 415 891 483 provocatione
916 418 972 469 et
1003 414 1311 485 judicibus
1342 417 1400 468 et
1442 428 1743 469 consensu
1795 414 1917 468 ele-
1947 401 1983 461 ‘1
2020 414 2109 468 45.
2152 415 2235 468 De
2257 415 2459 485 pueris
2490 415 2882 484 rebaptizatis.

322 486 456 539 ctis.
1196 524 1205 529 ρ

243 555 333 610 15.
379 556 563 627 Irrita
608 560 699 611 est
729 557 1019 610 sententia
1074 556 1339 627 episcopi
1390 556 1519 610 sine
1560 555 1913 610 clericorum

312 626 626 681 sententia.

238 698 326 769 i5.
364 699 449 752 De
478 699 760 769 episcopo
787 697 887 769 qui
906 698 1097 769 falicui
1123 698 1345 752 crimen
1376 697 1669 768 impingit.

239 767 348 893 1Ἶᾶ
366 769 443 893 Ut
472 768 729 823 clericus
752 767 826 823 ab
883 768 1155 824 Ecclesia
1191 769 1499 823 damnatus
1528 767 1647 823 non
1703 768 1911 823 defen-

354 856 384 891 a
418 855 507 893 ur.

354 855 507 893 BIUP.

240 908 450 983 18.A_De
481 909 699 983 clerico
720 914 953 983 petente
978 911 1381 983 cognitionem
1411 909 1781 980 publicorum
1808 910 1912 980 ju-

308 980 604 1035 diciorum
636 981 709 1035 ab
740 980 1116 1051 imperatore.

239 1050 329 1105 19.
377 1052 460 1105 De
487 1051 906 1134 jprisﬂactione
951 1054 1211 1106 omnium
1232 1052 1520 1124 judicum,
1554 1053 1611 1105 et
1656 1051 1728 1106 de
1782 1052 1911 1106 foro

308 1126 690 1193 competenti.

233 1192 327 1275 ῃ.
363 1193 635 1275 Utextra
675 1193 1037 1275 provinciam
1068 1210 1184 1275 non
1206 1194 1509 1275 deferatur
1528 1192 1839 1275 judicium.

232 1263 325 1336 ξε.
362 1263 592 1336 Quibus
622 1263 968 1320 auctoribus
994 1270 1260 1334 oporteat
1288 1264 1571 1336 judicari.

231 1333 325 1407 ἐξ.
360 1334 536 1407 Quod
567 1336 702 1407 licet
732 1352 899 1405 papae
932 1333 1187 1407 condere
1206 1333 1391 1390 novas
1421 1336 1608 1407 leges.

228 1404 322 1461 23.
360 1405 447 1460 De
477 1404 1105 1476 scriptis’authenticis
1127 1410 1183 1459 et
1211 1404 1588 1478 apocryphis.

564 1493 695 1548 Lm.
728 1493 849 1548 VII.
882 1494 971 1548 De
1003 1493 1229 1549 unitate
1261 1493 1574 1549 Ecclesiae.

231 1583 281 1636 1.
316 1581 407 1636 De
438 1582 724 1637 bteriticis
756 1586 815 1636 et
846 1581 1273 1637 schismaticis.

231 1653 286 1707 2.
318 1652 479 1716 Quid
509 1654 588 1707 sit
615 1653 891 1707 haeresis.

229 1724 284 1778 3.
309 1724 485 1788 Quod
532 1724 765 1778 divisus
809 1725 884 1778 ab
928 1723 1251 1793 apostolica
1300 1723 1443 1778 sede
1469 1724 1530 1777 in
1588 1722 1911 1778 schismate

226 1866 283 1921 4.
304 1799 626 1989 θῐΞῒιθίουε
654 1865 999 1937 episcopum
1029 1864 1143 1919 sub
1177 1864 1354 1934 digna
1385 1863 1654 1919 custodia
1691 1864 1909 1935 dirigat

302 1953 339 1989 a
417 1952 648 1989 uanam.

226 2006 283 2062 5.
302 1952 405 2061 agt
417 1952 801 2061 ἒῗεῗιῖἓὶιίιαιίοἰ
824 2022 932 2076 per
953 2006 1222 2076 publicas
1235 2008 1559 2075 potestates
1582 2006 1910 2075 oppriman~

227 2148 284 2204 6.
300 2083 836 2203 ι1316.εοιιίεῐιιιιῐὶθίε
867 2149 941 2203 ad
969 2149 1408 2218 correptionem
1439 2145 1748 2218 cogendis.

224 2219 281 2274 7.
314 2219 492 2284 Quod
535 2221 769 2273 nomina
799 2219 1316 2273 schismaticorum
1347 2219 1499 2273 inter
1530 2217 1726 2271 divina
1758 2232 1910 2287 mys-

298 2290 460 2344 teria
490 2306 607 2344 non
629 2292 747 2345 sint
776 2290 1097 2344 recitanda.

220 2359 278 2415 8.
310 2361 405 2443 ρο
462 2362 696 2416 clericis
752 2364 813 2415 in
870 2362 1148 2416 haeresim
1196 2360 1386 2431 lapsis
1416 2364 1472 2414 et
1504 2363 1635 2428 post
1665 2374 1914 2413 conver-

222 2503 277 2556 9.
301 2447 431 2568 εὸῖῖ
451 2518 571 2557 non
598 2503 719 2556 sint
760 2502 917 2557 inter
946 2502 1264 2556 haereticos
1295 2500 1571 2556 habendi.

224 2573 315 2627 10.
349 2573 466 2639 Qui
490 2574 755 2627 hmretici
783 2574 1046 2627 amittant
1078 2572 1363 2642 Spiritum
1394 2574 1687 2625 sanctum.

230 2646 284 2698 tl
306 2687 322 2699 .
358 2646 475 2725 Qui
505 2644 842 2725 nescienter
868 2644 963 2698 vel
1016 2644 1277 2698 scienter
1307 2642 1606 2697 haereticis
1632 2658 1700 2695 se
1749 2657 1907 2695 com-

224 2717 750 2855 1Ξῖηὸ8ιῗὲἓιροιὶυε
781 2785 858 2839 sit
891 2784 1256 2840 moriendum
1287 2800 1461 2855 quam
1490 2784 1561 2838 de
1580 2798 1754 2838 manu
1787 2783 1905 2837 hm-

295 2857 477 2911 retici
498 2856 1074 2911 communicandum.

227 2928 317 2982 13.
352 2926 481 2982 Cur
510 2928 671 2981 Deus
712 2929 1002 2996 permittat
1022 2927 1150 2981 ﬁeri
1177 2926 1513 2980 haereticos.

228 2999 319 3056 14.
355 2999 446 3053 De
475 2993 978 3054 excommunicato
1012 3002 1074 3052 ut
1129 2997 1476 3052 cohibeatur
1504 3012 1541 3050 a
1596 2993 1904 3050 saeculari-

232 3071 448 3195 lBi’ll):
475 3139 648 3194 malis
678 3139 968 3208 cogendis
996 3140 1069 3194 ad
1099 3140 1337 3194 bonum.

226 3210 317 3279 16,
363 3211 533 3275 Quod
564 3226 671 3291 par
699 3207 869 3291 culpa
899 3209 977 3264 sit
1019 3209 1457 3265 communicare
1484 3208 1765 3263 haeretica
1807 3207 1898 3261 vel

302 3297 752 3337 communicari.

2019 484 2107 555 46.
2152 487 2235 538 De
2258 484 2572 555 baptizatis
2604 487 2677 540 ab
2710 489 2934 541 Acatio.

2021 554 2109 609 47.
2150 556 2313 681 Quoctl
2344 554 2651 627 baptizatis
2668 558 2934 627 parvulis
2972 561 3275 627 parentum
3295 561 3531 627 peccata
3560 573 3679 615 non

2094 643 2279 680 nocen
2311 670 2323 681 .

2094 643 2323 681 nocent.

2025 697 2115 752 48.
2161 699 2234 753 Ut
2273 699 2545 768 baptizati
2577 700 2650 755 ab
2682 699 2983 753 haereticis
3004 699 3097 753 his
3138 700 3330 754 modis
3360 701 3432 753 ad
3467 699 3677 755 Eccle-

2093 769 2239 823 siam
2272 776 2640 824 revocentur.

2018 838 2107 894 49.
2154 841 2235 894 De
2261 842 2549 909 baptizato
2572 841 2646 895 ab
2686 840 2985 895 haeretico.

2141 911 2222 993 9e
2238 911 2532 993 baptismo
2562 912 2953 966 infirmorum.

2146 983 2230 1063 9e
2252 978 2507 1063 jejunio.

2015 1053 2103 1106 52.
2146 1052 2477 1123 Dejejunio
2507 1052 2766 1117 Quatuor
2790 1053 3162 1122 Temporum.

2015 1123 2103 1177 53.
2146 1123 2228 1178 De
2260 1123 2757 1194 quadragesimali
2780 1123 3034 1193 jejunio.

2014 1194 2101 1247 54.
2148 1195 2230 1249 De
2260 1210 2329 1249 eo
2347 1194 2445 1264 qui
2465 1193 2757 1262 jejunium
2791 1195 2987 1248 solvit.

2014 1265 2103 1320 55.
2144 1266 2285 1329 Quae
2340 1263 2645 1320 medicinae
2679 1266 2796 1319 sint
2836 1265 3146 1319 contraria)
3194 1263 3412 1319 divinis
3443 1279 3674 1335 prmce-

2086 1336 2223 1405 ptis.

2014 1405 2102 1460 56.
2144 1408 2228 1461 De
2259 1406 2612 1460 clericorum
2643 1407 3021 1460 abstinentia.

2013 1475 2101 1531 5'7.
2144 1478 2228 1531 De
2251 1477 2606 1531 discretione
2624 1476 2935 1546 jejunandi
2965 1480 3021 1530 et
3048 1476 3458 1530 manducandi.

2013 1547 2101 1602 58.
2143 1547 2307 1611 Quod
2339 1548 2530 1602 modis
2560 1548 2765 1601 vitium
2787 1548 2943 1617 gulae
2974 1548 3236 1616 obrepat.

2013 1617 2101 1673 59.
2143 1619 2307 1683 Quod
2335 1634 2451 1673 non
2482 1619 2724 1687 prodest
2755 1618 2978 1673 homini
3019 1617 3296 1688 jejunare
3330 1618 3443 1671 nisi
3477 1619 3677 1673 cessat

2085 1690 2158 1744 ab
2183 1690 2506 1760 iniquitate.

1939 1770 1980 1827 Β
2012 1759 2101 1815 60.
2144 1760 2228 1814 De
2258 1758 2631 1814 abstinentiae
2662 1762 2718 1813 et
2743 1758 2956 1829 jejunii
2988 1759 3372 1813 discretione.

2013 1831 2073 1885 6t
2089 1873 2102 1886 .
2147 1831 2230 1885 De
2260 1831 2695 1885 constitutione.

2013 1902 2102 1957 69..
2148 1902 2230 1957 De
2261 1902 2677 1956 observatione
2709 1901 2865 1954 circa
2888 1904 3174 1953 mortuos.

2013 1971 2102 2028 63.
2143 1974 2308 2038 Quod
2337 1988 2455 2027 non
2498 1972 2668 2026 liceat
2711 1972 2903 2025 oblata
2946 1970 3158 2025 offerre
3217 1986 3319 2039 pro
3378 1971 3674 2025 defunctis

2012 2061 2467 2193 ﬁfinlgilgblatio
2498 2113 2909 2193 defunctorum
2932 2127 3049 2193 non
3077 2113 3421 2193 retineatur.

2012 2184 2099 2240 65.
2144 2188 2220 2241 Ut
2248 2201 2355 2255 pro
2382 2184 2686 2254 sepultura
2718 2184 2862 2255 nihil
2895 2184 3189 2252 exigatur.

2012 2254 2100 2326 66.
2146 2259 2228 2311 De
2254 2254 2588 2326 conjugum
2614 2254 2935 2326 sepultura.

2010 2325 2099 2381 67.
2134 2328 2216 2381 De
2256 2325 2551 2396 sepulcris
2576 2325 2635 2377 in
2674 2325 2802 2378 loco
2835 2339 3029 2377 sacro.

2002 2397 2097 2452 '68.
2141 2399 2223 2452 De
2246 2399 2456 2451 animae
2488 2396 2878 2449 absolutione.

2015 2486 2137 2539 Ine.
2173 2483 2394 2538 VIII.-—
2423 2483 2511 2537 De
2525 2482 2794 2562 conjugio
2816 2486 2954 2562 etot
2983 2478 3283 2533 adulterio
3315 2487 3371 2533 et
3421 2496 3674 2535 consan-

2674 2556 2775 2622 gui
2798 2556 3001 2604 nitate.

2016 2628 2066 2698 1.
2110 2627 2193 2681 De
2224 2624 2504 2698 legitimis
2535 2624 2856 2698 eonjugiis.
2900 2692 2915 2698 _

2014 2695 2068 2768 2.
2110 2698 2195 2752 De
2224 2692 2506 2768 coniugio
2538 2692 2659 2768 non
2675 2692 2979 2747 selvendo.

2014 2767 2066 2834 8,
2092 2769 2271 2851 ,ρυρά
2303 2763 2611 2839 religionis
2669 2780 2848 2819 causa
2893 2779 3009 2817 non
3040 2764 3157 2818 sint
3212 2763 3496 2817 solvenda
3529 2779 3674 2819 con-

2010 2911 2063 2965 4ο
2078 2856 2400 2965 Jggeliixore
2422 2908 2669 2977 captiva.

2010 2985 2064 3038 5.
2099 2983 2176 3037 Ut
2203 2997 2353 3036 uxor
2384 2974 2662 3033 reddatur
2693 2977 2898 3030 marito
2931 2976 3002 3029 de
3025 2974 3357 3043 captivitate
3382 2974 3670 3029 redeunti.

2008 3055 2062 3109 6.
2102 3056 2186 3108 De
2215 3051 2585 3121 separatione
2630 3063 2837 3101 eorum
2867 3047 2966 3117 qui
3010 3046 3167 3099 ﬁlios
3197 3061 3345 3098 suos
3393 3045 3466 3098 de
3511 3044 3672 3100 fonte

1935 3122 1985 3183 Ο
2081 3124 2496 3192 susceperunt.

2009 3196 2061 3250 ’7.
2096 3196 2177 3249 De
2226 3186 2715 3263 conjugatisuon
2771 3186 3149 3263 separandis,
3203 3186 3256 3238 si
3314 3186 3672 3242 necessitate

2080 3266 2234 3320 filios
2254 3260 2400 3318 suos
2421 3260 2869 3329 'baptizaverint.

803 3353 1170 3423 promulgata
1186 3353 1388 3405 contra
1408 3349 1755 3404 suscitatam
1786 3347 1902 3403 haa-
2095 3338 2182 3423 Et
2201 3327 2711 3423 οῐηξιιίεᾲειὶξῇξίξθθξ
2720 3346 2858 3423 ᾒεξξ
2872 3327 3317 3423 εξίξξίυξξξ-ξίλξεξ
3328 3327 3667 3423 ιῐζῖξνυξξξιξί

305 3423 475 3479 resin
504 3423 854 3477 inconvulsa
886 3426 1281 3492 permaneant.

234 3495 322 3565 18.
368 3496 454 3549 De
486 3494 583 3547 his
613 3495 711 3565 qui
733 3494 1069 3547 sacrificant
1098 3494 1217 3565 ritu
1248 3507 1636 3563 paganorum.

235 3564 322 3636 19.
365 3567 453 3619 De
487 3563 963 3629 incantatoribus,
1003 3569 1061 3620 et
1087 3564 1190 3636 qui
1219 3578 1428 3635 magos
1458 3563 1794 3617 consulant.

232 3635 323 3692 20.
367 3637 455 3690 De
496 3636 743 3689 Judaeis.

232 3706 321 3761 21.
364 3707 504 3760 Non
534 3707 668 3760 licet
699 3704 906 3760 Judan
934 3705 1330 3760 Christianum
1360 3704 1633 3758 retinere.

234 3776 321 3833 εἳ.
364 3778 501 3832 Non
542 3778 604 3830 ﬁt
636 3777 885 3830 facultas
915 3776 1123 3829 Judaeo
1155 3777 1246 3829 vel
1278 3790 1507 3846 pagano
1540 3789 1657 3829 non
1689 3772 1901 3828 edendi

304 3849 602 3903 volentem
624 3847 752 3901 ﬁeri
778 3845 1199 3901 Christianum.

233 3920 321 3975 23.
366 3920 445 3974 Ut
471 3918 666 3973 Judmi
695 3934 811 3971 non
840 3922 1127 3988 cogantur
1154 3918 1212 3969 vi
1243 3916 1315 3969 ad
1346 3915 1726 3988 baptismum.

237 3991 323 4045 24.
368 3990 453 4044 De
492 3989 783 4057 baptisma
807 3992 864 4042 et
884 3986 1161 4042 nianuum
1185 3986 1579 4056 impositione.

235 4060 321 4114 2‘5.
368 4061 447 4115 Ut
478 4074 755 4113 manuum
786 4059 1084 4128 impositio
1108 4058 1205 4112 ﬁat
1234 4061 1368 4127 post
1397 4057 1776 4125 baptismum.

235 4130 324 4187 26.
369 4131 580 4186 Utrum
613 4130 810 4200 majus
833 4125 895 4183 ﬁt
912 4125 1324 4200 baptismapan
1351 4125 1898 4200 manusimpositio.

235 4202 324 4257 2'1.
364 4202 535 4267 Quod
568 4217 682 4255 non
708 4197 784 4254 ab
844 4197 1038 4271 aliquo
1073 4215 1248 4270 quam
1277 4199 1351 4252 ab
1390 4198 1673 4267 episcopo
1711 4197 1903 4266 possit

310 4274 439 4327 fieri
470 4271 864 4342 consignatio.

239 4342 325 4397 ‘28.
370 4345 457 4398 De
487 4341 750 4410 tempore
780 4341 1128 4411 baptizandi.

240 4413 324 4469 29.
366 4415 538 4478 Quod
566 4410 922 4467 necessitate
950 4411 1199 4465 faciente
1231 4411 1289 4464 in
1313 4411 1466 4464 omni
1509 4410 1639 4464 loco
1682 4423 1902 4478 possu-

308 4501 445 4539 mus
474 4484 795 4553 baptizare.

233 4554 319 4610 30.
362 4556 440 4611 Ut
472 4556 795 4623 baptizatur
824 4555 935 4607 iste
963 4553 1033 4608 de
1060 4570 1176 4624 quo
1208 4553 1521 4607 dubitatur.

235 4625 320 4680 31.
366 4627 445 4681 Ut
473 4625 804 4694 baptizandi
835 4625 1022 4694 pretia
1042 4641 1160 4678 non
1191 4625 1524 4695 exigantur.

236 4695 322 4751 32.
366 4696 446 4751 Ut
474 4693 808 4766 presbyteri
836 4693 998 4765 pium
1031 4695 1264 4749 modum
1296 4693 1413 4748 non
1441 4693 1751 4766 excedant.

238 4766 324 4822 33.
368 4768 448 4822 Ut
476 4764 779 4820 'diaconus
823 4771 1117 4835 praesente
1150 4766 1431 4834 episcopo
1470 4780 1589 4819 non
1624 4764 1896 4832 baptizet.

238 4837 323 4893 31.
366 4839 452 4892 De
483 4852 603 4891 uno
636 4835 885 4906 patriae.

237 4908 322 4963 35.
354 4908 528 4973 Quod
557 4904 673 4962 tota
687 4907 956 4962 Ecclesia
977 4906 1249 4978 singulos
1270 4906 1326 4958 in
1352 4904 1702 4975 baptismate
1724 4905 1893 4975 parit.

239 4979 324 5033 36.
368 4981 451 5034 De
481 4978 950 5033 manumissione
972 4979 1028 5031 in
1056 4977 1425 5045 baptismate.

367 5051 452 5130 ge
485 5050 729 5103 muliere
751 5053 1092 5130 praegnante
1124 5046 1487 5130 baptizanda.

240 5121 324 5175 38.
367 5120 444 5175 Ut
460 5135 693 5181 omnes,
718 5116 846 5174 sive
864 5116 1089 5189 parvuli
1112 5116 1528 5188 sivejuvenes,
1545 5116 1709 5185 prius
1728 5131 1894 5169 exor-

309 5193 571 5246 cizentur
599 5206 777 5260 quam
805 5190 1191 5259 baptizentur.

242 5260 324 5315 39.
367 5263 441 5317 Ut
467 5258 797 5331 baptizatus
824 5258 900 5314 ab
916 5260 1212 5314 haereticis
1242 5260 1372 5315 sola
1391 5272 1669 5313 manuum
1702 5258 1887 5326 impo-

310 5333 522 5388 sitione
553 5333 956 5385 conﬁrmetur.

246 5402 328 5459 40.
367 5402 531 5467 Quod
563 5402 827 5456 haeretici
861 5401 1227 5456 solummodo
1275 5401 1346 5455 ad
1380 5398 1638 5469 speciem
1695 5414 1890 5453 sacra-

312 5479 502 5530 menta
532 5474 807 5528 habeant.

249 5544 330 5599 41.
371 5546 454 5600 De
473 5544 768 5616 baptizato
789 5543 1053 5616 abrepto.

245 5616 325 5668 4-2.
368 5617 449 5670 Dc
481 5613 777 5685 baptismo
811 5613 1174 5683 Epiphaniae.

371 5687 453 5765 9e
486 5683 905 5765 sacerdotibus
938 5683 1329 5765 rebaptizatis.

247 5757 331 5811 44.
374 5758 456 5811 De
487 5757 725 5812 clericis
752 5761 810 5811 et
830 5752 1139 5811 monachis
1172 5752 1563 5824 rebaptizatis.

2006 3409 2059 3463 9.
2095 3408 2172 3462 Ut
2226 3406 2423 3459 nullus
2452 3404 2629 3457 ﬁliam
2678 3402 2860 3469 patris
2922 3399 3012 3453 sui
3074 3398 3438 3469 spiritualem
3495 3399 3670 3453 ducat

2011 3492 2464 3606 tOilxlgeerrrriIarito
2493 3544 2594 3615 qui
2642 3543 2715 3597 ob
2761 3542 3035 3613 frigidam
3065 3541 3328 3594 naturam
3362 3540 3519 3594 coire
3552 3555 3670 3595 non

2077 3623 2291 3692 potest.

2010 3693 2095 3746 11.
2140 3693 2223 3745 De
2251 3703 2498 3744 numero
2524 3701 2796 3740 uxorum.

2012 3763 2095 3818 1"2.
2138 3764 2222 3818 De
2254 3774 2498 3817 numero
2529 3758 2890 3810 maritorum.

2009 3834 2096 3915 13ἶ
2137 3834 2301 3916 Quod
2333 3831 2572 3902 propter
2609 3826 2915 3880 amentiam
2948 3841 3064 3880 non
3088 3826 3206 3879 sint
3236 3825 3519 3879 solvenda
3540 3840 3672 3879 con-

2010 3922 2519 4056 l4i‘filltﬂdimissor
2551 3966 2640 4021 vel
2674 3966 2919 4020 dimissa
2944 3967 3033 4019 sic
3065 3970 3354 4035 maneant,
3377 3969 3437 4021 ut
3460 3981 3667 4022 recon-

2010 4047 2475 4182 l5?ll3:nitllllg.qui
2506 4110 2711 4182 uxoris
2740 4107 3055 4161 infirmitati
3082 4109 3450 4177 compatitur.

2012 4188 2095 4241 16.
2139 4188 2223 4241 De
2252 4179 2499 4238 numero
2530 4179 2883 4248 nuptiarum.

2012 4258 2095 4311 17.
2141 4258 2222 4311 De
2243 4254 2456 4327 gentili
2486 4251 2585 4322 qui
2616 4246 2896 4327 gentilem
2914 4246 3145 4327 dimittit
3166 4263 3441 4327 uxorem.

2010 4329 2096 4383 18.
2138 4328 2222 4382 De
2252 4319 2761 4390 muliere—nuptias
2792 4319 3237 4372 condemnante.

2011 4398 2097 4455 19.
2139 4398 2302 4462 Quod
2334 4412 2448 4450 non
2469 4394 2547 4447 sit
2574 4393 2847 4459 bigamus
2866 4391 2965 4458 qui
3000 4404 3173 4462 unam
3203 4393 3334 4444 ante
3356 4390 3666 4459 baptisma,

1968 4481 1981 4524 ἰ
2078 4461 2250 4524 aliam
2278 4470 2412 4537 post
2440 4464 2729 4537 baptisma
2752 4461 3045 4537 acceperit
3070 4477 3335 4537 uxorem.

2006 4540 2097 4596 90.
2140 4531 2301 4602 Quod
2333 4531 2667 4607 nuptiarum
2699 4531 2917 4586 faedera
2939 4533 3087 4585 inter
3117 4532 3412 4603 ingenuos
3444 4532 3564 4587 sint
3584 4533 3665 4587 le-

2010 4617 2298 4745 Qiglsiibad
2329 4681 2599 4749 separata
2620 4691 2653 4728 a
2686 4674 2810 4728 viro
2830 4673 3127 4744 ﬂagitiose
3147 4690 3263 4728 non
3281 4674 3473 4744 possit
3497 4674 3669 4728 aliam

2012 4755 2369 4880 ἓὲῗίυῐξὲιίῗίιθ
2408 4838 2440 4874 a
2464 4817 2799 4891 conjugatis
2839 4815 3151 4891 servanda.

2013 4896 2102 4951 ‘23.
2144 4895 2309 4975 Quod
2341 4894 2512 4946 etiam
2554 4885 2625 4943 ex
2653 4885 2812 4941 ‘male
2844 4885 3180 4955 conjunctis
3229 4886 3463 4955 possint
3513 4886 3666 4942 fierit

2014 4971 2672 5104 ἓάῖὶῗρριξὲῗόοηιὶυείυτη
2705 5026 3447 5104 remaneatinseparabile.

2012 5106 2101 5164 25.
2141 5099 2307 5171 Quod
2340 5099 2683 5174 conjugium
2734 5102 3030 5174 remaneat
3058 5099 3117 5153 in
3168 5100 3480 5171 separatis,
3519 5100 3676 5156 sicut

2085 5178 2373 5234 ordinatio
2403 5172 2469 5228 in
2495 5172 2804 5242 separatis.

2014 5249 2102 5305 ᾗσι,
2150 5251 2228 5303 De
2262 5250 2355 5302 his
2387 5246 2487 5315 qui
2534 5239 3087 5315 rapueriutpuellas
3110 5241 3284 5294 simul
3316 5241 3671 5315 habitantes.

2017 5320 2104 5376 27.
2145 5319 2310 5383 Quod
2333 5310 2573 5385 sponsae
2606 5310 2775 5385 liceat
2801 5310 3022 5385 eligere
3054 5313 3495 5385 monasterium.

2014 5391 2102 5448 28.
2145 5391 2308 5453 Quod
2342 5383 2464 5468 non.
2485 5386 2657 5439 liceat
2688 5383 2929 5435 alterius
2971 5398 3252 5451 sponsam
3288 5384 3346 5438 in
3372 5385 3675 5440 matrimo-

2082 5465 2238 5517 nium
2272 5463 2488 5514 sortiri.

2010 5535 2097 5589 29.
2142 5535 2224 5587 De
2254 5528 2826 5601 puelladesponsata
2863 5523 2936 5601 ab
2964 5524 3081 5578 alio
3113 5529 3410 5597 corrupta.

2009 5607 2097 5659 30.
2144 5605 2222 5658 De
2257 5593 2501 5672 sponsis
2538 5593 2983 5672 benedicendis.

2012 5674 2101 5731 31.
2146 5676 2221 5730 Ut
2254 5669 2493 5743 quidam
2521 5670 2693 5721 ducat
2723 5680 2969 5721 uxorem
2991 5682 3165 5737 quam
3187 5669 3529 5738 corrumpit.

2012 5748 2101 5802 32.
2145 5747 2230 5800 De
2257 5742 2623 5816 presbytera.
