3948 6168
135 373 228 432 569
1105 362 1472 425 ΑΡΡΕΝΙ).
1516 363 1594 423 Il.
1646 362 1727 424 Ol

1911 363 2104 425 )ULA
2151 362 2431 426 SURIA.
3367 366 3488 428 570

131 572 251 623 circa
280 566 988 638 collectionemcanonum,
1023 579 1217 638 qu_am_
1247 563 1418 618 libris
1470 563 1749 638 tredecim
1799 563 2118 638 Anselmus
2169 563 2452 632 absolvit,
2503 569 2559 618 et
2607 564 2880 638 Anselmi
2908 565 3222 620 Decretum
3253 569 3486 638 quidam

132 639 384 709 appellant.
430 636 556 709 Eam
588 635 712 689 suis
744 635 1006 709 numeris
1053 635 1380 709 absolutam
1423 649 1468 709 a_
1504 634 1735 687 mendis
1766 639 1822 709 et
1851 635 2159 688 erroribus
2209 637 2630 706 expurgatam,
2675 636 2968 705 notisque,
3005 638 3102 690 ubi
3136 634 3485 709 oportuerit,

131 704 445 773 illustratam,
480 707 590 760 Deo
622 707 994 776 propitiante,
1025 705 1332 776 aliquando
1367 705 1424 756 in
1455 704 1646 758 lucem
1677 705 2068 774 proferemus.

181 783 294 843 Quae
323 794 449 831 vero
475 775 757 846 sequntur
785 777 1090 848 opuscula.
1111 775 1425 848 rArnoldus
1460 775 1650 848 Uvion
1685 775 1887 830 tribuit
1915 777 1973 848 ὃ.
2011 775 2290 830 Anselmo
2323 777 2548 848 (Uviou
2569 776 2818 848 innatis
2849 777 2926 831 ad
2949 777 3106 831 diem
3138 776 3202 831 18
3233 779 3488 848 Martii),

130 867 272 920 eaque
300 853 529 914 exstare,
552 855 606 901 et
631 847 911 920 Anselmo
945 847 1167 920 ascribi
1195 847 1266 920 in
1285 846 1588 920 codicibus
1621 847 2074 920 praegrandibus
2107 847 2517 920 membraneis
2537 847 2911 920 bibliothecae
2931 848 3185 920 coenobii
3217 849 3277 902 S.
3303 846 3487 903 Bene?

130 917 232 974 dicti
260 919 518 972 Mantuani
553 921 800 971 testatur
829 919 1200 970 Possevinus
1223 918 1306 986 (in
1328 918 1596 987 Appar.).
1624 917 2145 971 Eminentissimus
2169 918 2442 970 dominus
2474 917 2830 972 Franciscus
2863 919 3178 972 cardinalis
3213 919 3490 972 Barheri-

128 1008 228 1052 nus,
258 990 587 1043 Benedictini
623 989 850 1042 ordinis
895 992 1211 1057 protector,
1259 1004 1362 1057 pro
1416 1003 1522 1041 sua
1574 1004 1714 1058 erga
1764 1004 1856 1040 me
1904 989 2089 1042 veteri
2137 1005 2205 1041 ac
2255 989 2533 1057 peculiari
2587 989 2969 1057 benignitate,
3003 994 3175 1058 atque
3207 990 3403 1044 innata
3435 993 3492 1043 in

130 1077 286 1114 omnes
316 1062 582 1113 bonarum
611 1059 934 1112 litterarum
966 1059 1225 1112 cultores
1256 1059 1521 1112 beneﬁca
1552 1060 1968 1128 prepensione,
2004 1060 2226 1113 curavit
2268 1059 2402 1112 inde
2445 1059 2556 1111 fide
2594 1059 2821 1129 integra
2856 1060 2966 1113 hoc
2997 1061 3300 1129 exemplar
3328 1065 3490 1114 tran-

129 1131 280 1185 smitti.
301 1131 456 1200 Atqui
487 1131 581 1182 illa
613 1130 846 1200 eloquio
879 1129 1214 1196 humiliora,
1235 1145 1408 1198 quam
1431 1145 1563 1200 quae
1586 1130 1728 1183 tanti
1750 1130 1860 1183 viri
1889 1131 2210 1199 praeferant
2242 1131 2606 1200 gravitatem,
2643 1129 2817 1183 alicui
2848 1130 3222 1185 videbuntur.
3246 1131 3491 1185 Verum-

127 1209 272 1255 tamen
299 1201 638 1269 conjecturae
670 1216 802 1270 quae
833 1216 904 1271 ex
937 1202 1070 1270 styli
1101 1200 1380 1271 varietate
1412 1200 1709 1254 eli‘ormari
1756 1200 1968 1266 solent,
2002 1200 2166 1254 leves
2200 1201 2537 1270 frequenter
2568 1205 2848 1269 apparent
2879 1205 2934 1254 et
2965 1201 3242 1264 fallaces;
3278 1202 3493 1271 quippe

128 1273 434 1325 manifestum
463 1275 552 1324 est
583 1287 702 1324 non
732 1270 1001 1324 eumdem
1033 1272 1089 1322 in
1123 1270 1423 1324 universis
1457 1271 1738 1339 operibus
1769 1271 1898 1324 suis
1931 1286 2239 1324 sermones
2285 1271 2739 1339 methodumque
2769 1286 3013 1324 servare
3043 1287 3252 1325 sacros
3283 1270 3489 1326 docto-

125 1360 219 1411 res,
258 1342 557 1412 praesertim
603 1357 710 1413 eos
755 1342 857 1411 qui
901 1343 1438 1413 praeter‘doctrinae
1484 1342 1920 1413 excellentiam,
1954 1342 2089 1413 vitae
2133 1341 2351 1394 addunt
2395 1342 2792 1413 sanctitatem,
2829 1346 2885 1413 et
2932 1342 3162 1409 pietatis
3213 1343 3490 1413 igniculis

126 1413 302 1492 incensi
323 1414 656 1492 frequenter
689 1412 955 1492 feruntur
984 1412 1038 1464 in
1075 1411 1279 1492 Deum.
1316 1412 1421 1465 Dei
1451 1413 1654 1492 verbis
1680 1412 1847 1492 alios
1893 1412 2245 1492 quandoque
2277 1413 2522 1492 gravius
2550 1411 3016 1492 reprehendunt,
3053 1413 3181 1492 suis
3211 1411 3490 1492 precibus

125 1483 372 1553 aliquando
415 1483 595 1536 Deum
642 1483 924 1536 humilius
953 1499 1078 1552 'pro
1125 1498 1191 1536 se
1235 1483 1625 1551 interpellant.
1680 1483 1792 1536 Pro
1841 1483 1928 1536 rei
1980 1484 2410 1553 etargumenti
2455 1483 2733 1535 varietate
2771 1483 2941 1536 modo
2971 1483 3283 1549 extollunt,
3319 1485 3490 1537 modo

123 1551 390 1623 deprimunt
421 1569 790 1616 sermonem,
825 1569 932 1607 nec
982 1551 1187 1607 eodem
1239 1554 1406 1606 vocis
1450 1557 1655 1607 tenore
1704 1554 1998 1624 agendum
2040 1551 2310 1622 judicant
2357 1570 2488 1624 cum
2543 1553 2826 1606 Ecclesiae
2857 1559 3244 1622 persecutore
3273 1558 3488 1608 etcum

126 1625 276 1677 mundi
303 1626 609 1678 conditore.
647 1625 902 1692 Spiritus
935 1624 1094 1677 intus
1125 1625 1225 1677 alit
1256 1624 1511 1678 humiles
1543 1623 2200 1694 cordis'cogitationes,
2241 1627 2297 1678 et
2349 1623 2494 1677 foris
2538 1624 2654 1677 edit
2692 1624 2856 1677 lenes
2885 1625 3052 1677 vocis
3086 1640 3400 1689 susurros,
3435 1626 3489 1678 in

124 1700 381 1765 conspectu
427 1695 583 1747 illius
615 1710 722 1763 pro
756 1694 931 1765 cujus
972 1696 1264 1749 bonorum
1304 1695 1360 1748 in
1403 1695 1615 1764 spiritu
1656 1695 1988 1748 vehementi
2030 1695 2376 1764 plerumque
2416 1697 2692 1760 clamant,
2735 1699 2790 1748 et
2841 1696 3010 1763 quasi
3059 1695 3197 1748 tuba
3235 1695 3492 1749 exaltant

124 1782 279 1819 vocem
305 1781 477 1833 suam,
515 1767 930 1818 annuntiantes
958 1766 1176 1834 populo
1209 1766 1438 1819 scelera
1469 1781 1693 1833 eorum,
1737 1770 1791 1819 et
1833 1765 2108 1818 domibus
2139 1766 2470 1834 principum
2503 1770 2741 1834 peccata
2774 1780 2998 1836 eorum.
3032 1765 3176 1818 Cum
3208 1781 3322 1836 quo
3355 1768 3490 1835 quis

123 1837 338 1904 loquitur,
368 1840 421 1890 et
451 1837 519 1889 de
551 1852 670 1906 qua
699 1852 762 1889 re
790 1837 984 1906 agitur
1016 1837 1495 1904 cxpendendum,
1531 1837 1794 1906 adeoque
1833 1837 2195 1904 temperandi
2239 1851 2568 1904 sermones,
2606 1839 2665 1888 ut
2697 1835 3085 1905 undequaque
3117 1835 3486 1890 conveniant.

119 1908 375 1960 Anselmus
405 1907 573 1960 modo
607 1922 742 1960 cum
776 1907 1033 1960 Henrico
1063 1910 1310 1976 tyranno
1339 1907 1399 1960 in
1430 1907 1554 1960 acie
1585 1912 1826 1977 pugnat,
1859 1907 2030 1960 modo
2062 1911 2266 1959 contra
2306 1907 2995 1977 schismaticosiscriptis
3029 1911 3207 1974 tonat,
3241 1911 3492 1961 attamen

120 1978 159 2028 in
183 1978 399 2031 cubiculi
444 1977 848 2046 penetralibus
889 1978 1155 2031 divinum
1203 1993 1440 2048 semper
1485 1976 1709 2048 aliquid
1749 1977 1913 2030 intus
1957 1977 2249 2047 agitabat,
2295 1984 2353 2031 et
2397 1976 2904 2048 contemplabatur
2938 1977 3210 2048 caelestia
3237 1977 3326 2045 (In
3367 1977 3498 2048 VVita

120 2063 237 2101 num.
264 2048 362 2116 80),
392 2064 519 2117 quae
549 2049 850 2101 reverenti
883 2048 1094 2101 deinde
1141 2049 1448 2118 promebat
1490 2047 1746 2118 eloquio.
1801 2048 1961 2101 Nihil
2012 2062 2154 2118 ergo
2205 2047 2415 2101 mirum
2465 2049 2518 2101 si
2564 2047 2824 2118 graviter
2855 2048 3080 2114 doceat,
3115 2051 3170 2101 et
3199 2047 3497 2102 humiliter

119 2123 232 2180 oret;
261 2120 305 2172 si
335 2134 530 2172 sacras
564 2119 905 2188 Scripturas
936 2119 994 2171 in
1027 2124 1308 2186 tyrannos
1343 2119 1557 2172 acriter
1587 2121 1992 2188 contorqueat,
2030 2124 2084 2171 et
2115 2119 2310 2171 divina
2342 2119 2621 2188 mysteria
2655 2118 2971 2170 humiliatae
3002 2119 3216 2172 mentis
3248 2119 3494 2172 medite-

119 2193 187 2239 tur
209 2188 408 2242 alieclu.
438 2190 665 2243 Multos
694 2188 934 2242 libellos
959 2191 1226 2259 propriis
1255 2189 1530 2243 manibus
1560 2191 1998 2258 conscripsisse
2018 2189 2164 2242 Vita
2198 2195 2402 2242 auctor
2433 2193 2706 2243 recenset
2733 2192 2915 2258 (num.
2949 2189 3059 2256 9.5).
3085 2189 3232 2252 Quid
3259 2189 3312 2241 si
3342 2191 3497 2243 inter

121 2259 215 2311 illos
240 2260 360 2313 isti?
385 2259 548 2313 Certe
581 2262 640 2312 in
677 2260 805 2330 ipsa
837 2261 931 2313 illa
963 2261 1136 2313 domo
1171 2261 1227 2312 in
1260 2276 1373 2330 qua
1410 2261 1582 2313 vitam
1617 2259 1998 2330 monasticam
2032 2264 2088 2330 et
2117 2260 2625 2330 contemplativam
2669 2259 2980 2328 professus
3011 2263 3122 2326 est,
3156 2274 3362 2330 omnes
3395 2260 3494 2312 isti

119 2331 188 2401 qui
213 2336 532 2400 sequuntur,
558 2328 1121 2399 contemplationum
1150 2328 1353 2395 libelli,
1378 2332 1623 2400 praeﬁxo
1647 2331 1718 2383 ad
1742 2329 2014 2401 singulos
2035 2328 2168 2398 ejus
2192 2331 2445 2397 nomine,
2468 2329 2787 2400 diligenter
2817 2333 3266 2382 conservantur.
3293 2329 3494 2383 Liceat

118 2399 263 2468 itaque
289 2399 755 2469 praecedentibus
788 2402 1096 2471 opusculis
1124 2401 1233 2454 ista
1267 2399 1604 2470 subtexere,
1639 2399 1865 2455 saltem'
1881 2416 1953 2453 ne
1985 2406 2245 2470 pereant.

1741 2696 1797 2824 Ι

802 2919 1353 3002 ΜΕΒΙΤΔἸἹΟ
1411 2917 1510 3001 IN
1566 2919 1727 2998 ΟΒ]

1911 2917 2149 2996 )NEM
2202 2914 2755 2999 DOMINICAM

167 3161 388 3218 t.Pater
408 3172 636 3234 noster,
661 3166 761 3237 qui
783 3181 848 3219 es
879 3166 939 3217 in
971 3163 1157 3230 caelis,
1184 3162 1594 3218 sanctificetur
1617 3178 1721 3216 no-
1749 3147 1805 3205 Α
1839 3178 1990 3233 gens
2019 3163 2166 3217 ero?
2197 3163 2472 3234 Nunquid
2504 3163 2808 3232 pausabo?
2838 3162 3117 3232 Nunquid
3149 3161 3279 3215 aliis
3311 3161 3494 3214 inten-

118 3264 213 3303 men
239 3258 403 3324 tuum,
437 3259 549 3310 etc.
597 3254 648 3310 0
681 3269 910 3308 summa
943 3250 1276 3307 clementia!
1317 3251 1364 3305 0
1409 3249 1721 3305 ineffabilia

117 3336 419 3411 benignitas!
443 3343 489 3397 0
519 3345 671 3398 mira
703 3340 993 3414 dignatio!
1026 3341 1073 3394 0
1105 3341 1430 3411 longitudo,
1455 3340 1720 3407 latitudo,

119 3427 408 3500 sublimitas,
428 3435 483 3487 et
506 3432 868 3503 profundum
897 3431 1200 3484 cliarilatis
1223 3427 1469 3484 divinae!
1499 3429 1726 3482 Vilissi-

119 3530 234 3569 mum
261 3519 425 3574 lutum
469 3537 643 3587 sum,
680 3520 1047 3574 detestabilis
1089 3520 1320 3585 sanies,
1358 3517 1724 3588 nequissima

119 3611 354 3673 creatura,
396 3613 451 3663 et
496 3615 698 3664 tamen
733 3609 890 3663 Deus
920 3609 1199 3674 deorum,
1254 3607 1381 3660 Rex
1429 3621 1638 3678 regum
1669 3609 1724 3658 et

120 3692 346 3750 Dominus
365 3698 814 3766 dominantium,
837 3712 903 3752 se
934 3711 1128 3750 meum
1154 3695 1382 3748 Patrem
1399 3695 1557 3748 dicit.
1583 3694 1723 3748 Cum

119 3783 274 3847 oratis,
307 3785 503 3856 inquit,
544 3786 736 3840 dicite
773 3801 784 3840 ε
835 3785 1023 3838 Pater
1073 3791 1296 3847 noster,
1343 3788 1455 3837 etc.
1490 3781 1577 3836 Ex
1609 3797 1724 3852 quo

119 3867 198 3923 hoc
216 3874 333 3927 dicit
353 3876 477 3944 ipsa
496 3875 758 3942 Veritas,
781 3874 1164 3928 verissimum
1187 3876 1296 3926 est.
1321 3871 1388 3925 Et
1419 3872 1546 3926 scio
1568 3871 1726 3941 quod

120 3957 218 4023 plus
237 3961 348 4015 sine
368 3963 804 4032 comparatione
824 3978 914 4016 me
937 3962 1127 4033 diligit
1147 3977 1319 4031 quam
1334 3963 1506 4030 pater
1524 3975 1723 4013 carna-

119 4045 172 4098 lis
194 4049 267 4102 vel
294 4056 487 4121 mater,
522 4054 644 4107 imo
677 4067 852 4122 quam
897 4066 1010 4122 ego
1058 4050 1207 4120 ipse.
1260 4050 1342 4104 De
1387 4052 1546 4102 tanto
1578 4063 1726 4119 ergo

122 4133 247 4189 Patre
275 4140 590 4194 elevabitur
621 4156 728 4194 cor
756 4155 951 4194 meum
982 4142 1044 4193 ut
1071 4138 1286 4210 aquila,
1312 4142 1369 4193 et
1389 4138 1515 4208 jam
1545 4136 1727 4208 hujus

121 4224 217 4276 caeli
241 4226 502 4283 inferiora
536 4233 929 4283 contemnam.
968 4227 1118 4292 Quid
1146 4228 1294 4281 ultra
1330 4227 1472 4280 mihi
1503 4227 1574 4280 de
1607 4231 1728 4280 ter-

121 4314 241 4366 renis
259 4316 574 4372 honoribus
607 4318 709 4388 qui
741 4333 873 4372 sum
896 4316 1054 4370 filius
1087 4316 1231 4370 Dei?
1250 4315 1444 4386 Majas
1467 4315 1727 4369 dedecus

121 4407 242 4456 esset
267 4406 396 4459 mihi
423 4411 704 4476 appetere
743 4408 1262 4476 quantumcunque
1313 4419 1591 4476 magnum
1626 4403 1729 4457 ho-

1836 3256 1932 3307 tus
1963 3254 2109 3306 ero?
2146 3251 2315 3306 Certe
2362 3268 2493 3306 cum
2536 3253 2783 3322 impetu,
2819 3251 3093 3306 omnibus
3124 3251 3495 3320 postpositis,

1839 3355 2070 3395 curram
2117 3341 2188 3394 ad
2239 3356 2393 3394 eum.
2429 3340 2660 3394 Sufﬁcit
2705 3339 2875 3408 mihi,
2927 3341 2980 3394 si
3029 3339 3216 3394 habeo
3270 3339 3497 3393 Patrem

1838 3445 2052 3499 meum,
2077 3432 2134 3484 et
2162 3429 2294 3484 ideo
2317 3433 2434 3484 toto
2457 3430 2638 3484 corde
2661 3429 2893 3483 tendam
2915 3429 2973 3482 in
2998 3443 3152 3482 eum.
3175 3428 3305 3481 Non
3333 3427 3498 3496 aspi-

1836 3520 2016 3588 ciam,
2062 3535 2176 3574 non
2225 3519 2382 3574 aliud
2426 3519 2640 3572 videbo
2687 3520 2804 3573 nisi
2859 3519 3045 3572 Deum
3087 3533 3310 3584 meum,
3362 3516 3498 3586 quia

1835 3609 2044 3663 oculus
2068 3609 2280 3662 mentis
2305 3624 2450 3663 meae
2473 3612 2630 3662 totus
2658 3607 2842 3662 tendit
2873 3607 2930 3660 in
2963 3607 3144 3674 illum,
3165 3605 3299 3676 quia
3321 3605 3498 3659 nimis

1834 3697 2032 3752 allexit
2051 3700 2306 3752 animum
2327 3713 2539 3752 meum.
2559 3697 2746 3751 Pater
2763 3703 2988 3751 noster.
3003 3695 3050 3750 0
3072 3695 3204 3762 mel,
3223 3699 3279 3749 et
3302 3694 3499 3748 favum

1836 3787 1895 3840 in
1925 3803 2028 3841 ore
2061 3803 2218 3857 meo,
2253 3803 2384 3840 cum
2430 3791 2486 3840 te
2539 3787 2719 3840 Deum
2768 3802 2998 3852 meum,
3037 3786 3265 3838 Patrem
3307 3798 3498 3836 meum

1837 3872 2012 3928 voco!
2046 3875 2092 3927 0
2125 3875 2372 3928 dulcedo
2405 3871 2754 3927 indicibilis!
2805 3872 2851 3926 Ο
2895 3871 3239 3942 jucunditas
3271 3870 3498 3924 inaesti-

1837 3963 2068 4015 mabilis
2096 3960 2107 4015 Ι
2149 3962 2196 4015 0
2229 3962 2501 4032 jubilatio
2544 3959 2880 4027 inell'abilis,
2911 3975 3044 4012 cum
3086 3959 3270 4012 audeo
3301 3962 3355 4011 te
3386 3959 3500 4012 Pa-

1836 4056 1984 4105 trem
2014 4048 2259 4104 vocarc!
2293 4050 2338 4103 0
2369 4047 2715 4103 exsultatio!
2749 4048 2795 4101 0
2826 4045 3160 4101 admiratio!
3195 4047 3240 4100 0
3272 4046 3500 4099 medul-

1835 4139 1977 4193 laris
2009 4136 2352 4193 modulatiol
2391 4138 2533 4203 Quia
2555 4139 2728 4190 Pater
2749 4151 2916 4190 meus
2947 4138 3039 4189 est
3066 4138 3148 4188 tu.
3171 4134 3321 4197 Quid
3351 4135 3498 4187 ultra

1836 4227 2191 4298 praetendam
2211 4229 2238 4280 ‘?
2276 4227 2424 4291 Quid
2458 4228 2605 4280 ultra
2639 4225 2827 4278 dicam
2845 4226 2874 4277 ‘?
2901 4223 3050 4288 Quid
3078 4224 3229 4276 ultra
3259 4225 3450 4292 petam
3471 4223 3500 4274 ?

1834 4317 2010 4370 Pater
2041 4331 2208 4370 meus
2239 4330 2305 4369 es
2334 4319 2416 4368 tu.

1911 4404 1964 4458 '2.
1997 4403 2112 4458 Sed
2154 4403 2255 4457 ubi
2295 4419 2392 4473 es,
2429 4402 2597 4455 Pater
2629 4401 2745 4453 mi?
2794 4400 2893 4454 ubi
2929 4413 3025 4467 es,
3058 4397 3110 4452 si
3141 4397 3359 4468 ubique
3389 4399 3500 4451 es?

123 4502 275 4544 norem
302 4499 595 4549 terrenum
626 4511 802 4565 quam
833 4494 1016 4548 filium
1047 4494 1421 4562 imperatoris
1452 4495 1726 4562 appetere
1757 4497 1810 4560 Β
1843 4493 1958 4547 imo
1990 4494 2124 4563 quia
2155 4492 2397 4562 ubique,
2431 4489 2725 4562 quomodo
2773 4489 2985 4543 caelum
3016 4487 3117 4540 tibi
3152 4487 3330 4542 sedes
3363 4491 3453 4540 est
3473 4487 3501 4539 ‘?

124 4574 298 4636 latrinae
318 4583 595 4638 ofﬁcium.
621 4582 770 4647 Quid
795 4583 942 4637 ultra
963 4583 1104 4636 mihi
1127 4582 1197 4636 de
1219 4583 1473 4636 terrenis
1504 4581 1727 4635 divitiis

125 4667 196 4731 qui
221 4674 369 4740 regni
398 4675 607 4726 aeterni
637 4688 768 4725 sum
804 4672 1043 4725 haeres?
1075 4671 1535 4742 lgnominiosius
1567 4672 1731 4732 esset

126 4754 228 4808 mihi
270 4758 332 4813 de
373 4765 892 4831 quantumcunque
944 4760 1176 4831 magnis
1223 4760 1443 4813 divitiis
1478 4759 1729 4812 terrenis

128 4855 288 4900 curare
333 4865 500 4919 quam
547 4850 1006 4920 primogenitum
1051 4849 1426 4918 imperatoris
1471 4848 1542 4902 de
1593 4848 1728 4900 limo

129 4942 356 4998 equorum
374 4954 642 4992 suorum.
663 4939 809 5001 Quid
836 4939 983 4991 ultra
1006 4938 1146 4991 mihi
1176 4938 1247 4991 de
1281 4937 1511 4991 deliciis
1535 4952 1732 4990 carna-

130 5016 261 5090 libus,
276 5025 336 5078 de
351 5029 630 5094 terrenis,
647 5031 1161 5097 quantumcunque
1184 5027 1416 5096 magnis
1429 5027 1456 5078 ἱ)
1475 5026 1733 5079 Detesta-

131 5103 266 5161 Μιὶιιε
295 5123 444 5168 esset
478 5116 623 5168 mihi
655 5115 770 5169 tilio
805 5117 990 5186 Regis
1021 5116 1235 5168 summi
1266 5115 1424 5168 affici
1455 5113 1514 5167 in
1543 5129 1731 5184 quan-

131 5199 424 5272 tumcunque
447 5206 717 5258 allectiva
738 5209 1004 5257 creatura
1021 5219 1195 5274 quam
1220 5204 1400 5256 lilium
1423 5202 1732 5271 imperato-

134 5295 193 5334 τις
210 5288 253 5339 in
270 5295 418 5346 sanie
434 5293 958 5357 fetidissima.Quid
983 5293 1220 5360 bonum,
1237 5292 1377 5363 quid
1398 5291 1725 5361 pulchrum,

133 5375 232 5439 quid
260 5381 400 5451 utile,
437 5384 579 5454 quid
612 5383 1004 5436 desiderabile
1027 5397 1117 5436 me
1141 5382 1376 5436 allicere
1408 5384 1601 5450 potest
1632 5380 1732 5451 qui

137 5458 284 5518 hzer'cs
325 5485 446 5523 sum
493 5471 672 5524 fontis
704 5471 895 5525 omnis
928 5471 1182 5541 pictatis,
1218 5475 1272 5523 et
1304 5470 1489 5522 boni?
1527 5469 1730 5522 Omnia

138 5561 356 5620 respectu
384 5560 538 5614 illius
571 5577 686 5615 non
719 5564 854 5614 sunt
886 5560 999 5614 nisi
1032 5559 1300 5629 quaedam
1332 5558 1654 5612 similitudo
1677 5562 1731 5611 et

141 5644 314 5698 umbra.
346 5651 632 5703 Accedam
663 5667 804 5721 ergo
837 5652 907 5704 ad
942 5651 1170 5704 Patrem
1202 5664 1414 5715 meum,
1458 5647 1554 5718 qui
1589 5647 1727 5701 nihil

143 5729 256 5784 aliud
284 5737 391 5791 vult
411 5739 520 5792 nisi
546 5745 606 5793 ut
625 5740 867 5794 habeam
890 5755 1042 5794 eum.
1072 5739 1347 5810 Nunquid
1371 5753 1516 5810 ergo
1547 5737 1728 5806 negli-

1839 4581 1957 4636 Sed
2005 4581 2154 4649 ideo,
2198 4579 2630 4652 benignissime
2675 4578 2938 4645 Domine,
2971 4577 3064 4630 vis
3104 4581 3165 4629 ut
3209 4575 3496 4644 dicamus.

1839 4671 2029 4725 Pater
2061 4677 2283 4738 noster,
2319 4670 2417 4740 qui
2446 4684 2512 4723 es
2539 4669 2601 4721 in
2634 4667 2819 4737 caelis,
2855 4671 2916 4720 ut
2944 4682 3056 4721 nos
3086 4683 3118 4718 a
3143 4664 3397 4720 terrenis
3431 4663 3500 4715 ad

1839 4761 2106 4814 coelestia
2133 4759 2352 4828 eleves,
2381 4757 2480 4812 ubi
2512 4757 2765 4810 maxime
2782 4759 2878 4810 tua
2897 4755 3172 4824 potentia,
3191 4752 3496 4821 sapientia,

1840 4853 1896 4901 et
1927 4849 2156 4902 bonitas
2206 4847 2491 4916 elucesit;
2532 4851 2596 4899 ut
2639 4845 2748 4909 ibi,
2791 4844 2870 4897 mi
2912 4847 3094 4912 pater,
3137 4841 3216 4895 sit
3266 4855 3502 4908 semper

1838 4941 2030 4992 tecum
2056 4937 2370 4990 conversio
2393 4939 2450 4988 et
2471 4933 2845 4989 conversatio
2869 4936 3091 4999 nostra,
3112 4935 3174 4983 ut
3195 4945 3225 4982 a
3249 4933 3302 4983 te
3326 4929 3502 4983 cccle—

1841 5027 1973 5094 stia,
2009 5041 2122 5079 non
2155 5028 2734 5094 terrena,pelamus,
2764 5024 2862 5076 aut
2893 5023 3049 5074 certe
3080 5023 3158 5087 ut,
3176 5033 3286 5072 nos
3319 5019 3498 5086 spiri-

1841 5115 2029 5168 tuales
2060 5114 2193 5168 caeli
2228 5114 2394 5179 facti,
2438 5113 2496 5167 in
2536 5111 2709 5166 nobis
2759 5109 2836 5163 sit
2886 5109 3162 5162 habitatio
3195 5111 3310 5161 tua.
3351 5106 3500 5172 Quid

1844 5219 1990 5276 ergo
2021 5220 2132 5257 nos
2153 5202 2441 5256 tardabit?
2466 5201 2612 5265 Quid
2636 5215 2745 5252 nos
2769 5199 3064 5252 reti-abet?
3085 5197 3233 5261 Quid
3259 5197 3501 5264 impedi-

1843 5296 2033 5347 menta
2067 5291 2292 5360 parabit
2321 5291 2460 5361 quin
2493 5289 2814 5350 cmleslem,
2842 5301 2954 5339 non
2986 5287 3298 5350 terrenam,
3325 5285 3502 5336 vitam

1843 5381 2161 5450 ducamus,
2203 5383 2265 5434 ut
2310 5379 2367 5431 in
2411 5376 2585 5430 nobis
2613 5375 2692 5429 sit
2722 5374 2998 5428 habitatio
3045 5373 3190 5426 tua?
3234 5372 3281 5426 0
3325 5371 3504 5442 digna

1843 5469 2179 5535 admiratio,
2215 5468 2360 5521 mira
2392 5463 2682 5536 dignatio,
2735 5467 2791 5517 et
2839 5462 3187 5532 dignissima
3225 5460 3505 5514 habitatio

1843 5559 2062 5612 Christi
2086 5558 2143 5611 in
2166 5553 2368 5612 nobis!
2397 5555 2521 5626 Ego
2548 5553 2914 5607 fmdissimus
2940 5555 3114 5604 limus
3136 5553 3193 5603 et
3215 5549 3510 5602 abomina-

1845 5648 1982 5701 bilis
1998 5644 2619 5716 peccatorumlatrina,
2646 5645 2808 5696 valeo
2843 5654 2980 5694 esse
3003 5655 3075 5692 ex
3096 5639 3379 5692 immensa
3402 5635 3508 5689 Dei

1846 5736 1958 5789 mei
1991 5736 2297 5792 clementia
2328 5732 2770 5788 tabernaculum
2804 5730 2958 5800 ejus.
2987 5727 3055 5781 Et
3083 5726 3180 5795 qui
3215 5740 3343 5778 sum
3378 5722 3507 5786 ple-
