3948 6168
1490 257 1553 318 S.
1592 257 1967 320 ANSELMI
2007 255 2415 317 [.UCENSIS
2447 256 2855 318 EPISCOPI.

454 260 569 323 571
606 224 619 229 ’
1490 257 1553 318 s.
1592 257 1967 320 ANSEIMI
2007 255 2415 317 [.UCENSIS
2447 256 2855 318 EPISCOPI.
3723 266 3813 327 572

459 473 573 513 nus
596 458 761 513 sanie
793 461 849 512 et
878 458 1084 526 fetore,
1115 473 1216 512 ero
1251 461 1518 510 sanctum
1553 456 1656 510 Dei
1687 455 1983 525 templum.
2018 468 2118 506 sa-
2141 434 2193 497 Ᾱ
2232 452 2439 506 studeo
2472 452 2746 519 militare,
2783 451 2930 521 Sed,
2971 453 3230 522 domine,
3271 471 3458 508 nonne
3489 460 3719 512 creatura
3743 466 3814 514 tua

456 547 692 616 pientiae
744 546 951 611 sedes,
996 550 1051 599 et
1105 544 1498 599 habitaculum
1531 543 1782 614 Spiritus
1817 539 2032 596 sancti!
2074 541 2119 594 0
2232 541 2403 594 sum?
2435 540 2593 611 Ergo
2624 542 2904 596 adveniat
2928 558 3173 614 regnum
3206 549 3377 611 tuum,
3401 547 3459 597 ut
3486 547 3726 616 princeps
3742 549 3817 602 hu-

458 634 596 689 felix
629 633 786 688 dies!
819 634 865 688 0
897 634 1065 688 beata
1099 633 1241 687 hora
1276 650 1406 686 cum
1438 636 1611 688 talem
1642 631 1934 701 hospitem
1967 648 2118 699 pos-
2222 627 2327 699 jus
2364 630 2561 683 mundi
2590 630 2861 701 ejiciatur
2891 630 3085 697 foras,
3128 636 3186 685 tu
3235 632 3399 686 solus
3431 634 3485 687 in
3518 651 3597 688 me
3625 652 3815 707 regnes,

459 722 695 778 sidebo!
731 723 968 777 Tenebo
1000 739 1152 790 eum,
1179 739 1287 777 nec
1318 724 1600 778 dimittam
1634 738 1784 787 eum,
1807 721 1994 774 donec
2028 721 2117 772 in-
2230 720 2287 769 tu
2325 718 2490 772 solus
2521 718 2815 775 inhabites
2849 725 3100 773 mentem
3134 735 3338 789 meam,
3373 728 3544 775 totum
3574 740 3653 776 me
3678 740 3818 778 occu-

458 811 759 863 troducam
793 826 924 864 eum
953 826 965 865 :
1000 813 1113 865 imo
1146 811 1272 880 ipse
1305 812 1638 865 introducat
1671 826 1759 862 me
1788 809 1845 861 in
1881 809 2116 860 domum
2229 810 2324 875 pet
2358 823 2609 878 regnum
2638 811 2829 875 tuum,
2863 811 3045 861 totum
3087 808 3205 861 sibi
3246 809 3491 863 vindicet
3522 810 3817 867 desiderium

461 897 639 961 illius,
681 914 813 969 quae
847 914 1085 951 sursum
1116 903 1207 952 est
1240 899 1588 963 Jerusalem,
1614 898 1818 951 matris
1853 912 2019 962 meae,
2063 898 2119 948 et
2229 911 2443 962 meum,
2468 895 2633 949 solus
2662 896 2897 950 reﬁcias
2920 895 3189 950 affectum
3224 909 3432 951 meum.
3463 896 3601 962 Quid
3629 903 3820 968 qurere?

461 985 517 1038 in
550 985 882 1041 cubiculum
924 986 1231 1057 genitricis
1281 1003 1455 1055 meae,
1508 987 1733 1040 scilicet
1767 986 1823 1039 in
1856 986 2115 1038 intimam
2228 982 2376 1047 Quid
2399 983 2574 1038 volo?
2599 982 2748 1047 Quid
2774 984 3091 1039 desidero?
3119 984 3242 1049 Quo
3265 989 3485 1056 vagor?
3510 985 3623 1050 Quo
3642 986 3820 1042 discur-

461 1075 966 1143 contemplalionis
1020 1075 1308 1144 quietem,
1361 1075 1455 1128 ubi
1509 1074 1751 1141 cubant,
1804 1073 1903 1126 ubi
1954 1073 2116 1142 quie-
2227 1074 2335 1125 ro‘?
2368 1088 2476 1125 cur
2505 1072 2845 1127 distrahor?
2876 1073 3106 1127 Sufﬁcit
3136 1074 3296 1141 mihi,
3333 1074 3587 1143 Domine,
3624 1093 3820 1147 regnum

461 1165 634 1215 scunt
662 1163 871 1215 animae
901 1162 1165 1217 delicatae
1197 1163 1390 1220 (Cant.
1425 1167 1528 1229 tu).
2230 1165 2411 1228 tuum,
2432 1175 2577 1232 ergo
2600 1161 2880 1215 adveniat
2908 1177 3156 1232 regnum
3190 1167 3364 1215 tuum.
3400 1162 3551 1215 Nihil
3572 1163 3635 1217 de
3655 1167 3820 1219 caetero

529 1249 581 1303 3.
617 1249 803 1305 Pater
832 1257 1038 1305 noster
1088 1252 1186 1323 qui
1234 1268 1301 1306 es
1349 1252 1409 1305 in
1460 1250 1656 1314 caelis,
1711 1248 2118 1305 saneti/icetur
2231 1249 2511 1320 cogitem,
2545 1249 2686 1303 nihil
2724 1249 3089 1317 desiderem,
3127 1251 3269 1304 nihil
3314 1250 3598 1318 atTeclem,
3628 1252 3724 1305 nisi
3751 1268 3820 1305 re-

461 1354 665 1392 nomen
717 1343 902 1407 tuum,
946 1345 1057 1394 etc.
1108 1340 1154 1395 Ο
1198 1356 1372 1410 quam
1418 1341 1568 1394 bene
1618 1340 1903 1409 sequitur,
1942 1354 2116 1408 quam
2230 1354 2408 1408 gnum
2440 1341 2633 1405 tuum;
2680 1338 2757 1392 sit
2804 1338 2881 1392 ibi
2931 1337 3172 1393 refectio
3206 1355 3353 1401 mea,
3390 1341 3465 1393 sit
3495 1340 3572 1392 ibi
3599 1339 3821 1394 habitatio

458 1428 673 1495 optime
705 1431 1095 1495 continuatur,
1129 1444 1302 1499 quam
1343 1428 1785 1499 clegentissime
1816 1428 2119 1481 ordinatur
2229 1442 2376 1495 mea,
2413 1427 2488 1479 sit
2518 1426 2595 1480 ibi
2629 1429 2745 1481 tota
2775 1427 3149 1481 conversatio
3183 1443 3332 1481 mea.
3358 1428 3445 1481 Tu
3473 1428 3627 1482 solus
3652 1428 3819 1496 bonus,

456 1517 656 1585 petitio
696 1516 768 1570 ad
810 1516 1115 1585 praedicta,
1160 1518 1390 1570 scilicet
1436 1516 1860 1571 Sanctificatur
1909 1531 2117 1568 nomen
2227 1517 2285 1567 tu
2307 1515 2471 1568 solus
2491 1515 3824 1584 pulcher,tusolusamabilis,tusolusdesidera-

457 1610 613 1657 tuum
644 1605 716 1659 ad
748 1604 935 1659 Pater
965 1611 1169 1660 noster
1200 1606 1298 1677 qui
1328 1621 1395 1660 es
1426 1606 1485 1658 in
1518 1604 1703 1671 C(BIIS,
1756 1605 1890 1675 quia
1922 1604 2117 1658 tilialis
2225 1603 2363 1657 bilis
2396 1604 2719 1657 animarum
2742 1604 3083 1657 amator.Tu
3107 1605 3274 1658 solus
3297 1621 3391 1659 me
3417 1608 3675 1676 regas,tu
3697 1605 3822 1659 solus

458 1693 711 1761 devotio,
738 1694 1000 1748 caelestis
1024 1695 1435 1763 contemplatio
1459 1697 1643 1749 totum
1671 1694 1927 1747 animum
1953 1710 2117 1748 reve-
2227 1708 2317 1745 me
2350 1691 2604 1762 dirigas,
2648 1697 2710 1746 tu
2758 1692 2924 1746 solus
2965 1709 3055 1746 me
3094 1692 3355 1761 allicias,
3398 1697 3457 1747 tu
3504 1694 3656 1747 solus
3686 1697 3821 1746 totum

456 1782 642 1835 rentis
662 1782 767 1835 ﬁlii
791 1786 1076 1836 convertit
1106 1784 1162 1835 in
1193 1784 1425 1837 Patrem
1460 1783 1783 1847 ccelestem,
1804 1787 1865 1836 ut
1885 1783 2114 1849 clamet,
2150 1802 2201 1865 Β
2227 1796 2329 1833 cor
2359 1796 2550 1833 meum
2594 1781 2815 1834 habeas
2859 1782 3183 1834 animarum
3231 1782 3471 1836 zelator.
3517 1782 3574 1835 In
3601 1785 3649 1837 te
3675 1781 3821 1835 solum

458 1873 514 1923 et
546 1869 699 1924 dicat
742 1887 753 1923 :
811 1870 1234 1926 Sanctificatur
1264 1888 1469 1925 nomen
1504 1878 1678 1940 tuum,
1713 1872 1881 1941 quasi
1912 1871 2067 1924 dicat
2103 1886 2113 1924 :
2226 1873 2433 1938 peetus
2464 1884 2659 1922 meum
2691 1869 3060 1936 dulcoretur,
3098 1871 3151 1922 in
3182 1874 3235 1924 te
3268 1871 3462 1924 solum
3492 1872 3727 1940 quiescat
3752 1885 3824 1922 cor

457 1956 589 2011 Non
612 1962 878 2013 terrenas
901 1960 1158 2029 divitias,
1183 1960 1521 2027 delicias,et
1545 1961 1799 2014 honores
1831 1964 1986 2030 peto,
2010 1960 2116 2013 sed
2225 1972 2439 2024 meum,
2475 1961 2655 2012 totum
2689 1957 2919 2028 repleas
2962 1958 3217 2012 animum
3258 1975 3630 2025 incum,vcum
3658 1959 3823 2029 impetu

456 2051 517 2099 ut
549 2046 662 2099 sim
693 2048 750 2100 in
782 2051 838 2101 te
870 2050 1024 2102 totus
1074 2064 1406 2103 conversus
1428 2076 1457 2116 ,η
1495 2049 1607 2102 sim
1651 2052 1810 2102 totus
1855 2049 2113 2102 divinus.
2224 2046 2539 2123 ascendam
2573 2047 2643 2099 ad
2676 2050 2729 2100 te
2761 2049 3024 2101 centrum
3077 2051 3134 2100 et
3181 2063 3435 2119 regnum
3473 2048 3704 2102 omnium
3730 2047 3823 2099 aci-

456 2134 880 2191 Sanctiﬁcetur
910 2152 1115 2191 nomen
1150 2144 1335 2204 tuum,
1357 2142 1418 2191 ut
1442 2138 1669 2192 scilicet
1698 2153 1836 2207 pars
1870 2152 1998 2190 mea
2028 2152 2115 2189 ra-
2225 2150 2481 2199 marum;
2513 2150 2657 2204 ergo
2690 2135 2969 2188 adveniat
3003 2150 3249 2205 regnum
3285 2142 3461 2202 tuum,
3488 2135 3583 2189 ﬁat
3615 2134 3826 2190 voluntas

452 2224 783 2291 tionabilis,
820 2230 915 2279 tua
971 2226 1255 2295 sapientia
1290 2227 1608 2294 illustrata,
1642 2226 1795 2279 omni
1830 2241 2028 2279 crrore
2061 2228 2117 2278 et
2227 2230 2321 2275 tua
2344 2225 2495 2275 sicut
2521 2224 2580 2275 in
2604 2223 2747 2277 cer-lo
2766 2230 2822 2277 et
2847 2224 2904 2276 in
2931 2230 3114 2277 terra.
3141 2224 3261 2277 Hoc
3288 2224 3566 2293 volo,hoc
3584 2223 3821 2280 desidem.

452 2313 831 2384 ambiguitate
875 2318 932 2369 et
974 2315 1395 2369 tenebrositate
1429 2318 1694 2384 purgata,
1730 2314 1941 2369 habeat
1973 2330 2114 2367 san-
2224 2310 2336 2363 hoc
2371 2311 2507 2364 totis
2538 2312 2714 2365 animi
2740 2311 3076 2366 visceribus
3101 2315 3484 2382 concupisco,
3508 2316 3566 2366 ut
3592 2313 3642 2364 in
3669 2327 3759 2377 me,
3774 2309 3824 2362 de

452 2401 799 2471 ctissimam,
830 2403 888 2456 id
919 2408 1010 2457 est
1039 2404 1419 2473 purissimam
1452 2405 1711 2457 notitiam
1742 2405 1844 2456 tui.
2225 2416 2314 2453 me
2350 2405 2404 2452 et
2436 2416 2542 2468 pro
2574 2415 2687 2466 me,
2715 2415 2827 2453 non
2854 2416 2999 2465 mea,
3022 2402 3127 2454 sed
3152 2403 3269 2465 tua,
3298 2402 3397 2454 fiat
3418 2403 3825 2465 vo!untas,!0tus

520 2488 573 2543 4.
608 2490 911 2545 Adveniet
943 2507 1190 2563 regnum
1224 2499 1398 2553 tuum,
1432 2496 1495 2545 ut
1524 2509 1649 2545 mea
1677 2492 1994 2545 irascibilis
2028 2490 2109 2562 [ii
2222 2491 2361 2541 tuus
2394 2489 2534 2552 sim,
2566 2491 2724 2542 totus
2765 2488 2823 2540 in
2862 2491 3023 2541 tuum
3074 2490 3264 2543 solum
3317 2490 3547 2543 tendam
3578 2490 3821 2542 honorem.

453 2577 793 2650 voluntas],
825 2583 920 2632 tua
954 2581 1207 2647 potentia
1258 2582 1558 2647 roborata,
1592 2581 1661 2635 ad
1696 2580 2012 2633 sublimitat

2264 2576 2311 2629 .d
2348 2577 2457 2629 hoc
2490 2576 2681 2629 factus
2715 2592 2878 2640 sum,
2928 2576 3000 2630 ad
3047 2577 3159 2630 hoe
3204 2580 3381 2632 natus
3414 2594 3573 2645 sum,
3602 2581 3656 2630 ut
3681 2576 3823 2629 solum

453 2665 534 2717 tui
566 2667 735 2737 regni
776 2670 1155 2723 conscendat.
1187 2669 1317 2722 Fiat
1342 2670 1609 2723 voluntas
1627 2675 1741 2736 tua,
1760 2673 1821 2722 ut
1839 2686 1962 2722 mea
1984 2685 2116 2723 con-
2224 2668 2385 2718 tuum
2418 2665 2715 2735 requiram
2749 2665 3197 2720 honorem.Jam
3223 2682 3343 2721 non
3368 2667 3563 2720 ﬂectar
3591 2665 3654 2718 ad
3682 2678 3825 2716 meum

452 2755 843 2822 cupiscibilis,
877 2759 974 2810 tua
1004 2757 1261 2811 bonitate
1294 2757 1615 2825 dulcorata,
1643 2758 1757 2811 imo
1787 2758 1883 2810 tua
1916 2757 2112 2811 chari-
2224 2754 2570 2823 appetitum,
2598 2752 2720 2823 jam
2766 2769 2881 2807 non
2930 2754 3234 2824 proprium
3286 2755 3580 2825 requiram
3620 2767 3824 2807 commo-

448 2845 563 2895 tate
594 2842 853 2912 perfecta
888 2845 1059 2915 plene
1090 2848 1189 2899 tuo
1219 2846 1587 2915 beneplacito
1618 2847 1915 2917 quiescat,
1951 2850 2011 2899 ut
2040 2862 2110 2900 ex
2223 2841 2379 2905 dum,
2406 2840 2529 2910 jam
2563 2857 2678 2894 non
2712 2841 3085 2895 considerem
3108 2842 3435 2897 amicorum
3455 2841 3720 2908 affectum,
3740 2854 3823 2891 n00

447 2945 590 2983 vera
640 2930 973 2987 dilectionis
1023 2934 1275 2988 amicitia
1315 2935 1392 2989 sit
1430 2936 1581 2989 idem
1632 2935 1784 2989 velle
1834 2939 1889 2988 et
1935 2951 2006 2989 no

2265 2930 2475 2999 agitem
2510 2928 2647 2998 quid
2680 2945 2963 2999 amarum,
2995 2930 3085 2983 vel
3120 2930 3324 2999 dulce;
3358 2930 3737 2984 honoriﬁcium
3760 2925 3824 2979 vel

448 3018 575 3086 Vel,
610 3020 1022 3075 sanetilieetur
1054 3038 1260 3077 nomen
1291 3030 1467 3091 tuum,
1493 3029 1771 3094 quantum
1805 3024 1875 3077 ad
1907 3040 2112 3093 puram
2221 3016 2366 3081 Vile;
2400 3017 2505 3070 sed
2539 3019 2731 3071 solum
2776 3018 2925 3071 nitar
2955 3018 3012 3070 in
3046 3019 3324 3073 omnibus
3357 3024 3516 3073 tuum
3550 3016 3825 3087 bencplaci-

447 3108 709 3161 notitiam
740 3109 1092 3165 intellectus.
1120 3112 1424 3166 Adveniet
1452 3128 1699 3183 regnum
1729 3119 1903 3181 tuum,
1930 3130 2005 3183 qu

2261 3121 2339 3157 im
2400 3105 2748 3175 adimplere,
2809 3106 3051 3159 difﬁcile
3096 3107 3189 3159 vel
3239 3107 3406 3173 leve;
3461 3121 3712 3177 asperum
3759 3102 3820 3155 vel

445 3199 565 3249 tum
596 3197 669 3249 ad
703 3197 942 3252 fervens
973 3200 1337 3255 desiderium
1372 3200 1635 3255 affectus,
2150 3192 2437 3261 “suave;
2471 3195 2575 3247 sed
2597 3209 2728 3247 cum
2749 3196 2989 3264 impetu,
3010 3198 3063 3249 ct
3086 3194 3386 3250 desiderio
3419 3196 3654 3250 ferventi
3674 3198 3719 3247 et
3736 3192 3824 3245 ani-

514 3285 566 3338 5.
611 3284 747 3339 Fiat
784 3287 1050 3342 voluntas
1097 3295 1190 3342 tua
1240 3290 1394 3343 sicut
1424 3291 1485 3343 in
1519 3290 1663 3344 co-lo
1702 3296 1759 3343 et
1809 3291 1869 3344 in
1922 3296 2073 3344 terra

2266 3283 2298 3335 ii
2321 3282 2610 3336 anxietate
2630 3298 2828 3337 curem
2854 3283 3136 3351 perficere
3159 3299 3294 3353 quin
3317 3286 3439 3338 tum
3454 3282 3711 3337 voluntati
3726 3284 3825 3334 sunt

442 3372 732 3435 Quantum
766 3376 834 3429 ad
868 3377 1193 3444 perfectum
1217 3378 1568 3449 obsequium
1592 3377 1856 3433 etfectus.
1877 3378 2110 3433 Sancti-
2220 3371 2451 3441 pluctla-
2494 3371 2618 3424 Hoc
2649 3372 2840 3425 solum
2874 3372 3012 3425 mihi
3044 3387 3249 3439 suave,
3296 3372 3412 3427 hoc
3458 3375 3639 3427 solum
3668 3371 3729 3423 si!
3751 3369 3825 3438 ju°

446 3458 654 3514 ticetur
682 3477 827 3533 ergo
855 3464 913 3517 in
946 3465 1120 3518 nobis
1153 3481 1367 3520 nomen
1387 3469 1570 3533 tuum,
1596 3468 1752 3536 quod
1784 3468 1856 3521 ab
1889 3470 2005 3521 inte:

2266 3459 2499 3527 uadum,
2534 3460 2645 3513 hoc
2677 3460 2869 3513 solum
2919 3460 3060 3513 mihi
3102 3462 3251 3527 leve,
3287 3461 3402 3515 hoc
3433 3459 3762 3523 delectabile,
3787 3460 3825 3508 et

446 3548 888 3603 sanctissimum
921 3555 1043 3613 est,
1081 3557 1140 3605 ut
1172 3553 1454 3623 quidquid
1484 3554 1755 3607 videmus
1780 3597 1793 3623 ,
1828 3555 2110 3625 quidquid

446 3635 742 3704 audimus,
773 3638 1057 3708 quidquid
1092 3640 1475 3711 intelligimus
1505 3648 1560 3695 et
1592 3645 1902 3711 sentimus,
1929 3649 2110 3698 totum

445 3723 515 3776 ad
547 3723 912 3779 sanctissimi
961 3727 1042 3780 tui
1093 3728 1347 3781 nominis
1396 3730 1771 3799 ordinemus;
1824 3734 1883 3785 ut
1933 3732 2110 3785 sicin

447 3810 622 3864 nobis
645 3827 858 3866 nomen
880 3816 1041 3868 tuum
1066 3818 1333 3869 sanctum
1355 3817 1449 3884 sit,
1468 3818 1597 3872 sine
1619 3822 1773 3873 terra
1797 3824 1851 3873 et
1873 3837 2106 3891 purum,

445 3899 506 3950 ut
536 3899 779 3952 excussi
826 3903 882 3953 et
928 3903 1159 3973 purgati
1191 3902 1263 3956 ab
1296 3905 1452 3958 omni
1487 3907 1825 3960 curiositate
1857 3910 1913 3960 et
1943 3907 2110 3961 vani-

442 3987 557 4040 tate
589 3990 646 4040 et
678 3987 834 4041 omni
866 3989 1056 4043 inutili
1087 3990 1414 4060 phantasia.
1438 3996 1493 4047 te
1518 3994 1712 4048 solum
1746 3995 1801 4048 in
1834 3995 2110 4049 omnibus

442 4087 842 4143 agnoscamus
866 4091 1122 4147 semper,
1140 4079 1409 4149 piissime
1432 4086 1488 4135 et
1512 4083 1889 4137 sanctissime
1911 4084 2107 4148 Pater;

441 4161 656 4214 mentis
696 4166 917 4218 nostrae
951 4166 1161 4219 oculus
1192 4167 1260 4219 ad
1287 4170 1342 4220 te
1374 4168 1568 4223 lumen
1603 4173 1886 4224 aeternum
1917 4170 2110 4225 inces-

443 4249 708 4304 sabiliter
736 4251 1054 4324 dirigatur;
1088 4270 1327 4325 semper
1356 4261 1410 4309 te
1444 4260 1543 4327 qui
1579 4259 1632 4311 in
1668 4259 1962 4321 omnibus,
1990 4265 2046 4313 et
2079 4277 2108 4313 a

441 4351 557 4407 quo
587 4339 780 4392 omnia
815 4345 974 4408 sunt,
996 4342 1053 4393 iu
1077 4343 1352 4397 omnibus
1388 4350 1442 4398 te
1474 4346 1721 4414 intuear,
1744 4348 1799 4399 in
1834 4348 2109 4403 omnibus

438 4427 496 4478 te
527 4442 870 4496 agnoscam.
895 4428 941 4482 Ο
971 4445 1146 4499 quam
1178 4431 1348 4486 dulce
1381 4433 1578 4487 lumen
1614 4440 1669 4488 et
1698 4436 2046 4491 delectabile
2078 4455 2106 4490 a

439 4515 496 4567 te
528 4514 656 4568 sole
685 4514 932 4585 justitiaa
956 4533 1257 4588 nunquam
1280 4521 1493 4575 mentis
1520 4522 1787 4577 intuitum
1813 4525 2105 4581 amovere!

439 4601 488 4657 0
516 4620 694 4675 quam
725 4604 948 4670 dulcis,
989 4621 1165 4677 quam
1214 4609 1504 4663 amabilis.
1539 4625 1714 4680 quam
1746 4613 2109 4669 admirabilis

438 4691 629 4746 oculis
662 4695 884 4747 nostris
915 4696 1149 4749 tuorum
1179 4695 1417 4750 claritas
1450 4698 1778 4754 radiorum!
1823 4701 2107 4756 Sanctiﬁ-

440 4787 612 4835 eetur
641 4796 789 4853 ergo
822 4798 1031 4837 nomen
1076 4788 1251 4838 tuum.
1305 4785 1402 4839 Ad
1412 4787 1608 4841 veniat
1646 4805 1895 4858 regnum
1928 4796 2106 4845 tuum.

442 4867 612 4923 Nunc
644 4869 889 4925 Domine
920 4870 1104 4939 Deus,
1130 4887 1380 4942 regnum
1412 4872 1595 4942 hujus
1628 4876 1827 4930 mundi
1859 4892 2106 4947 occupa.

442 4955 525 5009 vit
553 4957 805 5011 animam
840 4974 1047 5025 meam,
1087 4961 1203 5013 imo
1234 4963 1413 5014 totam
1442 4962 1776 5033 dissipavit,
1812 4967 1990 5019 totam
2019 4965 2108 5019 la-

442 5044 683 5110 ceravit,
722 5048 899 5100 totam
931 5045 1194 5114 foedavit,
1230 5050 1407 5102 totam
1439 5048 1790 5121 denigravit,
1824 5068 2107 5120 Sponsam

443 5131 598 5183 tuam
628 5130 931 5202 dilectam,
976 5136 1227 5189 animam
1276 5151 1491 5199 meam,
1542 5142 1723 5193 totum
1758 5156 1861 5193 cor
1891 5156 2105 5209 meum,

442 5218 625 5271 totum
654 5219 911 5274 animum
945 5237 1158 5291 meum,
1199 5226 1383 5278 totum
1415 5223 1687 5280 aﬂ‘ectum
1720 5242 1912 5281 meum
1947 5230 2108 5281 vani-

441 5306 564 5370 tas,
605 5306 721 5360 imo
756 5307 991 5363 foeditas
1023 5311 1205 5382 hujus
1240 5313 1454 5367 mondi.
1508 5314 1643 5369 Ideo
1680 5331 1795 5368 non
1829 5315 1945 5369 nisi
1974 5332 2108 5386 quae

442 5394 644 5447 mundi
699 5400 838 5450 sunt
895 5400 1107 5467 sentio,
1156 5416 1289 5470 quae
1338 5402 1535 5457 carnis
1584 5406 1722 5457 sunt
1772 5408 2002 5472 appeto,
2052 5408 2113 5459 et

442 5481 570 5536 sola
616 5487 846 5538 terrena
893 5486 1089 5557 cogito
1134 5491 1191 5541 et
1232 5487 1463 5543 affecto.
1514 5488 1728 5545 Factus
1761 5507 1891 5545 sum
1925 5492 2106 5563 hujus

444 5571 644 5625 mundi
676 5571 851 5641 cinis,
877 5576 934 5626 et
964 5574 1077 5626 sub
1111 5572 1293 5644 hujus
1324 5578 1521 5631 mundi
1556 5579 1820 5649 principe
1853 5580 2107 5635 sollicite

2220 3638 2437 3690 amaris
2495 3642 2651 3690 tuam
2710 3636 3008 3707 requiram
3067 3637 3357 3707 perﬁcere
3408 3638 3750 3692 voluntatem.
3793 3630 3825 3683 Ο

2221 3725 2530 3795 gaudium,
2564 3729 2621 3778 et
2655 3724 3032 3795 jucunditas,
3086 3728 3140 3779 et
3188 3727 3507 3781 exsultatio
3546 3721 3825 3778 medullaris

2224 3902 2294 3955 ad
2327 3917 2558 3956 omnem
2589 3906 2751 3955 tuum
2784 3902 3088 3969 honorem,
3117 3918 3293 3973 quem
3323 3905 3551 3973 possim
3580 3899 3730 3955 modo
3753 3896 3825 3949 ali-

2224 4079 2417 4133 omnia
2457 4084 2552 4133 tua
2583 4080 2931 4150 ministeria,
2967 4080 3042 4132 mi
3076 4080 3344 4147 Domine,
3376 4079 3680 4149 adimplere
3695 4068 3825 4129 !'Ma-

2222 4168 2316 4239 gis
2348 4168 2601 4239 gaudeo,
2647 4168 2837 4239 magis
2867 4168 3150 4237 approbo,
3181 4170 3440 4239 amplius
3468 4170 3601 4223 totis
3630 4163 3824 4219 artubus

2221 4260 2277 4310 et
2306 4256 2644 4311 visceribus
2680 4258 3039 4326 concupisco
3070 4272 3161 4311 me
3195 4260 3376 4311 totum
3419 4255 3731 4327 impendere
3755 4254 3825 4303 tuo

2219 4344 2462 4411 honori,
2499 4359 2590 4398 me
2621 4344 2836 4398 divinae
2872 4348 2988 4398 tuae
3018 4345 3368 4400 satisfacere
3404 4343 3667 4401 voluntati
3694 4352 3825 4410 quam

2219 4438 2274 4485 et
2303 4435 2821 4502 quantumcunque
2855 4433 3199 4487 caelestibus
3222 4438 3278 4489 et
3301 4434 3519 4488 divinis
3541 4426 3824 4496 deliciisjlr

2219 4625 2332 4670 rer,
2378 4613 2433 4662 et
2473 4610 2787 4678 passiones
2832 4615 2887 4661 et
2931 4613 3151 4663 mortes
3198 4625 3583 4680 quascunque
3611 4607 3673 4660 ad
3700 4608 3823 4657 tuum

2218 4786 2289 4839 de
2318 4801 2668 4857 quacunque
2717 4786 3101 4841 delectatione
3146 4803 3319 4858 quam
3365 4787 3540 4840 etiam
3586 4786 3637 4836 in
3680 4778 3821 4850 patria

2219 4874 2437 4928 habere
2480 4889 2753 4944 possem,
2790 4874 2902 4928 nisi
2933 4874 3191 4929 fortasse
3241 4876 3299 4928 in
3349 4876 3445 4928 illa
3495 4868 3822 4927 delectatione

2217 4966 2437 5016 tantum
2477 4966 2576 5017 aut
2617 4963 2750 5032 plus
2795 4962 3031 5017 cederet
3078 4962 3148 5016 ad
3197 4964 3281 5017 tui
3332 4963 3639 5025 honorem;
3667 4962 3713 5011 et
3740 4954 3821 5006 hoc

2218 5052 2389 5105 etiam
2434 5066 2550 5104 non
2592 5052 2815 5105 ratione
2873 5050 3309 5121 delectationis,
3357 5051 3461 5105 sed
3524 5049 3726 5103 ratione
3763 5038 3821 5093 tui

2217 5139 2465 5193 honoris
2497 5143 2791 5209 Optarem;
2837 5155 2950 5194 non
3001 5141 3157 5194 enim
3203 5141 3393 5194 factus
3426 5155 3555 5193 sum
3582 5136 3646 5190 ad
3676 5142 3820 5186 meam

2216 5317 2353 5370 tiam
2402 5316 2823 5370 honorandum.
2866 5314 3015 5380 Quid
3063 5317 3203 5370 mihi
3254 5317 3489 5387 majus?
3533 5312 3669 5376 Quid
3712 5301 3818 5360 mihi

2217 5405 2490 5459 dulcius?
2518 5404 2664 5469 Quid
2692 5404 2828 5457 mihi
2855 5406 3165 5458 amabilius
3196 5421 3369 5476 quam
3409 5408 3582 5458 totum
3616 5401 3667 5452 in
3694 5400 3816 5448 tuum

2215 5493 2501 5548 honorem
2530 5492 2787 5547 resolvi?
2820 5493 2867 5547 0
2897 5492 3210 5565 gaudium!
3258 5493 3304 5548 Ο
3335 5493 3654 5562 tripudium,
3683 5492 3815 5538 omne

2216 5582 2358 5636 mihi
2374 5583 2633 5652 jubilare
2652 5582 2945 5651 solatium,
2962 5583 3116 5653 quod
3140 5583 3365 5652 possim
3384 5579 3595 5651 aliquid
3616 5572 3814 5646 quanta-

2219 4520 2483 4575 cundari.
2532 4520 2592 4574 Si
2626 4521 2778 4573 enim
2810 4536 2916 4591 pro
2949 4524 3022 4586 te,
3058 4522 3133 4574 mi
3167 4522 3422 4591 domine,
3452 4522 3689 4576 totaliter
3712 4517 3826 4568 lace-
3880 4542 3881 4591 ,

2220 4698 2502 4752 honorem
2549 4698 2873 4767 reciperem
2890 4739 2904 4765 ,
2929 4697 3001 4752 de
3038 4698 3126 4752 eis
3150 4700 3341 4769 magis
3365 4698 3556 4770 gaude
3578 4704 3825 4763 remquam
3878 4708 3879 4770 θ

2219 5229 2531 5282 vanitatem
2562 5228 3011 5294 consolandam,
3050 5229 3155 5282 sed
3200 5229 3273 5282 ad
3310 5230 3461 5282 tuam
3497 5221 3820 5295 magniticen-
3874 5282 3875 5293 χ

2219 3548 2469 3601 amabile
2518 3549 2577 3601 in
2617 3551 3135 3619 quantumcunque
3166 3550 3426 3619 asperis,
3460 3548 3766 3603 difficilibus
3789 3546 3827 3595 et
3888 3582 3889 3587 η

2223 3817 2405 3867 totum
2437 3816 2494 3867 et
2523 3815 2794 3881 totaliter,
2837 3830 3093 3885 semper,
3132 3818 3188 3869 et
3216 3815 3439 3886 ubique
3471 3826 3737 3884 exponere
3762 3820 3825 3859 me
3886 3802 3887 3857 Ξ

2223 4005 2338 4059 quo
2370 3989 2599 4044 etl‘ectui
2651 3989 3019 4060 mancipare!
3060 3991 3107 4045 0
3156 3992 3378 4046 utinam
3432 3992 3591 4046 solus
3637 3998 3827 4058 possem
3884 4058 3885 4061 η
