3948 6168
162 327 257 390 5'73
1401 326 1857 392 OPUSCULA
1888 330 2205 394 SPURIA
3398 345 3518 409 574

161 537 349 594 cunque
375 520 691 576 difﬁcultate
721 520 921 577 facere
951 523 1025 577 ad
1069 525 1233 579 tuum
1276 523 1584 580 honorem.
1619 525 1748 581 Hoc
1782 516 1831 578 A
1858 525 1964 565 (εον
1995 527 2186 568 meum
2215 514 2288 568 δά
2319 517 2675 578 momentum
2706 518 2778 574 ab
2808 519 2922 576 isto
2963 522 3096 577 cibo
3142 522 3513 579 nobilissimo

160 615 230 667 est
252 609 559 682 angelorum
587 610 887 680 gaudium,
920 611 1164 667 cmleste
1214 613 1607 683 desiderium,
1648 631 1719 687 pa

1952 600 2121 654 iarari
2135 601 2164 655 ἱ)
2181 601 2251 655 Et
2264 602 2316 655 si
2330 618 2511 672 super
2523 621 2638 659 non
2653 621 2898 676 possum
2913 609 3105 678 ipsum
3119 616 3511 667 sacramenta-

155 700 256 754 triae
281 698 555 769 praemium
579 712 759 767 posse
790 698 893 752 tibi
924 700 1180 755 totaliter
1206 686 1747 772 obsequi,totaliter
1858 686 1993 741 mer
2022 704 2279 758 Sumere,
2312 691 2522 747 Saltem
2553 709 2658 749 (⁵01⁵
2686 712 2876 750 meum
2912 697 3105 767 ipsum
3133 701 3514 769 εΡίΡίῑυτιῙίίθΓ

157 790 268 842 inte
293 785 439 855 ferri,
482 788 591 839 tuae
622 786 905 858 voluntati
950 789 1214 858 plenarie
1262 789 1638 855 conformari,
1688 794 1745 846 et
1860 776 3099 840 nondesinatruminare.lnveritatemirum
3116 792 3170 842 et
3196 788 3516 859 plusquam

152 882 281 932 mum
321 875 584 928 honorem
631 877 689 928 ει
737 876 1234 946 magniﬁcentiam
1280 878 1579 934 admirari.
1610 879 1744 935 Non
1866 863 2078 919 mirum
2107 867 2339 922 videtur
2366 873 2579 941 quanto
2608 888 2732 942 prae
2754 873 2995 930 dulcore
3020 878 3077 930 et
3091 876 3267 931 nimio
3287 877 3516 931 ardoris

157 964 333 1032 dubito,
362 962 467 1015 imo
494 966 693 1016 cst-tus
725 978 879 1033 sum,
913 965 1068 1036 quod
1100 966 1236 1034 plus
1265 967 1524 1038 gaudent
1548 969 1746 1040 angeli
1863 951 2100 1009 fervore
2132 971 2237 1010 cor
2268 973 2385 1012 non
2414 959 2606 1013 deﬁcit
2638 961 2695 1015 in
2728 961 2838 1016 hoc
2871 964 3022 1018 cibo.
3049 965 3141 1039 Tu,
3163 964 3518 1031 sol!1s,bone

155 1051 396 1106 etanimaa
420 1053 634 1105 sanctae
651 1050 723 1105 de
742 1052 1181 1124 magniﬁcentia
1201 1054 1284 1109 tui
1303 1055 1548 1111 honoris
1570 1072 1747 1127 quam
1859 1040 2025 1111 J93“,
2060 1043 2148 1097 δίε
2181 1044 2352 1099 Cibus
2383 1062 2574 1117 meus:
2619 1054 2675 1103 θι
2722 1051 2967 1106 refectio
3011 1069 3178 1123 mea;
3220 1058 3275 1109 ῒθ
3321 1054 3516 1108 εοῘωῐὶ

158 1140 209 1194 de
232 1138 627 1210 magniﬁcentia
657 1139 868 1211 gloriae
897 1157 1045 1196 sum.
1079 1141 1151 1196 Et
1179 1142 1311 1197 ideo
1343 1142 1445 1198 ῆει
1479 1149 1748 1200 voluntas
1858 1131 2154 1187 esuriam:
2190 1136 2245 1187 te
2275 1134 2537 1204 avide,et
2563 1138 2877 1194 insatiabili
2899 1143 3158 1211 appetitu
3186 1144 3512 1209 comedam,

154 1234 224 1282 tua
247 1228 379 1282 sicut
412 1228 472 1281 in
502 1226 646 1284 caelo
684 1234 743 1283 et
779 1229 843 1283 in
890 1234 1074 1286 terra.
1107 1229 1177 1285 In
1217 1230 1397 1301 caelo,
1431 1232 1660 1288 scilicet
1688 1234 1749 1288 in
1854 1222 1909 1272 θι
1940 1234 2178 1290 semper
2206 1221 2514 1279 famelicus
2533 1226 2646 1280 Sim
2668 1227 2945 1293 ἰαί-ΩιιῙά
2977 1234 3032 1285 ιθ
3062 1231 3335 1285 duicius‘?
3355 1230 3505 1296 QUid

151 1315 436 1370 caelestibus
463 1314 794 1386 spiritibus.
820 1317 903 1372 Et
932 1318 996 1372 in
1028 1324 1216 1389 terra,
1244 1320 1475 1375 scilicet
1491 1320 1549 1374 in
1571 1321 1710 1376 nobi

1956 1309 2225 1364 suavius?
2241 1309 2389 1376 Quid
2408 1316 2462 1367 te
2483 1315 2815 1386 amabilius,
2831 1317 2985 1372 bone
3004 1318 3192 1374 Jesu?
3212 1320 3292 1375 Te
3324 1320 3515 1376 solum

154 1402 469 1459 hominibus:
502 1403 733 1459 scilicet
755 1407 873 1460 tuae
902 1406 1191 1462 voluntati
1211 1407 1358 1464 adeo
1389 1408 1658 1480 libenter,
1690 1424 1713 1464 ε

1958 1412 1991 1450 o
2023 1398 2353 1469 comedere,
2390 1404 2443 1455 te
2476 1403 2671 1457 solum
2698 1406 2871 1474 cupio
2902 1407 3236 1462 masticare.
3254 1408 3339 1463 Tu
3371 1410 3511 1464 mihi

151 1492 393 1546 ferventer
412 1494 467 1546 et
496 1492 829 1548 voluntarie
857 1493 1278 1566 obsequemur,
1312 1497 1368 1549 et
1396 1498 1513 1551 tum
1541 1492 1710 1551 volun

1949 1500 2093 1553 nper
2121 1485 2434 1542 dulcescas
2453 1490 2511 1543 in
2527 1490 2724 1546 corde.
2741 1491 2916 1547 Solus
2941 1493 3087 1548 odor
3108 1497 3243 1549 tuus
3267 1495 3508 1551 deberet

151 1582 223 1634 tati
238 1580 464 1635 totaliter
478 1580 921 1637 conformemur
939 1583 1269 1638 secundum
1292 1585 1710 1654 possibilitate:

1946 1571 2100 1627 icere
2128 1575 2312 1628 totum
2345 1577 2645 1648 mundum,
2679 1585 2896 1650 quanto
2928 1584 3121 1654 magis
3154 1583 3368 1639 cibatio
3391 1583 3505 1641 tua!

147 1671 323 1723 nostra:
347 1668 592 1724 virtutis.
1650 1697 1662 1708 -

1952 1661 2005 1715 in
2032 1662 2220 1716 verbo
2250 1664 2407 1734 quod
2433 1667 2703 1736 procedit
2745 1684 2820 1724 ex
2848 1685 2949 1725 ore
2979 1674 3078 1724 tuo
3126 1672 3426 1727 reficimur
3456 1676 3511 1728 et

195 1755 236 1810 6.
262 1755 463 1811 Panem
492 1762 762 1813 nostrum
796 1759 1195 1831 quotidianum
1226 1759 1300 1815 da
1331 1760 1506 1816 nobis
1544 1760 1744 1817 hodie.

1958 1750 2110 1805 imus
2138 1750 2376 1823 (Matth.
2426 1755 2527 1825 IV),
2560 1755 2701 1826 quid
2750 1757 2864 1813 erit
2909 1761 2964 1811 te
3012 1758 3211 1829 ipsum
3258 1760 3515 1829 Verbum

146 1842 491 1915 Oquambone
509 1845 954 1919 ordinat,qusm
972 1848 1746 1921 s1egsntspconjungithmc
1773 1891 1819 1921 Β
1853 1841 2136 1894 ωιθιτηυω
2166 1856 2270 1896 ore
2318 1843 2606 1915 recipere,
2637 1847 2693 1900 et
2738 1847 2933 1901 cordis
2979 1847 3257 1904 dentibus
3306 1850 3514 1904 masti-

144 1932 283 1987 verba
305 1932 658 2003 praemissis]
709 1934 780 1990 Et
823 1937 1098 2007 quamvis
1142 1937 1214 1991 de
1264 1953 1414 2008 pane
1459 1938 1745 1993 materiam
1770 1928 1820 1953 υ
1856 1928 2347 1994 care?Quomodo
2379 1947 2495 1986 non
2526 1933 2616 1988 sic
2648 1950 2752 1988 cor
2778 1951 2973 1990 meum
3004 1936 3326 1992 delectatur
3355 1938 3413 1991 in
3434 1941 3510 2005 te,

144 2024 185 2075 et
204 2020 458 2091 spirituali
485 2023 684 2093 possit
721 2024 955 2094 exponi,
1002 2024 1074 2080 de
1105 2026 1520 2080 sacramentali
1551 2030 1745 2081 tamen
1854 2020 1916 2071 ut
1946 2019 2136 2072 omnia
2168 2019 2557 2076 obliviscatur
2583 2028 2807 2092 praeter
2838 2025 2937 2079 te?
2965 2025 3025 2079 Si
3070 2025 3291 2097 aliquid
3323 2029 3512 2081 terre-

141 2123 254 2177 pane
274 2110 504 2166 maxime
533 2127 905 2181 exponamus
933 2112 1006 2167 sd
1050 2129 1342 2183 prmssns,
1377 2114 1477 2184 Et,
1509 2118 1573 2169 ut
1601 2114 1742 2185 dixi,
1852 2121 2011 2175 num,
2039 2107 2155 2161 imo
2185 2109 2507 2165 similitudo
2538 2111 2780 2180 terreni,
2815 2116 3036 2167 tantum
3068 2115 3381 2185 aliquando
3412 2130 3515 2169 cor

142 2196 212 2250 hic
233 2196 284 2251 in
310 2197 421 2253 Deo
451 2201 842 2272 estegregius
874 2200 1193 2267 ordo.Quis
1215 2202 1361 2258 adeo
1382 2202 1600 2274 dignus
1630 2205 1744 2273 est,
1852 2210 2046 2249 meum
2078 2200 2326 2266 Occupat
2345 2202 2405 2252 ιιι
2435 2198 2680 2253 aliarum
2729 2217 2927 2257 rerum
2976 2202 3315 2271 Obliviscars
3363 2220 3515 2276 quo-

140 2285 239 2354 quis
259 2285 387 2341 adeo
414 2285 656 2342 humilis
674 2288 857 2343 estad
881 2290 1322 2359 susceptionem
1345 2291 1531 2362 hujus
1551 2306 1746 2345 sacra.
1852 2284 2027 2338 modo
2054 2287 2151 2338 tua
2176 2284 2491 2340 verissima
2522 2289 2836 2356 praesentia
2866 2305 2986 2345 non
3016 2306 3107 2344 me
3138 2294 3358 2345 tantum
3387 2292 3515 2346 refi-

143 2373 280 2427 menti
302 2374 367 2429 ad
393 2373 761 2431 oﬂ'erendum
791 2376 1005 2432 Filium
1036 2378 1159 2434 Deo
1188 2379 1367 2449 Patri,
1401 2383 1461 2433 ut
1488 2379 1587 2434 ins
1618 2381 1741 2451 qui,
1855 2372 1933 2425 cit
1960 2377 2016 2426 et
2045 2371 2296 2427 inebriat
2324 2378 2386 2429 ut
2415 2374 2593 2429 totius
2624 2377 2829 2430 mundi
2859 2377 3199 2448 obliviscar,
3234 2382 3290 2434 et
3337 2380 3511 2435 etiam

142 2461 256 2515 sicut
284 2463 675 2533 supradictum
702 2469 814 2536 est,
829 2481 897 2520 se
924 2465 1180 2521 totaliter
1208 2467 1269 2521 in
1297 2467 1485 2523 Deum
1516 2468 1745 2523 ordina-
1855 2459 2010 2515 mei?
2031 2460 2201 2515 Hunc
2215 2462 2559 2532 ergO,Pater
2571 2462 2854 2534 caelestis,
2878 2480 3085 2535 panem
3108 2467 3510 2537 quotidianum

143 2547 201 2603 vit
221 2555 473 2621 quantum
500 2552 574 2606 ad
602 2552 990 2623 intellectum,
1021 2553 1315 2625 affectum,
1345 2559 1401 2611 et
1446 2554 1741 2626 sﬁ‘ectum,
1851 2548 2024 2604 bodie
2046 2548 2220 2604 nobis
2243 2550 2523 2604 concede.
2557 2550 2673 2606 Sed
2703 2552 2899 2622 hodie,
2929 2553 3175 2609 Domine
3219 2555 3401 2626 Deus,
3432 2557 3510 2612 da

139 2638 209 2707 qui
233 2653 290 2693 ae
315 2642 486 2695 totum
514 2640 642 2697 Deo
678 2642 905 2713 obtulit,
936 2646 1121 2699 totum
1162 2659 1231 2700 se
1261 2644 1557 2700 sacriﬁcio
1599 2660 1743 2700 con-
1850 2637 2027 2692 nobis
2055 2637 2212 2693 hunc
2242 2654 2472 2709 Panem.
2506 2643 2569 2694 ιιι
2595 2640 2655 2695 in
2683 2641 2963 2712 Ρνεθεθιιιί
2992 2644 3050 2697 ei
3079 2659 3316 2714 semper
3343 2662 3505 2717 Ρνεθ-

143 2728 404 2797 cremavit,
446 2729 549 2801 qui
593 2730 661 2784 in
709 2746 777 2786 ss
820 2731 1179 2788 annihilstus
1230 2737 1343 2803 est,
1393 2736 1451 2788 οι
1490 2735 1649 2788 totus
1681 2733 1742 2788 in
1852 2726 2180 2782 sentialiter
2205 2726 2654 2784 habeamus.Sit
2676 2745 2914 2801 semper
2942 2747 3214 2801 praesens
3243 2734 3514 2804 spiritua-

142 2812 284 2870 Denm
309 2816 493 2873 illatus
522 2822 641 2890 est,
662 2820 763 2890 qui
777 2819 904 2891 jam
924 2836 1042 2876 non
1059 2837 1192 2893 qum
1214 2837 1324 2876 sua
1342 2825 1483 2876 sunt
1511 2822 1742 2894 quaerit,
1851 2815 1986 2870 liter
2013 2816 2224 2872 saltem
2253 2817 2350 2872 hic
2372 2817 2565 2889 cibus,
2582 2821 2644 2874 ut
2662 2835 2962 2891 nunquam
2984 2821 3135 2876 sciat
3151 2824 3515 2892 praeteritum

142 2902 221 2956 sed
243 2919 359 2975 qua:
386 2905 531 2961 Jesu
557 2906 786 2963 Christi
816 2908 1064 2982 (Philip.
1096 2910 1199 2981 u)?
1228 2909 1331 2966 Ille
1370 2924 1513 2965 vero
1542 2910 1603 2965 in
1632 2909 1746 2966 hoc
1851 2904 1945 2959 vel
1973 2904 2255 2961 futurum.
2287 2905 2406 2962 Sed
2434 2906 2613 2963 hodie
2644 2907 2785 2962 dicit
2812 2908 3009 2964 bonus
3040 2909 3325 2981 Jesus,ut
3354 2912 3510 2967 dica-

141 2992 376 3050 sacriﬁcio
404 2998 598 3066 potest
628 2996 840 3052 Jesum
869 2995 1172 3054 Christum
1217 2998 1504 3070 recipere,
1536 2998 1746 3055 Jesum
1849 3008 2013 3048 mus:
2048 2993 2185 3063 Cur,
2219 3010 2446 3067 quaeso,
2479 2998 2701 3051 tantum
2726 2996 2975 3052 festinas
2993 3013 3132 3053 esse
3160 2999 3517 3055 nobiscum?

139 3076 379 3137 Christum
404 3099 643 3157 rogare,
676 3084 885 3140 Jesum
927 3085 1230 3141 Christum
1271 3102 1381 3158 pro
1425 3103 1495 3143 se
1523 3096 1581 3143 et
1610 3087 1745 3143 aliis
1855 3082 2048 3147 Quare
2077 3098 2194 3138 non
2224 3082 2426 3138 differs
2452 3099 2643 3154 usque
2674 3100 2829 3154 cras,
2864 3086 3006 3156 quid
3050 3087 3206 3140 enim
3243 3087 3303 3142 id
3333 3088 3506 3143 nobis

136 3164 224 3222 Deo
247 3168 457 3227 offerre.
486 3171 561 3227 Et
587 3172 728 3227 ideo
756 3173 1022 3243 petitioni
1069 3173 1171 3229 isti
1217 3189 1401 3229 verus
1450 3174 1744 3248 Magister
1774 3244 1813 3251 Α
1854 3172 2065 3227 vides?
2083 3171 2231 3237 Quid
2252 3171 2313 3226 in
2334 3172 2508 3227 nobis
2534 3171 2901 3245 sentis,quid
2921 3173 2981 3228 in
3003 3173 3178 3228 nobis
3197 3175 3504 3251 agnoscis,

136 3244 1815 3335 praeposuit:Sanctiﬁceturnomentuum,etc.,etoptimeC
1852 3261 2008 3334 quod
2050 3264 2276 3316 tantum
2321 3263 2527 3316 nostro
2571 3276 2639 3317 es
2685 3244 3011 3316 inebriatus
3058 3244 3309 3318 amore?
3352 3246 3502 3329 Quid

137 3344 407 3419 sabjungit,
440 3352 497 3404 et
540 3349 666 3404 illis
708 3350 913 3405 verbis
958 3351 1313 3423 conjungit:
1360 3352 1584 3408 Panem
1634 3369 1739 3408 no-
1852 3350 2161 3406 nobiscum
2186 3350 2478 3405 lucraris?
2517 3349 2667 3415 Quid
2708 3350 2768 3404 in
2810 3350 2985 3405 nobis
3016 3351 3287 3422 reperis?
3315 3351 3501 3417 Quem

141 3436 272 3502 trum,
298 3439 399 3491 etc.
429 3436 540 3503 Qui
579 3454 660 3493 ex
702 3438 965 3510 IEgypto
1006 3446 1384 3510 peccatorum
1429 3442 1626 3511 exivit,
1659 3442 1743 3498 ibi
1857 3440 2113 3495 fructum
2141 3439 2215 3495 de
2240 3438 2416 3494 nobis
2442 3438 2888 3510 habebis,quod
2919 3440 3120 3494 nescis
3152 3440 3427 3496 tardare?
3448 3441 3511 3496 Si

136 3523 484 3581 sanctiﬁcatur
509 3542 727 3583 nomen
760 3533 934 3597 tuum,
969 3532 1025 3583 et
1056 3545 1217 3584 mare
1253 3530 1518 3585 Rubrum
1566 3530 1741 3585 inun-
1857 3530 1946 3583 sic
1975 3544 2138 3583 amor
2165 3529 2354 3583 nostri
2383 3530 2439 3583 te
2469 3532 2641 3600 urget
2669 3531 2732 3582 ut
2775 3525 3012 3583 differre
3058 3544 3321 3599 nequeas
3370 3529 3512 3601 quin

138 3607 341 3667 dantium
389 3617 800 3687 tempestatum
849 3616 1187 3671 submersis
1234 3618 1540 3690 Adgyptﬁs
1580 3619 1743 3674 sicco
1856 3617 2052 3673 statim
2079 3617 2230 3672 velis
2281 3632 2419 3671 esse
2462 3617 2795 3686 nobiscum,
2838 3633 2969 3671 cum
3019 3617 3237 3688 quibus
3282 3618 3509 3674 nullum

137 3698 247 3766 pede
285 3703 562 3775 transivit,
596 3705 683 3759 ibi
725 3704 1008 3760 adveniat
1056 3722 1302 3778 regnum
1337 3714 1534 3773 tuum;
1582 3712 1639 3763 et
1683 3708 1745 3763 in
1852 3707 2039 3762 habes
2070 3708 2327 3776 lucrum,
2361 3722 2469 3761 nos
2506 3710 2711 3784 autem
2757 3706 2854 3777 qui
2902 3721 3110 3762 sumus
3160 3706 3513 3762 fetidissima

141 3784 325 3844 deserto
350 3793 857 3864 contemplationis
874 3793 989 3848 soli
1021 3794 1141 3850 Deo
1174 3794 1439 3865 intendit,
1473 3799 1528 3850 et
1559 3813 1624 3850 se
1658 3799 1744 3851 to-
1852 3797 2075 3865 sanies,
2127 3801 2184 3850 et
2241 3794 2498 3867 indigni,
2550 3796 2723 3849 etiam
2768 3798 2862 3848 tua
2910 3799 3176 3850 creatura
3226 3799 3507 3867 quantum

138 3875 228 3930 tum
252 3876 358 3934 Deo
402 3880 712 3949 dedicavit,
746 3881 828 3937 ibi
876 3881 981 3937 fiat
1026 3882 1296 3938 voluntas
1334 3890 1429 3939 tua
1478 3885 1633 3940 sicut
1679 3886 1742 3939 in
1850 3900 2080 3956 cunque
2102 3883 2395 3938 vilissima
2421 3882 3042 3953 nominari,quomodo
3069 3883 3507 3952 differimus,ex

135 3964 241 4019 coelo
279 3972 330 4021 et
371 3969 431 4023 in
479 3975 672 4025 terra.
723 3970 854 4026 Jam
898 3971 960 4025 in
1008 3970 1124 4027 hoc
1169 3972 1407 4028 deserto
1441 3974 1739 4045 esuriens,
1848 3988 1965 4043 quo
2015 3973 2236 4026 tantum
2288 3969 2400 4025 hoc
2447 3971 2776 4038 desideras,
2824 3987 2963 4026 esse
3007 3975 3222 4040 tecum,
3269 3988 3402 4027 cum
3452 3978 3509 4028 te

134 4064 314 4121 manna,
343 4057 567 4113 scilicet
598 4074 812 4130 panem
844 4059 1168 4130 cmlestem,
1206 4077 1239 4115 ει
1288 4061 1521 4116 cmlesti
1568 4063 1742 4118 Patre
1849 4075 2142 4114 summum
2160 4059 2548 4125 bonum,sine
2570 4059 2796 4113 macula
2819 4060 3509 4132 speculum,angelorum

135 4143 364 4214 requirit;
394 4146 473 4200 ibi
500 4163 716 4219 panem
738 4153 1005 4202 nostrum
1030 4149 1429 4220 quotidianum
1461 4150 1534 4205 da
1569 4151 1743 4207 nobis
1849 4148 2120 4204 solatium
2151 4148 2555 4218 impetremus.
2588 4147 2673 4201 Tu
2703 4162 2871 4219 ergo,
2895 4148 3049 4202 bone
3070 4148 3236 4218 Jesu,
3270 4148 3507 4204 differre

136 4225 284 4285 hodie.
309 4232 410 4299 Qui
438 4237 614 4290 etiam
642 4236 702 4290 in
733 4232 999 4310 IEgyp’to
1028 4236 1343 4308 aliquando
1375 4254 1559 4309 super
1588 4240 1738 4295 ollas
1847 4254 1963 4293 non
1995 4236 2089 4291 vis
2118 4241 2179 4291 ut
2211 4235 2508 4303 ostendis;
2531 4250 2639 4289 nec
2661 4249 2773 4289 nos
2794 4236 3046 4305 amplius
3069 4234 3310 4291 differre
3331 4237 3505 4292 volu-

136 4318 344 4376 carnium
367 4323 535 4393 sedit,
577 4339 690 4380 nec
737 4324 856 4379 illis
905 4325 1125 4396 spretis
1170 4326 1365 4381 solum
1402 4343 1615 4398 panem
1645 4329 1739 4382 vi-
1846 4342 2001 4380 mus.
2038 4325 2225 4380 Hodie
2256 4338 2399 4395 ergo
2428 4324 2486 4378 te
2515 4322 2792 4392 petimus,
2826 4326 2888 4377 ut
2932 4322 3106 4378 hodie
3154 4323 3502 4380 habeamus.

136 4417 253 4478 vum,
280 4411 369 4480 qui
397 4412 466 4466 de
491 4414 643 4468 cmlo
674 4413 1011 4484 descendit,
1057 4415 1335 4487 exquirit,
1380 4416 1639 4486 postulat
1682 4421 1740 4472 et
1849 4415 1982 4470 Non
2016 4414 2172 4468 enim
2220 4427 2394 4467 cassa
2442 4413 2535 4467 est
2583 4410 2892 4466 instructio
2931 4414 3048 4481 tua,
3099 4412 3206 4467 sed
3237 4417 3419 4483 esset,
3454 4414 3506 4468 si

136 4496 350 4565 acquirit.
378 4500 422 4555 Ο
445 4502 707 4557 inaudita
736 4500 960 4557 Christi
992 4502 1254 4575 dignatio
1280 4501 1293 4559 l
1317 4503 1364 4558 Ο
1393 4504 1544 4559 mira
1565 4503 1739 4576 jubi-
1844 4507 2181 4574 peteremus
2215 4503 2271 4556 et
2299 4516 2418 4554 non
2448 4501 2921 4570 impetraremus.
2953 4498 3099 4564 Quia
3131 4515 3276 4572 ergo
3310 4502 3366 4555 te
3389 4503 3506 4554 sta-

136 4578 238 4637 latio
275 4588 507 4646 mentis!
553 4590 717 4646 Deus
766 4606 968 4663 meus,
1020 4607 1283 4662 sponsus
1328 4608 1521 4663 meus,
1572 4598 1806 4659 amorD
1842 4595 1947 4647 tim
1975 4592 2231 4664 petimus
2262 4593 2318 4645 et
2350 4589 2855 4655 desideramus,et
2881 4588 2994 4644 hoc
3013 4590 3207 4660 ipsum
3230 4592 3290 4644 tu
3309 4588 3498 4660 cupis,

134 4674 470 4743 meua,factus
492 4681 585 4733 est
605 4679 780 4735 cibus
809 4694 1001 4735 meus.
1025 4679 1379 4735 Sanctorum
1400 4682 1732 4752 praemium,
1844 4681 2060 4736 accede
2095 4680 2167 4733 ad
2198 4694 2302 4733 cor
2348 4681 2657 4745 nostrum;
2687 4679 2824 4749 quia
2869 4678 2940 4732 ad
2988 4682 3043 4733 te
3082 4677 3350 4732 ascendit
3400 4693 3505 4732 cor

137 4761 419 4830 ingelorum
451 4768 750 4838 gaudium,
783 4768 887 4823 Dei
916 4768 1112 4823 Patris
1142 4769 1389 4824 verbum
1423 4772 1516 4824 est
1543 4771 1735 4825 nutri-
1844 4774 2132 4824 nostrum.
2168 4768 2255 4821 Tu
2287 4767 2442 4821 enim
2473 4766 2800 4822 inebriatus
2832 4783 2898 4822 es
2934 4766 3142 4835 nostri,
3176 4768 3232 4821 et
3278 4782 3389 4821 nos
3420 4766 3502 4821 tui

139 4853 342 4907 mentum
386 4870 597 4910 meum.
648 4855 779 4911 Lux
814 4856 1037 4927 mundi,
1077 4856 1178 4912 Sol
1219 4858 1387 4928 cmli,
1438 4858 1736 4929 Sapientia
1845 4874 2064 4912 amore.
2097 4858 2180 4912 Te
2212 4873 2355 4929 ergo
2387 4856 2461 4911 ad
2493 4872 2622 4922 nos,
2658 4858 2715 4910 et
2742 4870 2855 4909 nos
2885 4855 2956 4908 ad
3008 4860 3060 4909 te
3106 4870 3237 4909 cum
3281 4855 3501 4925 impetu

139 4931 232 5004 Dei,
257 4945 337 4995 est
364 4942 600 4999 refectio
644 4945 758 5000 mei
789 4945 987 5000 animi.
1019 4945 1232 5000 Proles
1277 4945 1580 5019 Virginea,
1633 4963 1732 5002 re-
1851 4948 2042 5014 ducis,
2077 4963 2110 5001 o
2141 4946 2375 5017 pondus
2399 4944 2711 5013 amoris,et
2732 4942 2858 5014 jam
2889 4943 3045 4998 omni
3075 4958 3238 4997 mora
3269 4943 3498 4997 sublata

139 5020 336 5096 demptio
361 5030 627 5103 humana,
649 5034 780 5088 coeli
805 5034 1015 5106 gloria,
1042 5033 1194 5088 facta
1223 5036 1316 5091 est
1346 5035 1558 5090 cibatio
1581 5051 1730 5091 mea.
1851 5042 2091 5092 mutuus
2121 5037 2197 5090 sit
2227 5035 2535 5106 amplexus
2555 5076 2570 5106 ,
2605 5036 2661 5088 et
2687 5033 2839 5087 inter
2882 5035 2982 5087 tua
3024 5032 3262 5085 brachia
3309 5032 3506 5086 delicit

143 5110 252 5172 Quid
277 5117 413 5174 ultra
442 5120 687 5179 aﬁ‘ecto?
713 5122 862 5188 Quid
894 5124 1046 5178 ultra
1078 5139 1171 5178 me
1202 5123 1446 5179 allicere
1492 5126 1736 5194 potest?
1845 5126 2037 5180 anima
2068 5140 2213 5194 mea,
2263 5123 2543 5194 absorpta
2588 5120 2809 5175 amoris
2850 5120 3103 5175 fervore.
3150 5118 3295 5173 Cum
3343 5121 3499 5174 enim

143 5197 319 5258 Absita
345 5224 447 5278 me,
482 5211 748 5282 Domine,
785 5216 845 5266 ut
889 5227 963 5266 ex
1011 5227 1128 5284 quo
1182 5228 1286 5267 cor
1331 5227 1525 5267 meum
1558 5212 1735 5269 habet
1844 5214 2014 5268 sensi
2045 5212 2376 5283 amplexum
2406 5215 2589 5279 tuum,
2633 5209 2947 5264 eradicasti
2990 5207 3248 5262 animum
3281 5224 3495 5277 meum,

139 5286 224 5342 tam
247 5295 472 5352 nobilem
498 5299 711 5369 cibum,
731 5300 886 5373 quod
917 5301 1074 5356 circa
1106 5300 1263 5356 aliud
1286 5300 1346 5356 in
1365 5303 1487 5356 toto
1516 5303 1732 5357 mundo
1842 5302 2028 5373 primo
2063 5301 2294 5370 cibasti,
2328 5299 2538 5354 deinde
2586 5297 2911 5365 inebriasti,
2944 5297 3177 5352 tandem
3220 5298 3341 5353 tuis
3373 5313 3500 5351 am-

145 5373 421 5439 afiiciatur?
448 5386 769 5458 Quomodo,
805 5387 1088 5460 obsecro,
1116 5391 1254 5460 post
1284 5390 1400 5443 tam
1431 5389 1733 5444 nobilissi-
1840 5391 2118 5461 plexibus
2150 5393 2207 5444 et
2234 5389 2456 5444 osculis
2490 5386 2784 5458 soporasti
2816 5387 3067 5441 animam
3111 5402 3321 5454 meam,
3356 5390 3411 5441 et
3441 5386 3502 5441 in

146 5472 339 5533 ψωμοί
363 5474 948 5548 sufﬁcientissimum,
970 5480 1025 5533 et
1055 5477 1500 5547 suavissimum,
1526 5480 1582 5533 et
1604 5478 1730 5533 dul-
1840 5480 1959 5534 tuis
1992 5478 2256 5534 brachiis
2287 5476 2629 5549 requiescit.
2664 5476 2794 5530 Non
2822 5491 2971 5543 eam,
3023 5475 3295 5546 quamvis
3345 5474 3501 5527 indi-

147 5551 391 5616 cissimum
408 5563 825 5636 cibum,potest
837 5582 940 5621 cor
952 5582 1146 5621 meum
1168 5567 1322 5621 circa
1339 5582 1509 5637 vana,
1535 5567 1725 5637 turpia
1839 5585 2038 5640 gnam,
2063 5567 2298 5639 abjicis.
2317 5566 2445 5619 Non
2470 5581 2596 5620 eam
2620 5566 2874 5637 refugis,
2893 5565 2999 5618 sed
3023 5565 3091 5617 ad
3113 5567 3168 5619 te
3194 5562 3498 5632 stringens

146 5640 185 5690 et
206 5640 457 5704 immunda
502 5652 817 5709 delectari?
855 5654 1179 5725 Quomodo,
1221 5654 1497 5727 obsecro,
1531 5658 1729 5727 potest
1847 5656 2086 5726 clamas,
2121 5658 2176 5709 et
2207 5653 2394 5709 dicis:
2429 5652 2661 5729 Λάμιοο
2714 5669 2829 5723 νος,
2883 5651 3020 5706 lilia:
3039 5649 3390 5719 Jerusalem,
3429 5663 3502 5703 ne
