3948 6168
179 255 280 317 577

1443 253 1896 316 OPUSCULA
1940 252 2256 316 SPURIA

3437 257 3555 320 578

152 456 378 523 tis,quaa
400 453 636 506 maxime
663 452 987 506 exhibetur
1026 451 1084 504 in
1109 467 1256 521 pane
1290 450 1780 504 eucharistiae.Et
1809 441 1865 501 A
1897 454 2065 506 mitte
2103 452 2294 516 nobis,
2327 454 2437 505 etc.
2473 453 2530 505 in
2564 468 2679 522 quo
2711 453 2924 521 petitur
2961 454 3248 510 adventus
3283 457 3417 510 anni
3450 457 3555 528 ju-

154 540 692 607 diiuittenabis,etc.,
710 544 989 610 quantum
1012 540 1080 592 ad
1107 539 1698 607 correspondentiam
1725 545 1780 594 et

155 634 342 685 lancem
363 629 620 699 iustitiae,
656 645 759 697 per
782 630 891 682 hoc
911 629 1064 698 quod
1081 628 1369 682 subditur:
1395 628 1563 681 Sicut
1595 635 1651 682 et
1677 644 1781 681 nos

153 720 478 782 dimittimus,
511 723 640 781 etc.,
675 719 752 771 Et
773 734 845 771 ne
878 734 984 772 nos
1016 717 1264 771 inducas
1284 719 1345 770 in
1373 719 1776 786 tentationem,

159 813 398 878 quantum
419 805 488 860 ad
509 811 698 860 actum
725 806 1072 875 prudentiae,
1093 822 1225 876 quae
1249 808 1342 858 est
1360 805 1414 858 in
1439 820 1778 874 prmeaven-

155 899 232 950 dis
248 894 614 950 insidiis.Sed
631 896 824 949 libera
847 911 953 948 nos
970 895 1471 964 ama/o,quantum
1495 895 1562 948 ad
1584 899 1774 947 actum

152 983 480 1052 fortitudinis,
514 999 645 1054 quae
676 983 846 1036 estin
877 982 1201 1038 tolerandis
1231 982 1534 1036 adversis.
1562 983 1769 1036 Amen.

522 1070 662 1124 Alia
696 1071 987 1141 expositio
1017 1070 1302 1140 ejusdem.

208 1161 510 1214 Possumus
542 1159 715 1214 etiam
749 1158 1122 1229 supradictas
1139 1159 1455 1228 petitiones
1475 1173 1772 1228 exponere

150 1264 230 1318 pro
255 1248 320 1300 iis
346 1263 474 1318 quae
507 1247 766 1302 habituri
797 1264 1007 1302 sumus
1039 1247 1098 1302 in
1130 1247 1332 1317 patria,
1369 1252 1450 1315 ut,
1488 1246 1772 1301 Sancti/i-

149 1345 286 1390 cetur
311 1353 512 1390 nomen
537 1342 716 1402 tuum,
749 1342 1030 1406 quantum
1063 1335 1135 1389 ad
1164 1339 1424 1405 apertam
1458 1336 1767 1404 visionem,

149 1425 283 1495 quasi
310 1424 456 1478 dicat
487 1439 500 1478 :
533 1423 697 1488 Quod
726 1440 880 1479 nunc
911 1441 1016 1494 per
1036 1425 1343 1494 speculum
1367 1425 1425 1478 in
1457 1425 1770 1495 aenigmate

149 1512 392 1580 videmus,
423 1527 572 1581 pure
607 1517 663 1566 et
693 1512 822 1567 sine
840 1515 1018 1582 terra,
1039 1514 1169 1566 sine
1193 1511 1384 1566 medio
1403 1511 1600 1581 aliquo
1623 1511 1770 1566 facie

146 1600 200 1654 ad
218 1599 403 1654 faciem
430 1601 764 1655 videamus.
785 1601 882 1655 Ad
893 1601 1089 1655 veniat
1113 1616 1359 1671 regnum
1393 1605 1569 1667 tuum,
1591 1616 1771 1670 quan-

146 1693 237 1742 tum
263 1687 324 1742 ad
355 1688 581 1742 ﬁrmam
619 1690 1022 1756 intentionem,
1061 1693 1121 1742 ut
1152 1689 1212 1742 in
1243 1691 1529 1743 aeternum
1552 1705 1768 1760 regne-

148 1793 268 1831 mus.
292 1777 418 1831 Fiat
443 1777 719 1832 voluntas
743 1784 856 1839 tua,
905 1781 1186 1848 quantum
1209 1777 1280 1832 ad
1303 1783 1768 1831 consummatam

145 1866 485 1932 dilectionem,
521 1881 660 1937 quae
693 1867 861 1935 plene
893 1870 1180 1920 amantem
1205 1866 1260 1919 in
1293 1870 1547 1920 amatum
1579 1869 1766 1920 trans-

144 1954 348 2022 format;
375 1958 430 2010 et
456 1959 602 2009 tunc
634 1955 1043 2024 exponendum
1067 1960 1159 2008 est
1193 1954 1344 2008 sicut
1375 1957 1436 2008 in
1459 1954 1605 2018 caelo
1627 1961 1686 2008 et
1709 1956 1770 2008 in

146 2048 295 2110 terra,
317 2043 539 2098 scilicet
572 2045 731 2097 sicut
753 2045 811 2098 in
833 2043 1085 2115 angelis,
1112 2046 1167 2096 et
1197 2044 1256 2096 in
1288 2043 1629 2097 hominibus
1649 2045 1764 2097 fiat.

1894 541 2067 599 bilaei.
2096 542 2151 594 in
2173 558 2287 611 quo
2312 543 2501 594 omnia
2521 541 2713 594 debita
2732 541 3099 596 dimittuntur
3118 545 3278 598 veris
3303 546 3549 612 Judiuis,

1892 631 2140 694 scilicet,
2180 631 2408 698 pmnite'
2441 629 2600 682 tibus
2631 632 2687 682 et
2713 628 2895 699 justis
2931 634 2984 683 ct
3015 631 3187 684 homo
3225 633 3464 702 homini,
3500 638 3555 689 et

1891 719 2049 772 Deus
2083 718 2420 772 hominibus
2453 718 2667 771 talibus
2699 717 2896 771 debita
2927 720 3202 773 universa
3245 721 3550 777 dimittent.

1887 807 1965 859 Et
1987 823 2059 860 ne
2081 823 2186 860 nos
2209 807 2454 861 inducas
2474 807 2535 859 in
2569 807 2972 875 tentationem,
3007 812 3143 875 etc.,
3177 809 3233 860 in
3266 824 3379 877 quo
3412 812 3552 878 peti-

1885 897 1981 947 tur
2003 894 2096 948 illa
2123 895 2284 963 pacis
2308 893 2698 963 pulchritudo,
2716 894 2786 946 dc
2808 911 2919 964 qua
2940 895 3156 948 dicitur
3179 895 3428 950 Sedebit
3448 913 3552 967 ρο-

1880 983 2054 1054 pulus
2082 998 2247 1036 meus
2271 983 2328 1034 in
2352 982 2800 1053 pulchritudine
2823 983 2994 1052 pacis
3015 983 3379 1053 (Isaixxxu),
3415 987 3572 1053 ctc.,'

1882 1071 1982 1125 ubi
2017 1087 2128 1124 nou
2165 1071 2274 1125 erit
2322 1071 2575 1139 amplius
2608 1069 2814 1135 Satan,
2850 1087 2958 1124 nec
2994 1072 3182 1126 malus
3237 1088 3548 1128 occursus.

1882 1158 2008 1214 Sed
2031 1159 2221 1213 libera
2245 1174 2350 1212 nos
2373 1173 2405 1212 a
2428 1158 2593 1220 malo,
2613 1160 2784 1228 quasi
2807 1159 2962 1212 dicat
2987 1175 2998 1212 :
3021 1159 3145 1213 Duc
3164 1175 3274 1214 nos
3297 1162 3368 1216 ad
3390 1161 3548 1215 illum

1882 1250 2118 1314 statum,
2165 1248 2264 1318 qui
2305 1251 2398 1302 est
2440 1248 2698 1302 omnium
2746 1247 3031 1300 bonorum
3085 1252 3548 1321 congregatione

1880 1337 2185 1405 perfectus
2198 1339 2255 1389 et
2278 1336 2536 1390 omnium
2561 1337 2846 1390 malorum
2871 1337 3196 1405 privatione
3216 1337 3543 1407 jucundus;

1881 1424 1978 1478 ubi
2014 1440 2152 1478 vero
2185 1425 2410 1478 erimus
2443 1425 2673 1479 liberati
2705 1441 2735 1478 a
2769 1426 2940 1478 malo.
2968 1424 3110 1478 Haec
3141 1430 3332 1479 autem
3350 1429 3548 1481 ultima

1880 1513 2169 1581 expositio
2192 1513 2429 1566 multam
2452 1512 2916 1582 admirationem,
2932 1514 3136 1568 miram
3152 1514 3543 1582 devotionem,

1881 1601 2260 1656 medullarem
2293 1601 2747 1656 exsultationem
2780 1606 2836 1655 et
2865 1602 3097 1671 plenam
3130 1603 3321 1657 laudis
3345 1619 3548 1674 perso-

1881 1688 2164 1744 lutionem
2196 1689 2464 1760 requirit.
2502 1689 2571 1743 Et
2611 1693 2750 1744 sunt
2781 1691 2837 1742 in
2877 1705 2945 1743 ea
2974 1691 3108 1744 miri
3154 1695 3210 1746 et
3241 1691 3545 1746 inenarra-

1880 1777 2034 1831 biles
2058 1777 2568 1846 contemplationis
2585 1777 2869 1832 thesauri.
2891 1777 3008 1833 Sed
3031 1794 3144 1832 non
3163 1779 3418 1848 sufficio,
3438 1795 3545 1834 nec

1882 1865 2098 1937 dignus
2118 1883 2250 1922 sum
2272 1882 2376 1921 eos
2399 1866 2766 1936 dispensare,
2793 1883 2901 1922 nec
2922 1882 3143 1936 ponere
3165 1868 3243 1920 ibi
3262 1884 3330 1922 os
3353 1885 3545 1922 meum

1882 1955 2242 2009 immundum
2287 1958 2537 2008 maxime
2569 1971 2700 2009 cum
2733 1955 2922 2008 aulam
2966 1957 3130 2026 regis
3162 1957 3412 2010 Assueri
3456 1957 3546 2010 in-

1882 2044 2046 2114 gredi
2079 2061 2196 2098 non
2230 2045 2494 2113 audeam,
2529 2059 2643 2096 non
2668 2048 2914 2097 vocatus
2945 2045 3145 2112 (Est/1.
3173 2048 3292 2114 iv);
3327 2051 3380 2098 et
3415 2045 3545 2100 ideo

144 2131 325 2185 Panem
373 2138 639 2187 nostrum
690 2133 1123 2204 quotidianum,
1171 2137 1316 2199 etc.,
1363 2136 1642 2202 quantum
1696 2132 1766 2185 ad
1801 2123 1852 2184 Β
1883 2133 2239 2203 simplicitati
2272 2137 2490 2186 nostra:
2515 2132 2964 2203 sut‘iiciantqute
2985 2133 3427 2202 supradiximus
3463 2134 3546 2187 fo-

143 2221 508 2274 suavissimam
541 2221 882 2275 fruitionem
909 2235 924 2288 ;
965 2224 1018 2274 et
1051 2221 1467 2290 exponendum
1509 2224 1601 2274 est
1631 2225 1766 2274 tunc

140 2309 506 2378 quotidianum,
544 2310 798 2376 scilicet,
834 2309 1194 2376 continuum,
1239 2309 1373 2379 quia
1407 2323 1646 2378 semper
1675 2313 1768 2363 est

141 2395 199 2448 ibi
228 2396 361 2465 dies,
393 2401 447 2452 et
475 2397 894 2467 exponendum
945 2403 1037 2452 est
1077 2397 1253 2451 hodie
1283 2413 1389 2466 pro
1421 2398 1765 2464 teternitate,

141 2500 242 2553 quia
267 2501 371 2540 non
416 2485 599 2542 habet
651 2487 1011 2556 praeteritum
1043 2487 1133 2539 vel
1183 2485 1484 2554 futurum;
1538 2485 1645 2540 sed
1677 2489 1769 2542 est

139 2576 229 2627 tota
252 2574 433 2642 simul,
466 2579 521 2629 at
557 2573 773 2629 melius
804 2590 908 2645 per
956 2589 1226 2644 praesens
1258 2577 1507 2628 notatur.
1542 2575 1622 2627 Et
1663 2574 1758 2628 di-

144 2730 352 2742 ξ-

1882 2221 1966 2274 ris
1998 2223 2054 2274 in
2086 2222 2236 2274 atrio
2267 2221 2611 2274 existentes.
2646 2220 2779 2288 Ipse
2801 2224 2991 2273 autem
3024 2221 3300 2274 Christus
3330 2222 3402 2274 ad
3434 2237 3544 2274 nos

1881 2309 2270 2362 inclementia
2291 2309 2528 2379 signum
2552 2323 2788 2361 auream
2805 2308 3031 2379 virgam
3056 2308 3542 2376 extendat(Estb.

1880 2399 1958 2466 v),
1993 2401 2054 2452 ut
2085 2397 2388 2466 possimus
2423 2411 2633 2450 secure
2657 2396 2726 2448 ad
2759 2395 2952 2465 ipsum
2981 2397 3220 2463 intrare,
3253 2401 3309 2450 et
3339 2412 3544 2451 secum

1879 2486 1936 2538 in
1967 2490 2250 2540 aeternum
2280 2499 2556 2556 regnare.
2587 2483 2752 2549 Quod
2783 2484 2911 2554 ipse
2954 2488 3240 2555 praestare
3269 2484 3544 2555 dignetur

1880 2575 1979 2645 qui
2011 2577 2104 2628 est
2133 2574 2190 2627 in
2222 2574 2444 2628 sarcula
2470 2572 2837 2627 benedictus.
2871 2574 3077 2628 Amen.

1749 2868 1885 2978 ll-

465 3098 1154 3180 MEDITATIO
1211 3100 1377 3178 DE
1435 3097 2311 3178 SALUTATIONE
2364 3100 2476 3177 B.
2535 3100 2650 3177 V.
2712 3098 3170 3178 MARLE

1410 3276 1669 3346 Scilicet,
1699 3277 1834 3332 Ave
1863 3276 2080 3331 Maria.

193 3562 234 3616 t.
260 3565 398 3632 Ave,
423 3565 647 3633 Maria,
672 3565 868 3636 gratia
890 3564 1084 3635 plena,
1109 3562 1394 3618 Dominus
1417 3568 1628 3628 tecum,
1652 3565 1763 3617 etc.
1799 3543 1850 3604 Ο
1883 3565 1936 3616 et
1967 3578 2177 3617 omnes
2205 3561 2277 3616 ad
2309 3562 2628 3634 imaginem
2677 3567 2835 3619 tuam
2867 3563 3112 3620 fecisti?
3160 3564 3389 3632 Nonne,
3425 3566 3544 3622 Do-

143 3649 260 3720 Tibi,
277 3653 511 3708 Domine
527 3655 693 3708 Deus
710 3669 897 3720 meus,
910 3654 1131 3724 gratias
1149 3669 1298 3723 quas
1311 3668 1556 3722 possum
1572 3653 1767 3708 refero

144 3754 199 3792 ex
224 3741 421 3797 intimis
450 3742 808 3813 praecordiis
839 3744 1006 3809 meis,
1033 3741 1135 3812 qui
1163 3757 1270 3811 pro
1301 3742 1474 3796 nobis
1509 3742 1767 3813 indignis

145 3827 374 3897 dignatus
406 3847 472 3886 es
501 3837 772 3886 nostram
814 3837 1083 3884 naturam
1124 3845 1456 3893 assumere,
1494 3831 1768 3902 virginali

141 3920 272 3972 utero
299 3919 570 3991 bnjulari,
626 3924 682 3973 et
710 3935 784 3974 ex
814 3935 880 3974 ea
932 3920 1163 3974 scilicet
1210 3919 1454 3990 Virgine
1487 3936 1764 3985 nascens,

143 4004 258 4062 lacte
280 4008 402 4079 ejus
433 4011 671 4076 nutriri,
691 4009 824 4080 ejus
859 4010 1050 4090 foveri
1080 4010 1330 4080 gremio,
1368 4013 1423 4063 et
1452 4009 1588 4079 ejus
1620 4010 1767 4064 sub-

139 4092 217 4162 jici
248 4097 478 4168 imperio
522 4099 624 4170 qui
658 4098 851 4153 omnia
884 4113 1232 4167 conservas,
1263 4101 1320 4152 et
1364 4099 1549 4170 regis,
1582 4101 1641 4153 et
1669 4098 1768 4169 qui

142 4195 212 4236 me
236 4183 636 4242 fetidissimam
667 4186 914 4253 saniem,
959 4191 1016 4242 et
1057 4187 1476 4256 turpitudinem
1507 4187 1768 4243 detesta-

147 4269 305 4343 bilem,
335 4277 769 4331 abominatione
798 4276 1037 4346 plenum
1077 4281 1135 4330 et
1167 4275 1324 4330 omni
1355 4276 1529 4330 venia
1559 4282 1616 4330 et
1645 4276 1766 4329 cle-

145 4363 314 4416 mentia
359 4365 666 4436 indignum
699 4365 978 4436 dignatus
1010 4380 1077 4419 es
1109 4368 1330 4419 tantum
1366 4363 1667 4418 illustrare
1709 4368 1771 4418 ut

147 4448 293 4503 sciam
323 4453 566 4510 Matrem
597 4454 853 4518 habere;
887 4453 1001 4507 hoc
1033 4453 1172 4506 mihi
1192 4453 1611 4524 indignissimo
1630 4469 1768 4507 con-

148 4539 344 4594 cessisti
375 4548 434 4596 ut
462 4543 654 4613 ipsam
687 4543 914 4610 possim
962 4546 1015 4596 et
1046 4542 1290 4596 audeam
1332 4543 1611 4596 salutare.
1636 4542 1768 4596 Non

147 4626 284 4696 enim,
316 4629 576 4699 Domine,
626 4631 818 4684 fecisti
862 4630 1056 4684 taliter
1097 4631 1254 4684 omni
1285 4629 1529 4697 nationi,
1567 4633 1625 4685 et
1655 4630 1768 4684 hoc

151 4725 394 4770 summum
436 4717 792 4772 beneficium
841 4733 957 4770 non
1006 4717 1397 4771 manifestasti
1447 4718 1534 4770 eis
1578 4717 1764 4782 (Psal.

149 4805 340 4872 cum).
358 4805 466 4860 Ubi
490 4811 583 4860 est
597 4805 968 4873 Domine,ille
993 4810 1130 4860 tuus
1151 4805 1471 4875 peculiaris
1489 4805 1764 4874 populus,

149 4900 285 4954 quem
313 4893 365 4946 in
408 4911 580 4948 manu
612 4895 828 4965 potenti
861 4900 918 4949 ct
947 4894 1190 4948 brachio
1225 4897 1458 4948 extento
1501 4894 1572 4948 de
1615 4897 1767 4948 terra

152 4973 346 5047 Egypti
379 4999 482 5052 per
510 4984 811 5036 desertum
846 4983 902 5036 in
936 4986 1152 5037 terram
1200 4982 1622 5051 promissionis
1655 4982 1767 5036 du-

153 5063 260 5118 xisti
291 5071 361 5122 tot
407 5071 599 5142 signis
647 5075 704 5125 et
747 5071 1041 5143 prodigiis
1105 5070 1558 5142 magnificentiae
1606 5071 1768 5125 tuae?

155 5148 298 5212 (Psal.
322 5159 560 5230 cxxxv.)
590 5159 820 5228 Nonne,
847 5160 1113 5225 Domine,
1133 5160 1242 5213 iste
1262 5165 1351 5214 est
1374 5160 1626 5229 papulas
1648 5159 1764 5228 ille,

156 5239 226 5290 cui
251 5241 348 5297 hoc
373 5245 719 5302 beneficium
751 5248 1129 5318 promisisti?
1159 5247 1277 5303 Cur
1310 5262 1455 5320 ergo
1500 5263 1617 5302 non
1650 5249 1767 5302 illis

159 5328 248 5381 tuis
271 5335 596 5402 cultoribus,
633 5337 738 5391 sed
771 5338 945 5391 nobis
986 5337 1313 5391 idololatris
1346 5343 1401 5391 et
1431 5337 1768 5391 infidelibus

160 5411 242 5467 hoc
280 5423 423 5476 tuum
476 5441 767 5480 summum
806 5427 1162 5480 beneficium
1201 5427 1532 5480 reserusti?
1576 5428 1768 5491 Quare

161 5504 293 5560 nobis
321 5513 532 5584 paucis,
558 5529 692 5568 cum
709 5515 875 5569 multi
904 5519 962 5570 et
991 5515 1163 5586 quasi
1195 5513 1404 5570 infiniti
1425 5515 1624 5585 populi
1657 5515 1770 5571 hoc

162 5587 383 5660 ignorent
402 5602 430 5655 ?
455 5601 662 5660 Nonne
693 5603 960 5676 Domine,
984 5604 1404 5660 universorum
1425 5617 1492 5658 es
1514 5607 1766 5676 creator,

1882 3651 2294 3717 mine,sccreta
2319 3658 2757 3708 consueverunt
2772 3654 2942 3723 pandi
2965 3654 3346 3734 amicis?Cur
3368 3671 3542 3724 nunc,

1880 3740 2146 3808 Domine,
2181 3740 2460 3802 inimicis,
2494 3742 2815 3796 etmaxime
2834 3743 3112 3813 mihi,qui
3143 3759 3174 3796 a
3208 3744 3426 3798 vertice
3451 3759 3542 3798 ca-

1878 3829 2018 3900 pitis
2041 3845 2231 3899 usque
2269 3828 2338 3882 ad
2371 3829 2623 3899 plantam
2643 3831 2811 3898 pedis
2836 3831 3088 3885 infectus
3112 3847 3266 3900 sum,
3301 3838 3356 3886 et
3387 3835 3544 3887 totus

1879 3918 2054 3972 tendo
2073 3917 2142 3970 ad
2168 3933 2236 3972 ea
2254 3933 2386 3987 quae
2413 3921 2551 3972 sunt
2576 3921 2690 3972 tute
2729 3920 3014 3973 contraria
3049 3920 3326 3975 voluntati
3351 3923 3378 3974 ἲ)
3407 3919 3542 3988 Cur,

1879 4007 2143 4075 Domine,
2161 4010 2274 4059 tam
2300 4005 2497 4060 nobile
2519 4007 2756 4069 donum,
2773 4012 2888 4061 tam
2907 4007 3288 4062 excellentem
3309 4010 3544 4065 thesau-

1878 4111 2004 4149 rum
2036 4099 2136 4149 tuo
2169 4093 2582 4148 infidelissimo
2612 4109 2788 4148 servo
2820 4099 2876 4149 et
2896 4096 3266 4166 nequissimo
3289 4097 3546 4152 dedisti?

1876 4183 2108 4251 Nonne,
2146 4183 2413 4249 Domine,
2461 4182 2562 4236 tibi
2594 4183 2830 4238 videtur
2866 4184 3023 4254 quod
3072 4199 3188 4238 non
3237 4185 3540 4254 honorem,

1877 4273 1984 4327 sed
2026 4271 2324 4327 derideam
2378 4271 2619 4325 Matrem
2652 4273 2858 4325 tuam?
2901 4271 3202 4337 Quomodo
3248 4271 3545 4341 superbus

1878 4361 2180 4430 humilem,
2215 4361 2331 4414 imo
2373 4359 2829 4413 humilissimam
2872 4359 3366 4429 superbissimus,
3409 4376 3544 4414 cas-

1877 4449 2166 4504 tissimum
2197 4449 2730 4518 immundissimus,
2769 4448 3267 4515 cmtestissimam,
3304 4449 3420 4503 imo
3451 4449 3544 4504 di-

1874 4539 2245 4592 vinissimam
2277 4537 2641 4591 vanissimus
2683 4541 2738 4590 et
2781 4537 3251 4608 terrenissimus,
3285 4536 3544 4591 sanctis-

1876 4628 2084 4682 simam
2105 4625 2483 4696 impiisimus,
2507 4626 2749 4680 Matrem
2767 4626 2869 4680 Dei
2884 4627 3041 4681 filius
3055 4626 3544 4681 diabolisalutare

1878 4716 2247 4785 praesumet?
2280 4714 2392 4769 Ubi
2413 4718 2524 4784 est,
2551 4715 2794 4769 Domine
2828 4715 2970 4770 Jceu
3007 4715 3180 4783 bone,
3213 4713 3545 4768 reverentia

1877 4805 2082 4859 Matris
2115 4806 2276 4858 tum?
2316 4803 2436 4857 Cur
2459 4803 2634 4858 talem
2670 4805 2926 4858 salutare
2967 4803 3302 4874 permittis?
3340 4803 3476 4871 Sed,
3510 4817 3544 4856 ο

1878 4893 2148 4962 piissime
2178 4893 2344 4958 Jesu,
2371 4896 2615 4962 propter
2643 4895 2799 4946 tuam
2832 4908 2974 4963 erga
3003 4907 3113 4945 nos
3147 4892 3381 4944 nimiam
3407 4892 3544 4945 cha-

1880 4982 2107 5035 ritatem
2141 4981 2591 5036 nonne-sufficit
2626 4984 2681 5034 te
2715 4981 2872 5034 omni
2903 4980 3127 5034 derisui
3159 4982 3216 5034 et
3246 4981 3400 5035 omni
3440 4996 3544 5036 os-

1798 5083 1851 5144 D
1881 5070 2124 5124 tentatui
2159 5073 2402 5139 propter
2433 5085 2543 5124 nos
2585 5068 2940 5138 subjacere;
2972 5069 3080 5122 sed
3114 5068 3354 5123 Matrem
3387 5073 3545 5125 tuam

1879 5158 1998 5229 jam
2031 5159 2102 5212 ad
2137 5164 2291 5212 tuam
2343 5158 2643 5212 sedentem
2679 5157 3000 5224 dexteram,
3035 5157 3324 5226 permittis
3360 5159 3545 5228 pollu-

1881 5249 1959 5302 tis
1991 5247 2454 5314 labiistractare,
2481 5251 2540 5300 ut
2561 5245 2764 5315 possis
2789 5246 2966 5300 corda
2983 5250 3188 5301 nostra
3209 5250 3308 5301 tuo
3331 5253 3385 5301 et
3409 5247 3544 5319 ejus

1879 5336 2240 5390 inﬂammare
2273 5335 2516 5389 amore?
2548 5334 2677 5387 Non
2699 5337 2790 5388 est
2822 5333 3063 5389 dubium
3096 5335 3248 5389 enim
3282 5337 3438 5406 quod
3461 5336 3547 5390 in-

1879 5425 2216 5496 dignissimi
2237 5439 2466 5491 sumus,
2502 5427 2558 5477 et
2580 5423 2757 5478 credo
2780 5423 3026 5478 firmiter
3057 5425 3215 5496 quod
3247 5425 3445 5479 nullus
3468 5425 3545 5479 sit

1879 5514 2146 5568 caelestis
2199 5513 2449 5584 angelus
2500 5512 2598 5583 qui
2649 5527 2800 5584 eam,
2849 5515 2912 5567 ut
2975 5512 3152 5585 digna
3200 5515 3309 5583 est,
3355 5513 3546 5568 valeat

1879 5603 2137 5660 salutare
2164 5619 2175 5659 :
2198 5605 2416 5675 quanto
2449 5600 2641 5674 magis
2659 5617 2773 5675 ego
2798 5601 3216 5678 indignissima
3239 5600 3546 5658 creatura?
