3948 6168
434 229 552 291 579

1413 312 1432 330 ⁸
1470 228 1532 287 S.
1572 227 1947 289 ANSELMI
1984 227 2390 290 LUCENSIS
2425 227 2830 290 EPISCOPI.
3699 239 3792 303 580

505 430 558 483 2.
593 429 803 484 Mirum
832 429 1065 483 videtur
1084 427 1317 498 quando
1346 429 1534 481 miser
1548 427 1724 482 homo
1756 441 1872 481 non
1903 425 2100 480 tremit
2129 415 2182 476 Α
2215 429 2330 481 tuaa
2379 428 2606 498 gremio
2654 429 3056 499 quiescamus.
3120 430 3347 486 Currite
3402 449 3534 504 ergo
3574 436 3794 507 undique,

438 521 494 572 et
523 517 862 588 expavescit
891 520 1108 571 tantam
1141 516 1447 570 Dominam
1487 516 1744 570 salutare
1770 531 1784 584 ;
1817 515 1924 570 sed
1954 514 2097 569 illud

438 606 786 661 detestabile
798 606 1042 658 nimium
1067 608 1158 658 est
1179 606 1368 674 ipsam
1386 604 1690 658 nominare
1708 619 1831 672 ore,
1853 603 2097 657 etcorde

436 710 587 748 vana
609 697 665 748 et
695 693 937 760 inutilia,
969 693 1085 746 imo
1102 693 1351 746 nefanda
1376 696 1645 761 tractare,
1671 693 1856 761 ipsam
1879 691 2096 760 alloqui

437 788 608 853 tergo
644 797 842 835 verso.
867 782 1008 835 Cum
1033 782 1191 835 omni
1222 781 1529 834 devotione
1559 784 1616 835 et
1645 781 1972 835 reverentia
2005 782 2098 834 est

439 870 622 940 Virgo
652 869 994 923 beatissima
1018 869 1342 938 salutanda,
1368 873 1424 923 et
1450 870 1580 938 ipsa
1599 869 1744 923 tales
1769 869 1981 939 quaerit
1997 867 2098 938 qui

438 958 510 1012 ad
541 972 670 1012 eam
700 958 908 1012 devote
938 960 994 1011 et
1024 960 1364 1012 reverenter
1393 958 1704 1026 accedant;
1739 958 1852 1012 hos
1884 957 2094 1027 diligit,

438 1047 548 1100 hos
578 1046 776 1115 nutrit,
809 1045 920 1099 hos
949 1047 1008 1099 in
1041 1045 1194 1100 filios
1227 1061 1373 1100 suos
1398 1046 1669 1115 suscipit.
1692 1045 1740 1100 Ο
1762 1047 1971 1100 beatus
1996 1045 2097 1115 qui

439 1135 509 1189 de
539 1139 652 1188 tam
682 1135 862 1188 nobili
894 1133 1076 1188 Matre
1107 1135 1353 1203 laetatur,
1370 1137 1428 1188 et
1455 1135 1644 1204 ipsam
1678 1134 1856 1188 corde
1887 1133 2100 1204 ample-

440 1224 617 1277 ctitur
646 1228 703 1277 et
733 1237 911 1292 opere
943 1223 1201 1277 imitatur
1227 1221 1238 1276 l
1270 1223 1317 1277 Ο
1345 1223 1508 1291 felix,
1541 1224 1640 1293 qui
1659 1222 1825 1276 Matri
1859 1223 1965 1276 Dei
1997 1237 2097 1276 se-

440 1311 693 1366 cundum
727 1327 900 1365 suum
930 1327 1111 1382 posse
1160 1312 1362 1365 nititur
1411 1309 1802 1366 conformari!
1852 1311 1960 1365 Hic
2006 1313 2098 1364 est

438 1403 594 1454 certe
627 1400 748 1470 qui,
782 1400 939 1453 omni
971 1404 1238 1454 creatura
1256 1401 1733 1470 contempte,soli
1757 1400 1877 1454 Deo
1891 1400 2096 1471 singu-

435 1489 541 1543 lari
571 1505 770 1544 amore
793 1489 1058 1558 inhaeret,
1084 1492 1140 1543 et
1161 1489 1486 1544 crucifixus
1516 1504 1648 1543 cum
1679 1487 1934 1557 Christo,
1969 1489 2096 1541 ani-

437 1593 664 1632 marum
694 1579 817 1632 sitit
843 1578 1113 1631 salutem.
1137 1576 1184 1630 O
1214 1578 1424 1630 mirum
1459 1580 1638 1645 certe,
1673 1576 1966 1646 quomodo
2001 1591 2101 1630 ex-

438 1667 752 1722 sultatione
769 1681 886 1720 non
901 1665 1124 1735 rapitur
1137 1680 1240 1720 cor
1258 1664 1431 1720 talem
1449 1665 1750 1737 Virginem
1763 1665 2072 1719 salutantis
2090 1662 2102 1718 l

438 1755 681 1808 Matrem
704 1755 810 1808 Dei
830 1754 1166 1824 alloquitur,
1206 1754 1390 1808 Deum
1424 1769 1498 1808 ex
1519 1753 1650 1824 ipsa
1671 1753 1889 1807 factum
1911 1753 2103 1808 homi-
2133 1782 2181 1842 Β

437 1858 572 1897 nem
602 1842 1169 1912 contemplatur.Hic
1190 1842 1350 1896 videt
1367 1843 1480 1895 ima
1503 1841 1774 1911 summis,
1795 1845 1851 1898 et
1874 1857 2106 1897 summa

437 1930 572 1984 imis
605 1945 710 2000 pro
742 1945 851 1984 sua
872 1929 1154 1984 charitate
1185 1929 1492 2002 conjungi.
1514 1931 1836 1996 Quomodo,
1872 1945 2101 2002 quaeso,

439 2033 556 2073 non
584 2018 861 2089 liquescit
891 2018 951 2072 in
981 2018 1091 2073 hac
1125 2020 1479 2075 salutatione
1511 2035 1679 2074 mens
1710 2022 1933 2088 nostra,
1969 2035 2105 2072 cum

439 2107 624 2161 Deum
655 2109 877 2160 tantum
896 2123 1006 2161 nos
1029 2107 1313 2162 dilexisse
1335 2107 1608 2163 videmus
1630 2111 1693 2162 ut
1721 2123 1796 2162 ex
1825 2105 2105 2179 virginali

437 2199 602 2251 utero
621 2195 898 2266 dignatus
917 2195 993 2250 sit
1012 2195 1140 2250 fieri
1155 2195 1334 2250 frater
1351 2196 1614 2251 noster.J
1621 2212 1711 2250 am
1725 2211 1794 2251 os
1809 2199 2098 2265 nostrum,

436 2287 492 2338 et
513 2299 648 2338 caro
681 2287 882 2338 nostra
912 2287 1022 2338 est.
1047 2283 1094 2338 Ο
1113 2284 1292 2338 nimia
1322 2287 1377 2339 et
1408 2283 1722 2340 ineffabilia
1740 2283 1976 2338 diffusio
1995 2283 2100 2338 bo-

435 2372 635 2426 nitatis
673 2369 922 2427 divinis!
953 2371 1195 2443 Quanta,
1244 2388 1472 2444 quaeso,
1505 2389 1648 2445 erga
1690 2373 1866 2426 talem
1899 2371 2100 2442 Virgi-

435 2476 566 2515 nem
601 2461 843 2514 deberet
887 2475 990 2515 cor
1029 2465 1299 2515 nostrum
1347 2461 1658 2516 devotione
1695 2458 1961 2530 diffundi,
1995 2475 2102 2530 per

435 2565 612 2620 quam
641 2549 965 2603 meruimus
987 2549 1107 2603 Deo
1133 2565 1271 2604 esse
1302 2550 1631 2604 confratres
1653 2556 1709 2604 et
1732 2549 2097 2604 cohaeredes.

438 2637 588 2690 Mira
615 2637 854 2692 deberet
882 2653 951 2691 os
981 2641 1253 2692 nostrum
1284 2638 1594 2693 dulcedine
1624 2639 1945 2707 abundare,
1967 2654 2100 2692 cum

437 2728 554 2779 tam
566 2725 796 2780 dulcem
810 2730 866 2780 et
881 2726 1199 2798 benignam
1217 2727 1523 2781 Dominam
1539 2729 1949 2797 salutamus,et
1966 2726 2100 2798 ejus

436 2813 844 2868 benedicimus
876 2813 1150 2869 fructum.
1184 2814 1591 2870 Suavissimus
1629 2819 1687 2869 et
1713 2815 2100 2870 dulcissimus

438 2905 530 2956 est
552 2901 778 2955 fructus
811 2901 966 2972 ejus,
992 2905 1048 2956 et
1077 2904 1135 2957 in
1167 2918 1289 2973 ore,
1318 2907 1373 2958 et
1397 2904 1573 2958 corde
1595 2904 1881 2974 sapientis
1904 2903 2100 2959 dulce-

437 2989 724 3044 scit.Mira
738 2989 1022 3062 esthujus
1042 2991 1308 3065 Virginis
1325 2993 1673 3064 fecunditas,
1694 2993 1991 3064 qum,dum
2016 3007 2105 3046 sa-

435 3078 653 3132 lutatur
673 3079 904 3149 devote,
923 3080 997 3134 ad
1019 3095 1122 3134 cor
1147 3080 1457 3135 salutantis
1481 3098 1655 3136 suum
1677 3082 2100 3136 suavissimum

436 3168 691 3222 fructum
719 3168 944 3238 emittit,
979 3173 1035 3224 et
1064 3172 1281 3242 quanto
1326 3170 1383 3224 in
1417 3169 1550 3242 ejus
1584 3171 1776 3226 fructu
1807 3171 1942 3242 quis
1973 3187 2099 3224 am-

436 3257 592 3327 plius
613 3255 979 3327 jucundatur
1016 3262 1175 3314 tanto
1209 3259 1280 3314 ab
1312 3275 1378 3315 ea
1430 3260 1681 3330 amplius
1731 3261 2098 3330 impetratur.

436 3345 569 3399 Nisi
601 3346 763 3400 dicas
791 3362 802 3399 :
829 3345 1077 3416 Sufﬁcit,
1103 3363 1402 3419 nunquam
1422 3347 1706 3403 cessabit.
1737 3348 1783 3402 Ο
1813 3349 1957 3402 mira
1987 3349 2103 3402 Do-

436 3433 610 3499 mina,
645 3435 860 3488 mirum
891 3435 1124 3489 videtur
1151 3437 1446 3508 quomodo
1465 3452 1579 3490 non
1597 3439 1819 3490 tantum
1849 3437 2103 3492 delecta-

436 3539 569 3577 mur
598 3523 656 3576 in
686 3528 741 3578 te
772 3523 1078 3578 salutando
1111 3525 1290 3595 quod,
1332 3530 1549 3594 praeter
1586 3528 1643 3578 te
1675 3528 1732 3580 et
1751 3528 1916 3580 tuum
1947 3525 2103 3581 fruc-

434 3616 576 3678 tum,
613 3616 828 3667 caetera
859 3613 1224 3684 ignoremus.
1248 3613 1574 3685 Quomodo,
1600 3629 1827 3686 quaeso,
1863 3630 1980 3669 non
2011 3617 2104 3670 est

397 3729 402 3732 -
437 3701 508 3755 ad
538 3705 595 3756 te
623 3704 849 3756 tantum
878 3703 1138 3756 intentus
1181 3701 1375 3772 homo,
1409 3705 1648 3774 propter
1679 3707 1834 3758 tuam
1865 3704 2103 3758 nimiam

437 3790 806 3860 suavitatem,
838 3795 900 3844 ut
936 3791 1110 3846 etiam
1162 3792 1550 3863 semetipsum
1604 3809 1637 3847 a
1669 3806 1736 3848 se
1764 3793 2105 3847 abstractus

436 3879 710 3951 ignoret?
748 3880 795 3934 Ο
832 3881 1057 3950 raptrix
1101 3879 1403 3936 cordiuml
1456 3881 1503 3935 Ο
1549 3882 1889 3952 absorptrix
1938 3897 2106 3936 men-

439 3967 619 4023 tium!
654 3967 700 4023 Ο
728 3969 1007 4040 liquatrix
1035 3976 1413 4040 peccatorum
1449 3969 1461 4024 l

506 4055 558 4112 3.
590 4057 742 4112 Ave.
763 4059 899 4128 Cur,
937 4059 1203 4130 Domina,
1230 4077 1340 4116 nos
1363 4061 1707 4134 ingravidas
1737 4064 1837 4116 tuo
1869 4061 2108 4116 fructu?

436 4147 553 4201 Cur
582 4163 690 4202 nos
725 4148 845 4204 Deo
877 4153 1083 4204 nostro
1108 4151 1468 4222 impraegnas
1489 4153 1518 4205 ?
1546 4151 1664 4206 Cur
1683 4151 1869 4205 lutum
1889 4152 2104 4222 imples

434 4237 604 4307 caalo,
630 4242 687 4291 et
705 4240 1069 4293 vanissimos
1103 4239 1250 4294 facis
1284 4240 1598 4295 dominos?
1626 4239 1746 4295 Cur
1765 4257 1898 4310 nos,
1925 4241 2106 4295 obse-

435 4344 556 4396 cro,
575 4327 676 4381 filii
695 4329 773 4380 tui
799 4343 998 4382 amore
1021 4329 1304 4396 inebrias,
1328 4345 1461 4382 cum
1482 4345 1592 4384 nec
1612 4329 1736 4399 tibi,
1756 4345 1866 4384 nec
1881 4329 2112 4385 sibiali.

434 4417 574 4488 quid
607 4417 946 4485 impendere
976 4416 1282 4501 valeamus
1305 4418 1333 4472 ?
1371 4417 1520 4481 Quid
1551 4419 1655 4472 tibi
1698 4419 1944 4488 prodest
1974 4418 2104 4473 ani-

2130 3130 2184 3194 Ο

2215 514 2473 585 humani,
2509 520 2565 571 et
2594 520 2709 571 tam
2742 518 3000 573 nobilem
3030 522 3087 572 et
3117 534 3355 574 suavem
3384 520 3660 592 Virginem
3677 525 3796 581 salu-

2217 606 2434 658 temus.

2287 692 2339 745 4.
2372 693 2526 746 Ave.
2562 694 2904 748 Patientiam
2953 695 3126 766 habe,
3162 695 3420 765 Domina,
3465 700 3600 768 quod
3627 703 3798 772 angeli-

2221 795 2348 834 cam
2379 781 2627 835 salutem
2656 798 2882 852 promo,
2917 787 2974 837 et
3004 784 3271 854 angelice
3294 801 3406 841 non
3436 787 3594 852 vivo;
3623 789 3709 842 sed
3727 806 3798 858 po-

2219 868 2356 937 tius,
2391 869 2682 925 diabolice
2711 871 3050 926 horrendus
3095 878 3150 926 et
3178 877 3233 926 te
3265 873 3514 929 salutare
3542 891 3798 944 praesumo,

2219 958 2452 1012 confido
2485 961 2642 1012 certe
2673 959 2744 1013 de
2795 962 2893 1014 tua
2921 961 3097 1014 nimia
3137 961 3410 1030 bonitate,
3442 968 3496 1017 et
3520 967 3609 1018 tuo
3633 963 3801 1017 inﬂam-

2217 1049 2410 1100 matus
2452 1062 2654 1101 amore
2688 1051 2764 1117 te,
2815 1048 3091 1118 quamvis
3137 1049 3416 1121 indignus
3463 1052 3692 1119 nimium,
3719 1067 3803 1106 non

2214 1149 2429 1188 vereor
2458 1135 2738 1190 salutare.
2771 1137 2924 1191 Ave.
2959 1136 3111 1201 Quid
3149 1138 3291 1191 mihi
3325 1138 3570 1208 dulcius,
3592 1139 3802 1208 Domina,

2216 1225 2316 1276 tuo
2347 1238 2458 1276 ave
2477 1222 2581 1292 ?_'O
2609 1223 2823 1278 mirum
2852 1239 2983 1293 ave,
3017 1226 3175 1295 quod
3207 1227 3458 1296 quadam
3493 1229 3690 1282 coalein
3712 1227 3809 1281 dul-

2220 1310 2424 1365 cedine
2447 1311 2698 1365 inebriat
2719 1327 2824 1368 cor
2852 1313 3125 1367 devotum
3152 1311 3164 1368 Ι
3197 1313 3369 1370 Certe
3394 1314 3511 1385 jam
3539 1315 3707 1369 dicere
3729 1330 3807 1385 po-

2217 1401 2333 1453 test
2369 1399 2578 1454 devote
2606 1401 2871 1456 salutans
2923 1417 2936 1456 :
2982 1400 3330 1474 Liquefacta
3376 1410 3467 1458 est
3510 1405 3677 1457 anima
3713 1419 3804 1457 mea

2219 1486 2414 1555 (Cant.
2451 1488 2532 1557 χ),
2565 1491 2628 1542 ut
2657 1489 2907 1543 salutavi
2932 1491 3240 1545 Dominam
3271 1506 3478 1545 meam.
3508 1490 3713 1546 Deiecit
3737 1506 3811 1545 cor

2217 1591 2405 1630 meum
2428 1583 2485 1630 et
2504 1592 2641 1632 caro
2659 1593 2789 1632 mea
2818 1577 3005 1649 (Psal.
3042 1579 3244 1648 Lxxn),
3278 1579 3417 1633 dum
3462 1579 3700 1650 alloquor
3723 1579 3808 1632 Do-

2216 1665 2432 1718 minam
2463 1681 2672 1720 meam.
2707 1665 2855 1732 Quis
2885 1667 2944 1720 in
2976 1671 3031 1722 te
3061 1683 3180 1722 non
3213 1668 3464 1738 deﬁciet,
3500 1668 3662 1738 Virgo
3686 1682 3810 1721 sam

2217 1753 2356 1807 dum
2407 1753 2600 1808 cernit
2639 1753 2749 1808 hac
2795 1755 3146 1809 salutatione
3188 1756 3431 1826 pravis,
3474 1759 3528 1810 te
3573 1755 3664 1810 Dei
3703 1754 3810 1808 Filio

2215 1841 2709 1913 impraegnatam?
2752 1842 2896 1908 Quis
2941 1859 3060 1899 non
3103 1844 3360 1914 deficiet,
3391 1845 3524 1899 dum
3557 1844 3715 1898 comit
3735 1843 3811 1896 Dei

2216 1929 2430 1984 Filium
2460 1933 2559 1984 tuo
2607 1935 2778 1986 utero
2807 1930 3086 2001 bajulari,
3119 1937 3222 1988 tuo
3256 1933 3404 1988 lacte
3450 1933 3679 1988 nutriri?
3701 1930 3808 1995 Quid

2215 2031 2360 2090 ergo
2411 2019 2695 2073 libentius
2735 2020 2939 2090 audis,
2975 2037 3010 2076 ο
3049 2021 3321 2090 Domina,
3371 2037 3540 2093 quam
3569 2020 3811 2074 salutatio-

2215 2121 2370 2174 nem,
2400 2122 2516 2177 qua
2547 2109 3024 2180 recognosceris,
3057 2109 3247 2164 Mater
3278 2110 3406 2178 Dei,
3439 2111 3526 2164 sic
3541 2111 3595 2164 in
3608 2111 3658 2163 te
3681 2107 3814 2162 homi-

2213 2210 2322 2249 nes
2356 2194 2670 2266 jucundari
2725 2200 2789 2251 ut
2816 2212 3056 2269 semper
3103 2198 3163 2252 in
3207 2213 3345 2253 eum
3391 2197 3559 2269 cujus
3597 2212 3656 2252 es
3680 2196 3816 2249 Mater

2211 2283 2568 2338 refundant?
2615 2284 2749 2340 Non
2789 2287 2943 2340 enim
2982 2289 3121 2356 puto
3163 2287 3283 2342 nisi
3325 2291 3384 2341 ut
3435 2287 3609 2342 Mater
3642 2285 3728 2339 Dei
3750 2284 3816 2336 vis

2217 2370 2387 2426 aliter
2417 2373 2682 2443 salutari,
2715 2389 2824 2428 nec
2854 2378 2912 2428 et
2940 2377 3250 2448 cognosci.
3282 2377 3458 2431 Porta
3487 2379 3574 2430 est
3589 2373 3814 2429 Christal-

2207 2460 2350 2532 lina,
2381 2464 2440 2516 et
2465 2477 2576 2530 per
2604 2464 2661 2517 te
2691 2461 2785 2517 vis
2814 2465 2914 2518 tuo
2947 2463 3096 2519 Filio
3121 2481 3232 2520 nos
3252 2464 3560 2537 conjungi.
3581 2462 3699 2529 Sed,
3719 2475 3815 2526 ave,

2211 2553 2269 2603 et
2289 2565 2430 2604 vere
2463 2566 2593 2620 ave,
2625 2567 2759 2605 nam
2789 2566 2897 2606 cor
2939 2555 3210 2608 nostrum
3255 2555 3447 2625 aperit
3488 2558 3636 2608 tuum
3662 2566 3763 2605 ave.
3785 2548 3816 2602 Ο

2214 2637 2556 2693 admirabile
2589 2643 2645 2695 et
2675 2641 3205 2711 superadmirabile
3231 2659 3364 2709 ave,
3391 2660 3423 2697 a
3452 2657 3561 2714 quo
3582 2641 3817 2695 daemones

2216 2725 2568 2798 effugantur,
2599 2732 2944 2798 peccatores
2977 2730 3404 2802 lacrymantur,
3458 2731 3556 2784 filii
3583 2728 3819 2783 delectan-

2214 2817 2329 2884 tur,
2357 2817 2607 2886 angelus
2637 2817 2990 2888 gratulatur,
3023 2818 3286 2873 Verbum
3323 2819 3660 2887 incarnatur,
3682 2814 3818 2883 Virgo

2215 2904 2579 2975 gravidatur.
2614 2905 2806 2975 Certe,
2861 2922 2993 2976 ave,
3031 2906 3207 2979 cujus
3249 2909 3449 2963 fructu
3481 2911 3731 2962 creaturae
3755 2917 3820 2955 re-

2214 2995 2529 3060 novantur,
2581 2993 2853 3048 homines
2884 2996 3274 3067 redimuntur,
3301 2997 3499 3070 angeli
3519 2994 3818 3064 reparantur.

2215 3079 2374 3153 Ergo
2407 3081 2530 3150 tibi,
2561 3099 2688 3149 ave,
2725 3084 3003 3140 universa
3036 3089 3306 3140 creatura
3341 3086 3469 3141 sine
3500 3084 3606 3138 fine
3631 3077 3815 3152 procla-

2220 3173 2355 3224 met.
2383 3170 2430 3225 Ο
2459 3170 2892 3244 dulcissimum,
2919 3178 2976 3228 et
3009 3174 3437 3230 suavissimum
3469 3189 3590 3240 ave,
3613 3185 3711 3242 quo
3735 3171 3816 3220 ter-

2216 3259 2428 3313 restria
2459 3259 2751 3332 laetantur,
2778 3263 3044 3316 coelestia
3065 3262 3497 3334 jucundantur,
3526 3262 3649 3315 imis
3669 3269 3820 3326 supre-

2216 3363 2310 3401 ma
2352 3347 2711 3420 junguntur.
2763 3350 2810 3405 Ο
2841 3367 2971 3420 ave,
3018 3352 3174 3423 quod
3221 3352 3577 3407 intellectum
3616 3345 3819 3407 iri-adiat,

2218 3437 2490 3492 affectum
2524 3438 2716 3505 satiat,
2758 3442 3011 3494 mentem
3041 3440 3113 3494 ad
3147 3440 3418 3495 caelestia
3449 3441 3612 3505 levat,
3644 3436 3821 3489 animus

2217 3527 2565 3596 illustratur,
2598 3532 2806 3598 pectus
2847 3529 3280 3598 indulcoratur,
3319 3545 3459 3584 caro
3505 3525 3820 3582 maceratur:

2219 3631 2366 3687 ergo
2398 3632 2527 3671 ave.
2571 3616 2617 3672 Ο
2648 3618 2910 3673 catenale
2959 3634 3090 3688 ave,
3132 3619 3290 3690 quod
3333 3635 3440 3673 cor
3469 3615 3696 3686 stringis
3727 3621 3823 3664 cum

2219 3704 2468 3776 Virgine
2499 3709 2554 3760 et
2576 3721 2824 3776 separes
2845 3722 2878 3760 a
2893 3707 3149 3762 terrenis
3172 3722 3306 3761 cum
3327 3700 3822 3761 misericordissima

2219 3793 2525 3863 miserum,
2559 3809 2691 3849 cum
2728 3795 2968 3848 Domina
3001 3811 3262 3864 servum,
3297 3810 3436 3849 cum
3469 3795 3638 3848 Matre
3661 3788 3821 3844 Filium

2219 3883 2567 3937 firmissime
2613 3883 2788 3955 ligas.
2836 3882 2883 3938 Ο
2920 3883 3266 3938 admirabile
3298 3899 3414 3938 ave
3448 3881 3461 3937 i
3502 3878 3754 3944 Accedat,
3781 3875 3824 3925 ut

2219 3975 2278 4026 te
2309 3971 2544 4042 salutet,
2565 3973 2667 4044 qui
2687 3972 2810 4027 vult
2831 3972 3091 4027 catenari
3114 3987 3334 4037 amore,
3363 3976 3438 4042 et,
3459 3986 3586 4026 cum
3607 3984 3674 4022 ex
3690 3961 3824 4019 corde

2222 4060 2587 4129 salutaverit,
2607 4060 2880 4130 amplius,
2905 4060 3117 4115 fortius
3137 4052 3824 4132 constringetur,etquanto

2220 4149 2668 4222 constringetur
2689 4149 2926 4218 fortius,
2958 4149 3238 4204 libentius
3270 4150 3566 4204 salutabit.
3597 4145 3702 4211 Sic,
3723 4152 3822 4202 ave,

2223 4238 2467 4293 Domina
2499 4254 2648 4308 mea,
2681 4241 2738 4293 et
2783 4254 2949 4293 amor
2978 4242 3178 4294 mutuo
3224 4254 3292 4293 se
3333 4238 3642 4310 augebunt,
3681 4231 3824 4285 donec

2222 4342 2326 4382 cor
2372 4327 2682 4382 salutantis
2743 4327 2976 4382 deficiat
3018 4343 3142 4398 prae
3207 4325 3471 4382 dulcore.
3528 4325 3572 4380 Ο
3615 4314 3825 4390 Virginis

2220 4431 2405 4486 amor,
2439 4416 2706 4470 divinum
2749 4416 2953 4471 reddis
3003 4418 3314 4486 amantem,
3367 4415 3684 4487 virgineum
3713 4402 3826 4460 facis

435 4481 662 4560 marum
689 4481 961 4572 amatrix,
998 4491 1154 4574 quod
1184 4510 1240 4560 te
1270 4509 1326 4559 et
1357 4505 1569 4560 Filium
1599 4481 1762 4561 tuu-m
1795 4510 2000 4562 nostro
2023 4481 2188 4562 di-D
2214 4507 2339 4579 jam
2388 4481 2565 4560 multa
2616 4506 2795 4560 sorde
2857 4505 3164 4575 pollutum.
3226 4481 3385 4576 Ergo
3444 4481 3580 4567 a've,
3629 4494 3824 4552 Domina

433 4595 688 4667 ligamus
711 4607 908 4646 amore
925 4595 952 4646 ?
973 4593 1183 4664 Nonne
1197 4594 1462 4648 cmlestia
1486 4594 1795 4650 sufficiunt
1817 4596 1940 4659 tibi,
1966 4596 2108 4667 quid

433 4687 634 4737 nostra
667 4682 844 4736 corde
890 4682 1170 4752 requiris,
1207 4698 1338 4736 cum
1374 4687 1567 4736 tamen
1599 4684 1719 4738 sint
1750 4684 2104 4738 fetidissima

434 4775 489 4828 et
508 4777 742 4827 terrena
763 4773 792 4825 ?
807 4772 1026 4842 Accipe
1049 4786 1136 4839 ea,
1163 4771 1493 4826 animarum
1515 4773 1807 4843 venatrix,
1829 4776 1885 4828 et
1903 4774 2107 4828 refove

433 4877 500 4916 ea
542 4863 600 4916 in
639 4864 773 4916 sinu
813 4862 1018 4934 gratim
1078 4864 1213 4915 tuae.
1247 4859 1391 4925 Quis
1437 4863 1587 4915 enim
1610 4865 1799 4932 potest
1843 4860 2104 4934 effugere

434 4952 718 5006 claritatis
747 4955 863 5006 tuae
897 4952 1189 5022 fulgorem
1222 4955 1278 5004 et
1307 4954 1425 5006 tua?
1455 4951 1658 5006 radios
1688 4952 1967 5021 pietatis?
1993 4967 2103 5007 nec

433 5042 589 5094 enim
628 5044 720 5094 est
757 5041 859 5111 qui
903 5057 971 5095 se
1017 5057 1048 5094 a
1097 5045 1195 5094 tuo
1247 5040 1444 5095 calere
1494 5041 1866 5096 abscondere
1913 5040 2105 5111 possit

432 5129 620 5198 (Psal.
661 5133 844 5198 xvm),
877 5131 1013 5200 quia
1053 5129 1362 5185 beneficiis
1393 5131 1511 5184 tuis
1537 5131 1694 5199 pleni
1718 5133 1857 5184 sunt
1887 5129 2017 5184 cmli
2050 5131 2106 5184 et

432 5221 606 5271 terra.
639 5217 1000 5288 Quocunque
1031 5221 1187 5273 enim
1211 5235 1551 5292 pergamus,
1575 5221 1831 5274 occurrit
1868 5218 2105 5272 diffusio

434 5305 582 5357 uteri
602 5305 930 5375 virginalis.
959 5307 1110 5362 Ecce
1133 5325 1276 5380 ergo
1306 5325 1414 5363 nos
1439 5309 1698 5380 undique
1727 5309 1841 5361 tu's
1874 5306 2102 5360 benefi-

436 5395 546 5447 ciis
578 5396 842 5463 irretisti,
882 5401 936 5449 et
968 5413 1201 5466 semper
1224 5403 1278 5452 et
1313 5399 1530 5470 ubique
1561 5402 1679 5452 tua:
1719 5396 2103 5466 benignitatis

434 5482 679 5552 laqueos
716 5484 1052 5551 cxtendisti,
1083 5491 1144 5539 ut
1181 5491 1283 5541 ate
1319 5488 1498 5541 Matre
1525 5486 1868 5540 dulcissima
1894 5485 2100 5555 fugere

435 5575 859 5631 rationabiliter
890 5591 1273 5648 nequeamus,
1295 5577 1400 5632 sed
1433 5592 1670 5649 semper
1689 5577 1746 5629 in
1771 5573 2102 5630 dulcedinis

2222 4613 2378 4666 mea,
2421 4596 2606 4650 Mater
2634 4610 2785 4664 mea,
2835 4595 2952 4649 imo
2995 4609 3102 4649 cor
3144 4609 3360 4663 meum,
3412 4595 3469 4648 et
3515 4591 3690 4645 anima
3731 4594 3826 4636 mea

2222 4687 2394 4756 virgo
2427 4683 2626 4737 Maria.

2293 4775 2346 4828 5.
2378 4773 2576 4827 Maria
2606 4770 2799 4842 virgo,
2823 4785 2935 4826 ave
2967 4786 2979 4825 :
3011 4769 3059 4824 Ο
3079 4784 3291 4824 nomen
3309 4767 3830 4828 suavissimum,n0°

2221 4877 2355 4914 men
2386 4858 2817 4925 dulcissimum,
2853 4873 3064 4912 nomen
3100 4855 3630 4928 jucundissimum,
3657 4856 3828 4903 nomen

2223 4949 2424 5004 Mariae
2451 4946 2463 5002 l
2496 4947 2644 5011 Quid
2674 4945 2828 5001 feci?
2848 4945 2998 5011 Quid
3028 4945 3385 5016 praesumpsi
3407 4946 3436 4999 ?
3463 4937 3737 5008 Quomodo
3754 4948 3829 4986 ex-

2222 5038 2426 5093 cessi?
2454 5035 2756 5090 nominare
2787 5037 2843 5089 te
2874 5031 3091 5088 audeo!
3123 5033 3268 5098 Quis
3303 5048 3558 5104 unquam
3606 5027 3724 5082 talia
3746 5036 3825 5075 au-

2221 5127 2363 5180 divit
2395 5124 2552 5196 quod
2579 5123 2927 5193 perditionis
2960 5123 3138 5190 filius,
3171 5127 3546 5193 peccatorum
3574 5113 3823 5173 sacculus,

2219 5217 2551 5270 daemonum
2582 5212 2838 5266 famulus
2859 5214 2914 5266 te
2935 5213 3240 5266 nominare
3269 5204 3681 5282 prmsumat‘m
3696 5209 3826 5290 autat

2217 5306 2329 5358 mei
2349 5303 2361 5357 l
2395 5318 2606 5356 nomen
2629 5302 2831 5354 Matris
2857 5301 2956 5355 Dei
2983 5298 2995 5354 Ι
3021 5300 3281 5355 revereri
3301 5301 3492 5355 nescit
3514 5307 3696 5360 amor;
3713 5286 3827 5342 mihi

2217 5410 2412 5465 parce,
2440 5392 2704 5460 Domina,
2739 5390 2893 5461 quod
2925 5395 2978 5444 te
2999 5405 3194 5445 amare
3218 5389 3408 5444 dicam
3433 5407 3446 5454 ;
3479 5386 3598 5442 etsi
3619 5397 3718 5453 ego
3737 5388 3822 5430 ηοιι

2217 5500 2347 5537 sum
2382 5483 2598 5553 dignus
2630 5484 2685 5534 te
2739 5495 2954 5549 amare,
2990 5483 3050 5533 tu
3087 5495 3162 5532 es
3193 5479 3370 5550 digna
3404 5475 3596 5531 amari.
3635 5469 3773 5534 QuiS,
3799 5476 3822 5511 0

2215 5571 2480 5644 Domina,
2504 5574 2559 5626 te
2592 5583 2789 5624 amare
2819 5568 3088 5639 desistet,
3109 5568 3286 5642 cujus
3309 5565 3606 5623 beneficiis
3623 5555 3822 5635 gratiam
