3948 6168
106 219 200 282 581

1348 214 1805 277 OPUSCULA
1850 216 2160 278 SPURIA

3357 218 3473 280 582

106 420 147 470 et
170 414 383 488 gloriam
412 412 817 482 impetramus?
856 413 973 465 Per
997 416 1069 481 te,
1106 412 1374 480 Domina,
1411 412 1695 485 frangun-
1724 397 1781 457 Α
1811 416 2003 483 potest
2024 416 2212 469 nubes
2235 415 2753 487 aliquainterponi,
2778 418 2894 471 nisi
2912 419 3148 473 volenti.
3168 419 3473 474 ODomina

106 510 179 557 tur
198 501 415 570 vincula,
437 499 740 555 solvuntur
768 499 979 554 delicta
1008 501 1323 555 vincuntur
1352 501 1510 569 vitia,
1547 501 1693 554 soli-

105 593 277 646 dantur
316 589 614 656 confracta,
648 589 1025 659 reperiuntur
1053 590 1302 658 perdita,
1339 592 1697 644 renovantur

106 684 284 747 vetera,
323 677 654 731 roborantur
676 676 928 744 inﬁrma,
962 678 1414 748 magniﬁcautur
1436 677 1692 747 minima,

104 767 378 823 exaltantur
404 764 614 833 inﬁma,
640 765 892 835 inccepta
904 768 1341 835 promoventur,
1356 764 1696 835 imperfecta

106 854 448 925 perﬁciuntur,
467 852 722 922 perfecta
742 856 1244 921 consummantur,
1266 856 1550 925 purgatur
1570 870 1694 922 cor,

105 942 317 1013 refulget
344 956 503 995 mens
523 983 538 1010 ,
572 946 627 995 et
658 941 889 995 animus
942 941 1361 1011 inﬂammatur,
1422 942 1700 1013 liquescit

105 1034 285 1102 pectus,
314 1029 616 1083 decoratur
628 1032 930 1099 aspectus,
944 1030 1342 1099 desponsatur
1359 1031 1699 1102 peregrina,
1716 1070 1731 1089 κ

104 1118 373 1172 traducitur
385 1133 623 1187 sponsa,
648 1117 968 1172 resolvitur
982 1118 1196 1172 anima.
1220 1117 1265 1172 Ο
1283 1118 1474 1172 anima
1495 1116 1509 1172 ι
1528 1119 1703 1174 habet

104 1214 186 1266 hoc
210 1227 301 1282 per
324 1213 396 1280 te,
433 1210 612 1282 Virgo
641 1211 841 1265 Maria.

152 1300 194 1354 6.
215 1300 330 1353 Are
351 1299 566 1367 Maria,
592 1298 742 1353 Vere
773 1299 992 1368 Maria,
1038 1299 1211 1354 stella
1242 1300 1447 1368 maris,
1481 1299 1699 1354 mundo

108 1388 308 1444 totaliter
326 1386 821 1442 transformando.
837 1386 1083 1442 Domina
1102 1404 1287 1459 super
1299 1405 1506 1444 omnes
1527 1405 1708 1459 ange-

101 1477 248 1531 lorum
275 1476 479 1531 choros
509 1475 585 1530 ad
618 1474 746 1529 Filii
771 1478 1070 1531 dexteram
1103 1476 1598 1532 transcendendo.
1626 1476 1707 1529 Es

1812 517 1957 570 mea,
1992 507 2051 556 tu
2092 502 2151 556 in
2177 503 2288 556 hoc
2320 504 2467 557 mari
2506 520 2572 557 es
2601 506 2773 558 nobis
2821 506 2989 559 navis
3030 511 3373 561 sustentans
3419 511 3476 562 et

1807 593 2072 659 portans,
2095 591 2358 646 anchora
2383 592 2696 647 stabiliens
2727 601 2782 647 et
2814 594 3080 663 ﬁrmans,
3105 596 3473 666 gubernacu-

1805 678 1861 729 lu
1875 695 1925 731 m
1941 678 2206 749 dirigens
2226 683 2281 734 et
2303 681 2662 749 rectitieans,
2678 681 2871 735 velum
2891 681 3191 736 deducens
3205 688 3260 737 et
3278 683 3477 738 obmu-

1803 766 2182 837 brans,stella
2194 768 2500 839 refulgens
2514 775 2567 824 et
2582 770 2789 824 salutis
2798 772 3024 839 portum
3039 770 3474 840 demonstrans;

1807 855 1923 910 imo
1949 857 2290 925 impetrans,
2326 873 2710 912 conservans.
2736 858 2879 924 Quis
2901 874 3045 929 ergo
3070 876 3185 912 non
3218 860 3468 912 libenter

1810 943 1920 998 hoc
1952 959 2111 998 mare
2153 945 2647 1015 compunctionis,
2682 947 2986 1017 passionis
3019 952 3074 1002 et
3106 949 3478 1017 eompassio-

1811 1032 1905 1086 nis
1936 1031 2192 1102 intrabit,
2225 1033 2326 1087 ubi
2354 1036 2415 1087 tu
2446 1033 2619 1088 nobis
2639 1035 2960 1104 subvenis,
2987 1041 3043 1090 et
3076 1036 3379 1098 ministras
3417 1036 3473 1089 in

1812 1120 2088 1174 omnibus
2111 1121 2139 1175 ‘?

1885 1190 1938 1244 '7.
1963 1191 2084 1245 Imo
2117 1194 2178 1245 ut
2197 1192 2332 1261 plus
2362 1192 2560 1247 dicere
2582 1192 2848 1260 audeam,
2889 1195 2947 1248 tu
2968 1209 3035 1249 es
3063 1194 3270 1261 Maria,
3308 1211 3470 1249 ama-

1818 1294 1949 1332 rum
1980 1294 2142 1333 mare
2163 1278 2334 1345 facta,
2360 1283 2602 1350 propter
2633 1280 2763 1335 Filii
2795 1283 3137 1351 passionem
3169 1287 3221 1337 el
3251 1285 3481 1338 nostra-

1816 1383 1947 1420 rum
1983 1367 2355 1438 iniquitatum
2401 1369 2897 1441 eompassionem,
2928 1386 3045 1425 non
3076 1371 3232 1442 quod
3263 1370 3482 1441 aliquid

1816 1456 2110 1510 tristabile
2141 1457 2403 1526 patiaris,
2428 1458 2535 1512 sed
2569 1458 2884 1513 considero
2918 1463 3169 1514 mentem
3200 1462 3357 1514 tuam
3388 1474 3481 1514 se-

101 1566 229 1619 stella
264 1564 432 1618 maris
460 1580 576 1620 nos
607 1565 939 1637 dirigendo,
981 1581 1244 1619 amarum
1274 1581 1435 1620 mare
1468 1580 1706 1634 compa—
1736 1578 1791 1641 Β
1821 1543 2075 1641 ουηδιξῖη
2101 1545 2460 1641 ξίυοᾳίξηπιο
2486 1545 2788 1617 VIIij-“3
2818 1562 3058 1641 21:"?an
3071 1547 3337 1641 Vijfﬂ’as-
3356 1547 3482 1641 Ηίξθ

102 1653 271 1707 tiendo.
295 1653 530 1707 Domina
553 1668 625 1707 es
647 1653 1034 1724 protegendo.
1067 1653 1246 1708 Stella
1278 1654 1461 1709 maris
1493 1669 1561 1709 es
1592 1653 1701 1707 ho-

103 1744 297 1811 nestate,
326 1756 519 1795 amara
548 1742 794 1812 pietate,
827 1742 934 1795 sed
966 1741 1210 1796 Domina
1241 1757 1309 1797 es
1331 1745 1642 1812 potestate.
1665 1741 1712 1797 Ο

101 1829 294 1884 Domine
313 1830 462 1884 Deus
489 1846 682 1897 meus,
699 1830 838 1900 quid
863 1829 964 1883 tibi
979 1829 1374 1885 retribuemus
1387 1845 1494 1900 pro
1521 1830 1713 1884 omni-

100 1917 189 1971 bus
202 1918 535 1989 qusededisti
551 1919 753 1988 nobis;
768 1918 1133 1989 autquidtibi
1154 1920 1351 1973 facere
1364 1934 1711 1988 possumus,

100 2010 171 2060 ant
185 2006 303 2076 quid
324 2007 600 2075 facimus,
626 2007 805 2079 quod,
840 2007 1013 2061 nobis
1033 2006 1092 2061 in
1113 2007 1259 2060 mari
1284 2007 1479 2061 omnis
1497 2007 1714 2060 amari-

102 2094 274 2148 tudinis
304 2096 658 2165 constitutis,
692 2096 955 2150 tenebris
984 2095 1245 2167 undique
1277 2094 1712 2164 circumseptis,

101 2186 275 2251 aportu
298 2184 499 2238 salutis
521 2183 770 2237 nimium
794 2184 1111 2254 elongatis,
1147 2180 1485 2237 turbinibus
1506 2186 1563 2237 et
1580 2198 1713 2252 pro-

104 2269 230 2324 cellis
258 2271 321 2324 ad
339 2271 718 2343 naufragium
739 2272 997 2343 agitatis,
1019 2273 1135 2326 imo
1159 2274 1507 2341 tempestate
1537 2270 1715 2325 nimia

107 2374 228 2427 pene
259 2360 609 2426 submersis,
657 2363 772 2413 tam
805 2360 1002 2415 nobile
1049 2358 1346 2428 solatium,
1392 2363 1511 2413 tam
1542 2358 1716 2412 dulce

65 2473 69 2477 -
102 2448 431 2518 consortium,
463 2452 587 2503 tam
611 2447 825 2503 efﬁcax
857 2447 1161 2515 auxilium,
1186 2452 1299 2502 tam
1323 2448 1482 2518 pium
1519 2446 1719 2501 subsi-

103 2533 242 2603 dium,
283 2535 522 2608 Virgine
559 2536 741 2589 Maria
764 2536 1117 2603 irradiante,
1162 2535 1394 2591 stellam
1451 2534 1722 2590 dedisti?

102 2621 135 2675 0
156 2627 287 2679 certe
310 2624 473 2679 beata
490 2640 635 2694 nox,
673 2626 729 2678 et
760 2624 903 2678 felix
922 2623 1191 2694 tenebra,
1222 2627 1279 2679 et
1315 2623 1580 2696 gloriosa
1629 2638 1720 2677 ca-

102 2711 210 2779 ligo,
248 2729 369 2783 quia
398 2713 493 2767 tali
529 2713 707 2767 stella
742 2713 954 2767 meruit
982 2712 1220 2779 radiari,
1254 2717 1412 2766 certe
1436 2712 1570 2766 haec
1603 2726 1722 2766 uox

108 2798 404 2856 illammalio
433 2817 569 2857 mea
608 2803 670 2854 in
690 2800 930 2856 deliciis
957 2802 1109 2855 meis
1128 2799 1316 2868 (Psal.
1338 2800 1639 2871 cxxxvm).
1671 2799 1719 2854 Ο

100 2887 309 2957 gloriosa
325 2890 524 2961 Virgo,
565 2889 690 2944 sies
717 2889 899 2943 maris
925 2888 1115 2954 stella,
1140 2889 1451 2958 semperin
1468 2887 1580 2942 hac
1601 2889 1720 2942 vita

105 2976 202 3030 volo
214 2993 337 3033 esse
358 2980 416 3032 in
437 2978 615 3046 mari,
635 2980 699 3033 ut
721 2992 960 3048 semper
983 2978 1072 3032 sis
1096 2992 1227 3032 mea
1255 2977 1447 3032 stella.
1467 2977 1716 3046 Semper

103 3064 144 3122 in
184 3066 326 3121 mari.
352 3070 414 3121 ut
440 3082 688 3137 semper
718 3068 833 3121 sim
875 3065 1156 3137 perfecta
1185 3065 1616 3136 amaritudinis,
1645 3065 1718 3120 de

101 3156 309 3221 peccatis
356 3157 505 3210 meis
529 3156 849 3228 gemendo,
900 3155 1138 3211 Christo
1192 3155 1477 3210 cruciﬁxo
1515 3155 1718 3210 intime

102 3243 466 3312 compatiendo,
494 3260 608 3315 pro
625 3245 953 3299 animarum
968 3243 1235 3299 miseriis
1254 3246 1312 3299 et
1329 3244 1490 3299 vitiis
1507 3244 1722 3300 condo-

100 3328 250 3401 lendo,
267 3334 698 3404 eompatiendo.
720 3331 967 3403 Semper
998 3332 1135 3387 volo
1165 3332 1224 3386 in
1242 3333 1356 3388 hoc
1381 3332 1597 3403 triplici
1620 3349 1721 3387 na-

103 3418 257 3490 vigare
275 3421 501 3494 pelago,
541 3425 609 3476 ut
647 3437 886 3492 semper
915 3421 1163 3476 habeam
1185 3421 1367 3493 hujus
1399 3422 1589 3477 stellae
1614 3422 1721 3477 du-

102 3510 367 3565 catum.\’:e
397 3511 518 3566 illis
542 3512 647 3582 qui
683 3511 900 3565 suntin
933 3510 1184 3579 deliciis,
1210 3511 1578 3579 etnesciunt,
1604 3511 1720 3565 imo

105 3596 382 3652 nolunthoc
412 3614 579 3653 mare
611 3600 850 3668 intrare,
877 3600 1013 3669 quia
1044 3597 1153 3653 hac
1181 3598 1529 3653 dulcissima
1552 3598 1723 3652 stella

107 3686 357 3742 carebunt.
387 3685 645 3742 Currant
694 3687 952 3758 undique
1000 3688 1370 3755 tribulantes,
1410 3691 1466 3741 et
1495 3686 1726 3758 sepiant

105 3786 171 3825 me
183 3777 655 3831 amaritudinibus
670 3776 971 3846 inauditis,
989 3778 1173 3830 etnon
1199 3775 1436 3845 timebo,
1458 3776 1725 3847 quoniam

104 3865 148 3913 ta
169 3879 364 3918 mecum
388 3880 456 3920 es
486 3865 680 3935 (Psal.
706 3866 873 3935 χχιι).
902 3864 1021 3918 Imo
1046 3867 1185 3919 tunc
1214 3864 1359 3918 mihi
1380 3879 1519 3919 vere
1540 3864 1727 3919 reful-

103 3964 201 4018 ges,
246 3969 395 4008 cuive
438 3954 697 4008 vallatus
738 3953 1057 4025 angustiis,
1109 3968 1244 4007 sum
1284 3954 1442 4007 omni
1473 3952 1727 4008 humano

103 4039 276 4096 auxilio
302 4042 641 4109 destitutus,
679 4058 813 4097 cum
835 4044 997 4095 intra
1012 4047 1221 4096 verunt
1242 4058 1405 4114 aquae
1441 4057 1621 4114 usque
1652 4041 1729 4097 ad

106 4128 307 4185 animam
329 4148 514 4187 meam
543 4131 733 4203 (Psal.
761 4133 983 4198 vam).
1018 4129 1329 4201 Abjectum
1361 4132 1417 4185 et
1447 4129 1727 4200 repudia-

108 4216 197 4269 tum
215 4219 278 4273 ab
295 4221 570 4276 omnibus
596 4220 887 4274 creaturis
920 4234 1011 4275 me
1032 4224 1403 4290 peeeatorem
1427 4218 1725 4290 nequissi-

1820 1648 1965 1704 ergo
1989 1632 2205 1703 duplex
2236 1633 2522 1689 intremus
2540 1650 2721 1703 mare,
2745 1635 2977 1689 scilicet
2994 1639 3096 1689 tuo
3117 1635 3264 1690 Filio
3284 1634 3480 1690 cruci-

1821 1721 1936 1775 ﬁxo
1960 1724 2015 1775 et
2046 1724 2144 1776 tuo
2177 1722 2341 1776 cordi
2390 1722 2506 1777 sibi
2556 1723 2785 1777 conﬁxo
2819 1723 3245 1793 compatiendo,
3297 1728 3354 1778 et
3412 1723 3484 1778 de

1820 1810 2046 1863 nostris
2096 1809 2542 1881 iniquitatibus,
2597 1826 2728 1881 quae
2794 1814 2970 1866 tantae
3026 1811 3192 1865 necis
3251 1811 3487 1866 fuerunt

1821 1896 2079 1958 occasio.
2108 1898 2307 1952 intime
2341 1899 2764 1965 contristando,
2799 1899 2851 1952 si
2884 1899 3156 1954 volumus
3190 1914 3294 1953 eor
3324 1903 3486 1953 tuum

1823 1984 2042 2039 intrare
2072 1986 2227 2056 quod
2261 1985 2479 2039 factum
2518 1990 2611 2040 est
2640 2001 2803 2040 mare
2834 2003 3111 2059 magnum
3143 1991 3201 2041 et
3244 1987 3487 2042 nimium

1824 2076 2152 2146 spatiosum
2177 2073 2366 2144 (Psal.
2394 2075 2534 2144 cui).
2560 2073 2705 2139 Quis
2727 2091 2842 2130 non
2861 2075 3114 2130 libenter
3135 2090 3280 2147 ergo
3311 2075 3488 2130 intra-

1823 2165 1908 2219 bit
1948 2164 2062 2219 hoc
2106 2178 2285 2231 mare,
2331 2166 2393 2216 ut
2424 2163 2617 2233 possit
2648 2180 2751 2217 cor
2789 2164 3056 2235 Virginis
3086 2164 3378 2219 introire?
3408 2163 3483 2217 Hi

1823 2257 1981 2307 certe
2030 2253 2181 2307 bene
2228 2253 2446 2305 intrant
2476 2268 2579 2306 eor
2628 2256 2810 2321 tuum,
2845 2256 2904 2305 et
2951 2255 3091 2306 sunt
3123 2253 3397 2306 continue
3430 2251 3489 2305 in

1825 2342 2000 2396 corde
2020 2344 2140 2405 tuo,
2157 2340 2257 2411 qui
2279 2339 2505 2410 Filiitui
2522 2341 2816 2394 ruminant
2837 2338 3487 2411 continue§passionem.

1825 2429 2199 2499 Impossibile
2228 2431 2321 2483 est
2341 2428 2516 2496 enim,
2544 2428 3030 2497 materpiissima,
3059 2427 3290 2483 Filiitui
3310 2426 3489 2481 intra-

1824 2534 1890 2574 re
1922 2517 2257 2585 vulnera,ct
2287 2533 2402 2571 non
2433 2517 2652 2571 intrare
2669 2518 2973 2587 cortunm,
3009 2517 3146 2587 quia
3166 2516 3262 2570 illa
3292 2516 3493 2570 vulne-

1824 2623 1889 2662 ra
1917 2609 2055 2661 sunt
2086 2606 2143 2659 in
2168 2607 2344 2673 corde
2375 2609 2473 2659 tuo
2495 2609 2780 2675 perpetuo
2814 2605 3117 2660 collocata.
3151 2604 3490 2660 Sicutenim

1825 2696 1924 2750 illa
1956 2695 2231 2767 stigmata
2263 2709 2502 2764 semper
2542 2699 2712 2748 erunt
2736 2694 2792 2748 in
2812 2693 2938 2748 Filii
2986 2694 3066 2748 tui
3092 2708 3360 2764 corpore,
3402 2692 3491 2746 sic

1828 2798 2065 2854 semper
2094 2787 2151 2837 et
2190 2783 2248 2836 in
2295 2783 2498 2837 matris
2554 2786 2772 2837 mente.
2817 2782 2962 2847 Quis
2993 2798 3138 2854 ergo
3193 2781 3493 2836 tardabit?

1827 2872 1974 2937 Quis
1990 2871 2244 2942 amplius
2258 2870 2683 2941 pigritabithoc
2696 2872 2999 2943 navigium
3017 2871 3259 2925 introire
3271 2871 3299 2924 ‘2
3318 2869 3490 2925 dulce
3572 2876 3593 2885 ‘

1750 2931 1803 2994 Ο
1828 2931 1920 3017 est
1951 2962 2022 3015 de
2043 2931 2467 3029 tta-audirersed
2492 2959 2726 3013 dulcius
2748 2960 2820 3012 de
2838 2931 2896 3014 te
2915 2959 3174 3031 cogitare
3207 2956 3491 3012 dulcissi-

1827 3065 1985 3104 mum
2015 3053 2073 3104 et
2100 3048 2278 3102 nimis
2302 3047 2729 3101 suavissimum
2758 3063 2865 3117 per
2884 3047 3105 3102 Christi
3132 3046 3375 3100 vulnera
3397 3045 3491 3099 in-

1826 3141 1981 3194 trare
2014 3153 2118 3192 cor
2134 3140 2315 3191 tuum.
2360 3135 2493 3190 Non
2525 3135 2763 3190 recedat
2783 3136 2957 3190 homo
2983 3151 3016 3188 a
3046 3133 3266 3188 Christi
3299 3134 3497 3188 contu-

1827 3225 2001 3283 melia
2022 3228 2077 3280 et
2106 3225 2371 3294 vulnere,
2406 3224 2459 3278 si
2490 3239 2606 3278 non
2625 3223 2751 3277 vult
2779 3223 2851 3277 de
2874 3226 2971 3277 tuo
2994 3222 3171 3277 corde
3200 3221 3384 3276 exire.
3405 3218 3494 3274 Ibi

1830 3317 1893 3371 ﬁt
1924 3316 2097 3369 homo
2137 3316 2295 3367 totus
2325 3312 2654 3384 virgineus,
2676 3313 2835 3366 totus
2858 3310 3299 3380 sanctissimus,
3333 3312 3492 3363 totus

1831 3405 2088 3475 divinus,
2136 3404 2508 3458 obliviscitur
2545 3401 2720 3456 homo
2760 3400 2874 3455 sui.
2899 3398 3102 3455 Solum
3152 3397 3490 3469 recogitans

1833 3495 2110 3563 quaesunt
2141 3491 2344 3546 matris
2376 3494 2431 3545 et
2452 3490 2604 3545 Filii.

1903 3588 1954 3644 3.
1975 3589 2108 3643 Ave
2130 3588 2347 3642 Maria.
2367 3587 2506 3642 Siue
2525 3603 2618 3642 vae
2638 3587 2848 3641 animae
2870 3588 2927 3640 et
2942 3584 3236 3656 corporis;
3259 3584 3492 3651 animae,

1833 3680 1970 3750 quia
2015 3678 2145 3733 sine
2169 3694 2259 3731 vae
2282 3675 2658 3744 inﬁrmitatis,
2694 3679 2755 3729 ut
2800 3677 2964 3728 esset
2995 3673 3098 3727 tibi
3130 3672 3369 3727 difﬁcile
3418 3670 3494 3725 ad

1833 3766 1985 3822 bene
2016 3766 2333 3838 agendum;
2360 3765 2488 3819 sine
2520 3780 2611 3819 vae
2659 3763 3027 3836 ignorantiae,
3062 3767 3125 3815 ut
3147 3776 3263 3816 non
3290 3758 3496 3830 possis

1836 3869 2227 3927 cognoscere,
2276 3853 2404 3908 sive
2435 3853 2656 3925 eligere
2687 3853 2905 3907 bonum
2949 3866 2980 3903 a
3026 3850 3201 3915 male;
3236 3850 3367 3903 sine
3406 3863 3497 3901 vae

1836 3944 2092 4012 malitiae,
2112 3947 2176 3998 ut
2191 3957 2365 3997 esses
2387 3956 2573 4013 prona
2597 3942 2667 3995 ad
2690 3941 2927 3994 malum.
2959 3939 3251 4002 Quantum
3280 3937 3351 3990 ad
3373 3951 3502 3991 cor-

1836 4048 1969 4102 pus,
2002 4033 2132 4086 sine
2155 4047 2246 4085 vae
2268 4030 2560 4085 dolorisin
2586 4028 2887 4100 pariendo;
2911 4027 3042 4081 sine
3072 4042 3162 4080 vae
3180 4025 3503 4095 subjectio—

1837 4122 1951 4190 nis,
1980 4121 2185 4174 marito
2217 4135 2333 4173 non
2379 4117 2786 4188 obsequendo,
2821 4115 2927 4170 sed
2950 4114 3146 4185 potius
3176 4114 3305 4183 ipse
3353 4112 3495 4178 tibi;

1839 4208 1968 4262 sine
2000 4223 2089 4261 vae
2114 4205 2477 4278 fatigationis
2501 4204 2559 4257 in
2578 4203 2734 4257 ﬁlios
2753 4200 3087 4256 nutriendo.
3107 4199 3304 4253 Maria
3335 4214 3346 4252 :
3376 4198 3501 4252 Hoc

107 4316 244 4374 mum,
271 4313 324 4361 ει
352 4310 513 4364 omni
544 4310 696 4362 malo
720 4286 1141 4380 dlgnissim'um
1172 4307 1495 4379 impugnet,
1523 4286 1585 4362 veg
1614 4306 1723 4361 ειί-
1753 4286 1808 4347 D
1838 4312 2052 4350 nomen
2082 4295 2501 4365 interpretatur
2521 4290 2695 4347 stella
2717 4290 2932 4380 maris,
2953 4303 3217 4380 amarum
3238 4289 3503 4380 mai‘epet

110 4391 265 4462 malet,
298 4397 571 4463 obsecro,
603 4400 723 4452 tota
752 4396 936 4467 hujus
968 4395 1165 4450 mundi
1201 4395 1490 4465 machina,
1521 4400 1583 4450 ut
1609 4410 1726 4449 me-

113 4493 213 4534 cum
239 4484 308 4537 sit
328 4487 499 4541 stella
530 4486 777 4540 marina.
810 4485 857 4540 Ο
884 4485 1048 4555 felix,
1078 4501 1210 4538 cum
1242 4486 1412 4539 fuero
1444 4500 1517 4538 ex
1545 4483 1728 4538 omni-

108 4564 193 4620 bus
215 4574 620 4642 exprobratus,
648 4574 1054 4643 conculcatus,
1076 4576 1132 4628 et
1152 4572 1560 4641 conturbatus,
1581 4572 1730 4627 etab

110 4653 191 4710 hac
220 4661 374 4715 stella
400 4668 724 4732 susceptus
754 4660 766 4716 l
799 4662 977 4716 Stella
1000 4664 1092 4715 est
1123 4662 1325 4725 maris,
1361 4664 1418 4715 et
1439 4661 1497 4714 in
1519 4660 1730 4714 amari-

113 4745 271 4802 tudine
298 4751 509 4818 positis
533 4751 662 4821 ipsa
687 4750 927 4805 relucet.
960 4749 1007 4803 0
1038 4765 1212 4820 quam
1244 4749 1434 4817 dulce,
1480 4753 1536 4803 et
1565 4749 1730 4804 dele-

114 4834 283 4891 ctabile
310 4839 501 4893 oculis
532 4839 682 4893 hanc
715 4839 906 4894 lucem
938 4836 1178 4894 videre!
1209 4838 1257 4893 Ο
1286 4854 1461 4909 quam
1491 4839 1645 4892 bona
1676 4840 1733 4891 et

115 4924 334 4978 amabilis
361 4930 756 4995 commutatio,
790 4944 1020 4982 omnem
1044 4928 1241 4981 mundi
1267 4926 1730 4981 consolationem

113 5006 406 5081 abhorrere,
428 5022 486 5069 et
502 5018 675 5089 longe
690 5032 801 5071 asc
818 5014 1596 5089 irrecuperabiliterejicere
1622 5030 1730 5084 pro

116 5098 421 5172 refulgentia
436 5105 625 5159 stellae
646 5103 849 5159 marist
870 5105 1013 5159 Plus
1033 5105 1182 5159 valet
1208 5121 1317 5157 una
1332 5104 1457 5158 sola
1482 5105 1733 5158 illustra-

117 5182 176 5239 lio
202 5186 363 5261 hujus
384 5193 572 5248 stellae
590 5209 763 5265 quam
783 5194 1043 5248 omnium
1067 5194 1377 5263 possessio
1411 5192 1732 5246 mundano-

118 5286 233 5329 rum.
276 5278 411 5343 Quis
457 5283 648 5337 omnis
712 5282 1140 5348 amaritudinis,
1191 5281 1626 5352 eompassionis
1677 5284 1733 5334 et

122 5368 377 5423 passionis
402 5386 558 5425 mare
587 5388 701 5426 non
722 5372 953 5425 intrabit
977 5372 1321 5441 gaudenter,
1352 5371 1448 5425 ubi
1477 5369 1731 5440 refulget

120 5448 218 5505 hac
233 5457 410 5527 stella;
440 5475 547 5513 nec
568 5463 776 5530 paveat
804 5477 907 5514 cor
925 5459 1270 5530 perfectum,
1298 5458 1729 5529 quiaimpossi-

119 5535 209 5595 bile
226 5549 306 5599 est
334 5548 700 5623 naufragium
742 5550 869 5603 ﬁeri
897 5548 1213 5603 irradiante
1253 5547 1363 5603 hac
1394 5548 1585 5620 stella,
1619 5563 1728 5603 nec

1838 4385 2054 4439 dicitur
2084 4388 2140 4438 et
2169 4381 2359 4448 stella,
2400 4382 2659 4452 inquam,
2692 4379 2896 4447 maris,
2921 4378 2978 4431 in
3011 4377 3311 4432 nativitate
3344 4374 3499 4445 Filii;

1838 4490 2099 4528 amarum
2112 4488 2275 4526 mare
2290 4472 2349 4525 in
2371 4470 2651 4542 passione
2688 4467 2991 4533 Filii.Quia
3007 4468 3161 4521 sicut
3176 4465 3246 4520 ad
3265 4463 3500 4519 stellam

1836 4562 2059 4616 ferrum
2106 4562 2354 4616 vertitur
2382 4561 2601 4614 tactum
2659 4558 2730 4612 ad
2780 4556 3169 4624 adamantem;
3220 4554 3308 4608 sic
3342 4552 3413 4605 ad
3442 4555 3500 4606 te

1837 4651 2018 4706 corda
2069 4655 2443 4720 peccatorum
2477 4647 2658 4716 ferra,
2699 4647 2869 4717 quasi
2919 4646 3075 4700 circa
3107 4658 3174 4697 se
3213 4641 3502 4696 vertentia

1836 4743 1909 4798 ad
1941 4741 2173 4803 coelum,
2204 4739 2434 4793 scilicet
2475 4741 2816 4791 sanctorum
2835 4739 2888 4789 te
2918 4732 3301 4787 laudantium.
3328 4732 3502 4784 Ama-

1837 4847 1967 4887 rum
2000 4845 2157 4884 mare
2199 4831 2443 4898 prepter
2492 4824 2811 4880 bonitatem
2852 4821 3004 4891 Filii,
3038 4822 3279 4897 propter
3309 4832 3501 4890 genus

1838 4919 2043 4974 mortis
2075 4917 2229 4988 ejus,
2256 4918 2498 4987 propter
2520 4914 2808 4967 visionem
2840 4909 3046 4965 mortis
3070 4906 3363 4978 ejusdem,
3391 4907 3504 4961 Do-

1837 5009 1989 5063 mina
2013 5022 2154 5061 vero
2171 5005 2336 5059 fuisti
2356 5005 2579 5058 ratione
2597 5000 2920 5072 dignitatis,
2937 4998 3071 5069 quia
3087 4996 3276 5051 Mater
3292 4995 3502 5067 Regis,

1837 5099 2060 5152 rat'onc
2126 5094 2409 5161 virtutis,
2464 5088 2813 5161 primigenia
2875 5087 3205 5158 virginum;
3276 5086 3503 5139 ratione

1834 5186 1970 5254 loci,
2004 5183 2140 5256 quia
2168 5184 2420 5237 thronus
2452 5186 2588 5234 tuus
2620 5181 2713 5233 est
2741 5192 2923 5246 super
2972 5176 3219 5229 thronos
3250 5173 3499 5245 angelo-

1835 5290 1987 5331 rum.

1905 5366 1959 5419 9.
1996 5362 2202 5417 Gratia
2228 5359 2425 5432 plena,
2453 5354 2816 5423 humilitatis,
2848 5352 3221 5421 reverentiae,
3260 5351 3504 5405 tacitur-

1838 5443 2893 5519 nitatis,mansuetudinis,prudentiae
2907 5445 2964 5496 in
2979 5441 3382 5509 solitudine,et
3398 5441 3513 5493 vir-

1839 5543 2106 5616 ginitate.
2166 5539 2373 5596 Gratia
2412 5536 2589 5611 plena
2622 5534 2729 5590 fuit
2774 5533 2841 5588 Β.
2890 5532 3073 5604 Virgo
3104 5534 3387 5606 quantum
3437 5526 3510 5585 ad
