3948 6168
451 235 568 297 583

1485 238 1548 298 s.
1593 196 1962 300 ANSELMI
2010 237 2416 302 LUCENSIS
2459 240 2843 304 EPISCOPI
3686 253 3771 315 534

453 442 783 510 Dominum,
819 443 916 513 qui
950 442 1084 514 ejus
1118 444 1500 497 humilitatem
1537 443 1799 512 respexit
1829 442 1992 512 (Luc.
2024 445 2102 512 1);
2135 423 2192 487 Α
2223 440 2318 504 do;
2351 457 2458 510 per
2481 441 2748 512 gratiam,
2783 441 3012 495 scilicet
3033 441 3361 509 infusionis,
3393 447 3693 514 operationis
3736 456 3776 503 et

453 534 732 601 quantum
762 531 832 584 ad
859 531 1363 602 angelos,quibus
1392 532 1565 586 etiam
1589 535 1838 603 cognata
1871 530 2114 602 virgini-

450 623 562 689 tas,
587 624 642 673 et
673 622 956 690 quantum
987 619 1059 673 ad
1121 619 1415 686 homines,
1448 620 1667 690 quibus
1699 619 1878 673 edidit
1907 618 2114 672 Salva-

449 712 657 762 torem.
683 707 786 761 Vel
819 709 1018 778 gratia
1035 707 1236 778 plena,
1268 708 1406 779 quia
1430 708 1611 780 Virgo
1633 711 1834 762 contra
1854 722 2112 777 carnem;

452 811 676 868 pauper
707 799 908 850 contra
942 796 1244 865 mundum;
1274 796 1518 850 humilis
1560 798 1763 850 contra
1793 795 2112 850 diabolum.

452 885 738 939 Dominus
772 891 980 954 tecum,
1013 885 1168 938 sicut
1197 888 1363 954 pater
1391 900 1524 938 cum
1557 885 1673 938 tilia
1705 883 2110 956 gubernando.

454 975 610 1027 sicut
631 974 788 1027 filius
822 989 953 1027 cum
985 977 1169 1026 matre
1201 965 1557 1041 obediendo,
1580 973 1733 1026 sicut
1755 975 1958 1026 custos
1980 971 2114 1042 ejus

453 1063 771 1116 thesauros
797 1061 1205 1130 custodiendo,
1223 1061 1377 1115 sicut
1391 1077 1537 1132 puer
1550 1077 1685 1114 cum
1700 1061 2114 1129 nutrice,sicut

454 1166 717 1220 sponsus
733 1165 865 1204 cum
885 1166 1126 1219 sponsa,
1148 1149 1426 1204 sicutrex
1457 1166 1588 1204 cum
1621 1151 1848 1221 regina.
1875 1149 1944 1202 Et
1976 1149 2114 1202 ulti-

452 1254 566 1308 mo,
600 1239 888 1293 Dominus
911 1244 1120 1308 tecum,
1155 1253 1262 1307 per
1298 1241 1588 1304 naturam,
1619 1253 1728 1308 per
1758 1237 2027 1309 gratiam,
2059 1239 2117 1291 et

453 1342 558 1396 per
588 1328 858 1398 gloriam.
889 1326 1681 1395 Pernaturam,excellenter
1709 1325 2113 1394 subsistendo,

450 1415 903 1485 prmsentialiter
925 1415 1366 1487 cognoscendo,
1391 1414 1785 1485 potentialiter
1800 1413 2118 1484 persisten-

2223 528 2621 595 revelatiunis;
2653 531 2715 582 el
2741 543 2846 598 per
2880 529 3146 600 gloriam,
3168 532 3298 602 quia
3328 532 3381 584 in
3426 535 3618 587 ratione
3645 536 3778 605 pleni-

2221 619 2359 672 tudo
2381 617 2554 687 lucis,
2590 617 2647 670 in
2678 617 2976 672 voluntate
3025 619 3320 686 plenitudo
3349 621 3518 689 pacis,
3541 621 3588 674 in
3610 639 3781 677 memo-

2221 706 2306 760 ria
2338 705 2695 760 continuatio
2727 707 3090 760 aeternitatis.
3129 707 3438 762 Benedicta
3472 715 3524 762 tu
3549 709 3601 762 in
3628 712 3786 765 mulie-

2221 795 2412 864 ribus,
2441 796 2580 864 quia
2611 795 2667 848 in
2700 799 2867 849 utero
2901 795 3281 865 sanctiﬁcata,
3313 799 3439 866 quia
3493 797 3542 850 in
3590 801 3740 853 anima
3764 817 3786 852 a

2221 887 2462 952 peccato
2506 887 2892 953 praeservata,
2923 885 3057 956 quia
3091 885 3149 937 in
3199 889 3253 939 te
3298 886 3508 954 peccati
3537 884 3696 940 fomes
3719 903 3787 941 ex-

2222 972 2496 1038 stinctus,
2536 971 2672 1041 quia
2694 971 2868 1025 bonis
2900 973 3175 1026 omnibus
3209 975 3262 1026 et
3311 973 3598 1027 virtutibus
3646 977 3792 1044 reple-

2222 1063 2312 1124 ta,
2379 1060 2514 1129 quia
2572 1062 2739 1113 utero
2789 1065 2887 1114 tuo
2927 1061 3327 1132 privilegiata',
3385 1062 3512 1131 quia
3551 1065 3792 1132 concepis-

2221 1149 2261 1200 ti
2289 1148 2418 1201 sine
2454 1150 2699 1216 semine,
2733 1149 2977 1217 portasti
3010 1149 3139 1203 sine
3172 1150 3442 1219 pondere,
3473 1150 3712 1220 peperisti
3738 1152 3794 1204 si-

2222 1251 2295 1289 ne
2328 1235 2553 1303 dolore,
2582 1236 2716 1305 quia
2749 1237 2820 1290 ab
2853 1237 3131 1291 omnibus
3161 1238 3503 1292 Christianis
3531 1238 3796 1306 specialiter

2226 1323 2475 1388 laudata,
2507 1325 2642 1394 quia
2659 1324 2732 1378 ab
2765 1325 2894 1394 ipso
2926 1325 3183 1392 Christo,
3205 1329 3261 1381 et
3289 1327 3548 1381 omnibus
3564 1327 3798 1380 sanctiset

2226 1412 2459 1483 angelis
2491 1411 2551 1465 in
2572 1417 2760 1468 morte
2793 1414 3046 1482 obviata,
3081 1419 3192 1469 etc.

929 1827 1612 1911 MEDITATIO
1675 1825 2096 1906 SUPER
2155 1822 2560 1901 SALVE
2613 1825 3126 1916 REGINA,
3186 1828 3438 1906 ETC.

455 1983 702 2039 Titulum
719 1983 870 2037 hunc
894 1979 1202 2053 praefixum
1214 1977 1605 2053 habetsode}
1632 1975 1735 2053 ιᾘθ
1748 1970 2618 2053 ρι’ίθέζιοαηᾷίᾳβζαηέυθηιιρφς.
2641 1973 2802 2052 circa
2825 1989 2991 2045 quem
3017 1972 3304 2053 fortassis
3323 1975 3507 2053 lect_or
3526 1977 3785 2053 pensitauit

450 2057 584 2110 dum
623 2054 842 2109 viderit
891 2042 1133 2124 opellam
1159 2052 1306 2105 hanc
1344 2049 1494 2124 alias
1536 2048 1605 2102 D.
1635 2042 1946 2124 Bernardo
1962 2042 2234 2124 attribui,
2256 2048 2428 2122 atque
2457 2042 2627 2124 inter
2651 2043 2778 2124 ejus
2795 2042 2970 2115 opera
2989 2045 3392 2124 circumferri.
3412 2047 3809 2124 Eadeniquidem

459 2126 772 2196 utrobique
788 2131 890 2196 est
919 2113 1247 2196 meditatio,
1270 2122 1382 2174 sed
1399 2119 1502 2173 illa
1515 2118 2035 2196 contractiorgista
2067 2113 2239 2184 duplo
2265 2113 2475 2193 major,
2494 2113 3323 2196 neutratamenfcputaliitur
3352 2113 3691 2196 Anse_lmi,_si
3706 2119 3810 2196 iter

455 2184 828 2266 nardusliillo
843 2195 1168 2266 posterior,
1185 2184 1487 2266 postrema
1519 2189 1625 2266 illa
1655 2188 1860 2266 verba.
1879 2185 1924 2240 Ο
1942 2187 2223 2266 clemens,
2244 2199 2277 2236 ο
2296 2185 2464 2266 ρίει,ηο
2487 2184 2868 2265 dulcisVirgo
2888 2184 3684 2266 Maria,subjunxerieinurbe
3709 2189 3809 2266 _Spi~

454 2267 645 2331 rensi;
669 2257 946 2337 (58)quod
963 2257 1238 2337 scribunt
1264 2262 1556 2334 plerique.
1582 2259 1712 2337 Alii
1739 2257 1989 2337 solemni
2027 2257 2187 2337 trina

450 2330 700 2392 sevinus
721 2330 923 2408 utique
949 2336 1231 2390 lectorem
1259 2330 1456 2387 monet
1487 2337 1546 2408 ut
1575 2330 1772 2408 videat
1804 2335 1996 2408 utrum
2029 2332 2196 2406 recte

2276 2254 2649 2326 enuﬂexione
2669 2254 2966 2310 recitasse
2988 2254 3215 2326 volunt,
3242 2276 3357 2314 non
3379 2259 3678 2314 addidisse.
3700 2254 3812 2312 Pos-

2281 2325 2550 2401 ernardo
2561 2326 2882 2401 tribuatur.
2908 2327 3071 2401 Idem
3088 2325 3363 2401 profecto
3382 2331 3548 2400 hujus
3568 2337 3620 2384 et
3641 2346 3811 2401 praece-

451 2408 716 2464 dentium
767 2395 1211 2462 meditationem
1251 2403 1586 2458 censendus
1631 2406 1723 2457 est
1769 2405 1994 2467 auctor,
2025 2395 2282 2451 maxime
2319 2395 2476 2466 pius,
2511 2396 2740 2451 divinis
2769 2395 3237 2470 contempla-udis
3267 2395 3553 2474 mysteris
3578 2395 3809 2456 assuetus.

529 2626 580 2680 1.
621 2626 710 2680 Ad
743 2624 1115 2679 salutandum
1137 2623 1365 2678 beatam
1385 2620 1711 2692 Virginem,
1727 2617 1916 2688 primo
1929 2615 2115 2670 debes
2146 2594 2199 2656 Β
2226 2612 2598 2684 εθήοοιοᾱίω,
2620 2614 2756 2686 quia
2787 2631 2904 2670 non
2927 2621 3019 2672 est
3040 2618 3100 2670 in
3121 2617 3234 2673 hoc
3265 2619 3388 2674 vita
3410 2621 3497 2674 sic
3513 2619 3815 2689 desperatus,

457 2714 594 2786 ejus
617 2713 1080 2785 magnitudinem
1107 2711 1528 2778 considerare;
1559 2723 1666 2763 nec
1688 2705 1844 2761 enim
1865 2703 2116 2774 amplius

455 2805 619 2858 circa
668 2801 883 2856 Filium
928 2817 1103 2854 suum
1152 2799 1339 2870 potuit
1382 2796 1603 2853 elevari
1633 2811 1810 2867 quam
1839 2797 1902 2848 ut
1937 2793 2122 2846 Mater

462 2891 695 2946 Domini
719 2892 1052 2944 vocaretur.
1072 2887 1396 2943 Exsultans
1419 2901 1585 2958 ergo,
1609 2883 1973 2939 etadmirans
1995 2897 2120 2936 ma-

456 2980 856 3052 gnificentiam
879 2977 1083 3033 Matris
1104 2980 1346 3046 nostrai,
1365 2975 1576 3030 devote
1601 2976 1651 3030 et
1673 2974 2034 3041 reverenter,
2053 2984 2122 3023 ac

456 3059 926 3125 conﬁdenter‘ad
957 3067 1148 3136 ipsam
1189 3065 1484 3120 accedens
1515 3063 1691 3118 dicito
1717 3078 1729 3117 :
1757 3060 1959 3116 Salve.
1994 3059 2121 3113 Hoc

455 3158 611 3213 dicto
642 3157 879 3212 resilias
931 3155 990 3210 in
1020 3157 1179 3210 tuam
1224 3155 1570 3225 parvitatem
1613 3169 1647 3206 a
1686 3149 2123 3224 magniﬁcentia

455 3246 660 3301 Matris
680 3246 805 3302 Dei.
833 3245 902 3300 Et
930 3245 1045 3316 dic,
1080 3244 1414 3315 patientiam
1445 3242 1597 3296 habe
1621 3241 1681 3295 in
1713 3256 1825 3308 me,
1852 3239 2119 3309 Domina,

455 3336 590 3406 quia
605 3351 717 3407 ego
757 3335 1090 3389 vilissimus
1116 3333 1420 3389 hominum
1439 3332 1626 3386 audeo
1640 3332 1926 3384 assistere
1945 3333 2120 3383 tantm

457 3424 742 3492 Dominae,
763 3427 820 3477 et
832 3424 1089 3477 salutare
1106 3425 1162 3476 te
1186 3435 1487 3492 prmsumo
1504 3419 1791 3490 Reginam
1815 3419 2118 3489 cmlorum,

458 3511 767 3564 Dominum
800 3511 1170 3582 angelorum,
1195 3511 1444 3563 Matrem
1477 3507 1580 3561 Dei
1612 3507 1747 3576 mei,
1781 3507 1888 3562 sed
1920 3507 1991 3561 de
2021 3509 2120 3560 tua

456 3599 841 3671 benignitate,
877 3598 1148 3666 Domino,
1169 3597 1397 3666 humili,
1433 3615 1500 3651 ac
1520 3597 1844 3650 humilitate
1865 3595 2122 3667 benigna

457 3687 874 3758 conﬁdo,quod
890 3703 980 3741 me
995 3685 1475 3758 indignissimum
1488 3684 2125 3756 sustinebis.thuam-
2153 3715 2204 3779 Ο

457 3777 549 3829 vis
583 3775 672 3830 sis
711 3791 848 3829 arca
897 3775 1025 3843 Dei,
1069 3776 1198 3829 sine
1231 3775 1667 3845 comparatione
1706 3774 1962 3829 nobilior
1986 3791 2122 3828 arca

458 3864 698 3920 Veteris
731 3865 1114 3935 Testamenti,
1143 3869 1200 3919 et
1221 3879 1335 3936 ego
1365 3864 1546 3918 multo
1578 3863 1957 3935 ingnobilior;
1986 3868 2124 3919 atta-

457 3969 586 4008 men
621 3971 753 4008 cum
785 3958 840 4008 te
875 3955 1127 4026 tetigero
1157 3954 1443 4022 corde,ac
1483 3954 1819 4009 salutavere
1850 3969 1973 4024 ore,
2005 3969 2123 4008 non

459 4043 637 4097 credo
670 4045 918 4113 percuti,
940 4043 1047 4096 sed
1077 4046 1177 4097 tuo
1209 4059 1408 4099 amore
1437 4045 1634 4114 potius
1667 4043 2035 4112 inflammari,
2068 4047 2123 4097 et

457 4148 488 4185 a
520 4135 616 4185 tua
641 4134 851 4202 pietate
886 4121 1225 4204 largissime
1259 4133 1318 4187 in
1349 4133 1625 4187 omnibus
1656 4131 2122 4203 exaudiri.Ergo

458 4220 641 4274 Salve
664 4221 913 4291 Regina,
936 4222 1048 4275 sub
1074 4225 1171 4276 tuo
1193 4222 1499 4294 regimine,
1533 4221 1798 4292 Domina,
1820 4222 1891 4276 de
1909 4226 2125 4277 caetero

462 4310 597 4364 volo
658 4310 926 4378 militare,
962 4325 1053 4364 me
1085 4309 1342 4366 totaliter
1380 4311 1762 4365 dominationi
1802 4315 1917 4365 tuae
1959 4326 2122 4364 com-

458 4399 642 4468 mitto,
677 4402 740 4452 ut
769 4413 861 4452 me
891 4397 1154 4468 pleniare
1185 4415 1362 4471 regas
1415 4404 1473 4454 et
1498 4400 1820 4472 gubernes.
1854 4399 1983 4454 Non
2032 4413 2123 4454 me

457 4487 761 4557 permittas
794 4487 958 4555 mihi,
993 4487 1130 4557 quia
1157 4504 1291 4542 sum
1315 4488 1455 4542 mihi
1489 4489 1602 4558 ipsi
1621 4489 1901 4543 conscius
1923 4489 2120 4543 nimis.

455 4575 749 4646 Quidquid
782 4576 936 4629 enim
969 4577 1111 4629 mihi
1149 4578 1472 4646 dimiseris,
1515 4579 1756 4632 noveris
1787 4579 2123 4633 miserrime

457 4664 903 4718 destruendum.
946 4663 1061 4718 Sed
1109 4681 1240 4718 eum
1271 4666 1482 4736 plenus
1515 4682 1648 4720 sum
1707 4667 1964 4736 miseria,
1999 4671 2055 4722 et
2089 4684 2122 4721 a

457 4754 650 4823 planta
681 4752 852 4823 pedis
885 4769 1076 4824 usque
1106 4754 1176 4806 ad
1208 4754 1489 4808 verticem
1518 4755 1884 4826 putrefactus
1916 4760 2120 4826 putre-

2229 2701 2636 2773 sic,miser,cui
2651 2720 2768 2758 non
2782 2705 3063 2775 impetres
3077 2707 3400 2763 salutarem
3415 2708 3814 2764 misericordiam

2229 2790 2432 2861 siquis
2455 2792 2527 2846 ad
2558 2797 2720 2847 tuum
2742 2794 3131 2849 declinaverit
3156 2797 3448 2869 regimen.
3480 2797 3655 2862 Certe,
3683 2795 3822 2850 Domi-

2227 2894 2322 2948 na,
2351 2895 2485 2934 cum
2509 2885 2563 2935 te
2595 2882 2844 2952 aspicio,
2876 2899 2994 2938 non
3031 2885 3143 2939 nisi
3177 2887 3636 2942 misericordiam
3667 2900 3819 2940 cerno.

2230 2967 2378 3021 Nam
2408 2985 2514 3039 pro
2535 2970 2775 3026 miseris
2798 2976 2985 3027 mater
3015 2973 3122 3028 Dei
3151 2973 3301 3029 facta
3333 2992 3426 3032 es.
3461 2975 3822 3030 Misericodiam

2230 3057 2472 3112 miseris
2494 3061 2776 3130 genuisti.
2802 3060 3096 3133 Undique,
3113 3063 3389 3134 Domina,
3411 3062 3772 3119 misericordia
3785 3065 3825 3112 tu

2228 3146 2488 3213 vallaris,
2523 3148 2715 3203 solum
2742 3151 2948 3205 miseri
2983 3159 3258 3221 appetere
3281 3159 3344 3208 tu
3377 3155 3610 3208 videris.
3638 3150 3826 3206 Multum

2230 3250 2298 3289 es
2327 3235 2581 3291 sollicita
2612 3238 2684 3292 de
2714 3239 2976 3308 miseris,
3003 3239 3115 3294 hos
3137 3242 3193 3294 in
3215 3246 3354 3297 tuos
3388 3243 3542 3298 ﬁlios
3570 3239 3826 3310 adoptasti,

2231 3324 2342 3380 hos
2363 3340 2573 3397 regere
2599 3327 2856 3397 voluisti,
2899 3329 3163 3400 Domina,
3185 3335 3241 3385 et
3257 3332 3394 3387 ideo
3415 3333 3628 3404 Regina
3644 3327 3829 3384 miseri-

2231 3414 2452 3469 cordiae
2482 3415 2676 3471 debite
2694 3420 2754 3471 tu
2785 3420 3042 3473 vocaris.
3075 3418 3223 3482 Quid
3245 3436 3402 3492 ergo
3425 3422 3495 3476 de
3518 3425 3728 3486 caetero,
3749 3416 3830 3470 Do-

2231 3504 2407 3572 mina,
2434 3504 2862 3561 formidamus?
2881 3507 3025 3572 Quid
3046 3509 3343 3564 timenus?
3365 3511 3512 3576 Quid
3530 3511 3598 3564 ad
3614 3513 3662 3563 te
3687 3505 3829 3579 gradu

2232 3595 2464 3648 concito
2496 3610 2611 3648 non
2646 3597 2959 3650 venimus?
3004 3596 3072 3650 Et
3103 3600 3238 3668 quis
3287 3615 3319 3651 a
3353 3604 3432 3669 te,
3468 3615 3595 3670 quae
3633 3593 3830 3668 petierit.

2231 3697 2350 3737 non
2380 3682 2649 3738 habebit?
2680 3689 2837 3740 certe
2857 3688 3082 3753 nescio,
3115 3688 3230 3741 nisi
3253 3690 3354 3758 qui
3379 3705 3447 3742 se
3467 3691 3722 3742 miserum
3748 3698 3831 3736 non

2232 3776 2562 3845 cognoscit.
2595 3773 2738 3838 Quia
2769 3790 2886 3830 non
2917 3777 3127 3831 subest
3158 3777 3229 3831 de
3258 3778 3436 3832 nobis
3469 3783 3561 3832 tuo
3591 3772 3832 3847 regimini,

2232 3863 2347 3916 nisi
2380 3864 2583 3934 miser,
2617 3870 2715 3917 aut
2737 3865 2909 3918 etiam
2937 3866 3036 3936 qui
3071 3882 3138 3920 se
3163 3868 3478 3938 cognoscit
3502 3869 3772 3927 miserum,
3797 3865 3836 3913 et

2233 3954 2302 4006 de
2327 3958 2422 4006 tua
2445 3955 2861 4008 misericordia
2894 3956 3154 4010 conlidit.
3191 3955 3282 4009 llli
3311 3973 3460 4029 ergo
3484 3957 3713 4027 paveant
3734 3949 3832 4014 soli,

2231 4042 2413 4113 quise
2431 4043 2975 4114 existimantjustos
2995 4060 3154 4113 esse,
3187 4050 3244 4100 et
3264 4047 3509 4115 superbi
3525 4050 3580 4100 et
3605 4055 3839 4115 praesum-

2233 4133 2452 4204 ptuosi,
2488 4135 2590 4203 qui
2635 4139 2731 4188 tuo
2765 4133 3036 4204 regimini
3060 4150 3175 4188 non
3209 4135 3488 4204 subsunt,
3521 4141 3575 4190 et
3611 4134 3758 4188 etiam
3784 4127 3841 4180 illi

2233 4223 2457 4292 miseri,
2483 4223 2582 4292 qui
2605 4225 2760 4276 tuam
2776 4223 3245 4277 misericordiam
3266 4240 3384 4279 non
3408 4224 3719 4296 requirunt.
3746 4217 3840 4272 Nos

2232 4327 2376 4384 ergo
2408 4311 2609 4366 miseri
2642 4315 2834 4366 tecum
2874 4313 2945 4366 de
2995 4317 3211 4368 caetero
3273 4315 3668 4376 consolemur,
3689 4316 3840 4363 tecum

2230 4401 2403 4455 modo
2427 4401 2672 4454 Domina
2705 4401 3059 4466 habitemus;
3093 4405 3148 4455 te
3167 4403 3382 4456 mentis
3417 4400 3736 4456 Visceribus
3754 4410 3843 4447 am-

2230 4489 2574 4559 plectamur,
2617 4490 2753 4560 quia
2784 4493 2845 4544 tu
2875 4505 2942 4544 es
2983 4491 3124 4544 vita.

2301 4593 2353 4650 3.
2400 4596 2527 4649 Vita
2560 4613 2722 4665 vere,
2772 4613 2903 4667 quin
2935 4601 3179 4652 mortem
3231 4599 3534 4669 superbia
3567 4593 3844 4651 humilitate

2233 4685 2587 4756 vicisti,qum
2601 4686 2776 4740 nobis
2801 4687 2975 4740 vitam
2992 4687 3198 4758 gratiae
3216 4688 3696 4757 impelrasti,quae
3709 4682 3845 4733 vitam

2234 4775 2440 4846 gloriae
2474 4775 2753 4846 genuisti,
2771 4779 2827 4830 et
2850 4791 2964 4829 non
2988 4780 3075 4830 est
3096 4777 3338 4830 dubium
3361 4777 3522 4848 quod
3539 4777 3705 4828 vitam
3718 4770 3846 4823 natu-

455 4842 649 4896 dinem
682 4857 961 4914 generem
992 4845 1050 4896 et
1080 4841 1408 4912 horrorem,
1443 4844 1736 4913 quomodo
1782 4860 1875 4898 me
1908 4860 2118 4916 regere

2236 4865 2414 4918 ralem
2445 4880 2475 4916 a
2508 4864 2708 4918 multis
2739 4864 3021 4934 periculis
3052 4865 3339 4919 liberasti.
3362 4864 3420 4918 lu
3447 4858 3847 4919 omnibusenim

455 4931 800 5003 dignaberis
833 4937 950 4985 tam
982 4932 1198 4986 nobilis
1231 4933 1539 4986 creatura?
1568 4931 1738 4988 Certe
1776 4933 1912 5004 quia
1958 4937 2020 4988 tu
2051 4950 2118 4989 es

457 5021 684 5092 Regina
712 5021 1173 5076 misericordiae.

517 5108 569 5163 2.
589 5109 767 5179 thui
783 5114 920 5163 sunt
941 5111 1366 5166 misericordiae
1387 5112 1630 5180 subditi,
1648 5113 1763 5167 nisi
1778 5114 2011 5168 miseri?
2023 5113 2121 5167 Sic

456 5214 598 5268 erga
640 5198 1073 5252 misericordiw
1109 5201 1446 5272 Regina,es
1498 5206 1554 5254 et
1589 5217 1702 5274 ego
1744 5202 2120 5256 miserrimus

457 5286 874 5351 sum,omnium
890 5287 1259 5342 subditorum
1273 5294 1506 5344 tuorum
1523 5292 1811 5344 maximus
1825 5295 2117 5360 peccator.

455 5374 754 5437 Quomodo
789 5392 954 5446 ergo,
994 5378 1255 5440 Domina,
1293 5380 1350 5432 iu
1385 5396 1473 5434 me
1508 5397 1623 5433 non
1655 5380 1972 5434 exercebis
2006 5385 2118 5434 tum

458 5463 858 5517 miserationis
881 5464 1182 5520 effectum?
1199 5468 1347 5522 Vere
1371 5470 1637 5534 Domina,
1671 5469 1900 5540 Regina
1930 5485 1998 5524 es
2021 5471 2122 5523 mi-

528 5571 645 5644 (58)
678 5571 822 5627 Vide
857 5572 1214 5645 Eylengren.
1248 5577 1308 5632 in
1338 5576 1630 5634 Chronico
1655 5575 1944 5648 Spirensi.

2233 4956 2286 5006 te
2311 4953 2485 5006 vitam
2509 4953 2679 5006 morti
2699 4955 2968 5023 opponis,
2987 4969 3139 5022 cum,
3159 4955 3378 5008 videris
3403 4946 3848 5024 expedire.0vita

2234 5041 2544 5109 mirabilis,
2581 5057 2713 5112 quae
2732 5047 2998 5096 mortuas
3038 5043 3339 5097 viviﬁcare
3364 5043 3641 5097 conaris?
3666 5040 3768 5092 Per
3790 5037 3848 5092 te.

2236 5129 2497 5197 Domina,
2517 5134 2608 5184 est
2637 5147 2958 5202 regressus
2982 5132 3052 5186 de
3077 5132 3407 5202 privatione
3436 5132 3508 5185 ad
3533 5129 3791 5185 habitum.
3816 5120 3850 5172 Ο

2233 5219 2347 5273 vita
2373 5223 2616 5274 mortem
2651 5237 2764 5274 non
2794 5223 3034 5290 timens,
3073 5228 3317 5275 mortem
3349 5221 3670 5291 expellens,
3721 5227 3850 5268 mor-

2232 5308 2378 5362 tales
2406 5310 2770 5364 lmmortales
2794 5308 3181 5364 constituens!
3207 5309 3252 5364 Ο
3275 5312 3431 5364 certe
3451 5311 3569 5362 vita
3597 5301 3849 5363 amabilis,

2233 5398 2802 5466 vitadesiderubilis,
2830 5397 3352 5454 vitudeleclabilisl
3385 5398 3428 5452 Ο
3476 5399 3588 5451 vita
3633 5410 3738 5449 non
3774 5406 3850 5443 Se-

2233 5503 2508 5556 nescens,
2528 5490 2630 5543 sed
2667 5490 2862 5560 polius
2883 5505 3059 5544 senes
3079 5491 3147 5543 ad
3170 5489 3538 5561 juventutem
3565 5475 3849 5542 reducens!
