3948 6168
164 342 263 408 585

1406 328 1871 407 OPUSCULA
1912 327 2232 392 SPURIA

3421 329 3540 393 586

160 538 199 593 0
220 537 339 605 vita,
375 534 624 590 carnales
648 533 801 585 vitas
827 530 899 585 ad
925 529 1174 586 nihilum
1212 526 1529 600 redigensl
1572 527 1619 583 Ο
1643 528 1762 583 vita
1785 511 1830 570 Α
1872 543 2083 582 nomen
2100 533 2257 583 tuum
2271 534 2586 594 noverunt,
2605 529 2873 598 quoniam
2890 545 3004 585 non
3016 530 3399 604 derelinquis
3414 548 3544 604 quae

161 630 289 681 certe
308 623 572 679 contraria
594 620 790 674 mundi
808 618 973 676 vitrei
1002 618 1111 684 Qui
1138 619 1295 673 enim
1317 617 1440 672 vult
1462 620 1517 672 te
1540 617 1760 671 habere

159 730 213 769 se
236 712 450 783 afﬂigat,
487 710 722 764 delicias
749 712 1008 778 respuat,
1051 708 1299 762 delicata
1328 721 1581 777 quaeque
1611 720 1756 759 con-

159 806 362 870 temnat;
391 803 444 854 et
478 799 573 870 qui
614 798 864 868 amplius
913 796 1299 851 mortiﬁcatus
1332 794 1529 862 fuerit,
1564 798 1619 848 te
1641 809 1760 848 am-

157 891 283 962 plius
308 887 632 959 possidebit.
653 886 701 940 O
729 886 849 940 vita
868 885 1065 939 divina
1091 884 1418 939 fortiﬁcans
1450 884 1758 953 potestate,

157 977 502 1048 impetratione
524 974 778 1029 divinam
796 972 1144 1045 sapientiam
1161 972 1469 1040 exhalans,
1485 975 1542 1026 et
1563 970 1761 1025 divina

158 1069 399 1138 vegetans
422 1063 693 1118 bonitate.
725 1063 789 1117 Si
817 1063 934 1116 vita
968 1078 1099 1116 mea
1127 1076 1216 1131 es,
1240 1077 1347 1116 cur
1376 1075 1493 1115 non
1522 1074 1762 1130 semper

155 1157 356 1225 vegetas
378 1153 546 1207 vitam
571 1152 800 1207 meam?
841 1150 986 1217 Quis
1016 1150 1161 1205 mihi
1184 1150 1404 1205 tribuat
1432 1151 1494 1203 ut
1524 1163 1762 1217 semper

157 1241 397 1314 gaudeam
419 1240 704 1296 beneﬁcio
731 1239 913 1311 hujus
938 1240 1116 1294 vitae?
1141 1238 1409 1294 dulcedo.
1443 1238 1597 1292 Vere
1625 1236 1761 1291 dul-

155 1329 296 1397 cedo,
340 1345 443 1400 qua
484 1328 929 1382 amaritudinem
976 1332 1353 1397 peccatorum
1394 1324 1761 1395 impetrando

155 1417 376 1488 expellis,
398 1434 525 1488 quas
556 1416 731 1471 nobis
756 1416 1059 1471 dulcorem
1088 1416 1297 1488 gratiae
1325 1415 1609 1486 acquiris,
1631 1429 1763 1484 quae

152 1508 207 1561 ad
226 1507 542 1561 suavitatem
572 1506 780 1576 patriae
803 1506 1065 1560 cmlestis
1094 1503 1560 1574 contemplantes
1591 1504 1767 1557 intro-

154 1596 305 1664 ducis,
329 1598 379 1650 et
404 1595 633 1649 demum
661 1595 733 1649 ad
760 1595 948 1665 ipsam
979 1592 1405 1663 possidendam
1429 1592 1696 1647 adducis.
1719 1590 1766 1645 Ο

150 1682 303 1738 dulcis
319 1684 570 1753 Domina,
588 1682 769 1754 cujus
796 1684 923 1737 sola
946 1684 1233 1737 memoria
1257 1683 1531 1737 allectum
1556 1680 1764 1734 dulce-4

152 1776 236 1841 rat,
262 1772 419 1844 cujus
461 1772 888 1844 magnitudinis
914 1772 1211 1826 meditatio
1259 1773 1514 1825 mentem
1553 1769 1765 1838 elevat,

154 1859 294 1932 cujus
314 1861 678 1932 pulchritudo
705 1863 942 1916 oculum
966 1861 1311 1916 interiorem
1340 1858 1650 1928 exhilarat,
1675 1874 1770 1912 cu-
1797 1882 1846 1942 Β

146 1948 227 2019 jus
245 1950 574 2006 ammnitatis
598 1950 968 2005 immensitas
992 1965 1098 2004 cor
1126 1948 1463 2003 meditantis
1485 1943 1766 2004 inebriat!

150 2037 187 2091 0
210 2036 450 2104 Domina,
482 2055 616 2111 qua:
665 2039 827 2109 rapis
865 2038 1045 2094 corda
1087 2038 1329 2093 dulcore
1363 2039 1494 2107 tuo,
1527 2040 1584 2091 et
1614 2050 1771 2089 nunc

150 2141 233 2181 eor
246 2142 440 2198 meum,
456 2127 728 2197 Domina,
743 2128 1022 2197 rapuisti;
1047 2130 1103 2182 et
1126 2127 1249 2196 ubi,
1269 2141 1499 2197 quasso,
1515 2124 1770 2195 posuisti

152 2213 291 2283 illud,
310 2217 369 2270 ut
390 2216 578 2286 ipsum
604 2217 836 2270 valeam
878 2215 1193 2270 invenire?
1233 2214 1513 2285 Nunquid
1543 2215 1605 2268 in
1635 2214 1773 2267 sinu

150 2305 243 2373 tuo,
256 2307 310 2357 ut
325 2304 602 2374 meipsum
620 2303 939 2371 inveniam,
956 2304 1303 2358 collocasti?
1326 2302 1607 2373 Nunquid
1622 2302 1775 2356 inter

149 2393 224 2443 tua
249 2392 414 2446 ubera
445 2393 753 2463 posuisti?
793 2393 1054 2448 fortasse
1084 2392 1184 2447 ubi
1212 2392 1465 2462 posuisti
1506 2391 1679 2459 illud,
1714 2392 1776 2444 ut

149 2481 274 2549 quod
295 2480 587 2553 frigusrat,
624 2498 827 2537 amore
856 2485 953 2536 tuo
980 2495 1342 2535 succensum
1372 2480 1621 2548 caleﬁat,
1652 2482 1712 2532 ut
1743 2495 1775 2532 a

148 2571 192 2621 te
206 2575 424 2639 nequeat
444 2571 738 2640 separari.
754 2569 802 2623 Ο
817 2572 1075 2640 rapatrix
1098 2567 1397 2624 cordiuml
1423 2568 1667 2632 Quando
1690 2584 1777 2621 re-

150 2657 324 2712 stitues
342 2659 478 2713 mihi
508 2676 614 2713 cor
642 2661 877 2713 meum?
900 2659 1090 2723 Quare
1115 2660 1203 2712 sic
1223 2658 1400 2727 corda
1422 2657 1772 2726 simplicium

154 2746 316 2815 rapis?
341 2746 524 2811 Quare
554 2748 929 2817 violentiam,
968 2749 1083 2802 imo
1124 2747 1589 2801 benevolentiam
1626 2747 1775 2799 facis

150 2835 358 2890 amicis?
393 2836 678 2908 Nunquid
700 2836 794 2890 vis
822 2837 1018 2906 ipsum
1056 2838 1297 2890 tenere?
1326 2836 1471 2890 Cum
1504 2835 1646 2889 illud
1669 2838 1776 2889 ate

150 2924 364 2993 postulo,
384 2926 520 2980 mihi
550 2924 823 2995 arrides;
855 2928 914 2980 et
939 2925 1135 2980 statim
1164 2929 1263 2979 tua
1295 2924 1605 2979 dulcedine
1632 2939 1777 2977 con-

153 3013 342 3081 sopitus
365 3015 635 3085 quiesco,
679 3029 812 3067 rum
846 3015 905 3069 in
931 3030 1021 3068 me
1050 3029 1354 3082 reversus,
1384 3013 1596 3068 iterum
1634 3012 1779 3067 illud

151 3100 363 3172 postulo,
396 3116 486 3157 me
516 3101 908 3172 amplexeris,
942 3102 1308 3171 dulcissima,
1344 3104 1401 3156 et
1425 3101 1623 3156 statim
1649 3102 1777 3156 ine-

152 3185 285 3242 brior
301 3192 389 3244 tuo
405 3206 628 3246 amore.
648 3190 818 3244 Nunc
836 3206 941 3245 cor
959 3206 1154 3245 meum
1173 3205 1291 3245 non
1310 3191 1587 3245 discerno
1606 3206 1641 3244 a
1656 3193 1775 3245 tuo.

153 3273 251 3331 Nec
271 3278 415 3334 aliud
443 3282 652 3350 petere
673 3280 801 3334 scio
823 3282 933 3334 ate
955 3280 1071 3334 nisi
1091 3282 1277 3335 tuum.
1304 3278 1440 3348 Sed,
1462 3295 1536 3334 ex
1551 3294 1668 3350 quo
1690 3280 1780 3333 sic

152 3366 225 3418 est
240 3381 330 3422 cor
344 3383 535 3425 meum
554 3372 664 3424 tuo
684 3384 886 3424 amore
906 3369 1281 3436 inebriatum,
1297 3373 1396 3425 tuo
1416 3383 1619 3423 amore
1641 3383 1779 3423 con-

152 3455 386 3525 sepitum,
404 3458 676 3530 guberna
695 3474 827 3512 cum
844 3460 965 3527 tuo,
989 3462 1047 3513 et
1071 3457 1131 3512 in
1159 3457 1451 3529 sanguine
1468 3458 1625 3529 Agni
1642 3472 1783 3512 con-

154 3556 295 3598 serva
321 3550 373 3600 et
399 3548 456 3601 in
484 3547 680 3602 latere
707 3547 810 3601 ﬁlii
829 3548 912 3601 tui
930 3547 1174 3616 colloca,
1193 3550 1255 3600 ut
1272 3547 1465 3601 solum
1486 3562 1618 3617 quae
1637 3562 1780 3600 sen-

153 3628 212 3685 tis
237 3635 457 3703 sentiat,
495 3639 553 3691 et
600 3636 798 3691 solum
842 3635 1048 3708 diligat
1091 3652 1224 3706 quas
1263 3639 1326 3690 tu
1365 3651 1547 3700 amas,
1579 3650 1696 3690 non
1722 3635 1782 3690 in

154 3719 299 3790 terra,
330 3725 431 3779 sed
461 3726 522 3779 in
554 3724 711 3780 cmlo
755 3726 833 3779 sit
871 3728 1085 3779 tecum.
1128 3721 1203 3779 Ol
1250 3724 1487 3779 beatum
1526 3740 1630 3779 cor
1659 3726 1779 3793 est,

155 3809 227 3861 cui
250 3809 432 3867 datum
457 3817 551 3869 est
581 3828 843 3883 semper,
867 3813 961 3867 vel
988 3812 1157 3884 quasi
1191 3829 1449 3883 semper,
1476 3813 1783 3867 Dominam

154 3898 413 3967 meditari;
439 3902 534 3957 cui
560 3902 766 3957 datum
806 3905 899 3957 est
939 3917 1180 3972 semper
1213 3902 1365 3957 inter
1393 3901 1636 3957 delicias
1663 3902 1783 3955 Do-

156 3983 267 4039 mini
283 3988 512 4059 gloriari
532 4009 546 4055 ;
575 4005 810 4045 necnon
829 3991 1081 4061 compati
1104 3989 1236 4044 Filii
1257 3990 1543 4061 passioni.
1558 3988 1787 4044 0mira-

153 4070 265 4127 bilis
273 4080 326 4130 at
342 4079 613 4134 amabilis
629 4078 830 4134 cordis
843 4078 1116 4148 dulcedo,
1133 4078 1226 4133 cui
1241 4081 1457 4133 caetera
1470 4082 1527 4133 et
1538 4081 1781 4148 patrem,

155 4164 359 4219 matrem
374 4170 429 4220 et
442 4167 624 4237 ﬁlios,
641 4166 734 4221 vel
749 4183 817 4222 ea
833 4183 968 4239 quae
985 4168 1059 4221 ad
1076 4168 1243 4237 ipsos
1261 4170 1547 4238 spectant,
1562 4166 1786 4221 fetidis-

155 4246 276 4303 sima
289 4256 543 4308 etamara
554 4252 906 4310 videntur.0
920 4254 1267 4308 dulcissima
1287 4254 1552 4324 Domina,
1570 4254 1787 4308 dulcis-

156 4336 335 4395 simum
356 4340 609 4398 fructum
628 4342 880 4411 habens,
896 4343 1245 4398 dulcissime
1263 4344 1442 4399 corda
1458 4343 1781 4413 attrahens,

155 4422 460 4486 dulcissima
488 4433 645 4488 bona
682 4432 968 4504 largiens,
999 4432 1345 4487 dulcissima
1369 4448 1621 4504 quaeque
1643 4448 1783 4503 pro-

156 4512 376 4588 mittens,
398 4519 753 4576 duleissima
778 4521 957 4576 corda
984 4525 1046 4577 tu
1074 4522 1298 4576 reddis.
1320 4521 1368 4576 O
1395 4537 1573 4593 quam
1591 4521 1784 4577 dulcis

1870 624 2081 671 rentes
2099 621 2176 683 te,
2200 617 2444 671 Domina
2464 616 2654 685 (Psal.
2682 621 2781 686 ιχ).
2806 617 2977 672 Certe
3003 621 3099 691 qui
3121 629 3365 691 sperant
3385 622 3442 675 in
3461 627 3535 691 te,

1874 704 2183 759 mutabunt
2215 704 2647 774 fortitudinem,
2664 712 2963 761 assument
2980 723 3208 777 pennas
3231 716 3290 763 ut
3308 712 3538 788 agni/ee,

1871 798 2118 848 current
2135 799 2194 846 et
2217 809 2328 848 nou
2348 792 2722 858 laborabunt,
2746 795 3020 850 volabunt
3038 801 3096 850 et
3128 813 3239 851 non
3262 798 3542 854 deﬁcient

1872 880 2013 950 (Isa.
2051 882 2172 951 ιιι).
2203 880 2316 946 Qui
2354 898 2470 937 non
2519 884 2781 953 sperabit
2827 885 2886 937 in
2930 889 3005 953 te,
3045 901 3178 956 quae
3208 890 3265 940 et
3291 886 3543 958 adjuvas

1873 969 2262 1040 desperatos?
2284 970 2353 1025 Et
2378 972 2515 1042 quis
2539 987 2656 1027 non
2679 972 3099 1042 sperabitinte,
3116 979 3359 1044 propter
3370 991 3544 1050 quam

1874 1058 2165 1113 exauditae
2189 1062 2325 1113 sunt
2347 1074 2556 1129 preces
2576 1064 2826 1131 patrum,
2844 1062 3084 1116 oracula
3097 1064 3541 1134 prophetarum,

1873 1151 1931 1201 et
1958 1161 2163 1202 eorum
2190 1146 2502 1217 adimpleta
2534 1150 2833 1218 promissa
2854 1152 2883 1205 ‘?
2931 1150 3002 1204 Et
3034 1152 3173 1222 quid
3206 1157 3546 1222 potuerunt,

1873 1235 2247 1305 patriarchae,
2274 1239 2330 1290 et
2359 1237 2661 1306 prophetae
2710 1238 3071 1307 desiderare,
3099 1240 3369 1311 Domino,
3396 1242 3553 1312 quod

1873 1339 1981 1394 per
2007 1327 2064 1378 te
2092 1339 2210 1377 non
2242 1324 2461 1378 fuerint
2490 1326 2798 1380 assecuti?
2837 1327 2899 1380 Si
2937 1330 3160 1398 antiqui
3193 1346 3298 1399 per
3329 1334 3384 1384 te
3416 1331 3546 1386 haec

1875 1408 2069 1467 omnia
2099 1412 2450 1481 habuerunt,
2478 1415 2771 1483 quomodo
2798 1432 2931 1484 nos,
2957 1418 3057 1486 qui
3087 1433 3297 1472 sumus
3330 1420 3429 1472 tilii
3465 1421 3549 1474 tui

1876 1502 2169 1573 sanguine
2200 1502 2489 1573 unigeniti
2516 1502 2642 1573 jam
2674 1504 2980 1575 redempti,
3020 1522 3135 1560 non
3172 1507 3549 1579 habebimus,

1879 1590 2038 1661 quod
2066 1590 2435 1645 voluerimus
2466 1592 2810 1661 postulare?
2832 1593 2964 1647 Non
2987 1594 3189 1650 dubito
3212 1596 3367 1665 quod
3400 1596 3453 1650 si
3479 1598 3550 1651 ad

1875 1682 1934 1734 te
1967 1679 2262 1747 venimus,
2296 1679 2649 1734 habebimus
2693 1681 2851 1751 quod
2898 1682 3193 1737 volumus.
3225 1684 3290 1738 In
3320 1688 3377 1739 te
3405 1700 3550 1758 ergo

1882 1770 2101 1837 speret,
2127 1767 2228 1838 qui
2259 1768 2564 1837 deeperat;
2590 1769 2690 1839 qui
2713 1769 2929 1837 deﬁcit,
2954 1771 3027 1825 ad
3058 1775 3113 1826 te
3145 1778 3344 1828 currat
3373 1776 3552 1829 conti-

1880 1854 2125 1924 denter;
2157 1856 2230 1909 ad
2261 1859 2317 1911 te
2347 1860 2545 1911 veniat
2573 1858 2672 1928 qui
2703 1858 2830 1911 vult
2859 1859 3081 1929 aliquid
3110 1860 3428 1931 impetrare
3458 1863 3555 1917 di-

1879 1944 2068 2000 cendo
2094 1959 2106 1999 :
2142 1944 2345 1999 Salve.
2368 1946 2513 2011 Quis
2546 1962 2578 2000 a
2608 1950 2708 2002 tua
2739 1946 3091 2003 salutatione
3113 1948 3185 2003 de
3206 1952 3422 2005 cmtero
3446 1966 3558 2006 nos

1879 2033 2097 2102 poterit
2126 2033 2476 2104 prohibere,
2517 2050 2591 2089 ex
2615 2050 2733 2105 quo
2767 2037 2856 2089 sic
2887 2051 2953 2090 es
2985 2037 3172 2091 Mater
3201 2040 3258 2092 et
3288 2038 3555 2123 Domina,

1888 2121 2035 2190 vita,
2089 2122 2336 2177 dulcedo
2365 2127 2425 2177 et
2466 2138 2607 2194 spes
2648 2130 2851 2178 nostra
2879 2126 2907 2178 ί)
2959 2124 3105 2189 Quis
3141 2142 3286 2198 ergo
3330 2144 3406 2182 ex
3444 2121 3561 2198 quo

1888 2210 2116 2282 Regina
2146 2226 2243 2280 es,
2293 2227 2326 2264 a
2360 2213 2457 2265 tua
2490 2214 2822 2267 reverentia
2854 2230 2965 2268 nos
2992 2215 3207 2284 poterit
3231 2216 3560 2285 impedire?

1885 2298 2018 2352 Non
2037 2298 2230 2353 solum
2250 2300 2541 2368 homines,
2562 2300 2667 2353 sed
2687 2302 2985 2356 universae
3008 2304 3180 2356 etiam
3199 2309 3487 2357 creaturae
3505 2306 3561 2357 te

1883 2386 2241 2442 Genitricem
2278 2388 2379 2440 Dei
2411 2389 2685 2441 salutent.
2726 2390 3036 2459 Universa,
3075 2391 3340 2457 Domina,
3366 2409 3472 2460 per
3506 2398 3558 2446 te

1886 2480 2022 2529 sunt
2052 2478 2401 2543 restaurata,
2422 2484 2477 2528 et
2502 2493 2675 2530 suum
2698 2475 3076 2532 (lexiditorem
3106 2495 3210 2547 per
3235 2485 3287 2532 te
3314 2495 3557 2547 recupe-

1888 2566 2020 2617 rant
2049 2565 2351 2632 universa,
2392 2570 2452 2617 ut
2496 2564 2613 2617 sibi
2645 2566 2841 2617 debito
2874 2568 3077 2619 ordine
3111 2568 3229 2620 sint
3261 2569 3551 2635 subjecta.

1885 2650 2059 2706 Certe
2092 2653 2303 2705 mirum
2333 2654 2567 2706 videtur
2603 2656 2756 2723 quod
2800 2658 2956 2707 totus
3013 2660 3265 2709 mimdus
3302 2663 3499 2709 cessat
3532 2674 3564 2710 τι

1888 2747 1984 2794 tua
2005 2742 2379 2807 salutatione,
2396 2743 2538 2812 quin
2559 2760 2794 2811 semper
2817 2749 2868 2796 te
2891 2746 3251 2798 laudatorum
3280 2753 3562 2814 tempore,

1888 2834 1945 2884 et
1974 2831 2207 2885 salutet.
2251 2832 2366 2884 Sed
2400 2832 2537 2901 quid
2572 2834 2662 2884 est
2701 2838 2753 2886 te
2787 2834 2877 2886 bis
2911 2834 3201 2903 salutare,
3246 2837 3359 2889 nisi
3405 2841 3460 2889 te
3507 2838 3569 2890 ut

1890 2918 2198 2973 Dominam
2228 2920 2577 2990 angelorum
2599 2925 2654 2975 et
2674 2921 2972 2977 hominum
2997 2926 3305 2978 revereri?
3330 2924 3397 2977 Et
3422 2925 3563 2994 quid

1890 3011 1982 3062 est
2014 3008 2263 3062 salutem
2296 3009 2604 3078 replicare,
2638 3010 2753 3063 nisi
2804 3011 2908 3064 tibi
2954 3013 3085 3065 sine
3126 3012 3241 3066 tine
3281 3027 3565 3067 reveren-

1891 3096 2028 3150 tiam
2059 3097 2382 3152 exhibere?
2413 3098 2564 3161 Quid
2597 3101 2686 3152 est
2719 3102 2772 3152 te
2800 3100 3061 3155 salutare
3084 3104 3140 3153 et
3164 3100 3377 3155 iterum
3412 3101 3569 3156 salu-

1889 3188 2037 3256 tare,
2061 3185 2174 3240 nisi
2204 3185 2475 3254 salutem,
2505 3190 2561 3239 et
2590 3186 2802 3241 salutis
2831 3188 3164 3257 profectum
3188 3204 3222 3241 a
3253 3191 3331 3256 te,
3361 3189 3567 3244 Domi-

1891 3290 1967 3329 na
1995 3274 2339 3345 postulare?
2369 3274 2515 3339 Quid
2547 3275 2877 3330 salutamus
2901 3280 2955 3331 et
2976 3278 3188 3332 iterum
3215 3278 3561 3348 salutamus,

1890 3363 2010 3419 nisi
2040 3368 2102 3418 ut
2132 3368 2247 3418 tam
2276 3364 2527 3419 interius
2549 3380 2725 3435 quam
2755 3367 3019 3420 exterius
3048 3382 3160 3436 per
3188 3370 3267 3434 te,
3294 3367 3563 3438 Domina,

1891 3452 2212 3507 salubriter
2242 3453 2697 3508 custodiamur?
2736 3453 2886 3517 Quid
2927 3459 3048 3523 est,
3096 3456 3311 3527 saluto,
3351 3460 3408 3511 et
3452 3456 3565 3511 ite-

1892 3558 2054 3612 rum,
2098 3542 2315 3613 saluto,
2363 3544 2482 3597 nisi
2531 3544 2667 3614 quia
2708 3548 2824 3598 tua:
2857 3546 3209 3600 reverentia
3252 3551 3568 3617 utrumque

1891 3630 2191 3686 hominem
2214 3633 2487 3702 expono?
2517 3632 2595 3687 Ut
2623 3633 2765 3703 quid
2794 3648 2971 3702 porro
3001 3637 3055 3688 te
3082 3635 3356 3705 salutavi,
3382 3638 3439 3690 et
3463 3636 3567 3691 ite-

1894 3737 2023 3776 rum
2072 3720 2356 3790 salutavi,
2399 3721 2519 3775 nisi
2566 3724 2627 3775 ut
2674 3737 2780 3791 per
2829 3728 2884 3776 te
2926 3724 3113 3778 Deum
3152 3728 3209 3779 et
3248 3724 3565 3797 hominem,

1894 3810 2013 3865 nisi
2042 3813 2105 3864 ut
2134 3826 2243 3880 per
2272 3813 2327 3864 te
2358 3815 2521 3864 tuum
2553 3810 2765 3865 Filium
2796 3814 3213 3881 possiderem?
3237 3814 3387 3879 Quid
3417 3814 3573 3870 salu-

1893 3900 2011 3953 tavi
2042 3903 2120 3968 te,
2152 3900 2267 3953 nisi
2314 3903 2377 3954 ut
2420 3900 2733 3954 redderem
2777 3902 2851 3955 ad
2895 3918 3026 3956 mea
3055 3906 3192 3959 vota
3220 3904 3566 3974 accinctum,

1893 3991 1952 4043 et
1981 3988 2191 4043 iterum
2224 3988 2497 4057 salutavi,
2533 3988 2651 4042 nisi
2700 3993 2762 4043 ut
2807 4006 3058 4061 prepcra
3084 4007 3260 4047 esses
3285 3993 3357 4048 ad
3390 3993 3571 4063 perti-

1894 4076 2147 4133 eienda?
2196 4077 2312 4131 Aut
2358 4081 2516 4130 certe
2547 4078 2736 4147 primo
2769 4080 3068 4134 voluimus
3100 4081 3385 4150 salutare,
3413 4086 3476 4137 ut
3514 4086 3571 4137 te

1895 4164 2481 4229 commendaremus;
2525 4166 2787 4219 secundo
2820 4172 2882 4220 ut
2916 4172 3055 4237 post
3082 4168 3236 4223 banc
3269 4171 3572 4225 miseriam

1894 4255 2029 4310 Filii
2058 4255 2139 4309 tui
2172 4254 2360 4325 gloria
2389 4255 2808 4325 gauderemus.
2835 4256 3035 4310 Primo
3063 4272 3151 4324 es,
3176 4258 3441 4327 Domina,
3467 4275 3568 4312 sa-

1894 4344 2149 4412 lutanda,
2171 4347 2233 4397 ut
2253 4358 2359 4412 per
2387 4346 2443 4396 te
2476 4342 2725 4413 gratiam
2758 4343 3179 4415 impetremus;
3203 4346 3573 4416 secundo,ut

1893 4449 2001 4505 per
2026 4436 2083 4487 te
2113 4432 2187 4486 ad
2218 4431 2467 4503 gloriam
2500 4433 2830 4486 veniamus.

1964 4518 2018 4575 5.
2064 4521 2163 4577 Ad
2196 4526 2271 4590 te,
2304 4522 2376 4575 ad
2404 4525 2459 4576 te
2490 4538 2649 4590 vere,
2684 4523 2822 4593 quia
2854 4527 2944 4592 tu,
2993 4525 3257 4591 Domina,
3302 4526 3483 4580 Deum
3514 4528 3574 4580 et

156 4614 228 4670 es,
251 4602 475 4663 Domina
502 4606 663 4664 mea!
692 4608 739 4663 Ο
761 4612 918 4664 certe
945 4626 1123 4680 quam
1147 4610 1361 4677 dulcis,
1383 4612 1439 4665 et
1459 4626 1633 4679 quam
1659 4612 1784 4664 dul-
1805 4600 1856 4662 Β
1896 4610 2190 4665 hominem
2246 4612 2503 4684 genuisti
2531 4628 2544 4681 ;
2594 4615 2655 4665 tu
2706 4614 2853 4681 sola,
2912 4614 3177 4677 Dmnina,
3232 4616 3570 4669 haereticam

159 4690 366 4749 cissima
376 4695 434 4751 in
448 4697 703 4764 deliciis,
720 4698 1066 4753 dulcissima
1080 4698 1307 4753 habens
1325 4698 1507 4753 ubera
1528 4700 1783 4771 pietatis,

160 4780 205 4831 et
227 4795 437 4840 summe
464 4784 807 4842 benedicta!
850 4787 1016 4841 Tunc
1044 4802 1339 4858 assequar
1361 4803 1494 4858 quae
1525 4788 1781 4857 intendo,

159 4868 272 4922 tunc
291 4875 605 4940 possidebo
637 4875 792 4946 quod
816 4892 1015 4947 spero,
1038 4877 1174 4948 quia
1206 4880 1268 4931 tu
1292 4893 1361 4931 es
1392 4892 1531 4948 spes
1558 4884 1783 4932 nostra.

216 4955 403 5016 Nonne
433 4967 493 5018 tu
528 4978 598 5018 es
633 4964 880 5019 Domina
927 4966 1147 5036 regni?
1182 4981 1377 5021 nonne
1406 4968 1468 5019 tu
1496 4980 1565 5020 es
1600 4966 1786 5020 Mater

159 5049 374 5118 prmmii,
399 5051 630 5108 scilicet
648 5050 890 5123 Christi,
912 5053 1013 5123 qui
1038 5055 1132 5108 est
1159 5055 1465 5123 praemium
1495 5054 1786 5109 bonorum

162 5144 217 5184 ac
226 5133 508 5194 beatorum
521 5140 772 5196 ?Nonne
788 5144 851 5196 tu
870 5157 938 5197 es
954 5158 1089 5213 quae
1107 5157 1220 5198 nos
1240 5145 1462 5197 tantum
1473 5142 1782 5198 desideras

163 5222 414 5281 exaltari?
442 5227 648 5283 Nonne
670 5230 799 5283 sine
827 5231 1261 5300 comparatione
1289 5232 1423 5299 plus
1449 5247 1559 5285 nos
1583 5232 1784 5303 diligis

163 5310 209 5358 et
232 5307 431 5367 bonum
455 5320 725 5371 nostrum
756 5334 1043 5386 procuras
1073 5335 1247 5389 quam
1279 5325 1466 5374 mater
1494 5321 1787 5375 carnalis?

164 5390 214 5447 Si
236 5411 370 5469 ergo
396 5417 506 5459 nos
528 5404 619 5457 vis
642 5404 838 5460 facere
870 5405 1191 5477 gloriosos,
1210 5406 1327 5462 imo
1358 5409 1495 5478 quia
1513 5408 1625 5477 vis,
1649 5409 1788 5480 quis

165 5486 347 5549 poterit
358 5491 707 5558 prohibere?
725 5492 876 5557 Quid
892 5496 1049 5550 enim
1066 5494 1252 5551 habes
1274 5495 1429 5551 aliud
1452 5496 1648 5552 facere
1670 5498 1791 5551 nisi

166 5568 347 5631 Filium
375 5578 701 5638 exhibere?
738 5582 872 5653 ipse
918 5587 1012 5639 est
1054 5585 1349 5655 meritum,
1392 5588 1449 5640 et
1478 5587 1787 5657 praemium

167 5665 493 5736 nostrum,“
507 5669 690 5741 gloria
711 5675 915 5727 nostra
934 5674 1045 5743 est,
1066 5671 1326 5744 Spei-ent
1343 5690 1488 5747 ergo
1505 5674 1568 5731 in
1593 5681 1669 5746 te,
1693 5677 1791 5748 qui

307 5822 562 5892 Pauor.
585 5828 846 5895 CXLIX

1895 4700 2240 4770 pravitatem
2278 4701 2663 4769 interemisti;
2715 4705 2775 4756 tu
2822 4704 2946 4757 sola
2981 4722 3047 4757 es
3083 4705 3325 4758 Domina
3363 4706 3567 4775 regni;

1894 4792 1959 4842 tu
1988 4789 2117 4842 sola
2149 4804 2215 4844 es
2245 4788 2632 4861 gubernatrix
2662 4792 2908 4860 praemii.
2958 4794 3055 4846 Ad
3091 4799 3149 4847 te
3179 4797 3421 4845 matrem
3454 4809 3563 4846 uo—

1895 4880 2100 4943 stram,
2134 4878 2207 4931 ad
2236 4882 2294 4932 te
2325 4881 2618 4933 nutricem
2668 4886 2952 4947 nostram,
3003 4882 3073 4933 ad
3120 4886 3173 4934 te
3218 4882 3572 4950 adiutricem

1895 4970 2179 5033 nostram,
2201 4968 2272 5020 ad
2302 4970 2358 5021 te
2394 4974 2576 5033 certe,
2602 4985 2737 5037 quae
2768 4985 2878 5021 nos
2908 4970 3075 5021 lavas
3098 4987 3130 5022 a
3155 4970 3404 5023 chClthlS
3440 4986 3571 5039 pee-

1898 5059 2181 5125 catorum,
2216 5072 2349 5126 quae
2380 5073 2492 5111 nos
2532 5058 2868 5111 consolaris
2898 5059 3073 5111 etiam
3104 5059 3162 5111 in
3194 5060 3570 5113 incunabulis

1899 5145 2231 5215 vagientes.
2258 5145 2441 5199 laetas
2469 5147 2750 5214 parvulos
2774 5148 3140 5215 esurientes;
3167 5150 3283 5202 tuis
3306 5150 3571 5203 brachiis

1899 5238 2313 5287 sustentantur
2335 5235 2550 5287 imirmi
2573 5234 2948 5304 deﬁcientes;
2983 5244 3039 5290 tu
3066 5254 3203 5291 vere
3230 5239 3572 5292 consolidazs

1897 5322 2259 5390 vulneratos,
2294 5322 2366 5374 ad
2414 5322 2663 5375 salutem
2716 5324 2990 5393 perducis
3040 5331 3321 5397 aegrotos,
3357 5331 3413 5381 et
3455 5343 3574 5380 non

1898 5410 2090 5465 solum
2123 5417 2305 5464 mater
2334 5414 2389 5465 et
2416 5411 2642 5479 nutrix,
2680 5413 2785 5466 sed
2832 5414 3006 5467 etiam
3056 5417 3284 5469 medica
3316 5416 3466 5471 facta
3498 5434 3568 5469 es

1894 5499 2284 5567 miserorum,
2317 5514 2449 5569 quis
2482 5515 2593 5552 non
2632 5501 3007 5573 derelinquis,
3041 5503 3521 5574 derelinquentcs
3550 5546 3564 5573 ,

1895 5604 2029 5660 quae
2060 5589 2279 5658 recipis
2310 5588 2628 5660 fugientes,
2664 5607 2795 5661 quae
2827 5607 2893 5646 es
2926 5593 3176 5663 Regina,
3208 5595 3554 5663 Imperatrix

1896 5680 1954 5733 et
1984 5677 2229 5733 Domina
2250 5677 2616 5748 angelorum;
2633 5696 2765 5751 quae
2791 5680 3207 5737 blandimentis
3224 5698 3335 5737 nos
3348 5682 3559 5745 alticis,

3148 5840 3231 5927 λεὶ
