  <div class='ocr_page' id='page_1' title='image "/cluster/home/n/w/nwhite01/storage/ocr_20150623/149/hvd.32044054760079/299.png"; bbox 0 0 3948 6168; ppageno 0'>
   <div class='ocr_carea' id='block_1_1' title="bbox 458 236 578 300">
    <p class='ocr_par' dir='ltr' id='par_1_1' title="bbox 458 236 578 300">
     <span class='ocr_line' id='line_1_1' title="bbox 458 236 578 300; baseline 0 0"><span class='ocrx_word' id='word_1_1' title='bbox 458 236 578 300; x_wconf 87' lang='grc'>587</span> 
     </span>
    </p>
   </div>
   <div class='ocr_carea' id='block_1_2' title="bbox 1485 191 2870 300">
    <p class='ocr_par' dir='ltr' id='par_1_2' title="bbox 1485 191 2870 300">
     <span class='ocr_line' id='line_1_2' title="bbox 1485 191 2870 300; baseline -0.001 -2"><span class='ocrx_word' id='word_1_2' title='bbox 1485 235 1548 298; x_wconf 93' lang='lat' dir='ltr'>s.</span> <span class='ocrx_word' id='word_1_3' title='bbox 1597 191 1977 299; x_wconf 11' lang='lat' dir='ltr'>AN&#39;SELMI</span> <span class='ocrx_word' id='word_1_4' title='bbox 2023 231 2436 300; x_wconf 87' lang='lat' dir='ltr'>LUCENSIS</span> <span class='ocrx_word' id='word_1_5' title='bbox 2481 231 2870 300; x_wconf 89' lang='lat' dir='ltr'>EPISCOPI</span> 
     </span>
    </p>
   </div>
   <div class='ocr_carea' id='block_1_3' title="bbox 3702 241 3789 308">
    <p class='ocr_par' dir='ltr' id='par_1_3' title="bbox 3702 241 3789 308">
     <span class='ocr_line' id='line_1_3' title="bbox 3702 241 3789 308; baseline 0 0"><span class='ocrx_word' id='word_1_6' title='bbox 3702 241 3789 308; x_wconf 86' lang='lat'>588</span> 
     </span>
    </p>
   </div>
   <div class='ocr_carea' id='block_1_4' title="bbox 457 418 3794 506">
    <p class='ocr_par' dir='ltr' id='par_1_4' title="bbox 457 418 3794 506">
     <span class='ocr_line' id='line_1_4' title="bbox 457 418 3794 506; baseline 0.001 -13"><span class='ocrx_word' id='word_1_7' title='bbox 457 438 690 494; x_wconf 83' lang='lat' dir='ltr'>deliciis</span> <span class='ocrx_word' id='word_1_8' title='bbox 723 452 834 492; x_wconf 91' lang='lat' dir='ltr'>nos</span> <span class='ocrx_word' id='word_1_9' title='bbox 860 437 1053 506; x_wconf 90' lang='lat' dir='ltr'>foves,</span> <span class='ocrx_word' id='word_1_10' title='bbox 1074 440 1130 492; x_wconf 90' lang='lat' dir='ltr'>et</span> <span class='ocrx_word' id='word_1_11' title='bbox 1159 436 1373 491; x_wconf 82' lang='lat' dir='ltr'>nutris.</span> <span class='ocrx_word' id='word_1_12' title='bbox 1407 436 1504 491; x_wconf 87' lang='lat' dir='ltr'>Ad</span> <span class='ocrx_word' id='word_1_13' title='bbox 1537 441 1594 489; x_wconf 85' lang='lat' dir='ltr'>te</span> <span class='ocrx_word' id='word_1_14' title='bbox 1624 435 1958 489; x_wconf 85' lang='lat' dir='ltr'>clamamus.</span> <span class='ocrx_word' id='word_1_15' title='bbox 1977 418 2193 497; x_wconf 67' lang='lat' dir='ltr'>Quo-A</span> <span class='ocrx_word' id='word_1_16' title='bbox 2233 436 2503 504; x_wconf 83' lang='lat' dir='ltr'>quentes,</span> <span class='ocrx_word' id='word_1_17' title='bbox 2528 434 2701 504; x_wconf 85' lang='lat' dir='ltr'>proni</span> <span class='ocrx_word' id='word_1_18' title='bbox 2733 449 2942 489; x_wconf 90' lang='lat' dir='ltr'>sumus</span> <span class='ocrx_word' id='word_1_19' title='bbox 2970 434 3043 488; x_wconf 86' lang='lat' dir='ltr'>ad</span> <span class='ocrx_word' id='word_1_20' title='bbox 3075 433 3302 503; x_wconf 86' lang='lat' dir='ltr'>malum,</span> <span class='ocrx_word' id='word_1_21' title='bbox 3341 434 3582 491; x_wconf 82' lang='lat' dir='ltr'>diiﬁciles</span> <span class='ocrx_word' id='word_1_22' title='bbox 3607 454 3719 493; x_wconf 84' lang='lat' dir='ltr'>vero</span> <span class='ocrx_word' id='word_1_23' title='bbox 3741 442 3794 496; x_wconf 88' lang='lat' dir='ltr'>ad</span> 
     </span>
    </p>
   </div>
   <div class='ocr_carea' id='block_1_5' title="bbox 455 523 2123 594">
    <p class='ocr_par' dir='ltr' id='par_1_5' title="bbox 455 523 2123 594">
     <span class='ocr_line' id='line_1_5' title="bbox 455 523 2123 594; baseline -0.004 -12"><span class='ocrx_word' id='word_1_24' title='bbox 455 528 630 582; x_wconf 90' lang='lat' dir='ltr'>modo</span> <span class='ocrx_word' id='word_1_25' title='bbox 663 544 780 582; x_wconf 90' lang='lat' dir='ltr'>non</span> <span class='ocrx_word' id='word_1_26' title='bbox 812 528 1224 594; x_wconf 88' lang='lat' dir='ltr'>clamaremus,</span> <span class='ocrx_word' id='word_1_27' title='bbox 1251 526 1515 592; x_wconf 91' lang='lat' dir='ltr'>Domina,</span> <span class='ocrx_word' id='word_1_28' title='bbox 1537 523 1635 594; x_wconf 87' lang='lat' dir='ltr'>qui</span> <span class='ocrx_word' id='word_1_29' title='bbox 1667 524 1910 577; x_wconf 80' lang='lat' dir='ltr'>vulnera</span> <span class='ocrx_word' id='word_1_30' title='bbox 1943 523 2123 575; x_wconf 88' lang='lat' dir='ltr'>susti-</span> 
     </span>
    </p>
   </div>
   <div class='ocr_carea' id='block_1_6' title="bbox 454 612 2120 687">
    <p class='ocr_par' dir='ltr' id='par_1_6' title="bbox 454 612 2120 687">
     <span class='ocr_line' id='line_1_6' title="bbox 454 612 2120 687; baseline -0.004 -16"><span class='ocrx_word' id='word_1_31' title='bbox 454 633 697 687; x_wconf 88' lang='lat' dir='ltr'>nemus,</span> <span class='ocrx_word' id='word_1_32' title='bbox 732 617 942 687; x_wconf 80' lang='lat' dir='ltr'>plagas</span> <span class='ocrx_word' id='word_1_33' title='bbox 982 616 1300 682; x_wconf 85' lang='lat' dir='ltr'>sentimus,</span> <span class='ocrx_word' id='word_1_34' title='bbox 1335 614 1434 683; x_wconf 86' lang='lat' dir='ltr'>qui</span> <span class='ocrx_word' id='word_1_35' title='bbox 1475 613 1732 682; x_wconf 84' lang='lat' dir='ltr'>undique</span> <span class='ocrx_word' id='word_1_36' title='bbox 1761 613 1833 666; x_wconf 86' lang='lat' dir='ltr'>ab</span> <span class='ocrx_word' id='word_1_37' title='bbox 1866 612 2120 664; x_wconf 87' lang='lat' dir='ltr'>inimicis</span> 
     </span>
    </p>
   </div>
   <div class='ocr_carea' id='block_1_7' title="bbox 457 699 2119 770">
    <p class='ocr_par' dir='ltr' id='par_1_7' title="bbox 457 699 2119 770">
     <span class='ocr_line' id='line_1_7' title="bbox 457 699 2119 770; baseline -0.004 -11"><span class='ocrx_word' id='word_1_38' title='bbox 457 705 893 760; x_wconf 80' lang='lat' dir='ltr'>circumdamur</span> <span class='ocrx_word' id='word_1_39' title='bbox 935 706 991 757; x_wconf 90' lang='lat' dir='ltr'>et</span> <span class='ocrx_word' id='word_1_40' title='bbox 1040 701 1360 757; x_wconf 79' lang='lat' dir='ltr'>terremur!</span> <span class='ocrx_word' id='word_1_41' title='bbox 1400 701 1747 768; x_wconf 84' lang='lat' dir='ltr'>Clamamus,</span> <span class='ocrx_word' id='word_1_42' title='bbox 1799 699 2119 770; x_wconf 86' lang='lat' dir='ltr'>angustiati</span> 
     </span>
    </p>
   </div>
   <div class='ocr_carea' id='block_1_8' title="bbox 455 787 2118 860">
    <p class='ocr_par' dir='ltr' id='par_1_8' title="bbox 455 787 2118 860">
     <span class='ocr_line' id='line_1_8' title="bbox 455 787 2118 860; baseline -0.005 -12"><span class='ocrx_word' id='word_1_43' title='bbox 455 797 514 848; x_wconf 88' lang='lat' dir='ltr'>et</span> <span class='ocrx_word' id='word_1_44' title='bbox 531 794 791 847; x_wconf 86' lang='lat' dir='ltr'>miseriis</span> <span class='ocrx_word' id='word_1_45' title='bbox 805 792 1048 845; x_wconf 79' lang='lat' dir='ltr'>infinitis</span> <span class='ocrx_word' id='word_1_46' title='bbox 1065 790 1702 860; x_wconf 84' lang='lat' dir='ltr'>oppressi.Clamamus</span> <span class='ocrx_word' id='word_1_47' title='bbox 1715 787 1912 841; x_wconf 85' lang='lat' dir='ltr'>cordis</span> <span class='ocrx_word' id='word_1_48' title='bbox 1926 788 2118 840; x_wconf 85' lang='lat' dir='ltr'>anxie-</span> 
     </span>
    </p>
   </div>
   <div class='ocr_carea' id='block_1_9' title="bbox 454 875 2118 952">
    <p class='ocr_par' dir='ltr' id='par_1_9' title="bbox 454 875 2118 952">
     <span class='ocr_line' id='line_1_9' title="bbox 454 875 2118 952; baseline -0.005 -16"><span class='ocrx_word' id='word_1_49' title='bbox 454 885 592 952; x_wconf 83' lang='lat' dir='ltr'>tate,</span> <span class='ocrx_word' id='word_1_50' title='bbox 609 881 900 936; x_wconf 85' lang='lat' dir='ltr'>stomachi</span> <span class='ocrx_word' id='word_1_51' title='bbox 917 880 1225 940; x_wconf 85' lang='lat' dir='ltr'>vaeuitate,</span> <span class='ocrx_word' id='word_1_52' title='bbox 1253 879 1476 932; x_wconf 88' lang='lat' dir='ltr'>doloris</span> <span class='ocrx_word' id='word_1_53' title='bbox 1500 877 1837 943; x_wconf 77' lang='lat' dir='ltr'>acerbitate,</span> <span class='ocrx_word' id='word_1_54' title='bbox 1853 879 1951 928; x_wconf 88' lang='lat' dir='ltr'>aut</span> <span class='ocrx_word' id='word_1_55' title='bbox 1973 875 2118 929; x_wconf 86' lang='lat' dir='ltr'>forte</span> 
     </span>
    </p>
   </div>
   <div class='ocr_carea' id='block_1_10' title="bbox 456 965 2121 1042">
    <p class='ocr_par' dir='ltr' id='par_1_10' title="bbox 456 965 2121 1042">
     <span class='ocr_line' id='line_1_10' title="bbox 456 965 2121 1042; baseline -0.004 -18"><span class='ocrx_word' id='word_1_56' title='bbox 456 985 600 1042; x_wconf 87' lang='lat' dir='ltr'>erga</span> <span class='ocrx_word' id='word_1_57' title='bbox 623 975 677 1024; x_wconf 92' lang='lat' dir='ltr'>te</span> <span class='ocrx_word' id='word_1_58' title='bbox 697 970 916 1024; x_wconf 90' lang='lat' dir='ltr'>amoris</span> <span class='ocrx_word' id='word_1_59' title='bbox 935 969 1350 1022; x_wconf 85' lang='lat' dir='ltr'>immensitate.</span> <span class='ocrx_word' id='word_1_60' title='bbox 1370 966 1716 1020; x_wconf 74' lang='lat' dir='ltr'>Clamamus.</span> <span class='ocrx_word' id='word_1_61' title='bbox 1743 966 1828 1018; x_wconf 86' lang='lat' dir='ltr'>Ne</span> <span class='ocrx_word' id='word_1_62' title='bbox 1851 965 1954 1018; x_wconf 91' lang='lat' dir='ltr'>tibi</span> <span class='ocrx_word' id='word_1_63' title='bbox 1979 981 2121 1036; x_wconf 86' lang='lat' dir='ltr'>erga</span> 
     </span>
    </p>
   </div>
   <div class='ocr_carea' id='block_1_11' title="bbox 455 1055 2119 1126">
    <p class='ocr_par' dir='ltr' id='par_1_11' title="bbox 455 1055 2119 1126">
     <span class='ocr_line' id='line_1_11' title="bbox 455 1055 2119 1126; baseline -0.005 -12"><span class='ocrx_word' id='word_1_64' title='bbox 455 1075 566 1114; x_wconf 93' lang='lat' dir='ltr'>nos</span> <span class='ocrx_word' id='word_1_65' title='bbox 597 1059 989 1113; x_wconf 87' lang='lat' dir='ltr'>somnolentia</span> <span class='ocrx_word' id='word_1_66' title='bbox 1026 1057 1354 1123; x_wconf 87' lang='lat' dir='ltr'>inducatur,</span> <span class='ocrx_word' id='word_1_67' title='bbox 1391 1071 1522 1126; x_wconf 63' lang='lat' dir='ltr'>qua:</span> <span class='ocrx_word' id='word_1_68' title='bbox 1555 1071 1668 1108; x_wconf 91' lang='lat' dir='ltr'>nos</span> <span class='ocrx_word' id='word_1_69' title='bbox 1699 1055 1792 1108; x_wconf 91' lang='lat' dir='ltr'>die</span> <span class='ocrx_word' id='word_1_70' title='bbox 1832 1057 2119 1123; x_wconf 89' lang='lat' dir='ltr'>nocteque</span> 
     </span>
    </p>
   </div>
   <div class='ocr_carea' id='block_1_12' title="bbox 456 1141 2119 1214">
    <p class='ocr_par' dir='ltr' id='par_1_12' title="bbox 456 1141 2119 1214">
     <span class='ocr_line' id='line_1_12' title="bbox 456 1141 2119 1214; baseline -0.005 -12"><span class='ocrx_word' id='word_1_71' title='bbox 456 1148 744 1202; x_wconf 86' lang='lat' dir='ltr'>custodis.</span> <span class='ocrx_word' id='word_1_72' title='bbox 765 1145 957 1210; x_wconf 83' lang='lat' dir='ltr'>Quare</span> <span class='ocrx_word' id='word_1_73' title='bbox 987 1145 1311 1211; x_wconf 84' lang='lat' dir='ltr'>obdormis,</span> <span class='ocrx_word' id='word_1_74' title='bbox 1349 1144 1634 1198; x_wconf 86' lang='lat' dir='ltr'>Domina?</span> <span class='ocrx_word' id='word_1_75' title='bbox 1664 1142 1876 1214; x_wconf 86' lang='lat' dir='ltr'>Surge,</span> <span class='ocrx_word' id='word_1_76' title='bbox 1902 1141 2119 1211; x_wconf 79' lang='lat' dir='ltr'>adjuva</span> 
     </span>
    </p>
   </div>
   <div class='ocr_carea' id='block_1_13' title="bbox 453 1233 2120 1304">
    <p class='ocr_par' dir='ltr' id='par_1_13' title="bbox 453 1233 2120 1304">
     <span class='ocr_line' id='line_1_13' title="bbox 453 1233 2120 1304; baseline -0.005 -13"><span class='ocrx_word' id='word_1_77' title='bbox 453 1251 585 1291; x_wconf 91' lang='lat' dir='ltr'>nos.</span> <span class='ocrx_word' id='word_1_78' title='bbox 643 1235 1006 1304; x_wconf 84' lang='lat' dir='ltr'>Clamamus,</span> <span class='ocrx_word' id='word_1_79' title='bbox 1059 1235 1230 1288; x_wconf 85' lang='lat' dir='ltr'>etiam</span> <span class='ocrx_word' id='word_1_80' title='bbox 1282 1237 1343 1286; x_wconf 91' lang='lat' dir='ltr'>ut</span> <span class='ocrx_word' id='word_1_81' title='bbox 1390 1233 1807 1287; x_wconf 85' lang='lat' dir='ltr'>necessitatem</span> <span class='ocrx_word' id='word_1_82' title='bbox 1855 1234 2120 1284; x_wconf 90' lang='lat' dir='ltr'>nostram</span> 
     </span>
    </p>
   </div>
   <div class='ocr_carea' id='block_1_14' title="bbox 452 1318 2115 1397">
    <p class='ocr_par' dir='ltr' id='par_1_14' title="bbox 452 1318 2115 1397">
     <span class='ocr_line' id='line_1_14' title="bbox 452 1318 2115 1397; baseline -0.002 -20"><span class='ocrx_word' id='word_1_83' title='bbox 452 1325 778 1397; x_wconf 89' lang='lat' dir='ltr'>pandamus</span> <span class='ocrx_word' id='word_1_84' title='bbox 810 1327 947 1394; x_wconf 87' lang='lat' dir='ltr'>quia</span> <span class='ocrx_word' id='word_1_85' title='bbox 980 1324 1233 1378; x_wconf 87' lang='lat' dir='ltr'>clamare</span> <span class='ocrx_word' id='word_1_86' title='bbox 1277 1338 1388 1377; x_wconf 81' lang='lat' dir='ltr'>nos</span> <span class='ocrx_word' id='word_1_87' title='bbox 1436 1321 1769 1375; x_wconf 88' lang='lat' dir='ltr'>necessitas</span> <span class='ocrx_word' id='word_1_88' title='bbox 1801 1318 2115 1388; x_wconf 87' lang='lat' dir='ltr'>compellit.</span> 
     </span>
    </p>
   </div>
   <div class='ocr_carea' id='block_1_15' title="bbox 452 1408 2116 1480">
    <p class='ocr_par' dir='ltr' id='par_1_15' title="bbox 452 1408 2116 1480">
     <span class='ocr_line' id='line_1_15' title="bbox 452 1408 2116 1480; baseline -0.005 -12"><span class='ocrx_word' id='word_1_89' title='bbox 452 1414 698 1468; x_wconf 88' lang='lat' dir='ltr'>Necnon</span> <span class='ocrx_word' id='word_1_90' title='bbox 717 1413 1034 1467; x_wconf 84' lang='lat' dir='ltr'>clamamus</span> <span class='ocrx_word' id='word_1_91' title='bbox 1061 1416 1123 1466; x_wconf 89' lang='lat' dir='ltr'>ut</span> <span class='ocrx_word' id='word_1_92' title='bbox 1153 1411 1225 1465; x_wconf 89' lang='lat' dir='ltr'>ad</span> <span class='ocrx_word' id='word_1_93' title='bbox 1249 1409 1726 1480; x_wconf 88' lang='lat' dir='ltr'>compassionem</span> <span class='ocrx_word' id='word_1_94' title='bbox 1750 1412 1823 1476; x_wconf 87' lang='lat' dir='ltr'>te,</span> <span class='ocrx_word' id='word_1_95' title='bbox 1849 1408 2116 1478; x_wconf 89' lang='lat' dir='ltr'>Domina,</span> 
     </span>
    </p>
   </div>
   <div class='ocr_carea' id='block_1_16' title="bbox 450 1499 2119 1570">
    <p class='ocr_par' dir='ltr' id='par_1_16' title="bbox 450 1499 2119 1570">
     <span class='ocr_line' id='line_1_16' title="bbox 450 1499 2119 1570; baseline -0.004 -14"><span class='ocrx_word' id='word_1_96' title='bbox 450 1503 820 1558; x_wconf 85' lang='lat' dir='ltr'>invocemus.</span> <span class='ocrx_word' id='word_1_97' title='bbox 863 1501 1011 1555; x_wconf 91' lang='lat' dir='ltr'>Nam</span> <span class='ocrx_word' id='word_1_98' title='bbox 1063 1503 1304 1570; x_wconf 88' lang='lat' dir='ltr'>propter</span> <span class='ocrx_word' id='word_1_99' title='bbox 1351 1500 1510 1554; x_wconf 92' lang='lat' dir='ltr'>hunc</span> <span class='ocrx_word' id='word_1_100' title='bbox 1558 1499 1873 1553; x_wconf 90' lang='lat' dir='ltr'>clamorem</span> <span class='ocrx_word' id='word_1_101' title='bbox 1921 1513 2119 1552; x_wconf 87' lang='lat' dir='ltr'>raucae</span> 
     </span>
    </p>
   </div>
   <div class='ocr_carea' id='block_1_17' title="bbox 451 1585 2121 1659">
    <p class='ocr_par' dir='ltr' id='par_1_17' title="bbox 451 1585 2121 1659">
     <span class='ocr_line' id='line_1_17' title="bbox 451 1585 2121 1659; baseline -0.004 -15"><span class='ocrx_word' id='word_1_102' title='bbox 451 1591 623 1646; x_wconf 76' lang='lat' dir='ltr'>factae</span> <span class='ocrx_word' id='word_1_103' title='bbox 654 1595 791 1646; x_wconf 89' lang='lat' dir='ltr'>sunt</span> <span class='ocrx_word' id='word_1_104' title='bbox 822 1589 1029 1645; x_wconf 88' lang='lat' dir='ltr'>fauces</span> <span class='ocrx_word' id='word_1_105' title='bbox 1077 1605 1246 1644; x_wconf 85' lang='lat' dir='ltr'>meae.</span> <span class='ocrx_word' id='word_1_106' title='bbox 1291 1588 1440 1653; x_wconf 88' lang='lat' dir='ltr'>Quid</span> <span class='ocrx_word' id='word_1_107' title='bbox 1474 1604 1618 1659; x_wconf 87' lang='lat' dir='ltr'>ergo</span> <span class='ocrx_word' id='word_1_108' title='bbox 1650 1587 1902 1656; x_wconf 85' lang='lat' dir='ltr'>amplius</span> <span class='ocrx_word' id='word_1_109' title='bbox 1933 1585 2121 1658; x_wconf 84' lang='lat' dir='ltr'>afﬂigi</span> 
     </span>
    </p>
   </div>
   <div class='ocr_carea' id='block_1_18' title="bbox 449 1675 2119 1750">
    <p class='ocr_par' dir='ltr' id='par_1_18' title="bbox 449 1675 2119 1750">
     <span class='ocr_line' id='line_1_18' title="bbox 449 1675 2119 1750; baseline -0.004 -15"><span class='ocrx_word' id='word_1_110' title='bbox 449 1681 785 1750; x_wconf 84' lang='lat' dir='ltr'>permittis?</span> <span class='ocrx_word' id='word_1_111' title='bbox 807 1679 869 1733; x_wconf 90' lang='lat' dir='ltr'>Si</span> <span class='ocrx_word' id='word_1_112' title='bbox 901 1694 1045 1748; x_wconf 88' lang='lat' dir='ltr'>ergo</span> <span class='ocrx_word' id='word_1_113' title='bbox 1075 1678 1320 1731; x_wconf 88' lang='lat' dir='ltr'>multum</span> <span class='ocrx_word' id='word_1_114' title='bbox 1347 1676 1698 1746; x_wconf 88' lang='lat' dir='ltr'>tardaveris,</span> <span class='ocrx_word' id='word_1_115' title='bbox 1725 1690 1933 1730; x_wconf 88' lang='lat' dir='ltr'>vocem</span> <span class='ocrx_word' id='word_1_116' title='bbox 1955 1675 2119 1728; x_wconf 85' lang='lat' dir='ltr'>amit-</span> 
     </span>
    </p>
   </div>
   <div class='ocr_carea' id='block_1_19' title="bbox 2230 521 3797 593">
    <p class='ocr_par' dir='ltr' id='par_1_19' title="bbox 2230 521 3797 593">
     <span class='ocr_line' id='line_1_19' title="bbox 2230 521 3797 593; baseline 0.004 -18"><span class='ocrx_word' id='word_1_117' title='bbox 2230 521 2471 576; x_wconf 91' lang='lat' dir='ltr'>bonum.</span> <span class='ocrx_word' id='word_1_118' title='bbox 2508 522 2578 576; x_wconf 86' lang='lat' dir='ltr'>Et</span> <span class='ocrx_word' id='word_1_119' title='bbox 2628 522 2680 577; x_wconf 91' lang='lat' dir='ltr'>si</span> <span class='ocrx_word' id='word_1_120' title='bbox 2731 523 3031 593; x_wconf 82' lang='lat' dir='ltr'>contingat</span> <span class='ocrx_word' id='word_1_121' title='bbox 3077 523 3323 593; x_wconf 88' lang='lat' dir='ltr'>aliquem</span> <span class='ocrx_word' id='word_1_122' title='bbox 3372 525 3535 579; x_wconf 85' lang='lat' dir='ltr'>ﬁlium</span> <span class='ocrx_word' id='word_1_123' title='bbox 3573 526 3797 581; x_wconf 86' lang='lat' dir='ltr'>bonorum</span> 
     </span>
    </p>
   </div>
   <div class='ocr_carea' id='block_1_20' title="bbox 2231 613 3800 682">
    <p class='ocr_par' dir='ltr' id='par_1_20' title="bbox 2231 613 3800 682">
     <span class='ocr_line' id='line_1_20' title="bbox 2231 613 3800 682; baseline 0.003 -18"><span class='ocrx_word' id='word_1_124' title='bbox 2231 626 2476 680; x_wconf 90' lang='lat' dir='ltr'>operum</span> <span class='ocrx_word' id='word_1_125' title='bbox 2520 626 2830 682; x_wconf 89' lang='lat' dir='ltr'>generare,</span> <span class='ocrx_word' id='word_1_126' title='bbox 2867 628 2998 665; x_wconf 89' lang='lat' dir='ltr'>cum</span> <span class='ocrx_word' id='word_1_127' title='bbox 3047 613 3294 682; x_wconf 88' lang='lat' dir='ltr'>quodam</span> <span class='ocrx_word' id='word_1_128' title='bbox 3343 614 3523 667; x_wconf 87' lang='lat' dir='ltr'>cordis</span> <span class='ocrx_word' id='word_1_129' title='bbox 3555 615 3734 681; x_wconf 87' lang='lat' dir='ltr'>dolore,</span> <span class='ocrx_word' id='word_1_130' title='bbox 3760 620 3800 670; x_wconf 84' lang='lat' dir='ltr'>et</span> 
     </span>
    </p>
   </div>
   <div class='ocr_carea' id='block_1_21' title="bbox 2239 699 3800 769">
    <p class='ocr_par' dir='ltr' id='par_1_21' title="bbox 2239 699 3800 769">
     <span class='ocr_line' id='line_1_21' title="bbox 2239 699 3800 769; baseline 0.002 -17"><span class='ocrx_word' id='word_1_131' title='bbox 2239 699 2472 752; x_wconf 86' lang='lat' dir='ltr'>tristitia</span> <span class='ocrx_word' id='word_1_132' title='bbox 2503 701 2862 768; x_wconf 89' lang='lat' dir='ltr'>parturimus</span> <span class='ocrx_word' id='word_1_133' title='bbox 2883 699 3198 769; x_wconf 90' lang='lat' dir='ltr'>multoties,</span> <span class='ocrx_word' id='word_1_134' title='bbox 3223 701 3325 754; x_wconf 88' lang='lat' dir='ltr'>sed</span> <span class='ocrx_word' id='word_1_135' title='bbox 3348 702 3543 754; x_wconf 87' lang='lat' dir='ltr'>malum</span> <span class='ocrx_word' id='word_1_136' title='bbox 3561 719 3672 756; x_wconf 89' lang='lat' dir='ltr'>cum</span> <span class='ocrx_word' id='word_1_137' title='bbox 3695 704 3800 755; x_wconf 70' lang='lat' dir='ltr'>laati-</span> 
     </span>
    </p>
   </div>
   <div class='ocr_carea' id='block_1_22' title="bbox 2239 787 3800 860">
    <p class='ocr_par' dir='ltr' id='par_1_22' title="bbox 2239 787 3800 860">
     <span class='ocr_line' id='line_1_22' title="bbox 2239 787 3800 860; baseline 0.004 -21"><span class='ocrx_word' id='word_1_138' title='bbox 2239 787 2316 840; x_wconf 87' lang='lat' dir='ltr'>tia</span> <span class='ocrx_word' id='word_1_139' title='bbox 2349 792 2775 856; x_wconf 89' lang='lat' dir='ltr'>perpetramus.</span> <span class='ocrx_word' id='word_1_140' title='bbox 2803 788 2933 841; x_wconf 86' lang='lat' dir='ltr'>Non</span> <span class='ocrx_word' id='word_1_141' title='bbox 2965 788 3138 842; x_wconf 86' lang='lat' dir='ltr'>nobis</span> <span class='ocrx_word' id='word_1_142' title='bbox 3171 787 3457 842; x_wconf 84' lang='lat' dir='ltr'>sufﬁciunt</span> <span class='ocrx_word' id='word_1_143' title='bbox 3483 791 3613 844; x_wconf 85' lang='lat' dir='ltr'>mala</span> <span class='ocrx_word' id='word_1_144' title='bbox 3632 796 3800 860; x_wconf 83' lang='lat' dir='ltr'>nostra,</span> 
     </span>
    </p>
   </div>
   <div class='ocr_carea' id='block_1_23' title="bbox 2234 875 3802 948">
    <p class='ocr_par' dir='ltr' id='par_1_23' title="bbox 2234 875 3802 948">
     <span class='ocr_line' id='line_1_23' title="bbox 2234 875 3802 948; baseline 0.004 -20"><span class='ocrx_word' id='word_1_145' title='bbox 2234 875 2340 928; x_wconf 89' lang='lat' dir='ltr'>sed</span> <span class='ocrx_word' id='word_1_146' title='bbox 2373 876 2527 928; x_wconf 90' lang='lat' dir='ltr'>sicut</span> <span class='ocrx_word' id='word_1_147' title='bbox 2562 876 2680 930; x_wconf 77' lang='lat' dir='ltr'>Eva</span> <span class='ocrx_word' id='word_1_148' title='bbox 2714 877 2918 940; x_wconf 86' lang='lat' dir='ltr'>Adam,</span> <span class='ocrx_word' id='word_1_149' title='bbox 2954 877 3028 930; x_wconf 90' lang='lat' dir='ltr'>ita</span> <span class='ocrx_word' id='word_1_150' title='bbox 3063 881 3116 929; x_wconf 90' lang='lat' dir='ltr'>et</span> <span class='ocrx_word' id='word_1_151' title='bbox 3145 893 3252 930; x_wconf 86' lang='lat' dir='ltr'>nos</span> <span class='ocrx_word' id='word_1_152' title='bbox 3283 879 3498 948; x_wconf 88' lang='lat' dir='ltr'>aliquos</span> <span class='ocrx_word' id='word_1_153' title='bbox 3524 879 3802 934; x_wconf 82' lang='lat' dir='ltr'>inclinamus</span> 
     </span>
    </p>
   </div>
   <div class='ocr_carea' id='block_1_24' title="bbox 2234 963 3804 1034">
    <p class='ocr_par' dir='ltr' id='par_1_24' title="bbox 2234 963 3804 1034">
     <span class='ocr_line' id='line_1_24' title="bbox 2234 963 3804 1034; baseline 0.004 -18"><span class='ocrx_word' id='word_1_154' title='bbox 2234 963 2304 1016; x_wconf 90' lang='lat' dir='ltr'>ad</span> <span class='ocrx_word' id='word_1_155' title='bbox 2336 965 2506 1018; x_wconf 89' lang='lat' dir='ltr'>mala.</span> <span class='ocrx_word' id='word_1_156' title='bbox 2559 963 2628 1018; x_wconf 85' lang='lat' dir='ltr'>Et</span> <span class='ocrx_word' id='word_1_157' title='bbox 2671 965 2824 1018; x_wconf 84' lang='lat' dir='ltr'>sicut</span> <span class='ocrx_word' id='word_1_158' title='bbox 2855 965 2982 1034; x_wconf 89' lang='lat' dir='ltr'>ipsa</span> <span class='ocrx_word' id='word_1_159' title='bbox 3013 966 3335 1019; x_wconf 84' lang='lat' dir='ltr'>excusabat</span> <span class='ocrx_word' id='word_1_160' title='bbox 3364 982 3446 1033; x_wconf 88' lang='lat' dir='ltr'>se,</span> <span class='ocrx_word' id='word_1_161' title='bbox 3487 968 3557 1020; x_wconf 90' lang='lat' dir='ltr'>ita</span> <span class='ocrx_word' id='word_1_162' title='bbox 3582 973 3629 1021; x_wconf 91' lang='lat' dir='ltr'>et</span> <span class='ocrx_word' id='word_1_163' title='bbox 3653 984 3740 1022; x_wconf 89' lang='lat' dir='ltr'>nos</span> <span class='ocrx_word' id='word_1_164' title='bbox 3763 971 3804 1022; x_wconf 87' lang='lat' dir='ltr'>in</span> 
     </span>
    </p>
   </div>
   <div class='ocr_carea' id='block_1_25' title="bbox 2232 1053 3805 1125">
    <p class='ocr_par' dir='ltr' id='par_1_25' title="bbox 2232 1053 3805 1125">
     <span class='ocr_line' id='line_1_25' title="bbox 2232 1053 3805 1125; baseline 0.002 -19"><span class='ocrx_word' id='word_1_165' title='bbox 2232 1053 2460 1108; x_wconf 89' lang='lat' dir='ltr'>nostris</span> <span class='ocrx_word' id='word_1_166' title='bbox 2490 1053 2824 1108; x_wconf 85' lang='lat' dir='ltr'>defectibus</span> <span class='ocrx_word' id='word_1_167' title='bbox 2849 1070 3229 1123; x_wconf 80' lang='lat' dir='ltr'>excusemus,</span> <span class='ocrx_word' id='word_1_168' title='bbox 3247 1060 3338 1108; x_wconf 89' lang='lat' dir='ltr'>aut</span> <span class='ocrx_word' id='word_1_169' title='bbox 3361 1055 3570 1124; x_wconf 90' lang='lat' dir='ltr'>saltem,</span> <span class='ocrx_word' id='word_1_170' title='bbox 3590 1057 3634 1110; x_wconf 89' lang='lat' dir='ltr'>si</span> <span class='ocrx_word' id='word_1_171' title='bbox 3658 1059 3805 1125; x_wconf 88' lang='lat' dir='ltr'>possi-</span> 
     </span>
    </p>
   </div>
   <div class='ocr_carea' id='block_1_26' title="bbox 2231 1141 3805 1216">
    <p class='ocr_par' dir='ltr' id='par_1_26' title="bbox 2231 1141 3805 1216">
     <span class='ocr_line' id='line_1_26' title="bbox 2231 1141 3805 1216; baseline 0.003 -21"><span class='ocrx_word' id='word_1_172' title='bbox 2231 1157 2385 1211; x_wconf 90' lang='lat' dir='ltr'>mus,</span> <span class='ocrx_word' id='word_1_173' title='bbox 2417 1143 2476 1195; x_wconf 91' lang='lat' dir='ltr'>in</span> <span class='ocrx_word' id='word_1_174' title='bbox 2508 1141 2658 1196; x_wconf 90' lang='lat' dir='ltr'>alios</span> <span class='ocrx_word' id='word_1_175' title='bbox 2699 1145 3132 1213; x_wconf 85' lang='lat' dir='ltr'>retorquemus.</span> <span class='ocrx_word' id='word_1_176' title='bbox 3167 1143 3363 1197; x_wconf 84' lang='lat' dir='ltr'>Taedet</span> <span class='ocrx_word' id='word_1_177' title='bbox 3391 1159 3494 1198; x_wconf 88' lang='lat' dir='ltr'>nos</span> <span class='ocrx_word' id='word_1_178' title='bbox 3521 1145 3663 1199; x_wconf 85' lang='lat' dir='ltr'>vesci</span> <span class='ocrx_word' id='word_1_179' title='bbox 3686 1145 3805 1216; x_wconf 82' lang='lat' dir='ltr'>ligno</span> 
     </span>
    </p>
   </div>
   <div class='ocr_carea' id='block_1_27' title="bbox 2235 1230 3806 1300">
    <p class='ocr_par' dir='ltr' id='par_1_27' title="bbox 2235 1230 3806 1300">
     <span class='ocr_line' id='line_1_27' title="bbox 2235 1230 3806 1300; baseline 0.002 -17"><span class='ocrx_word' id='word_1_180' title='bbox 2235 1231 2392 1300; x_wconf 65' lang='lat' dir='ltr'>vitm,</span> <span class='ocrx_word' id='word_1_181' title='bbox 2408 1230 2709 1285; x_wconf 87' lang='lat' dir='ltr'>Christum</span> <span class='ocrx_word' id='word_1_182' title='bbox 2741 1231 3316 1300; x_wconf 88' lang='lat' dir='ltr'>D0minum,scilicet</span> <span class='ocrx_word' id='word_1_183' title='bbox 3338 1235 3392 1286; x_wconf 89' lang='lat' dir='ltr'>in</span> <span class='ocrx_word' id='word_1_184' title='bbox 3418 1249 3578 1287; x_wconf 88' lang='lat' dir='ltr'>cruce</span> <span class='ocrx_word' id='word_1_185' title='bbox 3606 1237 3806 1287; x_wconf 87' lang='lat' dir='ltr'>contem-</span> 
     </span>
    </p>
   </div>
   <div class='ocr_carea' id='block_1_28' title="bbox 2231 1318 3808 1392">
    <p class='ocr_par' dir='ltr' id='par_1_28' title="bbox 2231 1318 3808 1392">
     <span class='ocr_line' id='line_1_28' title="bbox 2231 1318 3808 1392; baseline 0.001 -20"><span class='ocrx_word' id='word_1_186' title='bbox 2231 1318 2400 1390; x_wconf 89' lang='lat' dir='ltr'>plari,</span> <span class='ocrx_word' id='word_1_187' title='bbox 2422 1322 2478 1373; x_wconf 92' lang='lat' dir='ltr'>et</span> <span class='ocrx_word' id='word_1_188' title='bbox 2493 1335 2704 1373; x_wconf 89' lang='lat' dir='ltr'>manus</span> <span class='ocrx_word' id='word_1_189' title='bbox 2733 1319 2806 1372; x_wconf 91' lang='lat' dir='ltr'>ad</span> <span class='ocrx_word' id='word_1_190' title='bbox 2837 1319 3065 1390; x_wconf 82' lang='lat' dir='ltr'>lignum</span> <span class='ocrx_word' id='word_1_191' title='bbox 3090 1320 3330 1376; x_wconf 89' lang='lat' dir='ltr'>vetitum</span> <span class='ocrx_word' id='word_1_192' title='bbox 3358 1320 3808 1392; x_wconf 85' lang='lat' dir='ltr'>applicamus.Non</span> 
     </span>
    </p>
   </div>
   <div class='ocr_carea' id='block_1_29' title="bbox 2230 1407 3810 1480">
    <p class='ocr_par' dir='ltr' id='par_1_29' title="bbox 2230 1407 3810 1480">
     <span class='ocr_line' id='line_1_29' title="bbox 2230 1407 3810 1480; baseline 0.001 -18"><span class='ocrx_word' id='word_1_193' title='bbox 2230 1423 2508 1462; x_wconf 75' lang='lat' dir='ltr'>curamus</span> <span class='ocrx_word' id='word_1_194' title='bbox 2532 1423 2638 1477; x_wconf 89' lang='lat' dir='ltr'>per</span> <span class='ocrx_word' id='word_1_195' title='bbox 2659 1407 3210 1477; x_wconf 86' lang='lat' dir='ltr'>contemplationem</span> <span class='ocrx_word' id='word_1_196' title='bbox 3225 1409 3475 1480; x_wconf 87' lang='lat' dir='ltr'>paradisi</span> <span class='ocrx_word' id='word_1_197' title='bbox 3489 1409 3687 1464; x_wconf 85' lang='lat' dir='ltr'>deliciis</span> <span class='ocrx_word' id='word_1_198' title='bbox 3704 1424 3810 1463; x_wconf 87' lang='lat' dir='ltr'>con-</span> 
     </span>
    </p>
   </div>
   <div class='ocr_carea' id='block_1_30' title="bbox 2229 1496 3810 1568">
    <p class='ocr_par' dir='ltr' id='par_1_30' title="bbox 2229 1496 3810 1568">
     <span class='ocr_line' id='line_1_30' title="bbox 2229 1496 3810 1568; baseline -0.001 -17"><span class='ocrx_word' id='word_1_199' title='bbox 2229 1496 2435 1564; x_wconf 90' lang='lat' dir='ltr'>solari,</span> <span class='ocrx_word' id='word_1_200' title='bbox 2465 1496 2574 1550; x_wconf 92' lang='lat' dir='ltr'>sed</span> <span class='ocrx_word' id='word_1_201' title='bbox 2603 1496 2799 1567; x_wconf 80' lang='lat' dir='ltr'>potius</span> <span class='ocrx_word' id='word_1_202' title='bbox 2841 1497 3116 1552; x_wconf 87' lang='lat' dir='ltr'>volumus</span> <span class='ocrx_word' id='word_1_203' title='bbox 3149 1498 3206 1551; x_wconf 93' lang='lat' dir='ltr'>in</span> <span class='ocrx_word' id='word_1_204' title='bbox 3238 1501 3591 1568; x_wconf 82' lang='lat' dir='ltr'>peccatorum</span> <span class='ocrx_word' id='word_1_205' title='bbox 3617 1497 3810 1552; x_wconf 69' lang='lat' dir='ltr'>faecibus</span> 
     </span>
    </p>
   </div>
   <div class='ocr_carea' id='block_1_31' title="bbox 2227 1584 3811 1658">
    <p class='ocr_par' dir='ltr' id='par_1_31' title="bbox 2227 1584 3811 1658">
     <span class='ocr_line' id='line_1_31' title="bbox 2227 1584 3811 1658; baseline 0.001 -19"><span class='ocrx_word' id='word_1_206' title='bbox 2227 1584 2513 1654; x_wconf 87' lang='lat' dir='ltr'>habitare,</span> <span class='ocrx_word' id='word_1_207' title='bbox 2547 1589 2603 1639; x_wconf 89' lang='lat' dir='ltr'>et</span> <span class='ocrx_word' id='word_1_208' title='bbox 2633 1585 2959 1639; x_wconf 87' lang='lat' dir='ltr'>vanissima</span> <span class='ocrx_word' id='word_1_209' title='bbox 2992 1603 3243 1658; x_wconf 72' lang='lat' dir='ltr'>quaeque</span> <span class='ocrx_word' id='word_1_210' title='bbox 3273 1592 3535 1655; x_wconf 88' lang='lat' dir='ltr'>tractare,</span> <span class='ocrx_word' id='word_1_211' title='bbox 3553 1588 3652 1640; x_wconf 91' lang='lat' dir='ltr'>imo</span> <span class='ocrx_word' id='word_1_212' title='bbox 3670 1590 3720 1640; x_wconf 90' lang='lat' dir='ltr'>ut</span> <span class='ocrx_word' id='word_1_213' title='bbox 3741 1603 3811 1641; x_wconf 80' lang='lat' dir='ltr'>ve~</span> 
     </span>
    </p>
   </div>
   <div class='ocr_carea' id='block_1_32' title="bbox 2231 1673 3810 1741">
    <p class='ocr_par' dir='ltr' id='par_1_32' title="bbox 2231 1673 3810 1741">
     <span class='ocr_line' id='line_1_32' title="bbox 2231 1673 3810 1741; baseline 0 -13"><span class='ocrx_word' id='word_1_214' title='bbox 2231 1689 2358 1728; x_wconf 90' lang='lat' dir='ltr'>rum</span> <span class='ocrx_word' id='word_1_215' title='bbox 2389 1674 2611 1740; x_wconf 89' lang='lat' dir='ltr'>dicam,</span> <span class='ocrx_word' id='word_1_216' title='bbox 2654 1673 3008 1728; x_wconf 85' lang='lat' dir='ltr'>fetidissima</span> <span class='ocrx_word' id='word_1_217' title='bbox 3040 1678 3310 1730; x_wconf 87' lang='lat' dir='ltr'>stercora</span> <span class='ocrx_word' id='word_1_218' title='bbox 3342 1676 3669 1729; x_wconf 84' lang='lat' dir='ltr'>masticare?</span> <span class='ocrx_word' id='word_1_219' title='bbox 3701 1675 3810 1741; x_wconf 86' lang='lat' dir='ltr'>Heu,</span> 
     </span>
    </p>
   </div>
   <div class='ocr_carea' id='block_1_33' title="bbox 450 1759 3813 1848">
    <p class='ocr_par' dir='ltr' id='par_1_33' title="bbox 450 1759 3813 1848">
     <span class='ocr_line' id='line_1_33' title="bbox 450 1759 3813 1848; baseline -0.002 -26"><span class='ocrx_word' id='word_1_220' title='bbox 450 1772 567 1822; x_wconf 89' lang='lat' dir='ltr'>tam</span> <span class='ocrx_word' id='word_1_221' title='bbox 598 1767 924 1832; x_wconf 86' lang='lat' dir='ltr'>clamando,</span> <span class='ocrx_word' id='word_1_222' title='bbox 951 1771 1006 1820; x_wconf 93' lang='lat' dir='ltr'>et</span> <span class='ocrx_word' id='word_1_223' title='bbox 1031 1767 1102 1819; x_wconf 90' lang='lat' dir='ltr'>ad</span> <span class='ocrx_word' id='word_1_224' title='bbox 1133 1770 1188 1820; x_wconf 92' lang='lat' dir='ltr'>te</span> <span class='ocrx_word' id='word_1_225' title='bbox 1219 1765 1472 1834; x_wconf 87' lang='lat' dir='ltr'>amplius</span> <span class='ocrx_word' id='word_1_226' title='bbox 1499 1765 1814 1819; x_wconf 86' lang='lat' dir='ltr'>vociferari</span> <span class='ocrx_word' id='word_1_227' title='bbox 1837 1763 2115 1833; x_wconf 88' lang='lat' dir='ltr'>nequibo.</span> <span class='ocrx_word' id='word_1_228' title='bbox 2153 1789 2197 1848; x_wconf 79' lang='grc' dir='ltr'>Β</span> <span class='ocrx_word' id='word_1_229' title='bbox 2227 1767 2442 1833; x_wconf 89' lang='lat' dir='ltr'>quanta</span> <span class='ocrx_word' id='word_1_230' title='bbox 2475 1763 2724 1831; x_wconf 80' lang='lat' dir='ltr'>insania,</span> <span class='ocrx_word' id='word_1_231' title='bbox 2745 1766 2802 1816; x_wconf 92' lang='lat' dir='ltr'>et</span> <span class='ocrx_word' id='word_1_232' title='bbox 2823 1764 3147 1830; x_wconf 86' lang='lat' dir='ltr'>vanitas,et</span> <span class='ocrx_word' id='word_1_233' title='bbox 3169 1759 3406 1818; x_wconf 86' lang='lat' dir='ltr'>caecitas</span> <span class='ocrx_word' id='word_1_234' title='bbox 3437 1762 3690 1819; x_wconf 86' lang='lat' dir='ltr'>inaudita!</span> <span class='ocrx_word' id='word_1_235' title='bbox 3711 1764 3813 1816; x_wconf 86' lang='lat' dir='ltr'>Plus</span> 
     </span>
    </p>
   </div>
   <div class='ocr_carea' id='block_1_34' title="bbox 452 1853 2120 1925">
    <p class='ocr_par' dir='ltr' id='par_1_34' title="bbox 452 1853 2120 1925">
     <span class='ocr_line' id='line_1_34' title="bbox 452 1853 2120 1925; baseline -0.002 -15"><span class='ocrx_word' id='word_1_236' title='bbox 452 1856 585 1910; x_wconf 90' lang='lat' dir='ltr'>Heu</span> <span class='ocrx_word' id='word_1_237' title='bbox 617 1855 782 1923; x_wconf 92' lang='lat' dir='ltr'>mihi,</span> <span class='ocrx_word' id='word_1_238' title='bbox 816 1856 953 1925; x_wconf 89' lang='lat' dir='ltr'>quid</span> <span class='ocrx_word' id='word_1_239' title='bbox 988 1860 1124 1908; x_wconf 90' lang='lat' dir='ltr'>tunc</span> <span class='ocrx_word' id='word_1_240' title='bbox 1152 1854 1382 1921; x_wconf 87' lang='lat' dir='ltr'>faciam,</span> <span class='ocrx_word' id='word_1_241' title='bbox 1409 1870 1542 1907; x_wconf 91' lang='lat' dir='ltr'>cum</span> <span class='ocrx_word' id='word_1_242' title='bbox 1576 1869 1683 1907; x_wconf 88' lang='lat' dir='ltr'>nec</span> <span class='ocrx_word' id='word_1_243' title='bbox 1715 1853 1995 1907; x_wconf 79' lang='lat' dir='ltr'>exaudire</span> <span class='ocrx_word' id='word_1_244' title='bbox 2029 1868 2120 1906; x_wconf 91' lang='lat' dir='ltr'>me</span> 
     </span>
    </p>
   </div>
   <div class='ocr_carea' id='block_1_35' title="bbox 449 1941 2113 2014">
    <p class='ocr_par' dir='ltr' id='par_1_35' title="bbox 449 1941 2113 2014">
     <span class='ocr_line' id='line_1_35' title="bbox 449 1941 2113 2014; baseline -0.002 -16"><span class='ocrx_word' id='word_1_245' title='bbox 449 1944 705 2014; x_wconf 85' lang='lat' dir='ltr'>poteris,</span> <span class='ocrx_word' id='word_1_246' title='bbox 739 1959 845 1997; x_wconf 91' lang='lat' dir='ltr'>nec</span> <span class='ocrx_word' id='word_1_247' title='bbox 882 1943 1131 1996; x_wconf 88' lang='lat' dir='ltr'>audire?</span> <span class='ocrx_word' id='word_1_248' title='bbox 1169 1943 1331 1996; x_wconf 87' lang='lat' dir='ltr'>Tune</span> <span class='ocrx_word' id='word_1_249' title='bbox 1382 1944 1521 2012; x_wconf 91' lang='lat' dir='ltr'>quid</span> <span class='ocrx_word' id='word_1_250' title='bbox 1573 1943 1811 2010; x_wconf 89' lang='lat' dir='ltr'>faciam,</span> <span class='ocrx_word' id='word_1_251' title='bbox 1848 1941 2113 2010; x_wconf 89' lang='lat' dir='ltr'>Domina,</span> 
     </span>
    </p>
   </div>
   <div class='ocr_carea' id='block_1_36' title="bbox 453 2031 2116 2101">
    <p class='ocr_par' dir='ltr' id='par_1_36' title="bbox 453 2031 2116 2101">
     <span class='ocr_line' id='line_1_36' title="bbox 453 2031 2116 2101; baseline -0.002 -14"><span class='ocrx_word' id='word_1_252' title='bbox 453 2047 590 2087; x_wconf 90' lang='lat' dir='ltr'>cum</span> <span class='ocrx_word' id='word_1_253' title='bbox 606 2036 711 2086; x_wconf 89' lang='lat' dir='ltr'>ate</span> <span class='ocrx_word' id='word_1_254' title='bbox 735 2033 900 2085; x_wconf 84' lang='lat' dir='ltr'>fuero</span> <span class='ocrx_word' id='word_1_255' title='bbox 921 2033 1155 2100; x_wconf 88' lang='lat' dir='ltr'>penitus</span> <span class='ocrx_word' id='word_1_256' title='bbox 1174 2032 1490 2085; x_wconf 87' lang='lat' dir='ltr'>destitutus</span> <span class='ocrx_word' id='word_1_257' title='bbox 1505 2032 1707 2085; x_wconf 91' lang='lat' dir='ltr'>?Tunc</span> <span class='ocrx_word' id='word_1_258' title='bbox 1725 2031 1864 2101; x_wconf 90' lang='lat' dir='ltr'>quid</span> <span class='ocrx_word' id='word_1_259' title='bbox 1887 2031 2116 2100; x_wconf 86' lang='lat' dir='ltr'>faciam,</span> 
     </span>
    </p>
   </div>
   <div class='ocr_carea' id='block_1_37' title="bbox 455 2119 2116 2189">
    <p class='ocr_par' dir='ltr' id='par_1_37' title="bbox 455 2119 2116 2189">
     <span class='ocr_line' id='line_1_37' title="bbox 455 2119 2116 2189; baseline -0.002 -14"><span class='ocrx_word' id='word_1_260' title='bbox 455 2136 588 2176; x_wconf 89' lang='lat' dir='ltr'>cum</span> <span class='ocrx_word' id='word_1_261' title='bbox 604 2124 701 2175; x_wconf 89' lang='lat' dir='ltr'>tua</span> <span class='ocrx_word' id='word_1_262' title='bbox 716 2121 896 2175; x_wconf 86' lang='lat' dir='ltr'>ubera</span> <span class='ocrx_word' id='word_1_263' title='bbox 917 2137 1032 2174; x_wconf 90' lang='lat' dir='ltr'>nou</span> <span class='ocrx_word' id='word_1_264' title='bbox 1054 2121 1274 2189; x_wconf 90' lang='lat' dir='ltr'>poteris</span> <span class='ocrx_word' id='word_1_265' title='bbox 1291 2120 1664 2174; x_wconf 84' lang='lat' dir='ltr'>ministrare?</span> <span class='ocrx_word' id='word_1_266' title='bbox 1685 2119 1831 2189; x_wconf 87' lang='lat' dir='ltr'>Cito,</span> <span class='ocrx_word' id='word_1_267' title='bbox 1849 2120 2116 2188; x_wconf 87' lang='lat' dir='ltr'>Domina,</span> 
     </span>
    </p>
   </div>
   <div class='ocr_carea' id='block_1_38' title="bbox 455 2208 2118 2279">
    <p class='ocr_par' dir='ltr' id='par_1_38' title="bbox 455 2208 2118 2279">
     <span class='ocr_line' id='line_1_38' title="bbox 455 2208 2118 2279; baseline -0.001 -15"><span class='ocrx_word' id='word_1_268' title='bbox 455 2210 778 2264; x_wconf 89' lang='lat' dir='ltr'>subvenias</span> <span class='ocrx_word' id='word_1_269' title='bbox 794 2209 1085 2276; x_wconf 88' lang='lat' dir='ltr'>clamanti,</span> <span class='ocrx_word' id='word_1_270' title='bbox 1108 2225 1180 2263; x_wconf 90' lang='lat' dir='ltr'>ne</span> <span class='ocrx_word' id='word_1_271' title='bbox 1202 2210 1474 2263; x_wconf 82' lang='lat' dir='ltr'>manibus</span> <span class='ocrx_word' id='word_1_272' title='bbox 1508 2208 1853 2279; x_wconf 78' lang='lat' dir='ltr'>subjaceam</span> <span class='ocrx_word' id='word_1_273' title='bbox 1878 2209 2118 2263; x_wconf 91' lang='lat' dir='ltr'>inimici.</span> 
     </span>
    </p>
   </div>
   <div class='ocr_carea' id='block_1_39' title="bbox 452 2297 2121 2369">
    <p class='ocr_par' dir='ltr' id='par_1_39' title="bbox 452 2297 2121 2369">
     <span class='ocr_line' id='line_1_39' title="bbox 452 2297 2121 2369; baseline -0.003 -15"><span class='ocrx_word' id='word_1_274' title='bbox 452 2298 660 2369; x_wconf 88' lang='lat' dir='ltr'>Curre,</span> <span class='ocrx_word' id='word_1_275' title='bbox 699 2299 931 2368; x_wconf 88' lang='lat' dir='ltr'>festina,</span> <span class='ocrx_word' id='word_1_276' title='bbox 968 2298 1234 2368; x_wconf 88' lang='lat' dir='ltr'>Domina,</span> <span class='ocrx_word' id='word_1_277' title='bbox 1272 2301 1432 2352; x_wconf 90' lang='lat' dir='ltr'>tuum</span> <span class='ocrx_word' id='word_1_278' title='bbox 1464 2299 1897 2368; x_wconf 87' lang='lat' dir='ltr'>nequissimum</span> <span class='ocrx_word' id='word_1_279' title='bbox 1930 2313 1997 2349; x_wconf 93' lang='lat' dir='ltr'>ac</span> <span class='ocrx_word' id='word_1_280' title='bbox 2028 2297 2121 2350; x_wconf 87' lang='lat' dir='ltr'>in-</span> 
     </span>
    </p>
   </div>
   <div class='ocr_carea' id='block_1_40' title="bbox 452 2386 2121 2454">
    <p class='ocr_par' dir='ltr' id='par_1_40' title="bbox 452 2386 2121 2454">
     <span class='ocr_line' id='line_1_40' title="bbox 452 2386 2121 2454; baseline -0.001 -12"><span class='ocrx_word' id='word_1_281' title='bbox 452 2389 868 2442; x_wconf 83' lang='lat' dir='ltr'>fidelissimum</span> <span class='ocrx_word' id='word_1_282' title='bbox 918 2403 1157 2441; x_wconf 89' lang='lat' dir='ltr'>servum</span> <span class='ocrx_word' id='word_1_283' title='bbox 1207 2387 1276 2440; x_wconf 88' lang='lat' dir='ltr'>ad</span> <span class='ocrx_word' id='word_1_284' title='bbox 1326 2390 1380 2440; x_wconf 91' lang='lat' dir='ltr'>te</span> <span class='ocrx_word' id='word_1_285' title='bbox 1431 2388 1774 2440; x_wconf 85' lang='lat' dir='ltr'>clamantem</span> <span class='ocrx_word' id='word_1_286' title='bbox 1823 2386 2121 2454; x_wconf 85' lang='lat' dir='ltr'>parcendo</span> 
     </span>
    </p>
   </div>
   <div class='ocr_carea' id='block_1_41' title="bbox 455 2475 2120 2548">
    <p class='ocr_par' dir='ltr' id='par_1_41' title="bbox 455 2475 2120 2548">
     <span class='ocr_line' id='line_1_41' title="bbox 455 2475 2120 2548; baseline -0.001 -18"><span class='ocrx_word' id='word_1_287' title='bbox 455 2477 692 2548; x_wconf 78' lang='lat' dir='ltr'>adjuva,</span> <span class='ocrx_word' id='word_1_288' title='bbox 726 2481 782 2530; x_wconf 88' lang='lat' dir='ltr'>et</span> <span class='ocrx_word' id='word_1_289' title='bbox 813 2477 974 2545; x_wconf 82' lang='lat' dir='ltr'>eripe</span> <span class='ocrx_word' id='word_1_290' title='bbox 1020 2477 1091 2530; x_wconf 91' lang='lat' dir='ltr'>de</span> <span class='ocrx_word' id='word_1_291' title='bbox 1132 2477 1405 2529; x_wconf 87' lang='lat' dir='ltr'>manibus</span> <span class='ocrx_word' id='word_1_292' title='bbox 1439 2476 1656 2529; x_wconf 87' lang='lat' dir='ltr'>inimici</span> <span class='ocrx_word' id='word_1_293' title='bbox 1690 2479 1744 2530; x_wconf 88' lang='lat' dir='ltr'>et</span> <span class='ocrx_word' id='word_1_294' title='bbox 1775 2493 1806 2528; x_wconf 68' lang='grc' dir='ltr'>ιι</span> <span class='ocrx_word' id='word_1_295' title='bbox 1839 2475 2120 2543; x_wconf 84' lang='lat' dir='ltr'>periculis</span> 
     </span>
    </p>
   </div>
   <div class='ocr_carea' id='block_1_42' title="bbox 452 2563 2122 2632">
    <p class='ocr_par' dir='ltr' id='par_1_42' title="bbox 452 2563 2122 2632">
     <span class='ocr_line' id='line_1_42' title="bbox 452 2563 2122 2632; baseline -0.002 -13"><span class='ocrx_word' id='word_1_296' title='bbox 452 2565 536 2619; x_wconf 90' lang='lat' dir='ltr'>tui</span> <span class='ocrx_word' id='word_1_297' title='bbox 567 2566 780 2618; x_wconf 88' lang='lat' dir='ltr'>hostis.</span> <span class='ocrx_word' id='word_1_298' title='bbox 815 2564 876 2617; x_wconf 83' lang='lat' dir='ltr'>Si</span> <span class='ocrx_word' id='word_1_299' title='bbox 906 2580 1018 2616; x_wconf 89' lang='lat' dir='ltr'>non</span> <span class='ocrx_word' id='word_1_300' title='bbox 1055 2565 1244 2631; x_wconf 85' lang='lat' dir='ltr'>aliud,</span> <span class='ocrx_word' id='word_1_301' title='bbox 1280 2565 1544 2632; x_wconf 88' lang='lat' dir='ltr'>Domina,</span> <span class='ocrx_word' id='word_1_302' title='bbox 1582 2564 1821 2618; x_wconf 82' lang='lat' dir='ltr'>allicere</span> <span class='ocrx_word' id='word_1_303' title='bbox 1853 2568 1905 2616; x_wconf 90' lang='lat' dir='ltr'>te</span> <span class='ocrx_word' id='word_1_304' title='bbox 1938 2563 2122 2616; x_wconf 89' lang='lat' dir='ltr'>debe-</span> 
     </span>
    </p>
   </div>
   <div class='ocr_carea' id='block_1_43' title="bbox 454 2652 2121 2722">
    <p class='ocr_par' dir='ltr' id='par_1_43' title="bbox 454 2652 2121 2722">
     <span class='ocr_line' id='line_1_43' title="bbox 454 2652 2121 2722; baseline 0 -16"><span class='ocrx_word' id='word_1_305' title='bbox 454 2658 572 2722; x_wconf 86' lang='lat' dir='ltr'>ret,</span> <span class='ocrx_word' id='word_1_306' title='bbox 606 2653 719 2705; x_wconf 91' lang='lat' dir='ltr'>nisi</span> <span class='ocrx_word' id='word_1_307' title='bbox 753 2654 886 2721; x_wconf 88' lang='lat' dir='ltr'>quia</span> <span class='ocrx_word' id='word_1_308' title='bbox 920 2658 1055 2705; x_wconf 89' lang='lat' dir='ltr'>tuus</span> <span class='ocrx_word' id='word_1_309' title='bbox 1089 2652 1281 2706; x_wconf 89' lang='lat' dir='ltr'>hostis</span> <span class='ocrx_word' id='word_1_310' title='bbox 1313 2653 1485 2707; x_wconf 87' lang='lat' dir='ltr'>audet</span> <span class='ocrx_word' id='word_1_311' title='bbox 1509 2670 1618 2706; x_wconf 91' lang='lat' dir='ltr'>nos</span> <span class='ocrx_word' id='word_1_312' title='bbox 1643 2654 1920 2706; x_wconf 88' lang='lat' dir='ltr'>servulos</span> <span class='ocrx_word' id='word_1_313' title='bbox 1954 2654 2121 2706; x_wconf 87' lang='lat' dir='ltr'>inva-</span> 
     </span>
    </p>
   </div>
   <div class='ocr_carea' id='block_1_44' title="bbox 455 2740 2117 2810">
    <p class='ocr_par' dir='ltr' id='par_1_44' title="bbox 455 2740 2117 2810">
     <span class='ocr_line' id='line_1_44' title="bbox 455 2740 2117 2810; baseline 0 -16"><span class='ocrx_word' id='word_1_314' title='bbox 455 2741 595 2794; x_wconf 91' lang='lat' dir='ltr'>dere</span> <span class='ocrx_word' id='word_1_315' title='bbox 644 2741 1075 2810; x_wconf 84' lang='lat' dir='ltr'>fraudulenter,</span> <span class='ocrx_word' id='word_1_316' title='bbox 1111 2741 1364 2794; x_wconf 85' lang='lat' dir='ltr'>deberes</span> <span class='ocrx_word' id='word_1_317' title='bbox 1413 2743 1765 2810; x_wconf 85' lang='lat' dir='ltr'>quantocius</span> <span class='ocrx_word' id='word_1_318' title='bbox 1813 2740 2117 2794; x_wconf 90' lang='lat' dir='ltr'>festinare.</span> 
     </span>
    </p>
   </div>
   <div class='ocr_carea' id='block_1_45' title="bbox 455 2828 2120 2898">
    <p class='ocr_par' dir='ltr' id='par_1_45' title="bbox 455 2828 2120 2898">
     <span class='ocr_line' id='line_1_45' title="bbox 455 2828 2120 2898; baseline 0 -16"><span class='ocrx_word' id='word_1_319' title='bbox 455 2828 660 2897; x_wconf 87' lang='lat' dir='ltr'>Curre,</span> <span class='ocrx_word' id='word_1_320' title='bbox 695 2835 749 2883; x_wconf 91' lang='lat' dir='ltr'>et</span> <span class='ocrx_word' id='word_1_321' title='bbox 780 2829 964 2882; x_wconf 85' lang='lat' dir='ltr'>libera</span> <span class='ocrx_word' id='word_1_322' title='bbox 984 2844 1114 2898; x_wconf 91' lang='lat' dir='ltr'>nos,</span> <span class='ocrx_word' id='word_1_323' title='bbox 1138 2830 1403 2894; x_wconf 85' lang='lat' dir='ltr'>Domina,</span> <span class='ocrx_word' id='word_1_324' title='bbox 1423 2833 1660 2898; x_wconf 87' lang='lat' dir='ltr'>prepter</span> <span class='ocrx_word' id='word_1_325' title='bbox 1681 2845 1884 2883; x_wconf 90' lang='lat' dir='ltr'>eorum</span> <span class='ocrx_word' id='word_1_326' title='bbox 1913 2844 2120 2898; x_wconf 85' lang='lat' dir='ltr'>super—</span> 
     </span>
    </p>
   </div>
   <div class='ocr_carea' id='block_1_46' title="bbox 453 2917 2122 2989">
    <p class='ocr_par' dir='ltr' id='par_1_46' title="bbox 453 2917 2122 2989">
     <span class='ocr_line' id='line_1_46' title="bbox 453 2917 2122 2989; baseline 0.001 -18"><span class='ocrx_word' id='word_1_327' title='bbox 453 2918 611 2972; x_wconf 86' lang='lat' dir='ltr'>biam</span> <span class='ocrx_word' id='word_1_328' title='bbox 637 2917 1281 2986; x_wconf 85' lang='lat' dir='ltr'>reprimendam.Curre</span> <span class='ocrx_word' id='word_1_329' title='bbox 1322 2933 1393 2971; x_wconf 90' lang='lat' dir='ltr'>ne</span> <span class='ocrx_word' id='word_1_330' title='bbox 1429 2917 1704 2972; x_wconf 91' lang='lat' dir='ltr'>inimicus</span> <span class='ocrx_word' id='word_1_331' title='bbox 1744 2919 2032 2989; x_wconf 86' lang='lat' dir='ltr'>glorietur</span> <span class='ocrx_word' id='word_1_332' title='bbox 2061 2919 2122 2973; x_wconf 92' lang='lat' dir='ltr'>in</span> 
     </span>
    </p>
   </div>
   <div class='ocr_carea' id='block_1_47' title="bbox 455 3006 2122 3077">
    <p class='ocr_par' dir='ltr' id='par_1_47' title="bbox 455 3006 2122 3077">
     <span class='ocr_line' id='line_1_47' title="bbox 455 3006 2122 3077; baseline 0.001 -18"><span class='ocrx_word' id='word_1_333' title='bbox 455 3007 573 3060; x_wconf 90' lang='lat' dir='ltr'>tuis</span> <span class='ocrx_word' id='word_1_334' title='bbox 605 3007 899 3061; x_wconf 86' lang='lat' dir='ltr'>clientulis</span> <span class='ocrx_word' id='word_1_335' title='bbox 934 3007 1242 3061; x_wconf 86' lang='lat' dir='ltr'>dominari.</span> <span class='ocrx_word' id='word_1_336' title='bbox 1278 3006 1482 3077; x_wconf 83' lang='lat' dir='ltr'>Curre,</span> <span class='ocrx_word' id='word_1_337' title='bbox 1512 3023 1583 3061; x_wconf 90' lang='lat' dir='ltr'>ne</span> <span class='ocrx_word' id='word_1_338' title='bbox 1615 3007 1842 3062; x_wconf 90' lang='lat' dir='ltr'>dicant:</span> <span class='ocrx_word' id='word_1_339' title='bbox 1884 3007 1996 3060; x_wconf 89' lang='lat' dir='ltr'>Ubi</span> <span class='ocrx_word' id='word_1_340' title='bbox 2028 3010 2122 3061; x_wconf 91' lang='lat' dir='ltr'>est</span> 
     </span>
    </p>
   </div>
   <div class='ocr_carea' id='block_1_48' title="bbox 457 3094 2120 3166">
    <p class='ocr_par' dir='ltr' id='par_1_48' title="bbox 457 3094 2120 3166">
     <span class='ocr_line' id='line_1_48' title="bbox 457 3094 2120 3166; baseline -0.001 -15"><span class='ocrx_word' id='word_1_341' title='bbox 457 3112 659 3151; x_wconf 89' lang='lat' dir='ltr'>eorum</span> <span class='ocrx_word' id='word_1_342' title='bbox 684 3095 948 3164; x_wconf 89' lang='lat' dir='ltr'>Domina,</span> <span class='ocrx_word' id='word_1_343' title='bbox 970 3095 1040 3150; x_wconf 89' lang='lat' dir='ltr'>de</span> <span class='ocrx_word' id='word_1_344' title='bbox 1064 3095 1239 3166; x_wconf 85' lang='lat' dir='ltr'>cujus</span> <span class='ocrx_word' id='word_1_345' title='bbox 1273 3094 1580 3150; x_wconf 88' lang='lat' dir='ltr'>clementia</span> <span class='ocrx_word' id='word_1_346' title='bbox 1603 3096 2015 3150; x_wconf 79' lang='lat' dir='ltr'>conﬁciebant?</span> <span class='ocrx_word' id='word_1_347' title='bbox 2034 3096 2120 3150; x_wconf 88' lang='lat' dir='ltr'>Ne</span> 
     </span>
    </p>
   </div>
   <div class='ocr_carea' id='block_1_49' title="bbox 454 3183 2120 3255">
    <p class='ocr_par' dir='ltr' id='par_1_49' title="bbox 454 3183 2120 3255">
     <span class='ocr_line' id='line_1_49' title="bbox 454 3183 2120 3255; baseline 0.001 -18"><span class='ocrx_word' id='word_1_348' title='bbox 454 3184 721 3254; x_wconf 89' lang='lat' dir='ltr'>mireris,</span> <span class='ocrx_word' id='word_1_349' title='bbox 755 3184 1030 3254; x_wconf 90' lang='lat' dir='ltr'>Domina,</span> <span class='ocrx_word' id='word_1_350' title='bbox 1075 3184 1128 3237; x_wconf 93' lang='lat' dir='ltr'>si</span> <span class='ocrx_word' id='word_1_351' title='bbox 1177 3183 1530 3253; x_wconf 90' lang='lat' dir='ltr'>clamamus,</span> <span class='ocrx_word' id='word_1_352' title='bbox 1576 3186 1712 3255; x_wconf 88' lang='lat' dir='ltr'>quia</span> <span class='ocrx_word' id='word_1_353' title='bbox 1760 3200 1970 3238; x_wconf 91' lang='lat' dir='ltr'>sumus</span> <span class='ocrx_word' id='word_1_354' title='bbox 2003 3187 2120 3240; x_wconf 89' lang='lat' dir='ltr'>ate</span> 
     </span>
    </p>
   </div>
   <div class='ocr_carea' id='block_1_50' title="bbox 452 3273 2118 3345">
    <p class='ocr_par' dir='ltr' id='par_1_50' title="bbox 452 3273 2118 3345">
     <span class='ocr_line' id='line_1_50' title="bbox 452 3273 2118 3345; baseline -0.001 -17"><span class='ocrx_word' id='word_1_355' title='bbox 452 3273 696 3328; x_wconf 90' lang='lat' dir='ltr'>nimium</span> <span class='ocrx_word' id='word_1_356' title='bbox 716 3274 994 3343; x_wconf 84' lang='lat' dir='ltr'>elongati.</span> <span class='ocrx_word' id='word_1_357' title='bbox 1013 3273 1074 3326; x_wconf 92' lang='lat' dir='ltr'>In</span> <span class='ocrx_word' id='word_1_358' title='bbox 1093 3274 1336 3345; x_wconf 87' lang='lat' dir='ltr'>regione</span> <span class='ocrx_word' id='word_1_359' title='bbox 1355 3273 1678 3345; x_wconf 88' lang='lat' dir='ltr'>longinqua</span> <span class='ocrx_word' id='word_1_360' title='bbox 1692 3273 2118 3343; x_wconf 90' lang='lat' dir='ltr'>dissipavimus</span> 
     </span>
    </p>
   </div>
   <div class='ocr_carea' id='block_1_51' title="bbox 452 3361 2115 3432">
    <p class='ocr_par' dir='ltr' id='par_1_51' title="bbox 452 3361 2115 3432">
     <span class='ocr_line' id='line_1_51' title="bbox 452 3361 2115 3432; baseline 0.001 -17"><span class='ocrx_word' id='word_1_361' title='bbox 452 3365 676 3432; x_wconf 89' lang='lat' dir='ltr'>partem</span> <span class='ocrx_word' id='word_1_362' title='bbox 701 3365 981 3416; x_wconf 88' lang='lat' dir='ltr'>nostram.</span> <span class='ocrx_word' id='word_1_363' title='bbox 998 3361 1106 3426; x_wconf 88' lang='lat' dir='ltr'>Qui</span> <span class='ocrx_word' id='word_1_364' title='bbox 1142 3362 1193 3415; x_wconf 92' lang='lat' dir='ltr'>si</span> <span class='ocrx_word' id='word_1_365' title='bbox 1224 3377 1407 3432; x_wconf 90' lang='lat' dir='ltr'>prope</span> <span class='ocrx_word' id='word_1_366' title='bbox 1430 3378 1704 3416; x_wconf 86' lang='lat' dir='ltr'>essemus</span> <span class='ocrx_word' id='word_1_367' title='bbox 1725 3363 1958 3431; x_wconf 88' lang='lat' dir='ltr'>planius</span> <span class='ocrx_word' id='word_1_368' title='bbox 1981 3377 2115 3431; x_wconf 88' lang='lat' dir='ltr'>pos-</span> 
     </span>
    </p>
   </div>
   <div class='ocr_carea' id='block_1_52' title="bbox 453 3449 2118 3520">
    <p class='ocr_par' dir='ltr' id='par_1_52' title="bbox 453 3449 2118 3520">
     <span class='ocr_line' id='line_1_52' title="bbox 453 3449 2118 3520; baseline 0.001 -17"><span class='ocrx_word' id='word_1_369' title='bbox 453 3465 657 3504; x_wconf 90' lang='lat' dir='ltr'>semus</span> <span class='ocrx_word' id='word_1_370' title='bbox 688 3449 878 3520; x_wconf 91' lang='lat' dir='ltr'>loqui,</span> <span class='ocrx_word' id='word_1_371' title='bbox 921 3455 976 3504; x_wconf 91' lang='lat' dir='ltr'>et</span> <span class='ocrx_word' id='word_1_372' title='bbox 1009 3451 1140 3505; x_wconf 88' lang='lat' dir='ltr'>ideo</span> <span class='ocrx_word' id='word_1_373' title='bbox 1171 3465 1467 3504; x_wconf 88' lang='lat' dir='ltr'>memores</span> <span class='ocrx_word' id='word_1_374' title='bbox 1501 3452 1748 3504; x_wconf 89' lang='lat' dir='ltr'>uberum</span> <span class='ocrx_word' id='word_1_375' title='bbox 1780 3455 2015 3505; x_wconf 90' lang='lat' dir='ltr'>tuorum</span> <span class='ocrx_word' id='word_1_376' title='bbox 2046 3451 2118 3504; x_wconf 90' lang='lat' dir='ltr'>ad</span> 
     </span>
    </p>
   </div>
   <div class='ocr_carea' id='block_1_53' title="bbox 450 3538 2117 3607">
    <p class='ocr_par' dir='ltr' id='par_1_53' title="bbox 450 3538 2117 3607">
     <span class='ocr_line' id='line_1_53' title="bbox 450 3538 2117 3607; baseline 0.001 -15"><span class='ocrx_word' id='word_1_377' title='bbox 450 3541 508 3592; x_wconf 92' lang='lat' dir='ltr'>te</span> <span class='ocrx_word' id='word_1_378' title='bbox 539 3539 881 3594; x_wconf 88' lang='lat' dir='ltr'>clamamus.</span> <span class='ocrx_word' id='word_1_379' title='bbox 914 3538 1178 3593; x_wconf 83' lang='lat' dir='ltr'>Exsules</span> <span class='ocrx_word' id='word_1_380' title='bbox 1216 3556 1247 3591; x_wconf 92' lang='lat' dir='ltr'>a</span> <span class='ocrx_word' id='word_1_381' title='bbox 1295 3539 1502 3607; x_wconf 88' lang='lat' dir='ltr'>patria,</span> <span class='ocrx_word' id='word_1_382' title='bbox 1549 3539 1792 3593; x_wconf 88' lang='lat' dir='ltr'>exsules</span> <span class='ocrx_word' id='word_1_383' title='bbox 1823 3557 1854 3591; x_wconf 70' lang='grc' dir='ltr'>ιι</span> <span class='ocrx_word' id='word_1_384' title='bbox 1886 3539 2117 3594; x_wconf 85' lang='lat' dir='ltr'>visione</span> 
     </span>
    </p>
   </div>
   <div class='ocr_carea' id='block_1_54' title="bbox 452 3626 2119 3698">
    <p class='ocr_par' dir='ltr' id='par_1_54' title="bbox 452 3626 2119 3698">
     <span class='ocr_line' id='line_1_54' title="bbox 452 3626 2119 3698; baseline 0.001 -17"><span class='ocrx_word' id='word_1_385' title='bbox 452 3628 685 3696; x_wconf 83' lang='lat' dir='ltr'>divina;</span> <span class='ocrx_word' id='word_1_386' title='bbox 718 3643 825 3681; x_wconf 92' lang='lat' dir='ltr'>nec</span> <span class='ocrx_word' id='word_1_387' title='bbox 857 3643 974 3681; x_wconf 90' lang='lat' dir='ltr'>non</span> <span class='ocrx_word' id='word_1_388' title='bbox 999 3626 1243 3681; x_wconf 84' lang='lat' dir='ltr'>exsules</span> <span class='ocrx_word' id='word_1_389' title='bbox 1275 3644 1304 3680; x_wconf 89' lang='lat' dir='ltr'>a</span> <span class='ocrx_word' id='word_1_390' title='bbox 1338 3628 1545 3698; x_wconf 87' lang='lat' dir='ltr'>gratia,</span> <span class='ocrx_word' id='word_1_391' title='bbox 1571 3628 1816 3682; x_wconf 81' lang='lat' dir='ltr'>exsules</span> <span class='ocrx_word' id='word_1_392' title='bbox 1849 3643 1881 3680; x_wconf 91' lang='lat' dir='ltr'>a</span> <span class='ocrx_word' id='word_1_393' title='bbox 1911 3644 2119 3682; x_wconf 90' lang='lat' dir='ltr'>conso-</span> 
     </span>
    </p>
   </div>
   <div class='ocr_carea' id='block_1_55' title="bbox 450 3714 2116 3786">
    <p class='ocr_par' dir='ltr' id='par_1_55' title="bbox 450 3714 2116 3786">
     <span class='ocr_line' id='line_1_55' title="bbox 450 3714 2116 3786; baseline 0 -15"><span class='ocrx_word' id='word_1_394' title='bbox 450 3717 667 3772; x_wconf 89' lang='lat' dir='ltr'>latione</span> <span class='ocrx_word' id='word_1_395' title='bbox 698 3714 989 3771; x_wconf 87' lang='lat' dir='ltr'>materna!</span> <span class='ocrx_word' id='word_1_396' title='bbox 1036 3716 1082 3770; x_wconf 95' lang='grc' dir='ltr'><strong>Ο</strong></span> <span class='ocrx_word' id='word_1_397' title='bbox 1111 3716 1304 3770; x_wconf 86' lang='lat' dir='ltr'>anima</span> <span class='ocrx_word' id='word_1_398' title='bbox 1349 3732 1506 3786; x_wconf 89' lang='lat' dir='ltr'>mea,</span> <span class='ocrx_word' id='word_1_399' title='bbox 1541 3733 1647 3771; x_wconf 89' lang='lat' dir='ltr'>cur</span> <span class='ocrx_word' id='word_1_400' title='bbox 1676 3733 1790 3771; x_wconf 91' lang='lat' dir='ltr'>non</span> <span class='ocrx_word' id='word_1_401' title='bbox 1821 3733 1888 3771; x_wconf 91' lang='lat' dir='ltr'>es</span> <span class='ocrx_word' id='word_1_402' title='bbox 1918 3717 2116 3786; x_wconf 92' lang='lat' dir='ltr'>potius</span> 
     </span>
    </p>
   </div>
   <div class='ocr_carea' id='block_1_56' title="bbox 450 3806 2118 3876">
    <p class='ocr_par' dir='ltr' id='par_1_56' title="bbox 450 3806 2118 3876">
     <span class='ocr_line' id='line_1_56' title="bbox 450 3806 2118 3876; baseline -0.001 -15"><span class='ocrx_word' id='word_1_403' title='bbox 450 3810 723 3876; x_wconf 88' lang='lat' dir='ltr'>separata</span> <span class='ocrx_word' id='word_1_404' title='bbox 750 3823 783 3860; x_wconf 89' lang='lat' dir='ltr'>a</span> <span class='ocrx_word' id='word_1_405' title='bbox 815 3821 1062 3875; x_wconf 89' lang='lat' dir='ltr'>corpore</span> <span class='ocrx_word' id='word_1_406' title='bbox 1095 3821 1268 3875; x_wconf 89' lang='lat' dir='ltr'>quam</span> <span class='ocrx_word' id='word_1_407' title='bbox 1316 3821 1349 3858; x_wconf 91' lang='lat' dir='ltr'>a</span> <span class='ocrx_word' id='word_1_408' title='bbox 1393 3809 1489 3859; x_wconf 86' lang='lat' dir='ltr'>tua</span> <span class='ocrx_word' id='word_1_409' title='bbox 1533 3807 1776 3860; x_wconf 89' lang='lat' dir='ltr'>Domina</span> <span class='ocrx_word' id='word_1_410' title='bbox 1809 3806 2118 3860; x_wconf 86' lang='lat' dir='ltr'>exsulata?</span> 
     </span>
    </p>
   </div>
   <div class='ocr_carea' id='block_1_57' title="bbox 451 3893 2112 3964">
    <p class='ocr_par' dir='ltr' id='par_1_57' title="bbox 451 3893 2112 3964">
     <span class='ocr_line' id='line_1_57' title="bbox 451 3893 2112 3964; baseline 0.001 -15"><span class='ocrx_word' id='word_1_411' title='bbox 451 3893 515 3949; x_wconf 89' lang='lat' dir='ltr'>Si</span> <span class='ocrx_word' id='word_1_412' title='bbox 540 3909 608 3949; x_wconf 91' lang='lat' dir='ltr'>es</span> <span class='ocrx_word' id='word_1_413' title='bbox 639 3894 903 3949; x_wconf 84' lang='lat' dir='ltr'>exsulata</span> <span class='ocrx_word' id='word_1_414' title='bbox 927 3910 958 3948; x_wconf 91' lang='lat' dir='ltr'>a</span> <span class='ocrx_word' id='word_1_415' title='bbox 981 3899 1182 3962; x_wconf 88' lang='lat' dir='ltr'>matre,</span> <span class='ocrx_word' id='word_1_416' title='bbox 1204 3895 1471 3948; x_wconf 81' lang='lat' dir='ltr'>exsulata</span> <span class='ocrx_word' id='word_1_417' title='bbox 1501 3909 1568 3949; x_wconf 89' lang='lat' dir='ltr'>es</span> <span class='ocrx_word' id='word_1_418' title='bbox 1598 3911 1631 3948; x_wconf 90' lang='lat' dir='ltr'>a</span> <span class='ocrx_word' id='word_1_419' title='bbox 1663 3896 1850 3964; x_wconf 88' lang='lat' dir='ltr'>capite</span> <span class='ocrx_word' id='word_1_420' title='bbox 1871 3895 2112 3950; x_wconf 83' lang='lat' dir='ltr'>Christi.</span> 
     </span>
    </p>
   </div>
   <div class='ocr_carea' id='block_1_58' title="bbox 451 3982 2116 4054">
    <p class='ocr_par' dir='ltr' id='par_1_58' title="bbox 451 3982 2116 4054">
     <span class='ocr_line' id='line_1_58' title="bbox 451 3982 2116 4054; baseline 0.001 -17"><span class='ocrx_word' id='word_1_421' title='bbox 451 3982 524 4037; x_wconf 91' lang='lat' dir='ltr'>Et</span> <span class='ocrx_word' id='word_1_422' title='bbox 568 3982 860 4054; x_wconf 90' lang='lat' dir='ltr'>quomodo</span> <span class='ocrx_word' id='word_1_423' title='bbox 909 3988 1076 4053; x_wconf 91' lang='lat' dir='ltr'>potes</span> <span class='ocrx_word' id='word_1_424' title='bbox 1122 3983 1307 4038; x_wconf 89' lang='lat' dir='ltr'>miser</span> <span class='ocrx_word' id='word_1_425' title='bbox 1357 3983 1486 4038; x_wconf 90' lang='lat' dir='ltr'>sine</span> <span class='ocrx_word' id='word_1_426' title='bbox 1530 3985 1716 4053; x_wconf 88' lang='lat' dir='ltr'>capite</span> <span class='ocrx_word' id='word_1_427' title='bbox 1766 3983 2116 4038; x_wconf 88' lang='lat' dir='ltr'>ambulare?</span> 
     </span>
    </p>
   </div>
   <div class='ocr_carea' id='block_1_59' title="bbox 452 4071 2113 4141">
    <p class='ocr_par' dir='ltr' id='par_1_59' title="bbox 452 4071 2113 4141">
     <span class='ocr_line' id='line_1_59' title="bbox 452 4071 2113 4141; baseline 0.001 -15"><span class='ocrx_word' id='word_1_428' title='bbox 452 4071 664 4126; x_wconf 88' lang='lat' dir='ltr'>Nonne</span> <span class='ocrx_word' id='word_1_429' title='bbox 698 4072 829 4126; x_wconf 90' lang='lat' dir='ltr'>sine</span> <span class='ocrx_word' id='word_1_430' title='bbox 860 4072 1047 4141; x_wconf 90' lang='lat' dir='ltr'>capite</span> <span class='ocrx_word' id='word_1_431' title='bbox 1078 4073 1379 4127; x_wconf 85' lang='lat' dir='ltr'>ambulare</span> <span class='ocrx_word' id='word_1_432' title='bbox 1401 4075 1564 4126; x_wconf 90' lang='lat' dir='ltr'>esset</span> <span class='ocrx_word' id='word_1_433' title='bbox 1584 4074 1954 4127; x_wconf 87' lang='lat' dir='ltr'>monstrum?</span> <span class='ocrx_word' id='word_1_434' title='bbox 1984 4072 2113 4127; x_wconf 86' lang='lat' dir='ltr'>Heu</span> 
     </span>
    </p>
   </div>
   <div class='ocr_carea' id='block_1_60' title="bbox 449 4160 2116 4234">
    <p class='ocr_par' dir='ltr' id='par_1_60' title="bbox 449 4160 2116 4234">
     <span class='ocr_line' id='line_1_60' title="bbox 449 4160 2116 4234; baseline 0.001 -18"><span class='ocrx_word' id='word_1_435' title='bbox 449 4160 614 4228; x_wconf 90' lang='lat' dir='ltr'>mihi,</span> <span class='ocrx_word' id='word_1_436' title='bbox 635 4176 744 4215; x_wconf 91' lang='lat' dir='ltr'>cur</span> <span class='ocrx_word' id='word_1_437' title='bbox 774 4176 904 4215; x_wconf 92' lang='lat' dir='ltr'>sum</span> <span class='ocrx_word' id='word_1_438' title='bbox 937 4162 995 4215; x_wconf 92' lang='lat' dir='ltr'>in</span> <span class='ocrx_word' id='word_1_439' title='bbox 1030 4167 1144 4215; x_wconf 89' lang='lat' dir='ltr'>tam</span> <span class='ocrx_word' id='word_1_440' title='bbox 1175 4161 1416 4232; x_wconf 88' lang='lat' dir='ltr'>longum</span> <span class='ocrx_word' id='word_1_441' title='bbox 1449 4161 1723 4215; x_wconf 85' lang='lat' dir='ltr'>exsilium</span> <span class='ocrx_word' id='word_1_442' title='bbox 1767 4163 2116 4234; x_wconf 85' lang='lat' dir='ltr'>relegatus?</span> 
     </span>
    </p>
   </div>
   <div class='ocr_carea' id='block_1_61' title="bbox 449 4247 2112 4323">
    <p class='ocr_par' dir='ltr' id='par_1_61' title="bbox 449 4247 2112 4323">
     <span class='ocr_line' id='line_1_61' title="bbox 449 4247 2112 4323; baseline 0.001 -19"><span class='ocrx_word' id='word_1_443' title='bbox 449 4247 692 4314; x_wconf 89' lang='lat' dir='ltr'>Quando</span> <span class='ocrx_word' id='word_1_444' title='bbox 725 4250 935 4304; x_wconf 89' lang='lat' dir='ltr'>videbo</span> <span class='ocrx_word' id='word_1_445' title='bbox 954 4250 1138 4304; x_wconf 90' lang='lat' dir='ltr'>Deum</span> <span class='ocrx_word' id='word_1_446' title='bbox 1161 4249 1525 4304; x_wconf 90' lang='lat' dir='ltr'>Salvatorem</span> <span class='ocrx_word' id='word_1_447' title='bbox 1549 4252 1782 4305; x_wconf 86' lang='lat' dir='ltr'>meum?</span> <span class='ocrx_word' id='word_1_448' title='bbox 1802 4254 1899 4304; x_wconf 89' lang='lat' dir='ltr'>aut</span> <span class='ocrx_word' id='word_1_449' title='bbox 1928 4267 2112 4323; x_wconf 86' lang='lat' dir='ltr'>quan-</span> 
     </span>
    </p>
   </div>
   <div class='ocr_carea' id='block_1_62' title="bbox 449 4338 2111 4408">
    <p class='ocr_par' dir='ltr' id='par_1_62' title="bbox 449 4338 2111 4408">
     <span class='ocr_line' id='line_1_62' title="bbox 449 4338 2111 4408; baseline 0.001 -16"><span class='ocrx_word' id='word_1_450' title='bbox 449 4338 525 4393; x_wconf 94' lang='lat' dir='ltr'>do</span> <span class='ocrx_word' id='word_1_451' title='bbox 552 4342 757 4408; x_wconf 90' lang='lat' dir='ltr'>potero</span> <span class='ocrx_word' id='word_1_452' title='bbox 781 4339 988 4392; x_wconf 88' lang='lat' dir='ltr'>saltem</span> <span class='ocrx_word' id='word_1_453' title='bbox 1011 4355 1199 4393; x_wconf 88' lang='lat' dir='ltr'>meam</span> <span class='ocrx_word' id='word_1_454' title='bbox 1230 4339 1536 4392; x_wconf 91' lang='lat' dir='ltr'>Dominam</span> <span class='ocrx_word' id='word_1_455' title='bbox 1567 4338 1823 4394; x_wconf 87' lang='lat' dir='ltr'>intueri?</span> <span class='ocrx_word' id='word_1_456' title='bbox 1852 4340 1981 4394; x_wconf 88' lang='lat' dir='ltr'>Non</span> <span class='ocrx_word' id='word_1_457' title='bbox 2008 4341 2111 4394; x_wconf 86' lang='lat' dir='ltr'>du-</span> 
     </span>
    </p>
   </div>
   <div class='ocr_carea' id='block_1_63' title="bbox 447 4427 2110 4498">
    <p class='ocr_par' dir='ltr' id='par_1_63' title="bbox 447 4427 2110 4498">
     <span class='ocr_line' id='line_1_63' title="bbox 447 4427 2110 4498; baseline 0.001 -16"><span class='ocrx_word' id='word_1_458' title='bbox 447 4427 592 4496; x_wconf 88' lang='lat' dir='ltr'>bito,</span> <span class='ocrx_word' id='word_1_459' title='bbox 619 4427 883 4495; x_wconf 89' lang='lat' dir='ltr'>Domina,</span> <span class='ocrx_word' id='word_1_460' title='bbox 909 4428 1064 4498; x_wconf 90' lang='lat' dir='ltr'>quod</span> <span class='ocrx_word' id='word_1_461' title='bbox 1086 4429 1136 4480; x_wconf 91' lang='lat' dir='ltr'>si</span> <span class='ocrx_word' id='word_1_462' title='bbox 1155 4428 1226 4481; x_wconf 89' lang='lat' dir='ltr'>ad</span> <span class='ocrx_word' id='word_1_463' title='bbox 1252 4433 1305 4481; x_wconf 91' lang='lat' dir='ltr'>te</span> <span class='ocrx_word' id='word_1_464' title='bbox 1328 4432 1602 4498; x_wconf 87' lang='lat' dir='ltr'>tanquam</span> <span class='ocrx_word' id='word_1_465' title='bbox 1625 4428 1868 4482; x_wconf 84' lang='lat' dir='ltr'>exsules</span> <span class='ocrx_word' id='word_1_466' title='bbox 1892 4429 2110 4483; x_wconf 90' lang='lat' dir='ltr'>clama-</span> 
     </span>
    </p>
   </div>
   <div class='ocr_carea' id='block_1_64' title="bbox 2151 3147 2201 3208">
    <p class='ocr_par' dir='ltr' id='par_1_64' title="bbox 2151 3147 2201 3208">
     <span class='ocr_line' id='line_1_64' title="bbox 2151 3147 2201 3208; baseline 0 0"><span class='ocrx_word' id='word_1_467' title='bbox 2151 3147 2201 3208; x_wconf 91' lang='lat' dir='ltr'><strong>C</strong></span> 
     </span>
    </p>
   </div>
   <div class='ocr_carea' id='block_1_65' title="bbox 2228 1851 3814 1922">
    <p class='ocr_par' dir='ltr' id='par_1_65' title="bbox 2228 1851 3814 1922">
     <span class='ocr_line' id='line_1_65' title="bbox 2228 1851 3814 1922; baseline -0.003 -16"><span class='ocrx_word' id='word_1_468' title='bbox 2228 1851 2384 1906; x_wconf 90' lang='lat' dir='ltr'>enim</span> <span class='ocrx_word' id='word_1_469' title='bbox 2415 1851 2588 1906; x_wconf 91' lang='lat' dir='ltr'>nobis</span> <span class='ocrx_word' id='word_1_470' title='bbox 2623 1852 2832 1921; x_wconf 88' lang='lat' dir='ltr'>placet,</span> <span class='ocrx_word' id='word_1_471' title='bbox 2866 1852 2924 1906; x_wconf 92' lang='lat' dir='ltr'>in</span> <span class='ocrx_word' id='word_1_472' title='bbox 2959 1853 3162 1908; x_wconf 88' lang='lat' dir='ltr'>labore</span> <span class='ocrx_word' id='word_1_473' title='bbox 3192 1855 3393 1922; x_wconf 88' lang='lat' dir='ltr'>nimio,</span> <span class='ocrx_word' id='word_1_474' title='bbox 3427 1858 3480 1908; x_wconf 91' lang='lat' dir='ltr'>et</span> <span class='ocrx_word' id='word_1_475' title='bbox 3508 1853 3696 1907; x_wconf 87' lang='lat' dir='ltr'>sudore</span> <span class='ocrx_word' id='word_1_476' title='bbox 3718 1851 3814 1904; x_wconf 82' lang='lat' dir='ltr'>vilia</span> 
     </span>
    </p>
   </div>
   <div class='ocr_carea' id='block_1_66' title="bbox 2228 1939 3814 2013">
    <p class='ocr_par' dir='ltr' id='par_1_66' title="bbox 2228 1939 3814 2013">
     <span class='ocr_line' id='line_1_66' title="bbox 2228 1939 3814 2013; baseline -0.001 -19"><span class='ocrx_word' id='word_1_477' title='bbox 2228 1943 2284 1994; x_wconf 91' lang='lat' dir='ltr'>et</span> <span class='ocrx_word' id='word_1_478' title='bbox 2314 1945 2560 1995; x_wconf 88' lang='lat' dir='ltr'>mortem</span> <span class='ocrx_word' id='word_1_479' title='bbox 2590 1944 2854 1994; x_wconf 90' lang='lat' dir='ltr'>nostram</span> <span class='ocrx_word' id='word_1_480' title='bbox 2878 1943 3190 2013; x_wconf 89' lang='lat' dir='ltr'>acquirere</span> <span class='ocrx_word' id='word_1_481' title='bbox 3221 1959 3397 2013; x_wconf 89' lang='lat' dir='ltr'>quam</span> <span class='ocrx_word' id='word_1_482' title='bbox 3423 1959 3547 1996; x_wconf 91' lang='lat' dir='ltr'>eum</span> <span class='ocrx_word' id='word_1_483' title='bbox 3576 1939 3814 1997; x_wconf 83' lang='lat' dir='ltr'>omnidul-</span> 
     </span>
    </p>
   </div>
   <div class='ocr_carea' id='block_1_67' title="bbox 2227 2028 3817 2101">
    <p class='ocr_par' dir='ltr' id='par_1_67' title="bbox 2227 2028 3817 2101">
     <span class='ocr_line' id='line_1_67' title="bbox 2227 2028 3817 2101; baseline -0.002 -18"><span class='ocrx_word' id='word_1_484' title='bbox 2227 2044 2366 2083; x_wconf 91' lang='lat' dir='ltr'>core</span> <span class='ocrx_word' id='word_1_485' title='bbox 2397 2034 2452 2083; x_wconf 92' lang='lat' dir='ltr'>et</span> <span class='ocrx_word' id='word_1_486' title='bbox 2482 2031 2772 2084; x_wconf 87' lang='lat' dir='ltr'>suavitate</span> <span class='ocrx_word' id='word_1_487' title='bbox 2802 2031 2982 2085; x_wconf 86' lang='lat' dir='ltr'>vitam</span> <span class='ocrx_word' id='word_1_488' title='bbox 3031 2047 3149 2086; x_wconf 90' lang='lat' dir='ltr'>non</span> <span class='ocrx_word' id='word_1_489' title='bbox 3192 2034 3385 2086; x_wconf 90' lang='lat' dir='ltr'>solum</span> <span class='ocrx_word' id='word_1_490' title='bbox 3424 2032 3715 2101; x_wconf 88' lang='lat' dir='ltr'>acquirere,</span> <span class='ocrx_word' id='word_1_491' title='bbox 3740 2028 3817 2080; x_wconf 83' lang='lat' dir='ltr'>sed</span> 
     </span>
    </p>
   </div>
   <div class='ocr_carea' id='block_1_68' title="bbox 2225 2117 3818 2190">
    <p class='ocr_par' dir='ltr' id='par_1_68' title="bbox 2225 2117 3818 2190">
     <span class='ocr_line' id='line_1_68' title="bbox 2225 2117 3818 2190; baseline -0.001 -19"><span class='ocrx_word' id='word_1_492' title='bbox 2225 2117 2400 2171; x_wconf 90' lang='lat' dir='ltr'>etiam</span> <span class='ocrx_word' id='word_1_493' title='bbox 2432 2118 2685 2188; x_wconf 92' lang='lat' dir='ltr'>quodam</span> <span class='ocrx_word' id='word_1_494' title='bbox 2716 2120 2888 2173; x_wconf 90' lang='lat' dir='ltr'>modo</span> <span class='ocrx_word' id='word_1_495' title='bbox 2919 2120 3234 2190; x_wconf 89' lang='lat' dir='ltr'>possidere</span> <span class='ocrx_word' id='word_1_496' title='bbox 3265 2126 3558 2189; x_wconf 68' lang='lat' dir='ltr'>aeternam,</span> <span class='ocrx_word' id='word_1_497' title='bbox 3589 2124 3638 2173; x_wconf 89' lang='lat' dir='ltr'>et</span> <span class='ocrx_word' id='word_1_498' title='bbox 3662 2117 3818 2190; x_wconf 67' lang='lat' dir='ltr'>gloria</span> 
     </span>
    </p>
   </div>
   <div class='ocr_carea' id='block_1_69' title="bbox 2226 2206 3818 2278">
    <p class='ocr_par' dir='ltr' id='par_1_69' title="bbox 2226 2206 3818 2278">
     <span class='ocr_line' id='line_1_69' title="bbox 2226 2206 3818 2278; baseline -0.001 -19"><span class='ocrx_word' id='word_1_499' title='bbox 2226 2207 2537 2260; x_wconf 91' lang='lat' dir='ltr'>Dominum</span> <span class='ocrx_word' id='word_1_500' title='bbox 2569 2208 2906 2278; x_wconf 87' lang='lat' dir='ltr'>degustare.</span> <span class='ocrx_word' id='word_1_501' title='bbox 2942 2207 3012 2261; x_wconf 85' lang='lat' dir='ltr'>Et</span> <span class='ocrx_word' id='word_1_502' title='bbox 3041 2208 3193 2277; x_wconf 90' lang='lat' dir='ltr'>nisi,</span> <span class='ocrx_word' id='word_1_503' title='bbox 3242 2209 3507 2277; x_wconf 85' lang='lat' dir='ltr'>Domina,</span> <span class='ocrx_word' id='word_1_504' title='bbox 3555 2223 3652 2261; x_wconf 90' lang='lat' dir='ltr'>nos</span> <span class='ocrx_word' id='word_1_505' title='bbox 3689 2206 3818 2276; x_wconf 85' lang='lat' dir='ltr'>adju-</span> 
     </span>
    </p>
   </div>
   <div class='ocr_carea' id='block_1_70' title="bbox 2226 2295 3819 2368">
    <p class='ocr_par' dir='ltr' id='par_1_70' title="bbox 2226 2295 3819 2368">
     <span class='ocr_line' id='line_1_70' title="bbox 2226 2295 3819 2368; baseline -0.001 -20"><span class='ocrx_word' id='word_1_506' title='bbox 2226 2295 2448 2364; x_wconf 89' lang='lat' dir='ltr'>visses,</span> <span class='ocrx_word' id='word_1_507' title='bbox 2475 2295 2732 2351; x_wconf 89' lang='lat' dir='ltr'>fortasse</span> <span class='ocrx_word' id='word_1_508' title='bbox 2759 2299 2831 2350; x_wconf 88' lang='lat' dir='ltr'>ad</span> <span class='ocrx_word' id='word_1_509' title='bbox 2863 2297 3078 2351; x_wconf 85' lang='lat' dir='ltr'>inferni</span> <span class='ocrx_word' id='word_1_510' title='bbox 3127 2297 3588 2368; x_wconf 88' lang='lat' dir='ltr'>profundissima</span> <span class='ocrx_word' id='word_1_511' title='bbox 3605 2297 3819 2350; x_wconf 85' lang='lat' dir='ltr'>venisse-</span> 
     </span>
    </p>
   </div>
   <div class='ocr_carea' id='block_1_71' title="bbox 2227 2384 3818 2456">
    <p class='ocr_par' dir='ltr' id='par_1_71' title="bbox 2227 2384 3818 2456">
     <span class='ocr_line' id='line_1_71' title="bbox 2227 2384 3818 2456; baseline -0.003 -18"><span class='ocrx_word' id='word_1_512' title='bbox 2227 2400 2382 2438; x_wconf 88' lang='lat' dir='ltr'>mus.</span> <span class='ocrx_word' id='word_1_513' title='bbox 2417 2384 2548 2438; x_wconf 90' lang='lat' dir='ltr'>Non</span> <span class='ocrx_word' id='word_1_514' title='bbox 2584 2389 2693 2453; x_wconf 87' lang='lat' dir='ltr'>est,</span> <span class='ocrx_word' id='word_1_515' title='bbox 2727 2386 2992 2454; x_wconf 85' lang='lat' dir='ltr'>Domina,</span> <span class='ocrx_word' id='word_1_516' title='bbox 3027 2386 3182 2456; x_wconf 89' lang='lat' dir='ltr'>quod</span> <span class='ocrx_word' id='word_1_517' title='bbox 3213 2402 3327 2440; x_wconf 91' lang='lat' dir='ltr'>nos</span> <span class='ocrx_word' id='word_1_518' title='bbox 3357 2386 3537 2440; x_wconf 87' lang='lat' dir='ltr'>valeat</span> <span class='ocrx_word' id='word_1_519' title='bbox 3574 2398 3818 2448; x_wconf 69' lang='lat' dir='ltr'>excusate,</span> 
     </span>
    </p>
   </div>
   <div class='ocr_carea' id='block_1_72' title="bbox 2227 2473 3820 2543">
    <p class='ocr_par' dir='ltr' id='par_1_72' title="bbox 2227 2473 3820 2543">
     <span class='ocr_line' id='line_1_72' title="bbox 2227 2473 3820 2543; baseline -0.002 -17"><span class='ocrx_word' id='word_1_520' title='bbox 2227 2473 2363 2542; x_wconf 90' lang='lat' dir='ltr'>quia</span> <span class='ocrx_word' id='word_1_521' title='bbox 2391 2488 2508 2526; x_wconf 91' lang='lat' dir='ltr'>non</span> <span class='ocrx_word' id='word_1_522' title='bbox 2530 2477 2606 2543; x_wconf 89' lang='lat' dir='ltr'>te,</span> <span class='ocrx_word' id='word_1_523' title='bbox 2632 2474 2736 2527; x_wconf 89' lang='lat' dir='ltr'>sed</span> <span class='ocrx_word' id='word_1_524' title='bbox 2762 2474 3015 2528; x_wconf 84' lang='lat' dir='ltr'>Evamin</span> <span class='ocrx_word' id='word_1_525' title='bbox 3031 2475 3306 2528; x_wconf 87' lang='lat' dir='ltr'>omnibus</span> <span class='ocrx_word' id='word_1_526' title='bbox 3335 2476 3627 2538; x_wconf 85' lang='lat' dir='ltr'>imitamur,</span> <span class='ocrx_word' id='word_1_527' title='bbox 3642 2474 3734 2525; x_wconf 92' lang='lat' dir='ltr'>imo</span> <span class='ocrx_word' id='word_1_528' title='bbox 3748 2485 3820 2540; x_wconf 86' lang='lat' dir='ltr'>po-</span> 
     </span>
    </p>
   </div>
   <div class='ocr_carea' id='block_1_73' title="bbox 2226 2560 3820 2618">
    <p class='ocr_par' dir='ltr' id='par_1_73' title="bbox 2226 2560 3820 2618">
     <span class='ocr_line' id='line_1_73' title="bbox 2226 2560 3820 2618; baseline -0.001 -4"><span class='ocrx_word' id='word_1_529' title='bbox 2226 2561 2344 2614; x_wconf 89' lang='lat' dir='ltr'>tius</span> <span class='ocrx_word' id='word_1_530' title='bbox 2378 2563 2839 2616; x_wconf 86' lang='lat' dir='ltr'>transcurrimus</span> <span class='ocrx_word' id='word_1_531' title='bbox 2872 2563 2930 2616; x_wconf 90' lang='lat' dir='ltr'>in</span> <span class='ocrx_word' id='word_1_532' title='bbox 2963 2563 3241 2617; x_wconf 83' lang='lat' dir='ltr'>malis.Et</span> <span class='ocrx_word' id='word_1_533' title='bbox 3274 2565 3406 2618; x_wconf 89' lang='lat' dir='ltr'>ideo</span> <span class='ocrx_word' id='word_1_534' title='bbox 3437 2565 3544 2618; x_wconf 90' lang='lat' dir='ltr'>hoc</span> <span class='ocrx_word' id='word_1_535' title='bbox 3571 2579 3599 2616; x_wconf 92' lang='lat' dir='ltr'>a</span> <span class='ocrx_word' id='word_1_536' title='bbox 3626 2567 3708 2615; x_wconf 91' lang='lat' dir='ltr'>tuo</span> <span class='ocrx_word' id='word_1_537' title='bbox 3732 2560 3820 2612; x_wconf 83' lang='lat' dir='ltr'>cle-</span> 
     </span>
    </p>
   </div>
   <div class='ocr_carea' id='block_1_74' title="bbox 2227 2647 3822 2722">
    <p class='ocr_par' dir='ltr' id='par_1_74' title="bbox 2227 2647 3822 2722">
     <span class='ocr_line' id='line_1_74' title="bbox 2227 2647 3822 2722; baseline -0.002 -20"><span class='ocrx_word' id='word_1_538' title='bbox 2227 2651 2405 2703; x_wconf 91' lang='lat' dir='ltr'>menti</span> <span class='ocrx_word' id='word_1_539' title='bbox 2435 2651 2720 2721; x_wconf 78' lang='lat' dir='ltr'>sull‘ragio</span> <span class='ocrx_word' id='word_1_540' title='bbox 2758 2656 3224 2721; x_wconf 87' lang='lat' dir='ltr'>cognoscentes,</span> <span class='ocrx_word' id='word_1_541' title='bbox 3265 2669 3376 2722; x_wconf 90' lang='lat' dir='ltr'>per</span> <span class='ocrx_word' id='word_1_542' title='bbox 3407 2657 3479 2719; x_wconf 92' lang='lat' dir='ltr'>te,</span> <span class='ocrx_word' id='word_1_543' title='bbox 3518 2651 3746 2714; x_wconf 86' lang='lat' dir='ltr'>Domina,</span> <span class='ocrx_word' id='word_1_544' title='bbox 3773 2647 3822 2700; x_wconf 82' lang='lat' dir='ltr'>de</span> 
     </span>
    </p>
   </div>
   <div class='ocr_carea' id='block_1_75' title="bbox 2224 2735 3826 2811">
    <p class='ocr_par' dir='ltr' id='par_1_75' title="bbox 2224 2735 3826 2811">
     <span class='ocr_line' id='line_1_75' title="bbox 2224 2735 3826 2811; baseline -0.002 -19"><span class='ocrx_word' id='word_1_545' title='bbox 2224 2741 2381 2792; x_wconf 88' lang='lat' dir='ltr'>tanta</span> <span class='ocrx_word' id='word_1_546' title='bbox 2412 2739 2652 2794; x_wconf 89' lang='lat' dir='ltr'>miseria</span> <span class='ocrx_word' id='word_1_547' title='bbox 2687 2740 2990 2794; x_wconf 88' lang='lat' dir='ltr'>sublevari</span> <span class='ocrx_word' id='word_1_548' title='bbox 3027 2745 3365 2810; x_wconf 85' lang='lat' dir='ltr'>sperantes,</span> <span class='ocrx_word' id='word_1_549' title='bbox 3400 2745 3625 2811; x_wconf 85' lang='lat' dir='ltr'>propter</span> <span class='ocrx_word' id='word_1_550' title='bbox 3649 2735 3826 2803; x_wconf 80' lang='lat' dir='ltr'>hoc,ad</span> 
     </span>
    </p>
   </div>
   <div class='ocr_carea' id='block_1_76' title="bbox 2229 2827 3826 2900">
    <p class='ocr_par' dir='ltr' id='par_1_76' title="bbox 2229 2827 3826 2900">
     <span class='ocr_line' id='line_1_76' title="bbox 2229 2827 3826 2900; baseline -0.003 -19"><span class='ocrx_word' id='word_1_551' title='bbox 2229 2832 2305 2896; x_wconf 79' lang='lat' dir='ltr'>te,</span> <span class='ocrx_word' id='word_1_552' title='bbox 2332 2828 2595 2895; x_wconf 90' lang='lat' dir='ltr'>Domina,</span> <span class='ocrx_word' id='word_1_553' title='bbox 2612 2830 3000 2900; x_wconf 82' lang='lat' dir='ltr'>suspiramus,</span> <span class='ocrx_word' id='word_1_554' title='bbox 3017 2832 3397 2899; x_wconf 90' lang='lat' dir='ltr'>suspiramus</span> <span class='ocrx_word' id='word_1_555' title='bbox 3415 2835 3599 2884; x_wconf 89' lang='lat' dir='ltr'>autem</span> <span class='ocrx_word' id='word_1_556' title='bbox 3619 2828 3682 2882; x_wconf 88' lang='lat' dir='ltr'>de</span> <span class='ocrx_word' id='word_1_557' title='bbox 3699 2827 3826 2880; x_wconf 69' lang='lat' dir='ltr'>bene</span> 
     </span>
    </p>
   </div>
   <div class='ocr_carea' id='block_1_77' title="bbox 2225 2916 3825 2988">
    <p class='ocr_par' dir='ltr' id='par_1_77' title="bbox 2225 2916 3825 2988">
     <span class='ocr_line' id='line_1_77' title="bbox 2225 2916 3825 2988; baseline -0.003 -18"><span class='ocrx_word' id='word_1_558' title='bbox 2225 2917 2433 2970; x_wconf 89' lang='lat' dir='ltr'>matris</span> <span class='ocrx_word' id='word_1_559' title='bbox 2465 2916 2753 2986; x_wconf 88' lang='lat' dir='ltr'>absentia,</span> <span class='ocrx_word' id='word_1_560' title='bbox 2794 2918 2998 2972; x_wconf 90' lang='lat' dir='ltr'>venire</span> <span class='ocrx_word' id='word_1_561' title='bbox 3029 2919 3098 2972; x_wconf 90' lang='lat' dir='ltr'>ad</span> <span class='ocrx_word' id='word_1_562' title='bbox 3133 2922 3210 2987; x_wconf 90' lang='lat' dir='ltr'>te,</span> <span class='ocrx_word' id='word_1_563' title='bbox 3258 2919 3526 2988; x_wconf 88' lang='lat' dir='ltr'>Domina,</span> <span class='ocrx_word' id='word_1_564' title='bbox 3563 2917 3825 2987; x_wconf 87' lang='lat' dir='ltr'>cupientes.</span> 
     </span>
    </p>
   </div>
   <div class='ocr_carea' id='block_1_78' title="bbox 2225 3001 3829 3078">
    <p class='ocr_par' dir='ltr' id='par_1_78' title="bbox 2225 3001 3829 3078">
     <span class='ocr_line' id='line_1_78' title="bbox 2225 3001 3829 3078; baseline -0.003 -19"><span class='ocrx_word' id='word_1_565' title='bbox 2225 3006 2626 3077; x_wconf 82' lang='lat' dir='ltr'>Suspiramus,</span> <span class='ocrx_word' id='word_1_566' title='bbox 2651 3007 2724 3060; x_wconf 90' lang='lat' dir='ltr'>ad</span> <span class='ocrx_word' id='word_1_567' title='bbox 2755 3011 2831 3077; x_wconf 87' lang='lat' dir='ltr'>te,</span> <span class='ocrx_word' id='word_1_568' title='bbox 2858 3007 3124 3078; x_wconf 87' lang='lat' dir='ltr'>Domina,</span> <span class='ocrx_word' id='word_1_569' title='bbox 3145 3008 3354 3064; x_wconf 90' lang='lat' dir='ltr'>videre</span> <span class='ocrx_word' id='word_1_570' title='bbox 3387 3014 3544 3064; x_wconf 88' lang='lat' dir='ltr'>tuum</span> <span class='ocrx_word' id='word_1_571' title='bbox 3571 3006 3748 3062; x_wconf 86' lang='lat' dir='ltr'>Filium</span> <span class='ocrx_word' id='word_1_572' title='bbox 3772 3001 3829 3055; x_wconf 82' lang='lat' dir='ltr'>af-</span> 
     </span>
    </p>
   </div>
   <div class='ocr_carea' id='block_1_79' title="bbox 2226 3094 3830 3168">
    <p class='ocr_par' dir='ltr' id='par_1_79' title="bbox 2226 3094 3830 3168">
     <span class='ocr_line' id='line_1_79' title="bbox 2226 3094 3830 3168; baseline -0.002 -19"><span class='ocrx_word' id='word_1_573' title='bbox 2226 3095 2532 3152; x_wconf 86' lang='lat' dir='ltr'>fectantes.</span> <span class='ocrx_word' id='word_1_574' title='bbox 2579 3097 2988 3168; x_wconf 83' lang='lat' dir='ltr'>Suspiramus,</span> <span class='ocrx_word' id='word_1_575' title='bbox 3033 3100 3308 3168; x_wconf 88' lang='lat' dir='ltr'>tanquam</span> <span class='ocrx_word' id='word_1_576' title='bbox 3343 3096 3565 3168; x_wconf 89' lang='lat' dir='ltr'>parvuli</span> <span class='ocrx_word' id='word_1_577' title='bbox 3603 3095 3667 3150; x_wconf 86' lang='lat' dir='ltr'>ad</span> <span class='ocrx_word' id='word_1_578' title='bbox 3693 3094 3830 3148; x_wconf 86' lang='lat' dir='ltr'>ubera</span> 
     </span>
    </p>
   </div>
   <div class='ocr_carea' id='block_1_80' title="bbox 2223 3184 3830 3258">
    <p class='ocr_par' dir='ltr' id='par_1_80' title="bbox 2223 3184 3830 3258">
     <span class='ocr_line' id='line_1_80' title="bbox 2223 3184 3830 3258; baseline -0.003 -20"><span class='ocrx_word' id='word_1_579' title='bbox 2223 3184 2592 3254; x_wconf 88' lang='lat' dir='ltr'>anhelantes,</span> <span class='ocrx_word' id='word_1_580' title='bbox 2617 3189 2893 3256; x_wconf 88' lang='lat' dir='ltr'>tanquam</span> <span class='ocrx_word' id='word_1_581' title='bbox 2924 3185 3049 3255; x_wconf 75' lang='lat' dir='ltr'>filii,</span> <span class='ocrx_word' id='word_1_582' title='bbox 3075 3189 3132 3240; x_wconf 89' lang='lat' dir='ltr'>et</span> <span class='ocrx_word' id='word_1_583' title='bbox 3153 3185 3384 3258; x_wconf 87' lang='lat' dir='ltr'>indigni</span> <span class='ocrx_word' id='word_1_584' title='bbox 3415 3186 3488 3240; x_wconf 89' lang='lat' dir='ltr'>ad</span> <span class='ocrx_word' id='word_1_585' title='bbox 3517 3190 3642 3240; x_wconf 88' lang='lat' dir='ltr'>tuos</span> <span class='ocrx_word' id='word_1_586' title='bbox 3669 3187 3830 3236; x_wconf 86' lang='lat' dir='ltr'>mater-</span> 
     </span>
    </p>
   </div>
   <div class='ocr_carea' id='block_1_81' title="bbox 2223 3268 3830 3346">
    <p class='ocr_par' dir='ltr' id='par_1_81' title="bbox 2223 3268 3830 3346">
     <span class='ocr_line' id='line_1_81' title="bbox 2223 3268 3830 3346; baseline -0.002 -20"><span class='ocrx_word' id='word_1_587' title='bbox 2223 3272 2390 3326; x_wconf 88' lang='lat' dir='ltr'>nales</span> <span class='ocrx_word' id='word_1_588' title='bbox 2423 3273 2768 3342; x_wconf 80' lang='lat' dir='ltr'>complexus</span> <span class='ocrx_word' id='word_1_589' title='bbox 2799 3273 3235 3328; x_wconf 85' lang='lat' dir='ltr'>tendentes.Ad</span> <span class='ocrx_word' id='word_1_590' title='bbox 3257 3279 3314 3329; x_wconf 91' lang='lat' dir='ltr'>te</span> <span class='ocrx_word' id='word_1_591' title='bbox 3337 3275 3692 3346; x_wconf 84' lang='lat' dir='ltr'>suspiramus</span> <span class='ocrx_word' id='word_1_592' title='bbox 3707 3268 3830 3326; x_wconf 87' lang='lat' dir='ltr'>desi-</span> 
     </span>
    </p>
   </div>
   <div class='ocr_carea' id='block_1_82' title="bbox 2223 3357 3831 3432">
    <p class='ocr_par' dir='ltr' id='par_1_82' title="bbox 2223 3357 3831 3432">
     <span class='ocr_line' id='line_1_82' title="bbox 2223 3357 3831 3432; baseline -0.003 -18"><span class='ocrx_word' id='word_1_593' title='bbox 2223 3361 2406 3415; x_wconf 90' lang='lat' dir='ltr'>derio.</span> <span class='ocrx_word' id='word_1_594' title='bbox 2447 3361 2536 3416; x_wconf 86' lang='lat' dir='ltr'>Ad</span> <span class='ocrx_word' id='word_1_595' title='bbox 2564 3364 2621 3416; x_wconf 90' lang='lat' dir='ltr'>te</span> <span class='ocrx_word' id='word_1_596' title='bbox 2651 3362 3020 3432; x_wconf 86' lang='lat' dir='ltr'>suspiramus</span> <span class='ocrx_word' id='word_1_597' title='bbox 3047 3378 3244 3417; x_wconf 89' lang='lat' dir='ltr'>amore</span> <span class='ocrx_word' id='word_1_598' title='bbox 3276 3362 3532 3432; x_wconf 90' lang='lat' dir='ltr'>interno,</span> <span class='ocrx_word' id='word_1_599' title='bbox 3570 3367 3660 3416; x_wconf 90' lang='lat' dir='ltr'>tuo</span> <span class='ocrx_word' id='word_1_600' title='bbox 3697 3357 3831 3414; x_wconf 85' lang='lat' dir='ltr'>nimis</span> 
     </span>
    </p>
   </div>
   <div class='ocr_carea' id='block_1_83' title="bbox 2223 3449 3832 3520">
    <p class='ocr_par' dir='ltr' id='par_1_83' title="bbox 2223 3449 3832 3520">
     <span class='ocr_line' id='line_1_83' title="bbox 2223 3449 3832 3520; baseline -0.002 -18"><span class='ocrx_word' id='word_1_601' title='bbox 2223 3449 2496 3504; x_wconf 87' lang='lat' dir='ltr'>inebriati</span> <span class='ocrx_word' id='word_1_602' title='bbox 2522 3466 2739 3504; x_wconf 91' lang='lat' dir='ltr'>amore.</span> <span class='ocrx_word' id='word_1_603' title='bbox 2775 3451 2990 3504; x_wconf 84' lang='lat' dir='ltr'>Nullus</span> <span class='ocrx_word' id='word_1_604' title='bbox 3022 3453 3198 3520; x_wconf 90' lang='lat' dir='ltr'>enim,</span> <span class='ocrx_word' id='word_1_605' title='bbox 3234 3452 3354 3505; x_wconf 88' lang='lat' dir='ltr'>nisi</span> <span class='ocrx_word' id='word_1_606' title='bbox 3387 3458 3522 3506; x_wconf 88' lang='lat' dir='ltr'>tuus</span> <span class='ocrx_word' id='word_1_607' title='bbox 3552 3466 3715 3519; x_wconf 88' lang='lat' dir='ltr'>amor,</span> <span class='ocrx_word' id='word_1_608' title='bbox 3746 3460 3832 3518; x_wconf 89' lang='lat' dir='ltr'>quo</span> 
     </span>
    </p>
   </div>
   <div class='ocr_carea' id='block_1_84' title="bbox 2225 3535 3834 3611">
    <p class='ocr_par' dir='ltr' id='par_1_84' title="bbox 2225 3535 3834 3611">
     <span class='ocr_line' id='line_1_84' title="bbox 2225 3535 3834 3611; baseline -0.002 -19"><span class='ocrx_word' id='word_1_609' title='bbox 2225 3554 2369 3610; x_wconf 90' lang='lat' dir='ltr'>erga</span> <span class='ocrx_word' id='word_1_610' title='bbox 2396 3542 2451 3594; x_wconf 91' lang='lat' dir='ltr'>te</span> <span class='ocrx_word' id='word_1_611' title='bbox 2479 3555 2686 3593; x_wconf 91' lang='lat' dir='ltr'>sumus</span> <span class='ocrx_word' id='word_1_612' title='bbox 2718 3540 3010 3608; x_wconf 87' lang='lat' dir='ltr'>inebriati,</span> <span class='ocrx_word' id='word_1_613' title='bbox 3038 3540 3302 3611; x_wconf 86' lang='lat' dir='ltr'>Domina,</span> <span class='ocrx_word' id='word_1_614' title='bbox 3333 3535 3834 3608; x_wconf 77' lang='lat' dir='ltr'>intrinsecus,cogit</span> 
     </span>
    </p>
   </div>
   <div class='ocr_carea' id='block_1_85' title="bbox 2226 3624 3833 3701">
    <p class='ocr_par' dir='ltr' id='par_1_85' title="bbox 2226 3624 3833 3701">
     <span class='ocr_line' id='line_1_85' title="bbox 2226 3624 3833 3701; baseline -0.004 -19"><span class='ocrx_word' id='word_1_615' title='bbox 2226 3643 2336 3682; x_wconf 91' lang='lat' dir='ltr'>nos</span> <span class='ocrx_word' id='word_1_616' title='bbox 2349 3629 2418 3682; x_wconf 87' lang='lat' dir='ltr'>ad</span> <span class='ocrx_word' id='word_1_617' title='bbox 2437 3632 2492 3683; x_wconf 93' lang='lat' dir='ltr'>te</span> <span class='ocrx_word' id='word_1_618' title='bbox 2512 3629 2757 3683; x_wconf 91' lang='lat' dir='ltr'>Domino</span> <span class='ocrx_word' id='word_1_619' title='bbox 2779 3627 2867 3700; x_wconf 66' lang='lat'>[[1,</span> <span class='ocrx_word' id='word_1_620' title='bbox 2887 3628 3207 3701; x_wconf 89' lang='lat' dir='ltr'>desiderio]</span> <span class='ocrx_word' id='word_1_621' title='bbox 3226 3628 3698 3700; x_wconf 87' lang='lat' dir='ltr'>suspirare.Quis</span> <span class='ocrx_word' id='word_1_622' title='bbox 3716 3624 3833 3679; x_wconf 87' lang='lat' dir='ltr'>enim</span> 
     </span>
    </p>
   </div>
   <div class='ocr_carea' id='block_1_86' title="bbox 2222 3713 3835 3788">
    <p class='ocr_par' dir='ltr' id='par_1_86' title="bbox 2222 3713 3835 3788">
     <span class='ocr_line' id='line_1_86' title="bbox 2222 3713 3835 3788; baseline -0.002 -18"><span class='ocrx_word' id='word_1_623' title='bbox 2222 3721 2277 3771; x_wconf 88' lang='lat' dir='ltr'>te</span> <span class='ocrx_word' id='word_1_624' title='bbox 2300 3733 2416 3771; x_wconf 90' lang='lat' dir='ltr'>non</span> <span class='ocrx_word' id='word_1_625' title='bbox 2456 3717 2680 3788; x_wconf 88' lang='lat' dir='ltr'>diligat,</span> <span class='ocrx_word' id='word_1_626' title='bbox 2699 3719 2754 3771; x_wconf 89' lang='lat' dir='ltr'>et</span> <span class='ocrx_word' id='word_1_627' title='bbox 2785 3717 2854 3770; x_wconf 83' lang='lat' dir='ltr'>ad</span> <span class='ocrx_word' id='word_1_628' title='bbox 2878 3721 2932 3772; x_wconf 92' lang='lat' dir='ltr'>te</span> <span class='ocrx_word' id='word_1_629' title='bbox 2958 3734 3075 3772; x_wconf 91' lang='lat' dir='ltr'>non</span> <span class='ocrx_word' id='word_1_630' title='bbox 3095 3719 3362 3788; x_wconf 89' lang='lat' dir='ltr'>suspiret</span> <span class='ocrx_word' id='word_1_631' title='bbox 3382 3718 3692 3784; x_wconf 90' lang='lat' dir='ltr'>desiderio,</span> <span class='ocrx_word' id='word_1_632' title='bbox 3712 3713 3772 3768; x_wconf 87' lang='lat' dir='ltr'>ad</span> <span class='ocrx_word' id='word_1_633' title='bbox 3797 3716 3835 3764; x_wconf 82' lang='lat' dir='ltr'>te</span> 
     </span>
    </p>
   </div>
   <div class='ocr_carea' id='block_1_87' title="bbox 2221 3801 3838 3877">
    <p class='ocr_par' dir='ltr' id='par_1_87' title="bbox 2221 3801 3838 3877">
     <span class='ocr_line' id='line_1_87' title="bbox 2221 3801 3838 3877; baseline -0.004 -17"><span class='ocrx_word' id='word_1_634' title='bbox 2221 3807 2652 3876; x_wconf 88' lang='lat' dir='ltr'>reparationem</span> <span class='ocrx_word' id='word_1_635' title='bbox 2680 3807 2958 3877; x_wconf 88' lang='lat' dir='ltr'>omnium,</span> <span class='ocrx_word' id='word_1_636' title='bbox 2991 3806 3213 3861; x_wconf 87' lang='lat' dir='ltr'>amoris</span> <span class='ocrx_word' id='word_1_637' title='bbox 3244 3808 3562 3876; x_wconf 89' lang='lat' dir='ltr'>caminum,</span> <span class='ocrx_word' id='word_1_638' title='bbox 3592 3801 3838 3876; x_wconf 79' lang='lat' dir='ltr'>pulchrio-</span> 
     </span>
    </p>
   </div>
   <div class='ocr_carea' id='block_1_88' title="bbox 2222 3892 3838 3964">
    <p class='ocr_par' dir='ltr' id='par_1_88' title="bbox 2222 3892 3838 3964">
     <span class='ocr_line' id='line_1_88' title="bbox 2222 3892 3838 3964; baseline -0.004 -15"><span class='ocrx_word' id='word_1_639' title='bbox 2222 3910 2347 3949; x_wconf 87' lang='lat' dir='ltr'>rem</span> <span class='ocrx_word' id='word_1_640' title='bbox 2371 3895 2518 3964; x_wconf 90' lang='lat' dir='ltr'>sole,</span> <span class='ocrx_word' id='word_1_641' title='bbox 2537 3895 2859 3951; x_wconf 89' lang='lat' dir='ltr'>dulciorem</span> <span class='ocrx_word' id='word_1_642' title='bbox 2884 3895 3078 3964; x_wconf 91' lang='lat' dir='ltr'>melle,</span> <span class='ocrx_word' id='word_1_643' title='bbox 3105 3895 3387 3950; x_wconf 89' lang='lat' dir='ltr'>bonitatis</span> <span class='ocrx_word' id='word_1_644' title='bbox 3407 3892 3838 3960; x_wconf 57' lang='lat' dir='ltr'>thesaurum,hoo</span> 
     </span>
    </p>
   </div>
   <div class='ocr_carea' id='block_1_89' title="bbox 2223 3980 3836 4054">
    <p class='ocr_par' dir='ltr' id='par_1_89' title="bbox 2223 3980 3836 4054">
     <span class='ocr_line' id='line_1_89' title="bbox 2223 3980 3836 4054; baseline -0.004 -16"><span class='ocrx_word' id='word_1_645' title='bbox 2223 3984 2470 4038; x_wconf 90' lang='lat' dir='ltr'>nestatis</span> <span class='ocrx_word' id='word_1_646' title='bbox 2486 3985 3016 4054; x_wconf 89' lang='lat' dir='ltr'>speculum,omnis</span> <span class='ocrx_word' id='word_1_647' title='bbox 3034 3985 3364 4038; x_wconf 88' lang='lat' dir='ltr'>sanctitatis</span> <span class='ocrx_word' id='word_1_648' title='bbox 3384 3980 3836 4054; x_wconf 82' lang='lat' dir='ltr'>exemplum?0m-</span> 
     </span>
    </p>
   </div>
   <div class='ocr_carea' id='block_1_90' title="bbox 2223 4071 3840 4141">
    <p class='ocr_par' dir='ltr' id='par_1_90' title="bbox 2223 4071 3840 4141">
     <span class='ocr_line' id='line_1_90' title="bbox 2223 4071 3840 4141; baseline -0.005 -14"><span class='ocrx_word' id='word_1_649' title='bbox 2223 4073 2399 4128; x_wconf 90' lang='lat' dir='ltr'>nibus</span> <span class='ocrx_word' id='word_1_650' title='bbox 2447 4073 2602 4127; x_wconf 90' lang='lat' dir='ltr'>enim</span> <span class='ocrx_word' id='word_1_651' title='bbox 2643 4073 2944 4135; x_wconf 89' lang='lat' dir='ltr'>amabilis,</span> <span class='ocrx_word' id='word_1_652' title='bbox 2980 4072 3274 4141; x_wconf 84' lang='lat' dir='ltr'>affabilis,</span> <span class='ocrx_word' id='word_1_653' title='bbox 3308 4075 3589 4129; x_wconf 88' lang='lat' dir='ltr'>omnibus</span> <span class='ocrx_word' id='word_1_654' title='bbox 3631 4071 3840 4126; x_wconf 80' lang='lat' dir='ltr'>delecta—</span> 
     </span>
    </p>
   </div>
   <div class='ocr_carea' id='block_1_91' title="bbox 2222 4159 3838 4231">
    <p class='ocr_par' dir='ltr' id='par_1_91' title="bbox 2222 4159 3838 4231">
     <span class='ocr_line' id='line_1_91' title="bbox 2222 4159 3838 4231; baseline -0.004 -16"><span class='ocrx_word' id='word_1_655' title='bbox 2222 4161 2382 4216; x_wconf 91' lang='lat' dir='ltr'>bilis.</span> <span class='ocrx_word' id='word_1_656' title='bbox 2446 4161 2634 4216; x_wconf 78' lang='lat' dir='ltr'>Sedes</span> <span class='ocrx_word' id='word_1_657' title='bbox 2705 4177 2772 4217; x_wconf 93' lang='lat' dir='ltr'>es</span> <span class='ocrx_word' id='word_1_658' title='bbox 2839 4161 3184 4231; x_wconf 65' lang='lat' dir='ltr'>sapientiae,</span> <span class='ocrx_word' id='word_1_659' title='bbox 3247 4163 3471 4217; x_wconf 89' lang='lat' dir='ltr'>ﬂuvius</span> <span class='ocrx_word' id='word_1_660' title='bbox 3525 4159 3838 4222; x_wconf 61' lang='lat' dir='ltr'>clementia,</span> 
     </span>
    </p>
   </div>
   <div class='ocr_carea' id='block_1_92' title="bbox 2221 4246 3842 4320">
    <p class='ocr_par' dir='ltr' id='par_1_92' title="bbox 2221 4246 3842 4320">
     <span class='ocr_line' id='line_1_92' title="bbox 2221 4246 3842 4320; baseline -0.004 -16"><span class='ocrx_word' id='word_1_661' title='bbox 2221 4250 2425 4304; x_wconf 90' lang='lat' dir='ltr'>radius</span> <span class='ocrx_word' id='word_1_662' title='bbox 2445 4250 2713 4319; x_wconf 80' lang='lat' dir='ltr'>deitatis;</span> <span class='ocrx_word' id='word_1_663' title='bbox 2747 4265 2856 4304; x_wconf 92' lang='lat' dir='ltr'>nec</span> <span class='ocrx_word' id='word_1_664' title='bbox 2897 4253 3006 4319; x_wconf 92' lang='lat' dir='ltr'>est,</span> <span class='ocrx_word' id='word_1_665' title='bbox 3041 4251 3141 4320; x_wconf 89' lang='lat' dir='ltr'>qui</span> <span class='ocrx_word' id='word_1_666' title='bbox 3179 4266 3248 4305; x_wconf 91' lang='lat' dir='ltr'>se</span> <span class='ocrx_word' id='word_1_667' title='bbox 3289 4246 3842 4306; x_wconf 78' lang='lat' dir='ltr'>abscondataealore</span> 
     </span>
    </p>
   </div>
   <div class='ocr_carea' id='block_1_93' title="bbox 2221 4332 3841 4409">
    <p class='ocr_par' dir='ltr' id='par_1_93' title="bbox 2221 4332 3841 4409">
     <span class='ocr_line' id='line_1_93' title="bbox 2221 4332 3841 4409; baseline -0.006 -16"><span class='ocrx_word' id='word_1_668' title='bbox 2221 4342 2340 4394; x_wconf 92' lang='lat' dir='ltr'>tuo.</span> <span class='ocrx_word' id='word_1_669' title='bbox 2401 4339 2498 4394; x_wconf 92' lang='lat' dir='ltr'>Sic</span> <span class='ocrx_word' id='word_1_670' title='bbox 2547 4354 2690 4409; x_wconf 85' lang='lat' dir='ltr'>ergo</span> <span class='ocrx_word' id='word_1_671' title='bbox 2734 4338 2806 4391; x_wconf 90' lang='lat' dir='ltr'>ad</span> <span class='ocrx_word' id='word_1_672' title='bbox 2844 4341 2902 4394; x_wconf 88' lang='lat' dir='ltr'>te</span> <span class='ocrx_word' id='word_1_673' title='bbox 2939 4337 3236 4393; x_wconf 91' lang='lat' dir='ltr'>desiderio</span> <span class='ocrx_word' id='word_1_674' title='bbox 3277 4341 3333 4392; x_wconf 91' lang='lat' dir='ltr'>et</span> <span class='ocrx_word' id='word_1_675' title='bbox 3372 4355 3576 4394; x_wconf 88' lang='lat' dir='ltr'>amore</span> <span class='ocrx_word' id='word_1_676' title='bbox 3615 4332 3841 4392; x_wconf 88' lang='lat' dir='ltr'>medulli-</span> 
     </span>
    </p>
   </div>
   <div class='ocr_carea' id='block_1_94' title="bbox 2220 4420 3842 4497">
    <p class='ocr_par' dir='ltr' id='par_1_94' title="bbox 2220 4420 3842 4497">
     <span class='ocr_line' id='line_1_94' title="bbox 2220 4420 3842 4497; baseline -0.005 -15"><span class='ocrx_word' id='word_1_677' title='bbox 2220 4431 2316 4482; x_wconf 90' lang='lat' dir='ltr'>tus</span> <span class='ocrx_word' id='word_1_678' title='bbox 2335 4428 2730 4497; x_wconf 88' lang='lat' dir='ltr'>suspiramus.</span> <span class='ocrx_word' id='word_1_679' title='bbox 2753 4427 3135 4497; x_wconf 82' lang='lat' dir='ltr'>Suspiramus</span> <span class='ocrx_word' id='word_1_680' title='bbox 3149 4443 3281 4496; x_wconf 88' lang='lat' dir='ltr'>nos,</span> <span class='ocrx_word' id='word_1_681' title='bbox 3299 4430 3354 4481; x_wconf 92' lang='lat' dir='ltr'>et</span> <span class='ocrx_word' id='word_1_682' title='bbox 3369 4425 3696 4482; x_wconf 88' lang='lat' dir='ltr'>vehementi</span> <span class='ocrx_word' id='word_1_683' title='bbox 3708 4420 3842 4477; x_wconf 88' lang='lat' dir='ltr'>dolo-</span> 
     </span>
    </p>
   </div>
   <div class='ocr_carea' id='block_1_95' title="bbox 449 4501 3843 4586">
    <p class='ocr_par' dir='ltr' id='par_1_95' title="bbox 449 4501 3843 4586">
     <span class='ocr_line' id='line_1_95' title="bbox 449 4501 3843 4586; baseline -0.003 -14"><span class='ocrx_word' id='word_1_684' title='bbox 449 4531 653 4572; x_wconf 89' lang='lat' dir='ltr'>remus</span> <span class='ocrx_word' id='word_1_685' title='bbox 677 4516 946 4583; x_wconf 89' lang='lat' dir='ltr'>corde,te</span> <span class='ocrx_word' id='word_1_686' title='bbox 965 4518 1021 4569; x_wconf 91' lang='lat' dir='ltr'>et</span> <span class='ocrx_word' id='word_1_687' title='bbox 1038 4515 1248 4568; x_wconf 86' lang='lat' dir='ltr'>Filium</span> <span class='ocrx_word' id='word_1_688' title='bbox 1266 4519 1426 4569; x_wconf 91' lang='lat' dir='ltr'>tuum</span> <span class='ocrx_word' id='word_1_689' title='bbox 1450 4517 1897 4586; x_wconf 90' lang='lat' dir='ltr'>possideremus</span> <span class='ocrx_word' id='word_1_690' title='bbox 1918 4519 2106 4586; x_wconf 91' lang='lat' dir='ltr'>plene.</span> <span class='ocrx_word' id='word_1_691' title='bbox 2145 4501 2198 4564; x_wconf 84' lang='grc' dir='ltr'>Ῑ)</span> <span class='ocrx_word' id='word_1_692' title='bbox 2221 4532 2313 4582; x_wconf 90' lang='lat' dir='ltr'>re;</span> <span class='ocrx_word' id='word_1_693' title='bbox 2349 4531 2484 4570; x_wconf 89' lang='lat' dir='ltr'>nam</span> <span class='ocrx_word' id='word_1_694' title='bbox 2516 4515 2774 4584; x_wconf 88' lang='lat' dir='ltr'>undique</span> <span class='ocrx_word' id='word_1_695' title='bbox 2809 4531 2920 4569; x_wconf 91' lang='lat' dir='ltr'>nos</span> <span class='ocrx_word' id='word_1_696' title='bbox 2952 4516 3246 4585; x_wconf 89' lang='lat' dir='ltr'>angustiae</span> <span class='ocrx_word' id='word_1_697' title='bbox 3268 4519 3567 4585; x_wconf 87' lang='lat' dir='ltr'>premunt.</span> <span class='ocrx_word' id='word_1_698' title='bbox 3586 4509 3843 4579; x_wconf 81' lang='lat' dir='ltr'>Quomodo</span> 
     </span>
    </p>
   </div>
   <div class='ocr_carea' id='block_1_96' title="bbox 446 4603 2114 4676">
    <p class='ocr_par' dir='ltr' id='par_1_96' title="bbox 446 4603 2114 4676">
     <span class='ocr_line' id='line_1_96' title="bbox 446 4603 2114 4676; baseline 0 -15"><span class='ocrx_word' id='word_1_699' title='bbox 446 4606 565 4661; x_wconf 89' lang='lat' dir='ltr'>Cur</span> <span class='ocrx_word' id='word_1_700' title='bbox 584 4621 732 4676; x_wconf 89' lang='lat' dir='ltr'>ergo</span> <span class='ocrx_word' id='word_1_701' title='bbox 757 4603 1030 4658; x_wconf 92' lang='lat' dir='ltr'>volumus</span> <span class='ocrx_word' id='word_1_702' title='bbox 1053 4603 1146 4657; x_wconf 91' lang='lat' dir='ltr'>hic</span> <span class='ocrx_word' id='word_1_703' title='bbox 1165 4605 1473 4674; x_wconf 90' lang='lat' dir='ltr'>quiescere</span> <span class='ocrx_word' id='word_1_704' title='bbox 1497 4610 1770 4675; x_wconf 88' lang='lat' dir='ltr'>tanquam</span> <span class='ocrx_word' id='word_1_705' title='bbox 1795 4606 1978 4675; x_wconf 87' lang='lat' dir='ltr'>cives,</span> <span class='ocrx_word' id='word_1_706' title='bbox 2005 4623 2114 4661; x_wconf 90' lang='lat' dir='ltr'>cur</span> 
     </span>
    </p>
   </div>
   <div class='ocr_carea' id='block_1_97' title="bbox 446 4692 2109 4762">
    <p class='ocr_par' dir='ltr' id='par_1_97' title="bbox 446 4692 2109 4762">
     <span class='ocr_line' id='line_1_97' title="bbox 446 4692 2109 4762; baseline 0.001 -14"><span class='ocrx_word' id='word_1_707' title='bbox 446 4710 563 4748; x_wconf 91' lang='lat' dir='ltr'>non</span> <span class='ocrx_word' id='word_1_708' title='bbox 612 4693 684 4747; x_wconf 89' lang='lat' dir='ltr'>ad</span> <span class='ocrx_word' id='word_1_709' title='bbox 729 4692 974 4762; x_wconf 86' lang='lat' dir='ltr'>patriam</span> <span class='ocrx_word' id='word_1_710' title='bbox 1019 4692 1405 4746; x_wconf 87' lang='lat' dir='ltr'>anhelamus?</span> <span class='ocrx_word' id='word_1_711' title='bbox 1446 4692 1564 4746; x_wconf 89' lang='lat' dir='ltr'>Cur</span> <span class='ocrx_word' id='word_1_712' title='bbox 1611 4710 1721 4746; x_wconf 89' lang='lat' dir='ltr'>nos</span> <span class='ocrx_word' id='word_1_713' title='bbox 1766 4692 2109 4749; x_wconf 75' lang='lat' dir='ltr'>affectamus</span> 
     </span>
    </p>
   </div>
   <div class='ocr_carea' id='block_1_98' title="bbox 445 4781 2108 4850">
    <p class='ocr_par' dir='ltr' id='par_1_98' title="bbox 445 4781 2108 4850">
     <span class='ocr_line' id='line_1_98' title="bbox 445 4781 2108 4850; baseline 0.001 -13"><span class='ocrx_word' id='word_1_714' title='bbox 445 4783 692 4837; x_wconf 87' lang='lat' dir='ltr'>Matrem</span> <span class='ocrx_word' id='word_1_715' title='bbox 725 4781 1132 4836; x_wconf 86' lang='lat' dir='ltr'>dulcissimam</span> <span class='ocrx_word' id='word_1_716' title='bbox 1164 4781 1526 4850; x_wconf 84' lang='lat' dir='ltr'>amplexari?</span> <span class='ocrx_word' id='word_1_717' title='bbox 1549 4781 1698 4846; x_wconf 90' lang='lat' dir='ltr'>Quid</span> <span class='ocrx_word' id='word_1_718' title='bbox 1728 4799 1842 4836; x_wconf 92' lang='lat' dir='ltr'>non</span> <span class='ocrx_word' id='word_1_719' title='bbox 1875 4783 2108 4838; x_wconf 89' lang='lat' dir='ltr'>deside-</span> 
     </span>
    </p>
   </div>
   <div class='ocr_carea' id='block_1_99' title="bbox 446 4869 2107 4927">
    <p class='ocr_par' dir='ltr' id='par_1_99' title="bbox 446 4869 2107 4927">
     <span class='ocr_line' id='line_1_99' title="bbox 446 4869 2107 4927; baseline -0.001 0"><span class='ocrx_word' id='word_1_720' title='bbox 446 4888 649 4927; x_wconf 88' lang='lat' dir='ltr'>ramus</span> <span class='ocrx_word' id='word_1_721' title='bbox 683 4887 886 4926; x_wconf 90' lang='lat' dir='ltr'>secum</span> <span class='ocrx_word' id='word_1_722' title='bbox 917 4875 972 4924; x_wconf 91' lang='lat' dir='ltr'>et</span> <span class='ocrx_word' id='word_1_723' title='bbox 1003 4886 1135 4923; x_wconf 91' lang='lat' dir='ltr'>cum</span> <span class='ocrx_word' id='word_1_724' title='bbox 1169 4869 1317 4923; x_wconf 87' lang='lat' dir='ltr'>Filio</span> <span class='ocrx_word' id='word_1_725' title='bbox 1347 4885 1458 4924; x_wconf 88' lang='lat' dir='ltr'>suo</span> <span class='ocrx_word' id='word_1_726' title='bbox 1490 4873 1882 4925; x_wconf 83' lang='lat' dir='ltr'>commorari?</span> <span class='ocrx_word' id='word_1_727' title='bbox 1911 4871 1957 4925; x_wconf 94' lang='grc' dir='ltr'>Ο</span> <span class='ocrx_word' id='word_1_728' title='bbox 1989 4872 2107 4926; x_wconf 92' lang='lat' dir='ltr'>Do-</span> 
     </span>
    </p>
   </div>
   <div class='ocr_carea' id='block_1_100' title="bbox 443 4958 2106 5024">
    <p class='ocr_par' dir='ltr' id='par_1_100' title="bbox 443 4958 2106 5024">
     <span class='ocr_line' id='line_1_100' title="bbox 443 4958 2106 5024; baseline -0.001 -9"><span class='ocrx_word' id='word_1_729' title='bbox 443 4961 600 5016; x_wconf 92' lang='lat' dir='ltr'>mina</span> <span class='ocrx_word' id='word_1_730' title='bbox 633 4961 770 5014; x_wconf 91' lang='lat' dir='ltr'>dum</span> <span class='ocrx_word' id='word_1_731' title='bbox 811 4960 904 5013; x_wconf 91' lang='lat' dir='ltr'>hic</span> <span class='ocrx_word' id='word_1_732' title='bbox 947 4975 1155 5012; x_wconf 90' lang='lat' dir='ltr'>sumus</span> <span class='ocrx_word' id='word_1_733' title='bbox 1207 4958 1476 5024; x_wconf 81' lang='lat' dir='ltr'>exsules,</span> <span class='ocrx_word' id='word_1_734' title='bbox 1517 4961 1848 5013; x_wconf 88' lang='lat' dir='ltr'>constituas</span> <span class='ocrx_word' id='word_1_735' title='bbox 1891 4975 2000 5012; x_wconf 86' lang='lat' dir='ltr'>nos</span> <span class='ocrx_word' id='word_1_736' title='bbox 2033 4974 2106 5014; x_wconf 91' lang='lat' dir='ltr'>ne</span> 
     </span>
    </p>
   </div>
   <div class='ocr_carea' id='block_1_101' title="bbox 443 5046 2106 5121">
    <p class='ocr_par' dir='ltr' id='par_1_101' title="bbox 443 5046 2106 5121">
     <span class='ocr_line' id='line_1_101' title="bbox 443 5046 2106 5121; baseline -0.001 -17"><span class='ocrx_word' id='word_1_737' title='bbox 443 5049 576 5118; x_wconf 87' lang='lat' dir='ltr'>hic,</span> <span class='ocrx_word' id='word_1_738' title='bbox 610 5054 887 5121; x_wconf 87' lang='lat' dir='ltr'>tanquam</span> <span class='ocrx_word' id='word_1_739' title='bbox 941 5048 1000 5100; x_wconf 93' lang='lat' dir='ltr'>in</span> <span class='ocrx_word' id='word_1_740' title='bbox 1057 5046 1243 5116; x_wconf 89' lang='lat' dir='ltr'>patria</span> <span class='ocrx_word' id='word_1_741' title='bbox 1287 5046 1680 5114; x_wconf 82' lang='lat' dir='ltr'>confidentes,</span> <span class='ocrx_word' id='word_1_742' title='bbox 1742 5049 1798 5102; x_wconf 92' lang='lat' dir='ltr'>te</span> <span class='ocrx_word' id='word_1_743' title='bbox 1843 5051 1900 5102; x_wconf 89' lang='lat' dir='ltr'>et</span> <span class='ocrx_word' id='word_1_744' title='bbox 1942 5050 2106 5102; x_wconf 91' lang='lat' dir='ltr'>tuum</span> 
     </span>
    </p>
   </div>
   <div class='ocr_carea' id='block_1_102' title="bbox 443 5134 2103 5207">
    <p class='ocr_par' dir='ltr' id='par_1_102' title="bbox 443 5134 2103 5207">
     <span class='ocr_line' id='line_1_102' title="bbox 443 5134 2103 5207; baseline 0.001 -17"><span class='ocrx_word' id='word_1_745' title='bbox 443 5137 657 5191; x_wconf 89' lang='lat' dir='ltr'>Filium</span> <span class='ocrx_word' id='word_1_746' title='bbox 697 5153 966 5207; x_wconf 72' lang='lat' dir='ltr'>qumrere</span> <span class='ocrx_word' id='word_1_747' title='bbox 1003 5136 1384 5190; x_wconf 87' lang='lat' dir='ltr'>desistamus.</span> <span class='ocrx_word' id='word_1_748' title='bbox 1424 5134 1520 5188; x_wconf 91' lang='lat' dir='ltr'>Sie</span> <span class='ocrx_word' id='word_1_749' title='bbox 1551 5139 1743 5189; x_wconf 89' lang='lat' dir='ltr'>tamen</span> <span class='ocrx_word' id='word_1_750' title='bbox 1777 5137 2103 5191; x_wconf 84' lang='lat' dir='ltr'>constituas</span> 
     </span>
    </p>
   </div>
   <div class='ocr_carea' id='block_1_103' title="bbox 439 5225 2104 5295">
    <p class='ocr_par' dir='ltr' id='par_1_103' title="bbox 439 5225 2104 5295">
     <span class='ocr_line' id='line_1_103' title="bbox 439 5225 2104 5295; baseline -0.001 -16"><span class='ocrx_word' id='word_1_751' title='bbox 439 5226 500 5279; x_wconf 92' lang='lat' dir='ltr'>in</span> <span class='ocrx_word' id='word_1_752' title='bbox 557 5241 822 5295; x_wconf 89' lang='lat' dir='ltr'>corpore,</span> <span class='ocrx_word' id='word_1_753' title='bbox 875 5229 936 5280; x_wconf 92' lang='lat' dir='ltr'>ut</span> <span class='ocrx_word' id='word_1_754' title='bbox 992 5241 1228 5295; x_wconf 87' lang='lat' dir='ltr'>semper</span> <span class='ocrx_word' id='word_1_755' title='bbox 1283 5226 1475 5277; x_wconf 90' lang='lat' dir='ltr'>tecum</span> <span class='ocrx_word' id='word_1_756' title='bbox 1532 5225 1722 5278; x_wconf 90' lang='lat' dir='ltr'>simus</span> <span class='ocrx_word' id='word_1_757' title='bbox 1783 5225 1946 5278; x_wconf 90' lang='lat' dir='ltr'>cives</span> <span class='ocrx_word' id='word_1_758' title='bbox 2001 5225 2104 5277; x_wconf 89' lang='lat' dir='ltr'>in-</span> 
     </span>
    </p>
   </div>
   <div class='ocr_carea' id='block_1_104' title="bbox 443 5316 657 5368">
    <p class='ocr_par' dir='ltr' id='par_1_104' title="bbox 443 5316 657 5368">
     <span class='ocr_line' id='line_1_104' title="bbox 443 5316 657 5368; baseline -0.005 -1"><span class='ocrx_word' id='word_1_759' title='bbox 443 5316 657 5368; x_wconf 86' lang='lat' dir='ltr'>mente.</span> 
     </span>
    </p>
   </div>
   <div class='ocr_carea' id='block_1_105' title="bbox 513 5400 2106 5472">
    <p class='ocr_par' dir='ltr' id='par_1_105' title="bbox 513 5400 2106 5472">
     <span class='ocr_line' id='line_1_105' title="bbox 513 5400 2106 5472; baseline 0 -16"><span class='ocrx_word' id='word_1_760' title='bbox 513 5401 566 5456; x_wconf 84' lang='grc'>6.</span> <span class='ocrx_word' id='word_1_761' title='bbox 603 5400 750 5454; x_wconf 79' lang='lat' dir='ltr'>Filii</span> <span class='ocrx_word' id='word_1_762' title='bbox 778 5401 943 5455; x_wconf 72' lang='lat' dir='ltr'>Eva).</span> <span class='ocrx_word' id='word_1_763' title='bbox 980 5402 1131 5456; x_wconf 79' lang='lat' dir='ltr'>Vere</span> <span class='ocrx_word' id='word_1_764' title='bbox 1164 5403 1269 5456; x_wconf 83' lang='lat' dir='ltr'>filii</span> <span class='ocrx_word' id='word_1_765' title='bbox 1300 5402 1459 5470; x_wconf 56' lang='lat' dir='ltr'>Eva},</span> <span class='ocrx_word' id='word_1_766' title='bbox 1485 5401 1620 5472; x_wconf 89' lang='lat' dir='ltr'>quia</span> <span class='ocrx_word' id='word_1_767' title='bbox 1652 5401 1915 5471; x_wconf 88' lang='lat' dir='ltr'>superbi,</span> <span class='ocrx_word' id='word_1_768' title='bbox 1949 5418 2106 5472; x_wconf 66' lang='lat' dir='ltr'>prae-</span> 
     </span>
    </p>
   </div>
   <div class='ocr_carea' id='block_1_106' title="bbox 444 5489 2107 5560">
    <p class='ocr_par' dir='ltr' id='par_1_106' title="bbox 444 5489 2107 5560">
     <span class='ocr_line' id='line_1_106' title="bbox 444 5489 2107 5560; baseline -0.001 -16"><span class='ocrx_word' id='word_1_769' title='bbox 444 5490 796 5560; x_wconf 91' lang='lat' dir='ltr'>sumptuosi,</span> <span class='ocrx_word' id='word_1_770' title='bbox 830 5489 1146 5559; x_wconf 85' lang='lat' dir='ltr'>ambitiosi,</span> <span class='ocrx_word' id='word_1_771' title='bbox 1178 5491 1338 5543; x_wconf 89' lang='lat' dir='ltr'>avari</span> <span class='ocrx_word' id='word_1_772' title='bbox 1369 5491 1576 5544; x_wconf 88' lang='lat' dir='ltr'>saltem</span> <span class='ocrx_word' id='word_1_773' title='bbox 1608 5489 1778 5544; x_wconf 89' lang='lat' dir='ltr'>libris</span> <span class='ocrx_word' id='word_1_774' title='bbox 1809 5492 1866 5543; x_wconf 90' lang='lat' dir='ltr'>et</span> <span class='ocrx_word' id='word_1_775' title='bbox 1895 5491 2107 5544; x_wconf 91' lang='lat' dir='ltr'>seien-</span> 
     </span>
    </p>
   </div>
   <div class='ocr_carea' id='block_1_107' title="bbox 441 5577 2106 5649">
    <p class='ocr_par' dir='ltr' id='par_1_107' title="bbox 441 5577 2106 5649">
     <span class='ocr_line' id='line_1_107' title="bbox 441 5577 2106 5649; baseline -0.001 -15"><span class='ocrx_word' id='word_1_776' title='bbox 441 5581 539 5649; x_wconf 90' lang='lat' dir='ltr'>tia,</span> <span class='ocrx_word' id='word_1_777' title='bbox 563 5584 619 5633; x_wconf 92' lang='lat' dir='ltr'>et</span> <span class='ocrx_word' id='word_1_778' title='bbox 650 5577 870 5632; x_wconf 90' lang='lat' dir='ltr'>utinam</span> <span class='ocrx_word' id='word_1_779' title='bbox 905 5592 1020 5631; x_wconf 90' lang='lat' dir='ltr'>non</span> <span class='ocrx_word' id='word_1_780' title='bbox 1053 5593 1117 5631; x_wconf 89' lang='lat' dir='ltr'>re</span> <span class='ocrx_word' id='word_1_781' title='bbox 1147 5577 1289 5632; x_wconf 82' lang='lat' dir='ltr'>alia!</span> <span class='ocrx_word' id='word_1_782' title='bbox 1327 5578 1544 5649; x_wconf 89' lang='lat' dir='ltr'>gulosi,</span> <span class='ocrx_word' id='word_1_783' title='bbox 1578 5577 1869 5647; x_wconf 87' lang='lat' dir='ltr'>carnales,</span> <span class='ocrx_word' id='word_1_784' title='bbox 1890 5583 1944 5632; x_wconf 91' lang='lat' dir='ltr'>et</span> <span class='ocrx_word' id='word_1_785' title='bbox 1976 5580 2106 5633; x_wconf 90' lang='lat' dir='ltr'>ino-</span> 
     </span>
    </p>
   </div>
   <div class='ocr_carea' id='block_1_108' title="bbox 439 5665 2102 5742">
    <p class='ocr_par' dir='ltr' id='par_1_108' title="bbox 439 5665 2102 5742">
     <span class='ocr_line' id='line_1_108' title="bbox 439 5665 2102 5742; baseline -0.002 -14"><span class='ocrx_word' id='word_1_786' title='bbox 439 5669 771 5741; x_wconf 83' lang='lat' dir='ltr'>bedientes,</span> <span class='ocrx_word' id='word_1_787' title='bbox 791 5669 849 5724; x_wconf 87' lang='lat' dir='ltr'>et</span> <span class='ocrx_word' id='word_1_788' title='bbox 866 5665 1151 5734; x_wconf 86' lang='lat' dir='ltr'>breviter,</span> <span class='ocrx_word' id='word_1_789' title='bbox 1177 5667 1368 5742; x_wconf 87' lang='lat' dir='ltr'>ipsam</span> <span class='ocrx_word' id='word_1_790' title='bbox 1402 5667 1583 5723; x_wconf 88' lang='lat' dir='ltr'>Evam</span> <span class='ocrx_word' id='word_1_791' title='bbox 1613 5667 1672 5722; x_wconf 91' lang='lat' dir='ltr'>in</span> <span class='ocrx_word' id='word_1_792' title='bbox 1705 5667 1979 5724; x_wconf 86' lang='lat' dir='ltr'>omnibus</span> <span class='ocrx_word' id='word_1_793' title='bbox 2001 5683 2102 5724; x_wconf 83' lang='lat' dir='ltr'>se-</span> 
     </span>
    </p>
   </div>
   <div class='ocr_carea' id='block_1_109' title="bbox 2220 4600 3845 4677">
    <p class='ocr_par' dir='ltr' id='par_1_109' title="bbox 2220 4600 3845 4677">
     <span class='ocr_line' id='line_1_109' title="bbox 2220 4600 3845 4677; baseline -0.006 -20"><span class='ocrx_word' id='word_1_794' title='bbox 2220 4602 2308 4677; x_wconf 80' lang='lat' dir='ltr'>[f.,</span> <span class='ocrx_word' id='word_1_795' title='bbox 2327 4603 2714 4675; x_wconf 78' lang='lat' dir='ltr'>amodolergo</span> <span class='ocrx_word' id='word_1_796' title='bbox 2729 4603 2798 4657; x_wconf 89' lang='lat' dir='ltr'>ad</span> <span class='ocrx_word' id='word_1_797' title='bbox 2821 4606 2877 4657; x_wconf 90' lang='lat' dir='ltr'>te</span> <span class='ocrx_word' id='word_1_798' title='bbox 2899 4603 3171 4657; x_wconf 88' lang='lat' dir='ltr'>solatium</span> <span class='ocrx_word' id='word_1_799' title='bbox 3196 4605 3574 4671; x_wconf 87' lang='lat' dir='ltr'>miserorum,</span> <span class='ocrx_word' id='word_1_800' title='bbox 3592 4600 3845 4672; x_wconf 85' lang='lat' dir='ltr'>refugium</span> 
     </span>
    </p>
   </div>
   <div class='ocr_carea' id='block_1_110' title="bbox 2217 4687 3846 4763">
    <p class='ocr_par' dir='ltr' id='par_1_110' title="bbox 2217 4687 3846 4763">
     <span class='ocr_line' id='line_1_110' title="bbox 2217 4687 3846 4763; baseline -0.006 -16"><span class='ocrx_word' id='word_1_801' title='bbox 2217 4693 2620 4763; x_wconf 84' lang='lat' dir='ltr'>expulsorum,</span> <span class='ocrx_word' id='word_1_802' title='bbox 2656 4692 2924 4746; x_wconf 89' lang='lat' dir='ltr'>liberatio</span> <span class='ocrx_word' id='word_1_803' title='bbox 2964 4692 3352 4761; x_wconf 89' lang='lat' dir='ltr'>captivorum,</span> <span class='ocrx_word' id='word_1_804' title='bbox 3387 4708 3613 4762; x_wconf 89' lang='lat' dir='ltr'>sponsa</span> <span class='ocrx_word' id='word_1_805' title='bbox 3651 4687 3846 4742; x_wconf 88' lang='lat' dir='ltr'>adulto-</span> 
     </span>
    </p>
   </div>
   <div class='ocr_carea' id='block_1_111' title="bbox 2218 4780 3846 4852">
    <p class='ocr_par' dir='ltr' id='par_1_111' title="bbox 2218 4780 3846 4852">
     <span class='ocr_line' id='line_1_111' title="bbox 2218 4780 3846 4852; baseline -0.006 -17"><span class='ocrx_word' id='word_1_806' title='bbox 2218 4798 2377 4850; x_wconf 87' lang='lat' dir='ltr'>rum,</span> <span class='ocrx_word' id='word_1_807' title='bbox 2429 4781 2658 4852; x_wconf 77' lang='lat' dir='ltr'>Regina</span> <span class='ocrx_word' id='word_1_808' title='bbox 2706 4781 3104 4847; x_wconf 87' lang='lat' dir='ltr'>stellatorum,</span> <span class='ocrx_word' id='word_1_809' title='bbox 3149 4780 3393 4834; x_wconf 91' lang='lat' dir='ltr'>Domina</span> <span class='ocrx_word' id='word_1_810' title='bbox 3440 4781 3846 4839; x_wconf 83' lang='lat' dir='ltr'>universorum,</span> 
     </span>
    </p>
   </div>
   <div class='ocr_carea' id='block_1_112' title="bbox 2220 4863 3849 4939">
    <p class='ocr_par' dir='ltr' id='par_1_112' title="bbox 2220 4863 3849 4939">
     <span class='ocr_line' id='line_1_112' title="bbox 2220 4863 3849 4939; baseline -0.007 -16"><span class='ocrx_word' id='word_1_811' title='bbox 2220 4870 2389 4923; x_wconf 90' lang='lat' dir='ltr'>etiam</span> <span class='ocrx_word' id='word_1_812' title='bbox 2421 4869 2814 4934; x_wconf 89' lang='lat' dir='ltr'>inimicorum,</span> <span class='ocrx_word' id='word_1_813' title='bbox 2842 4885 2959 4922; x_wconf 91' lang='lat' dir='ltr'>non</span> <span class='ocrx_word' id='word_1_814' title='bbox 2993 4872 3083 4923; x_wconf 87' lang='lat' dir='ltr'>est</span> <span class='ocrx_word' id='word_1_815' title='bbox 3112 4870 3212 4939; x_wconf 88' lang='lat' dir='ltr'>qui</span> <span class='ocrx_word' id='word_1_816' title='bbox 3234 4872 3348 4923; x_wconf 85' lang='lat' dir='ltr'>tuae</span> <span class='ocrx_word' id='word_1_817' title='bbox 3380 4869 3665 4923; x_wconf 87' lang='lat' dir='ltr'>voluntati</span> <span class='ocrx_word' id='word_1_818' title='bbox 3692 4863 3849 4917; x_wconf 83' lang='lat' dir='ltr'>valeat</span> 
     </span>
    </p>
   </div>
   <div class='ocr_carea' id='block_1_113' title="bbox 2220 4956 3847 5026">
    <p class='ocr_par' dir='ltr' id='par_1_113' title="bbox 2220 4956 3847 5026">
     <span class='ocr_line' id='line_1_113' title="bbox 2220 4956 3847 5026; baseline -0.006 -14"><span class='ocrx_word' id='word_1_819' title='bbox 2220 4957 2480 5012; x_wconf 89' lang='lat' dir='ltr'>obviare.</span> <span class='ocrx_word' id='word_1_820' title='bbox 2500 4957 2569 5010; x_wconf 92' lang='lat' dir='ltr'>Et</span> <span class='ocrx_word' id='word_1_821' title='bbox 2591 4957 2722 5011; x_wconf 90' lang='lat' dir='ltr'>ideo</span> <span class='ocrx_word' id='word_1_822' title='bbox 2755 4958 2844 5011; x_wconf 89' lang='lat' dir='ltr'>sic</span> <span class='ocrx_word' id='word_1_823' title='bbox 2875 4957 3077 5026; x_wconf 80' lang='lat' dir='ltr'>afflcti,</span> <span class='ocrx_word' id='word_1_824' title='bbox 3098 4957 3186 5010; x_wconf 88' lang='lat' dir='ltr'>sic</span> <span class='ocrx_word' id='word_1_825' title='bbox 3209 4957 3431 5023; x_wconf 88' lang='lat' dir='ltr'>miseri,</span> <span class='ocrx_word' id='word_1_826' title='bbox 3459 4957 3535 5011; x_wconf 90' lang='lat' dir='ltr'>ad</span> <span class='ocrx_word' id='word_1_827' title='bbox 3563 4957 3727 5010; x_wconf 89' lang='lat' dir='ltr'>talem</span> <span class='ocrx_word' id='word_1_828' title='bbox 3757 4956 3847 5003; x_wconf 87' lang='lat' dir='ltr'>tam</span> 
     </span>
    </p>
   </div>
   <div class='ocr_carea' id='block_1_114' title="bbox 2223 5043 3849 5115">
    <p class='ocr_par' dir='ltr' id='par_1_114' title="bbox 2223 5043 3849 5115">
     <span class='ocr_line' id='line_1_114' title="bbox 2223 5043 3849 5115; baseline -0.006 -15"><span class='ocrx_word' id='word_1_829' title='bbox 2223 5045 2474 5114; x_wconf 90' lang='lat' dir='ltr'>dulcem,</span> <span class='ocrx_word' id='word_1_830' title='bbox 2491 5050 2606 5100; x_wconf 90' lang='lat' dir='ltr'>tam</span> <span class='ocrx_word' id='word_1_831' title='bbox 2619 5061 2884 5113; x_wconf 91' lang='lat' dir='ltr'>suavem,</span> <span class='ocrx_word' id='word_1_832' title='bbox 2900 5046 2958 5099; x_wconf 91' lang='lat' dir='ltr'>in</span> <span class='ocrx_word' id='word_1_833' title='bbox 2977 5045 3254 5100; x_wconf 89' lang='lat' dir='ltr'>omnibus</span> <span class='ocrx_word' id='word_1_834' title='bbox 3268 5045 3642 5115; x_wconf 87' lang='lat' dir='ltr'>adjutrieem.</span> <span class='ocrx_word' id='word_1_835' title='bbox 3659 5043 3849 5113; x_wconf 87' lang='lat' dir='ltr'>lignum</span> 
     </span>
    </p>
   </div>
   <div class='ocr_carea' id='block_1_115' title="bbox 2222 5134 3846 5203">
    <p class='ocr_par' dir='ltr' id='par_1_115' title="bbox 2222 5134 3846 5203">
     <span class='ocr_line' id='line_1_115' title="bbox 2222 5134 3846 5203; baseline 0.003 -16"><span class='ocrx_word' id='word_1_836' title='bbox 2222 5135 2377 5202; x_wconf 74' lang='lat' dir='ltr'>vitae,</span> <span class='ocrx_word' id='word_1_837' title='bbox 2408 5135 2830 5189; x_wconf 87' lang='lat' dir='ltr'>consolationis</span> <span class='ocrx_word' id='word_1_838' title='bbox 2856 5135 3144 5203; x_wconf 81' lang='lat' dir='ltr'>radicem,</span> <span class='ocrx_word' id='word_1_839' title='bbox 3174 5135 3243 5189; x_wconf 88' lang='lat' dir='ltr'>ad</span> <span class='ocrx_word' id='word_1_840' title='bbox 3271 5137 3348 5199; x_wconf 87' lang='lat' dir='ltr'>te,</span> <span class='ocrx_word' id='word_1_841' title='bbox 3381 5135 3590 5202; x_wconf 88' lang='lat' dir='ltr'>talem,</span> <span class='ocrx_word' id='word_1_842' title='bbox 3615 5134 3846 5202; x_wconf 58' lang='lat' dir='ltr'>inquam,</span> 
     </span>
    </p>
   </div>
   <div class='ocr_carea' id='block_1_116' title="bbox 2218 5223 2955 5293">
    <p class='ocr_par' dir='ltr' id='par_1_116' title="bbox 2218 5223 2955 5293">
     <span class='ocr_line' id='line_1_116' title="bbox 2218 5223 2955 5293; baseline -0.003 -15"><span class='ocrx_word' id='word_1_843' title='bbox 2218 5224 2524 5278; x_wconf 90' lang='lat' dir='ltr'>Dominam</span> <span class='ocrx_word' id='word_1_844' title='bbox 2557 5223 2955 5293; x_wconf 81' lang='lat' dir='ltr'>suapiramus.</span> 
     </span>
    </p>
   </div>
   <div class='ocr_carea' id='block_1_117' title="bbox 2286 5302 3845 5383">
    <p class='ocr_par' dir='ltr' id='par_1_117' title="bbox 2286 5302 3845 5383">
     <span class='ocr_line' id='line_1_117' title="bbox 2286 5302 3845 5383; baseline -0.008 -17"><span class='ocrx_word' id='word_1_845' title='bbox 2286 5313 2340 5366; x_wconf 83' lang='grc' dir='ltr'>Ἷ.</span> <span class='ocrx_word' id='word_1_846' title='bbox 2365 5311 2685 5366; x_wconf 80' lang='lat' dir='ltr'>Gementes</span> <span class='ocrx_word' id='word_1_847' title='bbox 2716 5318 2774 5366; x_wconf 80' lang='lat' dir='ltr'>et</span> <span class='ocrx_word' id='word_1_848' title='bbox 2802 5312 3019 5366; x_wconf 81' lang='lat' dir='ltr'>ﬂentes</span> <span class='ocrx_word' id='word_1_849' title='bbox 3047 5329 3108 5365; x_wconf 84' lang='grc' dir='ltr'><em>ιη</em></span> <span class='ocrx_word' id='word_1_850' title='bbox 3140 5311 3249 5366; x_wconf 83' lang='lat' dir='ltr'>hac</span> <span class='ocrx_word' id='word_1_851' title='bbox 3278 5311 3680 5383; x_wconf 76' lang='lat' dir='ltr'>Iacrymarum</span> <span class='ocrx_word' id='word_1_852' title='bbox 3705 5302 3845 5359; x_wconf 80' lang='lat' dir='ltr'>vaIIe.</span> 
     </span>
    </p>
   </div>
   <div class='ocr_carea' id='block_1_118' title="bbox 2216 5400 3848 5471">
    <p class='ocr_par' dir='ltr' id='par_1_118' title="bbox 2216 5400 3848 5471">
     <span class='ocr_line' id='line_1_118' title="bbox 2216 5400 3848 5471; baseline -0.006 -17"><span class='ocrx_word' id='word_1_853' title='bbox 2216 5401 2323 5470; x_wconf 92' lang='lat' dir='ltr'>Tu,</span> <span class='ocrx_word' id='word_1_854' title='bbox 2342 5400 2609 5468; x_wconf 90' lang='lat' dir='ltr'>Domina,</span> <span class='ocrx_word' id='word_1_855' title='bbox 2626 5415 2820 5455; x_wconf 89' lang='lat' dir='ltr'>nonne</span> <span class='ocrx_word' id='word_1_856' title='bbox 2843 5400 3012 5454; x_wconf 90' lang='lat' dir='ltr'>vides</span> <span class='ocrx_word' id='word_1_857' title='bbox 3035 5401 3191 5471; x_wconf 90' lang='lat' dir='ltr'>quod</span> <span class='ocrx_word' id='word_1_858' title='bbox 3221 5400 3478 5454; x_wconf 87' lang='lat' dir='ltr'>totaliter</span> <span class='ocrx_word' id='word_1_859' title='bbox 3490 5413 3699 5454; x_wconf 87' lang='lat' dir='ltr'>sumus</span> <span class='ocrx_word' id='word_1_860' title='bbox 3720 5405 3848 5447; x_wconf 85' lang='lat' dir='ltr'>ama-</span> 
     </span>
    </p>
   </div>
   <div class='ocr_carea' id='block_1_119' title="bbox 2213 5482 3852 5561">
    <p class='ocr_par' dir='ltr' id='par_1_119' title="bbox 2213 5482 3852 5561">
     <span class='ocr_line' id='line_1_119' title="bbox 2213 5482 3852 5561; baseline -0.007 -17"><span class='ocrx_word' id='word_1_861' title='bbox 2213 5489 2466 5544; x_wconf 88' lang='lat' dir='ltr'>ritudine</span> <span class='ocrx_word' id='word_1_862' title='bbox 2483 5489 2668 5560; x_wconf 90' lang='lat' dir='ltr'>pleni.</span> <span class='ocrx_word' id='word_1_863' title='bbox 2695 5489 2859 5546; x_wconf 86' lang='lat' dir='ltr'>Intus</span> <span class='ocrx_word' id='word_1_864' title='bbox 2887 5505 3096 5544; x_wconf 88' lang='lat' dir='ltr'>sumus</span> <span class='ocrx_word' id='word_1_865' title='bbox 3115 5492 3439 5561; x_wconf 90' lang='lat' dir='ltr'>gementes,</span> <span class='ocrx_word' id='word_1_866' title='bbox 3457 5488 3721 5542; x_wconf 83' lang='lat' dir='ltr'>exterius</span> <span class='ocrx_word' id='word_1_867' title='bbox 3739 5482 3852 5535; x_wconf 83' lang='lat' dir='ltr'>ﬂen-</span> 
     </span>
    </p>
   </div>
   <div class='ocr_carea' id='block_1_120' title="bbox 2210 5575 3849 5650">
    <p class='ocr_par' dir='ltr' id='par_1_120' title="bbox 2210 5575 3849 5650">
     <span class='ocr_line' id='line_1_120' title="bbox 2210 5575 3849 5650; baseline -0.005 -17"><span class='ocrx_word' id='word_1_868' title='bbox 2210 5583 2322 5648; x_wconf 89' lang='lat' dir='ltr'>tes,</span> <span class='ocrx_word' id='word_1_869' title='bbox 2347 5579 2406 5632; x_wconf 92' lang='lat' dir='ltr'>in</span> <span class='ocrx_word' id='word_1_870' title='bbox 2429 5578 2544 5634; x_wconf 91' lang='lat' dir='ltr'>hoc</span> <span class='ocrx_word' id='word_1_871' title='bbox 2573 5578 2908 5650; x_wconf 79' lang='lat' dir='ltr'>lacrymoso</span> <span class='ocrx_word' id='word_1_872' title='bbox 2937 5578 3070 5633; x_wconf 92' lang='lat' dir='ltr'>loco</span> <span class='ocrx_word' id='word_1_873' title='bbox 3095 5578 3387 5649; x_wconf 80' lang='lat' dir='ltr'>jacentes.</span> <span class='ocrx_word' id='word_1_874' title='bbox 3408 5575 3650 5632; x_wconf 87' lang='lat' dir='ltr'>Onerati</span> <span class='ocrx_word' id='word_1_875' title='bbox 3672 5582 3849 5645; x_wconf 77' lang='lat' dir='ltr'>pecca-</span> 
     </span>
    </p>
   </div>
   <div class='ocr_carea' id='block_1_121' title="bbox 2210 5661 3850 5743">
    <p class='ocr_par' dir='ltr' id='par_1_121' title="bbox 2210 5661 3850 5743">
     <span class='ocr_line' id='line_1_121' title="bbox 2210 5661 3850 5743; baseline -0.005 -20"><span class='ocrx_word' id='word_1_876' title='bbox 2210 5667 2288 5723; x_wconf 87' lang='lat' dir='ltr'>tis</span> <span class='ocrx_word' id='word_1_877' title='bbox 2306 5667 2942 5743; x_wconf 76' lang='lat' dir='ltr'>gemimus,aggravati</span> <span class='ocrx_word' id='word_1_878' title='bbox 2955 5666 3246 5724; x_wconf 83' lang='lat' dir='ltr'>molestiis</span> <span class='ocrx_word' id='word_1_879' title='bbox 3260 5667 3492 5738; x_wconf 80' lang='lat' dir='ltr'>ﬂemus,</span> <span class='ocrx_word' id='word_1_880' title='bbox 3508 5661 3850 5722; x_wconf 79' lang='lat' dir='ltr'>abundantes</span> 
     </span>
    </p>
   </div>
  </div>
