3948 6168
100 313 191 375 589
1326 302 1781 372 OPUSCULA
1822 306 2159 372 SPURIA.

3338 314 3458 381 590

104 508 312 563 miseriis
339 509 546 575 ﬂemus,
566 508 623 560 in
656 507 806 561 valle
836 507 1223 577 lacrymarum
1241 507 1458 561 auxilio
1489 507 1675 561 desti-
1706 488 1767 552 Α
1865 506 2006 562 8.Et
2019 507 2628 577 Jesum,benedictum
2645 509 2894 565 fructum
2915 514 3143 568 ventris
3161 516 3264 585 tui,
3286 515 3460 571 nobis

103 598 179 652 tuti
204 597 459 668 geminus,
490 595 680 649 Solem
705 596 954 667 justitize
973 612 1088 650 non
1117 597 1406 650 videntes.
1443 595 1680 650 Flemus

102 685 304 739 inimicis
343 685 550 737 nostris
595 685 929 739 servientes
977 686 1037 738 in
1088 685 1237 738 valle
1293 684 1683 754 lacrymarum

99 788 281 840 sumus,
320 776 463 826 tuum
493 773 764 825 auxilium
799 773 1186 841 postulantes.
1234 774 1375 826 Haec
1407 777 1497 827 est
1529 777 1685 827 certe

100 860 597 929 vallislacrymarum
614 861 682 913 ad
698 876 868 930 quam
883 862 1077 915 omnia
1093 861 1488 931 lacrymabilia
1503 861 1689 915 fluunt

100 948 403 1021 gemebunda
427 949 762 1015 decurrunt,
793 949 860 1002 ad
896 967 1068 1020 quam
1098 950 1314 1003 ﬂebilia
1353 953 1547 1004 ruunt.
1600 950 1687 1003 Ad

100 1039 213 1091 hanc
236 1038 426 1091 vallem
443 1038 729 1092 ﬂuxerant
745 1038 1047 1092 daemones
1068 1038 1453 1106 infernorum,
1480 1037 1574 1091 hic
1597 1042 1689 1091 est

99 1141 231 1196 pinna
269 1126 765 1196 protoplastorum,
810 1126 1069 1180 miseria}
1110 1127 1505 1197 antiquorum.
1538 1124 1689 1190 Quid

98 1215 294 1285 amplius
307 1216 483 1269 dicam
504 1215 532 1269 ?
544 1231 651 1269 nec
670 1214 926 1283 sufﬁcio,
943 1230 1051 1268 nec
1067 1216 1192 1269 scio
1209 1214 1312 1286 huj
1323 1230 1393 1270 ns
1407 1214 1576 1268 vallis
1590 1214 1688 1268 de-

100 1302 332 1357 testabilia
353 1319 643 1359 enarrare.
673 1303 787 1358 Eia
824 1319 987 1375 ergo.
1028 1303 1124 1357 Ad
1135 1309 1333 1358 vocata
1378 1308 1578 1358 nostra
1594 1302 1615 1355 .’
1642 1300 1689 1356 Ο

98 1390 349 1446 laudabilis
361 1392 664 1446 clementia
684 1392 1031 1461 Salvntoris,
1057 1396 1113 1446 et
1132 1392 1376 1446 nimium
1394 1390 1688 1462 amabilis,

98 1480 170 1550 qui
193 1480 267 1533 sic
283 1480 505 1535 afﬂictis
534 1483 654 1534 tam
693 1479 890 1535 nobile
922 1481 1254 1535 subsidium
1287 1480 1567 1552 dignatus
1598 1480 1693 1534 est

98 1564 532 1638 elargirilOcerte
545 1568 855 1622 Deinostri
878 1569 1026 1621 mira
1048 1568 1386 1640 benignitas
1405 1584 1536 1638 quae
1560 1567 1689 1623 suis

96 1655 184 1708 reis
199 1659 245 1709 te
263 1655 550 1710 Dominam
568 1657 772 1711 tribuit
794 1658 1157 1727 advocatam,
1178 1662 1287 1711 uta
1310 1656 1459 1712 Filio
1485 1661 1581 1713 tuo
1595 1660 1687 1714 in-

95 1750 258 1799 ternos
274 1747 323 1799 et
342 1744 520 1799 Deum
546 1746 775 1799 Patrem
796 1745 1005 1800 Judice
1037 1748 1375 1815 constituto,
1402 1748 1557 1817 quod
1580 1763 1688 1819 pro

1790 602 1925 667 post
1956 596 2063 650 hoc
2095 595 2373 650 exsilium
2406 598 2672 652 ostende.
2707 598 2753 652 0
2785 604 2991 653 venter
3020 602 3331 670 mirabilis,
3357 606 3456 675 qui

1796 684 1983 753 potuit
2003 685 2264 753 recipere
2296 686 2632 738 Creatorem
2656 683 2667 739 l
2702 685 2746 738 Ο
2774 692 2978 739 venter
3000 688 3331 757 laudabilis,
3358 694 3459 762 qui

1798 773 2009 826 meruit
2026 774 2340 843 concipere
2362 774 2819 843 redemptionem
2848 773 2860 829 l
2887 775 2932 827 0
2953 778 3458 833 venter-desidera-

1797 859 1956 928 bilis,
1990 876 2020 913 a
2052 878 2166 931 quo
2198 863 2490 915 emanavit
2519 862 2879 916 desiderium
2919 865 3216 933 mentium,
3253 868 3467 935 gratia-

1798 965 1927 1003 rum
1952 949 2189 1016 ﬂuvius,
2218 950 2740 1021 glorimprtemium
2760 950 2772 1004 l
2793 952 3075 1019 Oventer,
3101 969 3212 1007 non
3237 959 3463 1025 venter,

1799 1037 1906 1091 sed
1930 1053 2268 1107 empyreuin
2303 1037 2546 1093 coelum!
2598 1039 2657 1092 In
2692 1040 2802 1093 hoc
2834 1047 3040 1094 ventre
3073 1041 3180 1096 fuit
3212 1044 3465 1111 pretium

1798 1125 2444 1195 perditorum,felicitas
2459 1127 3080 1202 beatorum,Dominus
3093 1131 3463 1202 angelorum.

1798 1214 1845 1268 Ο
1876 1213 2045 1268 beata
2086 1213 2308 1269 uberat
2353 1214 2400 1269 0
2448 1216 2694 1269 Domina
2743 1200 2910 1271 mea!
2957 1215 3004 1271 0
3038 1200 3463 1289 fons'pietatis,

1799 1301 1967 1357 lacus
2017 1302 2366 1372 sanctitatis,
2428 1303 2644 1358 ﬂuvius
2699 1302 2979 1359 bonitatis
3040 1309 3247 1360 venter
3303 1310 3464 1378 tuus,

1803 1391 2049 1446 Domina
2074 1388 2086 1444 l
2110 1390 2157 1446 0
2174 1391 2317 1445 felix
2333 1394 2556 1461 venter,
2577 1391 2675 1463 qui
2699 1389 2898 1446 Solem
2918 1395 3198 1464 genuisti,
3220 1396 3466 1451 univer-

1801 1495 1935 1533 sum
1985 1480 2262 1534 mundum
2304 1480 2612 1549 reparasti,
2663 1481 2968 1535 caelestem
3000 1484 3246 1551 patriam
3289 1499 3466 1539 recu-

1799 1567 2041 1638 perasti,
2074 1567 2319 1637 insuper
2348 1567 2613 1623 donastil
2648 1570 2694 1622 Ο
2724 1584 2899 1640 quam
2918 1571 3217 1639 pretiosus
3237 1576 3463 1644 venter,

1802 1656 1903 1727 qui
1949 1656 2191 1725 protulit
2234 1656 2586 1711 medicinam
2630 1657 2901 1728 inﬁrmis,
2954 1659 3132 1712 vitam
3171 1663 3461 1731 mortuis,

1802 1744 2142 1814 paradisum
2164 1744 2352 1815 justis
2378 1742 2390 1798 l
2423 1744 2469 1799 0
2492 1749 2697 1799 venter
2726 1745 3046 1815 eburneus,
3081 1751 3137 1802 et
3168 1749 3346 1803 sedes
3378 1765 3467 1804 sa-

94 1832 225 1886 nobis
250 1832 511 1902 volueris,
545 1834 862 1904 impetrare
884 1835 1105 1889 valeas.
1126 1835 1252 1889 Nec
1269 1836 1422 1889 enim
1447 1836 1689 1891 dubium
1720 1841 1774 1903 Β
1804 1833 2038 1903 pientiaa
2063 1831 2075 1888 l
2126 1832 2172 1887 0
2211 1837 2420 1887 venter
2448 1833 2760 1901 tornatilis,
2815 1838 2871 1888 et
2900 1836 3189 1891 celsitudo
3219 1836 3463 1907 gloriael

94 1920 173 1974 erit
195 1922 328 1993 quod
371 1938 484 1977 non
517 1925 635 1975 tam
667 1922 977 1976 manifeste
1014 1924 1329 1991 damnabit,
1358 1940 1511 1995 quos
1543 1940 1690 1979 con-

93 2013 246 2063 servat
275 2014 380 2065 tuaa
408 2011 720 2065 advocatio
750 2011 981 2080 pietatis
1009 2010 1020 2065 l
1066 2011 1114 2066 0
1149 2013 1515 2067 admirabilis
1548 2029 1691 2085 erga

94 2111 173 2151 nos
210 2098 595 2154 misericordia
638 2099 743 2154 Dei
774 2100 963 2154 nostri
993 2102 1113 2172 qui,
1148 2117 1221 2156 ne
1243 2117 1275 2156 a
1305 2118 1413 2157 sua
1448 2101 1692 2173 fugere-

92 2201 190 2240 mus
213 2187 515 2255 clementia,
539 2203 662 2242 non
694 2188 885 2242 solum
905 2190 1344 2245 communicare
1375 2190 1693 2246 nobiscum

94 2274 135 2327 in
149 2274 340 2345 Iudice,
372 2280 431 2330 ut
459 2279 629 2331 esset
652 2276 832 2345 Deus,
859 2280 916 2331 et
946 2277 1142 2346 homo,
1168 2278 1225 2332 id
1257 2281 1366 2345 est,
1394 2277 1692 2349 Christus,

92 2378 114 2414 α
127 2379 216 2433 quo
232 2364 388 2419 debet
405 2365 702 2420 sententia
718 2365 1107 2437 promulgari,
1126 2367 1235 2421 sed
1257 2366 1442 2421 voluit
1458 2369 1695 2422 viscera

94 2451 440 2521 misericodiaa,
475 2454 724 2509 Matrem
757 2470 947 2522 suam,
983 2455 1287 2509 Dominam
1321 2456 1549 2527 gloriae,
1584 2473 1693 2511 no-

94 2543 229 2593 strain
255 2543 606 2598 constituere
636 2542 1014 2611 Advocatam,
1039 2547 1101 2597 ut
1122 2543 1228 2611 rei,
1249 2544 1404 2614 nonj
1412 2545 1691 2614 udicium,

92 2629 168 2681 sed
198 2630 527 2699 subsidium,
556 2646 679 2685 non
697 2630 1075 2702 supplicium,
1100 2631 1207 2686 sed
1231 2636 1513 2687 aeternum
1538 2650 1693 2703 prm-

92 2716 223 2772 mium
249 2718 498 2774 invenire
514 2735 863 2790 possemus.
889 2719 958 2773 Et
978 2720 1110 2774 ideo
1133 2736 1250 2775 non
1272 2722 1694 2776 esttimendum

92 2805 194 2872 quin
210 2807 532 2863 miserearis
553 2808 823 2876 miseris,
845 2812 901 2863 et
917 2809 986 2862 ad
1012 2809 1170 2862 illam
1187 2812 1413 2879 partem
1432 2810 1695 2866 declines

92 2896 374 2950 sententiam
404 2912 585 2967 quam
616 2896 887 2951 defendis
910 2940 923 2967 ,
955 2901 1012 2952 et
1042 2898 1217 2952 nobis
1247 2897 1529 2967 impetres
1563 2915 1696 2971 gra-

90 2981 192 3035 tiam
216 2999 370 3054 quam
397 3000 506 3056 pro
537 2984 720 3039 nobis
742 2986 1027 3056 precaris.
1054 2986 1189 3040 Scio
1216 2985 1369 3041 bene
1386 2987 1541 3057 quod
1564 2990 1698 3057 post

93 3072 376 3127 sententiam
404 3089 520 3129 non
550 3076 745 3128 restat
773 3073 1086 3144 appellatio
1106 3074 1179 3128 ad
1202 3074 1509 3146 majorem,
1535 3076 1692 3146 quia,

1802 1921 1849 1975 0
1876 1926 2083 1975 venter
2110 1921 2401 1991 amabilis,
2447 1925 2501 1975 et
2541 1922 2789 1976 dulcedo
2826 1922 3070 1978 animast
3120 1923 3166 1978 Ο
3215 1926 3464 1981 elevatio

1804 2010 2103 2078 mentium,
2137 2010 2445 2064 inebriatio
2478 2010 2762 2079 cordium,
2797 2014 2853 2064 et
2894 2013 3159 2066 suavitas
3190 2016 3467 2081 peccato-

1800 2114 1930 2152 rum
1952 2096 1963 2153 l
1984 2099 2235 2152 Fructus
2259 2103 2415 2167 tuus,
2438 2099 2702 2163 Domina,
2726 2103 2881 2153 certe
2900 2105 2991 2154 est
3008 2101 3236 2155 fructus
3255 2103 3465 2157 beatus

1801 2187 2138 2257 api-incipio
2170 2188 2263 2241 sui
2288 2192 2476 2241 ortus.
2502 2187 2607 2239 Hic
2634 2191 2726 2240 est
2752 2189 2953 2257 Jesus,
2984 2190 3082 2241 Dei
3110 2188 3228 2241 vivi
3255 2190 3462 2244 Filius.

1804 2276 1912 2329 Hic
1925 2279 2016 2329 est
2036 2275 2305 2330 Salvator
2321 2280 2541 2343 noster,
2562 2274 2836 2329 Christus
2859 2276 3163 2329 Dominus.
3191 2276 3254 2329 In
3273 2276 3467 2330 dulce-

1801 2364 1935 2418 dine
1968 2364 2152 2435 hujus
2186 2364 2414 2418 fructus
2445 2364 2792 2416 sublevatur
2814 2363 3167 2432 intellectus,
3194 2364 3495 2426 dilatatur_

1804 2451 2072 2521 affectus,
2108 2456 2162 2506 ct
2193 2453 2498 2521 utriusque
2524 2453 2816 2521 quietatur
2840 2452 3151 2520 appetitus.
3178 2452 3467 2506 Clarescit

1801 2544 1968 2611 ratio,
2030 2542 2320 2595 dulcescit
2367 2540 2617 2604 atl‘cctio,
2678 2541 3025 2609 purilicatur
3083 2540 3343 2593 intentio.
3405 2542 3466 2595 ln

1804 2631 2111 2686 dulcedine
2161 2631 2387 2684 fructus
2431 2630 2509 2683 tui
2560 2634 2741 2683 totum
2798 2629 3071 2699 liquescit
3120 2644 3252 2693 cor,
3301 2633 3466 2684 tuum

1802 2719 2055 2774 fructum
2087 2719 2435 2789 degustans.
2474 2718 2643 2771 [tunc
2676 2717 2904 2783 Jesum,
2940 2718 3313 2771 benedictum
3344 2717 3465 2772 fru-

1803 2812 1959 2863 ctum
1981 2810 2205 2861 ventris
2237 2807 2339 2873 tui,
2374 2807 2545 2861 nobis
2578 2811 2710 2875 post
2742 2806 2852 2859 hoc
2884 2806 3160 2859 exsilium
3193 2806 3463 2863 ostende.

1804 2896 2091 2968 Utipsum
2115 2896 2388 2964 videndo,
2410 2896 2603 2963 ipsum
2629 2895 2973 2963 habeamus,
2995 2896 3190 2963 ipsum
3211 2895 3465 2950 videndo

1799 2986 2160 3041 beatitudine
2210 2986 2563 3055 repleamur,
2614 2986 2809 3054 ipsum
2858 2984 3111 3037 videndo
3163 2985 3222 3037 in
3269 2985 3465 3054 ipsum

1803 3075 2118 3145 rapiamur,
2168 3074 2363 3143 ipsum
2408 3073 2657 3126 videndo
2705 3073 2761 3125 in
2812 3072 3007 3140 ipsum
3043 3070 3460 3140 diﬂ'undamur,

92 3159 171 3252 etsi
207 3160 377 3216 Judex
406 3163 484 3217 sit
511 3162 720 3230 homo,
753 3160 931 3233 cujus
960 3178 1028 3217 es
1053 3166 1256 3231 mater,
1290 3166 1383 3217 est
1411 3167 1605 3218 tamen
1639 3169 1693 3220 et
1726 3191 1775 3252 Ο
1805 3165 1999 3234 ipsum
2021 3162 2274 3215 videndo
2297 3161 2355 3213 in
2376 3163 2568 3230 ipsum
2593 3164 3027 3213 convertamur.
3053 3159 3228 3213 Utsic
3246 3159 3461 3230 deifici,

95 3243 212 3301 Deus
235 3247 405 3305 Filius
434 3251 542 3306 Dei
580 3250 795 3306 Patris.
835 3250 970 3305 Non
1008 3251 1164 3305 enim
1197 3252 1390 3319 video,
1424 3252 1689 3323 Domina,

92 3338 324 3405 quomodo
348 3339 452 3394 tibi
483 3339 716 3410 aliquid
737 3339 926 3394 valeat
947 3340 1249 3411 denegari,
1274 3344 1331 3395 et
1344 3341 1493 3412 quin
1513 3357 1623 3411 per
1639 3345 1695 3396 te

95 3423 335 3479 celestem
353 3428 609 3495 patriam
627 3427 970 3483 habeamus.
992 3426 1063 3482 Et
1084 3428 1213 3482 haec
1237 3429 1409 3483 etiam
1431 3430 1695 3484 miranda

94 3509 163 3564 illa
185 3514 368 3586 pietas;
404 3516 521 3571 hoc
549 3517 653 3570 est
679 3518 838 3572 certe
868 3516 1024 3586 quod
1068 3516 1229 3587 cupit
1260 3517 1420 3572 Deus
1469 3521 1695 3589 noster;

95 3596 176 3654 hoc
196 3605 273 3655 est
290 3604 437 3673 quod
459 3603 797 3673 desiderat;
817 3604 930 3659 hoc
952 3607 1064 3674 est,
1088 3620 1196 3675 pro
1218 3621 1335 3676 quo
1355 3609 1413 3661 te
1435 3609 1698 3661 nostram

95 3692 337 3747 constituit
352 3693 436 3748 Ad
446 3692 742 3749 vocatam.
769 3693 904 3748 Non
919 3696 1102 3748 restat
1118 3709 1285 3767 ergo,
1301 3694 1567 3765 Domina,
1584 3696 1699 3750 nisi

94 3779 137 3828 ut
158 3776 269 3833 illos
288 3787 411 3837 tuos
429 3781 870 3837 misericordes
899 3781 1101 3838 oculos
1125 3783 1203 3837 ad
1223 3799 1330 3838 nos
1359 3791 1698 3839 convertas.

94 3861 189 3920 Non
213 3868 416 3940 dubito,
466 3869 743 3939 Domina,
794 3870 950 3942 quod
1000 3871 1052 3925 si
1100 3876 1340 3928 nostras
1389 3873 1701 3943 aspexeris

97 3954 334 4028 miserias,
364 3975 482 4014 non
514 3961 733 4029 poterit
765 3962 861 4014 tua
883 3960 1183 4015 miseratio
1205 3976 1380 4015 suum
1400 3963 1702 4017 retardare

96 4040 329 4103 effectum.
362 4047 694 4117 Mirabiles,
726 4063 956 4103 necnon
985 4049 1270 4103 amabiles
1303 4054 1441 4104 sunt
1469 4052 1704 4105 tuorum

96 4131 204 4186 radii
228 4136 540 4206 oculorum,
567 4137 789 4207 quibus
819 4152 929 4191 nos
946 4137 1136 4192 allicis
1160 4137 1233 4191 ad
1253 4154 1533 4208 amorem,
1559 4140 1616 4193 et
1632 4139 1704 4193 ad

98 4217 274 4286 plenam
293 4225 456 4280 ducis
470 4225 749 4284 salutem.
775 4240 847 4279 ne
865 4228 1184 4280 venenatos
1207 4226 1414 4281 oculos
1434 4227 1704 4281 basilisci

96 4309 368 4369 timeamus.
406 4315 453 4369 0
484 4314 633 4368 Evae
667 4314 822 4369 oculi
866 4316 1155 4381 venenati,
1190 4331 1294 4369 cur
1328 4331 1445 4370 non
1479 4315 1704 4370 offertis

98 4408 177 4451 vos
199 4401 372 4457 oculis
403 4403 696 4475 Virginis,
738 4402 792 4456 si
838 4403 1016 4456 vultis
1065 4403 1381 4472 perfectam
1438 4406 1705 4474 recipere

98 4486 390 4543 medicinam
411 4492 439 4545 ‘2
460 4507 601 4545 nam
617 4507 863 4546 suorum
881 4492 1027 4545 radii
1050 4492 1356 4546 oculorum
1383 4495 1440 4546 et
1466 4491 1702 4545 claritas

98 4577 286 4642 expellit
312 4579 613 4647 tenebras,
648 4578 979 4634 daemonum
1002 4579 1219 4651 effugat
1250 4585 1543 4649 catervas,
1568 4597 1704 4650 pur-

100 4668 174 4729 gat
212 4668 477 4722 mentium
528 4669 693 4736 vitia,
749 4668 922 4721 corda
972 4668 1273 4740 congelata
1316 4671 1602 4739 accendit,
1651 4673 1707 4723 et

100 4747 286 4807 demum
326 4757 396 4811 ad
436 4758 706 4811 coelestia
737 4756 931 4810 trahit.
969 4756 1013 4811 Ο
1043 4757 1221 4826 beati,
1257 4758 1519 4828 Domina,
1554 4774 1707 4828 quos

100 4837 302 4898 viderint
313 4846 467 4900 oculi
479 4846 566 4901 tui
584 4844 596 4900 l
622 4845 749 4900 Hos
762 4860 906 4917 ergo
918 4847 1143 4915 oculos,
1169 4847 1426 4918 benigna
1440 4847 1706 4917 Domina,

101 4924 154 4979 Id
176 4944 268 4984 nos
295 4938 594 4989 converte.

1804 3268 1923 3307 non
1944 3251 2131 3306 nostri
2146 3249 2356 3315 simus,
2379 3248 2484 3301 sed
2505 3248 2756 3301 totaliter
2776 3247 3178 3300 trausformati
3195 3247 3465 3318 inipsum

1803 3341 1851 3396 0
1907 3339 2205 3395 clemens!
2256 3336 2302 3391 0
2323 3337 2423 3408 pia
2446 3336 2467 3389 .'
2523 3336 2569 3390 0
2625 3336 2816 3390 dulcis
2845 3335 3084 3390 Maria!
3123 3334 3170 3389 0
3202 3336 3464 3391 clemens

1804 3427 2229 3501 indigentibus,
2275 3425 2372 3495 pia
2412 3425 2818 3492 exorantibus,
2867 3423 3059 3477 dulcis
3094 3422 3462 3480 amantibus!

1805 3518 1852 3573 Ο
1880 3518 2139 3573 clemens
2169 3514 2611 3586 pcenitentibus,
2646 3514 2738 3584 pia
2771 3512 3237 3582 proﬁcientibus,
3271 3512 3465 3568 dulcis

1808 3604 2339 3676 contemplantibus
2362 3600 2373 3657 l
2398 3602 2444 3657 Ο
2466 3602 2728 3656 clemens
2751 3600 3076 3670 liberando,
3102 3601 3199 3671 pia
3217 3601 3469 3674 largien-

1807 3697 1903 3767 do,
1936 3695 2128 3750 dulcis
2157 3698 2213 3748 te
2235 3691 2507 3747 donando
2534 3688 2546 3744 l
2580 3690 2626 3744 0
2656 3691 2918 3744 clemens
2948 3689 3336 3761 consolando,
3369 3691 3469 3762 pia

1808 3781 2196 3850 consulendo,
2220 3780 2412 3835 dulcis
2443 3778 2797 3833 blandiendo
2822 3776 2835 3833 l
2870 3777 2916 3831 Ο
2948 3778 3210 3832 clemens
3239 3778 3301 3833 in
3327 3793 3467 3834 eon-

1809 3876 2039 3943 spectu,
2067 3872 2165 3940 pia
2193 3868 2252 3922 in
2282 3865 2511 3931 effectu,
2539 3867 2732 3920 dulcis
2757 3867 2815 3919 in
2833 3863 3077 3920 aﬂ'ectul
3108 3865 3383 3920 Clemens
3407 3866 3467 3923 in

1812 3964 2118 4030 conceptu,
2151 3958 2245 4027 pia
2292 3956 2349 4009 in
2382 3959 2646 4025 aspectu,
2680 3954 2873 4007 dulcis
2904 3955 2965 4008 in
3004 3954 3314 4025 amplexu;
3344 3954 3468 4009 cle-

1811 4065 1980 4103 mens
2015 4064 2082 4102 es
2129 4046 2387 4111 afﬂictis,
2426 4046 2522 4112 pia
2569 4042 2891 4111 derelictis,
2928 4042 3120 4095 dulcis
3178 4044 3235 4095 in
3270 4058 3469 4097 amore

1807 4138 2012 4209 justis
2065 4136 2337 4189 Clemens
2380 4147 2446 4185 es
2490 4129 2800 4200 subjectis,
2863 4130 2956 4199 pia
2998 4129 3126 4198 jam
3156 4131 3469 4200 correctis,

1814 4228 2007 4281 dulcis
2056 4222 2433 4296 praedilectis.
2474 4219 2747 4273 Clemens
2789 4233 2855 4271 es
2885 4217 3243 4288 petentibus,
3289 4219 3379 4287 pia
3415 4223 3472 4274 te

1815 4316 2241 4390 quaerentibus,
2274 4311 2465 4365 dulcis
2496 4313 2551 4362 te
2574 4308 2946 4378 pulsantibus
2971 4324 2984 4371 ;
3011 4305 3273 4360 clemens
3296 4306 3472 4361 admi-

1816 4407 2103 4473 rantibus,
2146 4403 2241 4473 pia
2266 4398 2722 4466 exsultantibus,
2756 4395 2947 4450 dulcis
2979 4401 3033 4448 te
3068 4395 3471 4467 gustantibus.

1817 4495 2090 4551 Clemens
2120 4508 2187 4546 es
2218 4488 2616 4561 pauperculis,
2642 4487 2733 4556 pia
2764 4501 2830 4539 es
2852 4485 3173 4554 despectis,
3194 4483 3384 4538 dulcis
3407 4497 3474 4537 es

1819 4585 2069 4641 devotis.
2120 4582 2393 4636 Clemens
2450 4593 2518 4631 es
2562 4576 2828 4642 elevatis,
2876 4575 2967 4643 pia
3017 4573 3473 4643 transformatis,

1819 4675 2011 4730 dulcis
2042 4669 2397 4742 liquefactis.
2417 4668 2464 4721 0
2481 4666 2742 4720 clemens
2760 4662 2773 4719 l
2796 4664 2842 4717 0
2862 4665 2954 4733 pia
2975 4662 2985 4716 l
3022 4664 3068 4717 0
3089 4662 3282 4716 dulcis
3304 4661 3476 4731 virgo

1820 4764 2020 4819 Maria.
2069 4762 2224 4828 Ave,
2258 4758 2475 4827 Maria,
2498 4761 2695 4828 gratia
2722 4753 2918 4825 plena,
2954 4752 3235 4807 Dominus
3266 4755 3479 4806 tecum.

172 5041 3455 5081 MM

543 5376 1264 5459 MEDl'l‘A'I‘lONES
1337 5378 1457 5454 on
1518 5375 1854 5453 GES'I‘IS
1938 5373 2025 5453 υ.
2087 5364 2176 5444 N.
2230 5364 2455 5445 JESU
2524 5353 2951 5438 CHRISTI.

113 5610 394 5696 εθῖἔλθηεθε
420 5622 734 5696 ιἸιγηηυοε
752 5623 1036 5680 Αηεθιιηο
1048 5622 1302 5679 ascribi‘
1320 5616 1626 5696 ᾼηηολάιιβ
1651 5613 1854 5696 νῖῖἔριέτ
1875 5615 2117 5696 tius?!“
2135 5615 2540 5696 "omp’lf'tq‘le,
2558 5599 3485 5696 [5°S_‘i‘,‘.’{?s_l’.§?5’.f3rt.99g???

216 5670 524 5750 mea;
544 5670 1637 5771 sint;antesignanisse
1663 5670 1770 5747 in
1794 5670 2095 5744 ιιειςεηάιτ
2124 5683 2273 5759 apud
2311 5670 2702 5738 θθνῖιαιτιυιηο
2738 5675 2839 5732 Pii
2870 5670 3101 5753 άυίιίθιη
3133 5678 3268 5729 sm“
3296 5670 3402 5725 ίείί
3431 5670 3490 5723 θ’
