3948 6168
1375 264 1835 330 OPUSCULA
1873 263 2192 352 SPURIA
3371 269 3495 332 594

137 468 371 536 Audiens,
400 466 757 537 interrogans
786 465 935 519 mira
957 465 1345 534 secretorum,

190 557 296 625 Fili,
326 555 493 626 inquit
519 553 792 622 Genitrix,
826 552 967 624 quid
997 553 1172 607 nobis
1204 551 1455 608 fecisti?

135 646 227 715 Sic,
251 645 396 713 Jesu,
426 658 548 714 qua:
578 643 766 696 Patris
795 644 953 711 sunt,
986 645 1241 694 tractare
1271 640 1528 696 venisti?

134 731 378 800 Quaesitus
397 731 513 802 jam
542 731 749 798 triduo,
776 746 882 784 cur
912 729 1003 783 sic
1031 728 1302 783 latuisti?

138 823 236 877 Non
261 825 429 874 tamen
456 818 787 873 hominibus
817 817 993 872 subdi
1024 818 1294 872 renuisti.

188 909 257 962 Ex
281 909 401 962 hinc
427 907 494 961 ad
523 907 891 978 trigesimum
921 920 1140 960 annum
1168 904 1498 960 Salvatoris

135 999 277 1053 Miror
299 1009 402 1068 quo
431 1011 494 1050 se
521 995 815 1050 transtulit
849 993 1110 1049 calamus
1143 991 1475 1065 scriptoris.
1537 1057 1540 1060 ,

135 1087 218 1140 Hic
242 1085 418 1141 forsan
447 1084 789 1156 suggeritur
817 1084 1013 1138 animo
1035 1081 1300 1151 lectoris,

133 1175 200 1231 Ne
222 1189 277 1230 se
301 1173 460 1228 nimis
486 1172 783 1244 publicant
810 1176 940 1226 acta
961 1169 1247 1243 iunioris.

716 1260 1080 1333 Baptismus.

185 1350 474 1422 Baptizatus
500 1349 873 1421 postmodum
903 1348 1113 1418 culpas
1150 1348 1393 1402 nostras
1423 1343 1586 1414 lavit,

133 1441 274 1496 Tactu
297 1438 440 1493 sacri
467 1438 734 1508 corporis
757 1453 948 1509 aquas
979 1435 1374 1504 consecravit,

131 1528 271 1595 Quem
296 1527 654 1583 descendens
683 1525 940 1596 Spiritus
971 1526 1218 1579 sanctus
1248 1520 1583 1587 illustravit,

133 1617 328 1688 Voxque
351 1615 537 1670 Patris
567 1615 780 1670 Filium
809 1614 1004 1685 palam
1033 1611 1375 1667 declaravit.

610 1702 907 1773 Jejunium
949 1700 1200 1756 deserti.

181 1810 287 1880 llic,
313 1809 450 1865 Jesu
476 1808 846 1876 dulcissime,
881 1821 1147 1862 eremum
1182 1803 1421 1875 subisti,

130 1898 286 1970 ibique
304 1897 540 1970 jejuniis
571 1912 793 1967 corpus
824 1894 1112 1964 afflixisti,

131 1985 182 2040 Et
203 2001 313 2040 cum
341 1986 476 2041 feris
505 1985 781 2040 habitans
801 1984 981 2039 Satan
1001 1980 1345 2050 confudisti,

131 2073 202 2129 Sic
224 2072 524 2146 exemplum
552 2072 772 2129 efﬁcax
802 2071 1034 2126 cunctis
1072 2068 1390 2140 reliquisti.

564 2161 806 2217 Vocatio
835 2158 1250 2231 apostolorum.

181 2250 403 2324 Cumque
430 2253 526 2306 tua
553 2251 778 2322 placuit
806 2249 958 2302 facta
987 2247 1310 2314 declarare,

131 2341 277 2411 Atque
300 2341 688 2411 pmnitentiam
721 2337 938 2392 mundo
970 2335 1320 2407 praedicare,

130 2428 301 2499 Incipis
327 2428 647 2500 discipulos
678 2433 871 2481 tecum
903 2439 1257 2497 aggregare,

130 2515 298 2581 Quales
324 2517 466 2572 solet
496 2517 789 2571 saeculum
820 2515 972 2568 viles
1004 2516 1302 2582 reputare.

183 2606 402 2675 Respuis
431 2605 845 2675 philosophos,
878 2617 1060 2657 vocas
1089 2600 1420 2669 piscatores
1439 2639 1452 2665 ,

132 2693 182 2746 Et
202 2710 332 2764 quos
359 2695 609 2749 mundus
647 2692 920 2762 despicit,
953 2689 1146 2744 efﬁcis
1177 2688 1476 2742 doctores.

133 2782 188 2837 Ut
211 2783 506 2838 confundas
539 2782 738 2850 fortia,
772 2780 1032 2849 dissipes
1065 2781 1350 2844 tumores,

133 2868 216 2925 Per
232 2869 326 2926 hos
351 2871 451 2927 tibi
479 2871 743 2942 subjicis
774 2873 1066 2923 terrarum
1096 2869 1384 2919 rectores.

754 2953 1068 3011 Miracula.

182 3066 270 3122 Hic
296 3067 476 3141 signis
505 3065 784 3122 miriﬁcis
816 3062 1096 3117 mundum
1127 3057 1458 3126 illustrasti,

133 3156 424 3226 Approbans
453 3154 828 3226 conjugium,
860 3150 1096 3221 nuptias
1125 3146 1387 3201 intrasti.

134 3241 186 3298 Et
205 3244 253 3298 in
277 3245 463 3300 vinum
493 3244 780 3314 optimum
813 3254 1024 3311 aquam
1053 3232 1448 3301 commutasti,

135 3332 304 3387 Paucis
331 3334 502 3388 multa
529 3331 716 3386 millia
738 3329 992 3401 panibus
1017 3323 1250 3381 cibasti.

181 3418 291 3475 Solo
315 3424 406 3476 tuo
434 3420 654 3475 mortui
684 3419 868 3473 verbo
916 3415 1302 3483 suscitantur,

135 3507 307 3564 Cuncta
333 3510 516 3565 morbi
544 3523 772 3582 genera
801 3506 1068 3576 protinus
1103 3488 1402 3569 curantur,

137 3595 263 3665 Mari,
290 3599 471 3653 ventis
498 3598 784 3667 imperas,
818 3609 927 3649 nec
949 3592 1100 3648 ultra
1131 3591 1460 3658 turbantur,

136 3683 366 3758 Praecipis
392 3685 728 3753 daemoniis,
764 3687 820 3738 et
842 3698 980 3737 mox
1010 3679 1363 3752 ei‘fugantur.

547 3769 922 3826 Praedicatio
954 3767 1278 3839 passionis.

186 3878 306 3934 lesu
329 3879 780 3952 benignissime,
813 3879 950 3947 post
988 3876 1159 3946 gesta
1186 3875 1305 3927 tam
1337 3871 1499 3925 clara

139 3963 340 4022 Nuntias
366 3967 700 4038 discipulis,
731 3965 966 4020 intimas
997 3977 1215 4017 amara.

137 4053 416 4112 Turbantur
446 4073 583 4113 mox
613 4057 855 4126 pectora
884 4053 1084 4106 talium
1114 4050 1342 4122 ignara,

141 4141 502 4201 Immolandum
527 4145 774 4218 judicas
802 4145 859 4197 te
888 4141 1088 4195 crucis
1118 4139 1179 4193 in
1208 4153 1332 4192 ara.

193 4233 375 4306 Urbes,
408 4240 607 4291 castra
638 4231 858 4288 circuis
890 4230 1142 4300 populus
1173 4224 1478 4296 docendo;

144 4319 404 4395 Fatigaris,
435 4324 661 4390 esuris,
695 4321 829 4376 sitis
851 4315 1239 4374 discurrendo
1266 4333 1281 4381 ;

144 4408 426 4468 Molestaris
453 4413 734 4468 crebrius
764 4423 978 4479 aspera
1008 4403 1253 4460 ferendo

144 4499 293 4570 Atque
321 4503 502 4572 plebis
533 4499 778 4572 perﬁda
809 4497 959 4551 mala
990 4489 1362 4549 sustinendo.

563 4586 917 4658 Triumphus
946 4583 1308 4638 Palmarum.

201 4676 381 4750 Pergis
402 4678 881 4748 Hierosolymam
911 4672 971 4728 in
1000 4669 1184 4726 asello
1219 4665 1459 4735 sedens,

150 4761 211 4818 Te
236 4766 388 4835 plebs
417 4767 686 4841 gaudens
719 4762 990 4832 suscipit,
1023 4756 1258 4814 obviam
1287 4751 1653 4826 procedens;

152 4849 241 4907 lter
263 4857 460 4912 sternit
486 4855 781 4922 vestibus,
811 4850 1021 4922 palmae
1059 4860 1259 4902 ramos
1291 4842 1550 4911 credens,

151 4936 205 4992 Et
232 4957 422 5015 agmen
449 4943 760 5000 infantium
798 4943 854 4994 te
884 4937 1081 4993 laudat
1117 4933 1424 4989 incedens.

698 5031 851 5086 Acta
881 5028 942 5082 in
981 5025 1149 5080 urbe.

205 5117 361 5176 Urbis
390 5123 575 5177 deﬁes
603 5118 944 5192 praevidens
976 5129 1182 5169 casum
1211 5108 1515 5182 periturae,

155 5204 203 5258 in
225 5210 415 5280 templo
444 5209 846 5265 mercantibus
875 5201 1256 5261 comminaris
1289 5198 1454 5265 dure,

159 5292 380 5353 Invident
408 5315 544 5353 mox
574 5297 896 5368 principes,
928 5307 1081 5366 gens
1113 5288 1327 5344 mentis
1361 5286 1626 5355 impurae,

159 5381 495 5442 Sciscitantes
524 5388 657 5442 talia
688 5402 806 5457 quo
831 5380 1149 5454 praesumis
1172 5377 1313 5449 jure
1329 5375 1358 5428 ?

685 5473 964 5530 Proditio
997 5467 1184 5525 Judae.

214 5560 524 5620 Praedicans
549 5563 806 5638 quotidie
832 5563 1066 5630 tempus
1095 5550 1485 5628 praestolaris,

162 5645 260 5711 Quo
285 5668 380 5722 pro
408 5654 524 5710 vita
561 5651 766 5730 saeculi
795 5652 1043 5708 mortem
1072 5643 1338 5722 patiaris,

1783 3177 1836 3242 ο
1923 3183 1943 3195 .

1745 452 2243 519 Α’Μοοιιὶηαηιιιιο
2269 463 2552 518 immundi
2591 464 2826 518 modum
2859 480 2977 536 quo
3005 464 3320 537 praedaris,

1834 552 2135 623 Spondent
2163 552 2333 608 Judae
2363 553 2636 622 pretium,
2669 556 2731 606 ut
2762 568 2832 607 eo
2865 553 3159 623 prodaris.

2576 639 2774 695 Coena.

1907 745 2150 802 Coenam
2179 761 2311 800 cum
2344 745 2654 815 discipulis
2686 750 2821 815 post
2852 746 2981 800 haec
3014 747 3347 815 celebrasti,

1838 835 2002 902 Quos
2031 835 2114 890 tui
2145 835 2424 906 mysterio
2459 835 2728 904 corporis
2771 835 3005 902 cibasti,

1839 925 2034 981 Pedes
2064 923 2273 977 levans
2304 922 2561 994 singulis
2592 926 2648 977 te
2680 923 2999 977 humiliasti
3026 941 3040 988 ;

1844 1013 2018 1085 Ipsos
2047 1013 2182 1083 post
2202 1009 2332 1066 hac
2362 1010 2579 1083 pabulo
2608 1011 2774 1066 verbi
2805 1011 3120 1066 roborasti.

2415 1115 2622 1170 Oratio
2658 1117 2720 1170 in
2749 1117 2942 1172 horto.

1918 1223 2085 1278 Tunc
2103 1211 2296 1294 palam
2325 1220 2634 1292 discipulis
2665 1224 2912 1276 mortem
2940 1220 3293 1293 pradixisti,

1849 1311 1922 1368 Et
1947 1315 2249 1367 auctorem
2280 1309 2546 1365 criminis
2574 1310 2786 1365 Judam
2818 1310 3151 1379 ostendisti,

1847 1400 2156 1472 Oransque
2185 1415 2291 1470 pro
2325 1399 2600 1454 omnibus
2631 1399 2855 1470 gratias
2885 1398 3081 1470 egisti,

1847 1488 1918 1545 Et
1947 1504 2240 1562 egressus
2271 1487 2542 1558 protinus
2573 1487 2807 1541 hortum
2837 1487 3116 1542 introisti.

1918 1576 2142 1633 Ducem
2172 1590 2290 1631 nox
2318 1575 2726 1646 praecluserat,
2765 1590 2972 1630 omnes
3003 1574 3223 1643 exiere,

1846 1666 2153 1739 Capitque
2185 1678 2317 1719 cum
2347 1663 2523 1718 taedio
2553 1663 2736 1718 Jesus
2765 1679 3004 1734 pavere,

1848 1755 2163 1825 Monetque
2191 1752 2520 1823 discipulos
2551 1752 2854 1823 paululum
2885 1753 3118 1820 sedere,

1767 1822 1822 1886 Β
1850 1844 1928 1900 Ut
1957 1822 2164 1898 orandi
2189 1822 2444 1912 spatium
2472 1822 2671 1895 valeat
2697 1841 2936 1894 habere.

1921 1931 2077 1986 Ecce
2105 1931 2288 1986 Jesus
2319 1928 2538 2001 legitur
2567 1944 2793 1998 pavens
2817 1927 3150 1982 contristari
3179 1947 3191 1990 ;

1850 2022 1985 2078 Non
2017 2021 2345 2091 praesumat
2366 2017 2548 2089 igitur
2577 2017 2832 2088 quisque
2862 2016 3178 2088 indignari,

1851 2109 1916 2166 Si
1945 2108 2244 2164 tristatum
2275 2106 2610 2178 quempiam
2640 2106 2852 2159 viderit
2879 2105 3132 2172 turbari,

1851 2198 1958 2255 Pie
1988 2196 2180 2268 magis
2209 2195 2444 2250 studeat
2471 2194 2634 2247 illum
2665 2192 2981 2248 consolari.
3037 2192 3047 2202 '

2407 2300 2604 2354 Sudor
2635 2299 2964 2367 sanguinis.

1926 2412 2092 2466 Tunc
2120 2409 2469 2479 praecedens
2519 2405 2814 2458 modicum
2846 2404 3024 2457 humo
3073 2417 3138 2457 se
3171 2399 3519 2471 prostravit,

1855 2499 1928 2554 Et
1955 2497 2267 2554 transferri
2299 2495 2541 2550 calicem
2572 2510 2604 2546 a
2635 2509 2700 2547 se
2729 2492 3081 2562 postulavit;

1855 2588 1973 2644 Sed
2002 2588 2198 2641 Patris
2231 2583 2472 2638 arbitrio
2504 2582 2642 2636 illud
2676 2580 3142 2647 commendavit;

1856 2676 2010 2732 Ecce
2041 2691 2179 2729 mox
2211 2673 2579 2744 sanguineus
2621 2671 2804 2723 sudor
2835 2668 3149 2722 emanavit.

1927 2764 2071 2830 Quis
2103 2777 2361 2833 unquam
2393 2757 2724 2813 mortalium
2755 2757 2829 2812 ob
2860 2757 3067 2812 mortis
3101 2755 3410 2809 horrorem

1857 2853 2110 2908 Auditur
2130 2850 2521 2922 sanguineum
2554 2847 2784 2901 fudisse
2817 2845 3096 2900 sudorem
3115 2845 3144 2897 ?

1859 2942 1948 2997 Ex
1975 2941 2089 2996 hoc
2120 2939 2323 2994 forsan
2352 2936 2591 2990 instruit
2619 2935 2922 3004 Scriptura
2953 2934 3254 2988 lectorem.

1857 3030 1948 3085 Illi
1971 3043 2270 3100 nunquam
2303 3025 2556 3079 similem
2589 3023 2778 3077 fuisse
2801 3023 3085 3077 dolorem.

2551 3128 2826 3201 Captura.

1931 3239 2119 3295 Adest
2147 3237 2342 3293 statim
2381 3234 2664 3306 proditor,
2697 3233 3018 3304 multisque
3048 3229 3318 3296 vallatur,

1865 3330 1943 3386 Ut
1973 3328 2288 3399 impiorum
2318 3323 2591 3380 manibus
2623 3323 2910 3377 innocens
2938 3320 3220 3388 tradatur,

1866 3419 1938 3474 Et
1957 3418 2224 3473 salutans
2257 3413 2505 3468 subdole
2533 3413 2741 3467 Jesum
2765 3411 3088 3478 osculatur,

1865 3507 1981 3564 Sed
2013 3507 2194 3562 Jesus
2223 3502 2632 3559 blandissimis
2663 3500 2864 3556 verbis
2895 3499 3051 3553 hunc
3087 3494 3312 3550 affatur.

1937 3596 2026 3651 Ad
2057 3594 2236 3667 quod,
2272 3592 2460 3664 inquit
2489 3590 2798 3659 Dominus,
2830 3589 3038 3656 amice,
3071 3583 3336 3640 venisti?

1866 3685 2020 3739 Num
2051 3687 2115 3738 ut
2142 3682 2344 3737 tradas
2377 3679 2583 3735 osculo
2605 3695 2778 3750 quem
2802 3676 2927 3750 jam
2955 3672 3318 3730 vendidisti?

1865 3773 2199 3828 vaierunt
2227 3770 2498 3842 protinus
2519 3771 2758 3823 ruentes
2791 3764 3067 3832 ministri,

1865 3861 1992 3917 Nec
2022 3863 2304 3915 verentur
2333 3858 2460 3912 ﬁeri
2490 3861 2896 3928 peremptores
2927 3851 3170 3909 Christi.

1937 3950 2083 4016 Quis
2116 3947 2316 4002 mirari
2345 3945 2567 4000 sufﬁcit
2598 3945 2655 3999 in
2685 3944 2798 3999 hoc
2827 3943 3214 4008 Salvatorem,

1870 4038 2139 4110 Ejusque
2168 4035 2482 4090 miriﬁcum
2511 4032 2772 4104 pectoris
2800 4031 3105 4085 dulcorem
3126 4030 3154 4082 ?

1871 4128 1959 4182 En
1989 4127 2243 4180 amicum
2272 4123 2532 4178 nominat
2561 4120 2837 4176 hostibus
2868 4118 3158 4190 pejorem,

1871 4215 2202 4271 Admittens
2227 4213 2298 4265 ad
2330 4210 2601 4266 osculum
2632 4208 2797 4279 pacis
2826 4207 3205 4278 proditorem.

1941 4304 1988 4359 Ο
2016 4303 2168 4358 Juda
2196 4299 2552 4368 miserrime,
2587 4301 2647 4352 ut
2677 4295 2817 4367 quid
2849 4295 2937 4349 sic
2967 4291 3193 4366 egisti?

1873 4391 2090 4449 Osculo
2122 4389 2432 4462 paciﬁcum
2463 4386 2596 4440 neci
2627 4383 2938 4453 tradidisti,
2977 4391 2982 4396 ‘

1872 4483 2063 4548 Quare
2085 4477 2393 4534 beneﬁciis
2424 4475 2515 4530 sic
2545 4475 2794 4529 abutens
2828 4471 3072 4540 Christi,

1874 4570 2056 4626 Bonis
2089 4568 2238 4622 mala
2267 4565 2520 4621 reddere
2552 4579 2670 4618 non
2701 4560 3036 4616 erubuisti?

1945 4657 2261 4714 Mitissima
2291 4671 2438 4710 voce
2467 4651 2745 4724 postulati

1879 4746 2064 4813 Quem
2093 4745 2380 4817 quaerant,
2416 4743 2693 4797 continuo
2725 4740 3008 4796 corruunt
3036 4734 3336 4808 prostrati,

1881 4836 2032 4891 Hinc
2061 4835 2314 4904 pensent
2341 4846 2518 4903 quam
2544 4845 2757 4901 aspera
2787 4828 2898 4883 erit
2918 4841 3035 4881 vox
3055 4825 3186 4879 irati

1884 4922 2072 4995 Cuius
2102 4921 2285 4976 verba
2317 4919 2509 4974 dulcia
2537 4918 2933 4991 nequiverunt
2959 4915 3097 4985 pati.

1955 5009 2436 5080 Comprehensus
2467 5009 2720 5079 denique
2750 5006 3020 5076 nequiter
3048 5001 3347 5070 tractatur,

1880 5099 2147 5156 Vinculis
2179 5097 2500 5166 atrocibus,
2537 5097 2686 5152 diris
2717 5094 3103 5163 mancipatur,

1879 5189 1978 5244 Sic
2006 5203 2160 5259 agno
2192 5186 2506 5240 mitissimo
2539 5201 2679 5240 vere
2710 5184 3086 5253 comparatur

1881 5278 1990 5343 Qui
2031 5292 2140 5330 nec
2171 5275 2357 5329 minas
2389 5275 2603 5345 ingerit
2633 5288 2823 5342 neque
2855 5270 3196 5325 reluctatur.

1953 5365 2226 5420 Salvator
2253 5363 2596 5430 mitissime,
2631 5377 2806 5433 quam
2834 5360 2986 5415 male
3018 5357 3291 5414 vexaris!

1954 5455 2084 5509 Jam
2115 5453 2284 5508 solus
2323 5451 2704 5521 relinqueris,
2739 5450 2906 5504 solus
2937 5448 3265 5502 infestaris.

1881 5543 2140 5616 Fugiunt
2169 5539 2464 5611 discipuli,
2492 5539 2660 5594 solus
2692 5537 3033 5608 retentaris,

1879 5630 2233 5710 Opprobriis
2265 5629 2448 5685 variis
2479 5629 2792 5704 sputisque
2822 5626 3093 5683 foedaris.
