3948 6168
419 310 562 372 .595
1520 302 1586 363 s.
1621 303 1997 366 ANSELMI
2032 301 2439 366 LUCENSIS
2470 302 2882 365 EPISCOPI.
3720 306 3810 372 596

958 507 1124 575 Fuga
1158 503 1595 573 discipulorum.

522 598 624 651 Eia
656 612 811 649 nunc
845 611 960 664 quo
992 595 1218 663 fugitis,
1253 594 1343 645 vel
1375 592 1636 660 latitatis,

449 685 559 751 Qui
590 699 779 752 nuper
811 699 941 735 cum
976 683 1223 734 Domino
1264 697 1371 734 vos
1407 680 1549 733 mori
1578 680 1865 748 jactalis‘?

452 774 566 827 Sed
600 772 762 841 prior
785 787 888 840 pro
921 771 1195 823 omnibus
1228 774 1471 823 mortem
1504 769 1661 822 subit
1694 768 1900 839 gratis,

454 861 543 914 Ne
573 866 678 930 pro
710 860 840 928 ipso
875 858 1244 927 postmodum
1269 858 1417 909 mori
1448 857 1726 910 timeatis.

1059 946 1237 1001 Petri
1270 946 1524 1016 negatio.

528 1037 799 1108 Sequens
829 1038 1045 1089 Pctrus
1086 1036 1261 1106 longe
1294 1033 1505 1087 atrium
1537 1033 1791 1102 intravit,

456 1126 571 1181 Sed
604 1126 673 1180 ad
708 1141 912 1179 vocem
944 1123 1176 1178 feminae
1209 1124 1413 1176 Jesum
1443 1126 1534 1175 ter
1575 1121 1831 1193 negavit,

456 1215 638 1280 Quem
659 1214 794 1267 dum
825 1215 1032 1268 Jesum
1060 1212 1323 1281 respicit,
1357 1211 1549 1265 ﬂendo
1583 1210 1928 1280 suspiravit,

456 1303 527 1358 Et
555 1302 772 1357 amaris
804 1302 1082 1372 lacrymis
1114 1301 1318 1370 culpas
1352 1300 1627 1369 expiavit.

1015 1390 1180 1444 Judae
1211 1388 1571 1459 desperatio.

531 1481 754 1535 Videas
782 1484 917 1550 post
946 1479 1076 1533 haac
1107 1477 1371 1547 proditor
1400 1476 1558 1546 quod
1578 1476 1760 1530 Jesus
1791 1475 2120 1544 damnatur,

459 1570 675 1625 Detulit
704 1572 1021 1640 argenteos
1052 1567 1270 1637 quibus
1302 1566 1687 1632 vendebatur,

462 1657 532 1712 Et
563 1657 876 1723 recedens,
908 1656 1118 1727 laqueo
1152 1655 1335 1708 miser
1357 1653 1719 1721 suffocatur;

460 1746 558 1800 Sic
590 1745 865 1800 mercede
900 1759 1162 1815 congrua
1196 1744 1345 1797 latro
1376 1742 1736 1812 prmmiatur.

1035 1832 1268 1886 Christi
1298 1831 1559 1902 injuriae.

536 1922 666 1975 Nox
692 1920 983 1974 insomnis
1017 1920 1211 1989 itaque
1244 1923 1360 1973 tota
1387 1918 1732 1986 ducebatur,

466 2009 639 2063 Nulla
670 2024 922 2079 prorsus
955 2009 1192 2078 requies
1224 2008 1366 2062 Jesu
1390 2007 1800 2077 praestabatur.

461 2098 864 2153 Ministrorum
895 2097 1070 2166 impia
1099 2098 1269 2167 plebs
1302 2097 1644 2167 injuriatur;

465 2187 664 2258 Alapis
696 2190 753 2241 et
782 2186 1049 2261 colaphis
1081 2187 1366 2240 innocens
1397 2187 1698 2238 tractatur.

1004 2274 1208 2346 Iniqua
1240 2274 1553 2328 accusatio.

534 2363 717 2433 Falsi,
748 2364 926 2433 Jesu,
962 2367 1166 2417 contra
1197 2365 1251 2417 te
1282 2367 1467 2417 testes
1501 2361 1880 2431 inducuntur,

462 2454 808 2524 Tacensque
842 2453 1188 2507 dissimulas
1222 2455 1431 2504 cuncta
1463 2466 1595 2522 qum
1628 2450 1923 2516 dicuntur,

464 2542 634 2595 Mane
666 2541 819 2594 facto
852 2541 1125 2593 manibus
1159 2540 1392 2593 vincula
1423 2543 1755 2593 nectuntur.

466 2630 555 2683 Ad
587 2629 832 2682 Pilatum
865 2628 1139 2695 traheris,
1172 2629 1497 2698 hostesque
1528 2630 1877 2697 sequuntur.

539 2716 860 2771 Accusaris
891 2717 1183 2786 nequiter,
1217 2717 1323 2771 sed
1356 2716 1499 2771 nibil
1533 2716 1849 2786 probatur;

468 2805 799 2877 Finguntur
830 2805 1156 2870 mendacia,
1187 2821 1391 2859 verum
1424 2805 1770 2873 occultatur,

468 2895 593 2949 Nec
626 2894 839 2949 latebat
861 2894 1125 2965 judicem
1156 2895 1311 2965 quod
1345 2894 1508 2946 fraus
1541 2897 1832 2963 operatur.

470 2984 605 3039 Ideo
635 2987 691 3038 te
721 2984 967 3053 perdere
1000 2998 1229 3053 praeses
1262 2983 1593 3047 verebatur.

542 3074 797 3128 Herodis
830 3073 1173 3142 aspectibus
1206 3075 1340 3142 post
1368 3073 1496 3127 haec
1535 3074 1951 3142 praesentatus,

470 3163 787 3233 Multisque
818 3162 1196 3218 sermonibus
1226 3165 1431 3216 tacens
1465 3162 1795 3232 rogitatus;

470 3252 552 3307 Te
581 3268 689 3306 rex
719 3267 852 3307 cum
884 3252 1147 3306 exercitu
1182 3253 1406 3320 sprevit
1435 3250 1815 3322 indignatus;

470 3341 723 3395 Praesidi
753 3342 1060 3395 reduceris
1094 3343 1260 3395 veste
1293 3339 1659 3394 candidatus.

541 3429 732 3484 Judaei
761 3431 901 3483 tunc
930 3430 1128 3483 acrius
1160 3429 1378 3481 instant
1407 3429 1783 3497 accusantes,

473 3517 730 3573 Herodis
761 3533 827 3570 ac
856 3516 1135 3585 praesidis
1165 3516 1388 3570 foedere
1421 3516 1710 3571 laetantes.

473 3607 773 3660 Patienter
801 3606 1021 3660 toleras
1056 3620 1233 3659 canes
1268 3605 1631 3658 oblatrantes

474 3693 545 3749 Et
575 3695 797 3764 iniquis
828 3695 1029 3748 verbis
1063 3699 1117 3746 te
1150 3693 1458 3748 laniantes.

545 3784 861 3838 Tacentem
891 3782 963 3836 ad
993 3782 1185 3836 omnia
1208 3781 1398 3852 judex
1429 3780 1772 3849 admiratur,

476 3872 566 3928 Ab
595 3872 746 3942 ipsis
778 3873 1008 3941 eripere
1039 3872 1244 3926 Jesum
1275 3876 1655 3926 conconatur.

475 3961 591 4017 Sed
622 3961 905 4017 tumultus
936 3961 1135 4031 populi
1166 3961 1382 4032 ingens
1414 3962 1757 4030 suscitatur,

478 4050 549 4105 Et
576 4050 768 4122 plebis
801 4067 915 4105 vox
946 4051 1180 4105 insonat
1211 4054 1272 4104 ut
1300 4050 1700 4121 crucifigatur.

545 4140 592 4195 Ο
620 4156 770 4213 gens
801 4138 1249 4209 nefandissima,
1282 4155 1464 4211 quare
1494 4138 1585 4193 sic
1614 4138 1838 4210 egisti?

475 4229 839 4285 Salvatorem
869 4230 1195 4301 abnegans,
1220 4229 1463 4300 impium
1493 4228 1711 4299 petisti,

476 4318 547 4373 Et
576 4318 863 4374 latronem
893 4318 1126 4389 eligens
1155 4318 1455 4372 Christum
1486 4317 1794 4388 perdidisti
1816 4336 1831 4384 ;

476 4408 575 4463 Sic
607 4407 680 4462 ab
711 4422 781 4462 eo
814 4407 1042 4477 despici
1064 4407 1203 4477 jure
1236 4407 1526 4462 meruisti.

1037 4495 1217 4566 Impia
1250 4496 1571 4550 sententia.

547 4585 772 4639 Videns
795 4582 982 4654 judex
1012 4583 1265 4653 denique
1294 4598 1362 4638 se
1394 4582 1472 4637 nil
1503 4584 1850 4654 praevalere,

475 4674 591 4729 Sed
623 4673 816 4745 magis
850 4674 908 4726 in
938 4671 1150 4742 populo
1184 4672 1491 4726 tumultum
1520 4687 1762 4744 augere,

474 4764 771 4818 Judicavit
799 4761 924 4817 ﬁeri
956 4762 1111 4832 quod
1143 4760 1201 4813 hi
1232 4760 1472 4829 petiere.

478 4852 745 4908 Exsultat
775 4866 926 4925 gens
956 4849 1218 4921 perﬁda;
1252 4850 1347 4904 sui
1375 4850 1634 4904 doluere.

640 4997 649 5003 _
1117 4938 1491 5011 Flagellatio.

549 5032 823 5086 Traditur
852 5030 1157 5099 militibus,
1190 5028 1445 5083 vinculis
1478 5032 1755 5097 arctatur,

475 5121 567 5174 Ad
597 5118 928 5174 columnam
959 5119 1209 5188 sistitur,
1254 5118 1399 5172 dure
1428 5118 1781 5189 ﬂagellatur,

477 5208 751 5278 Undique
780 5210 1131 5263 verberibus
1165 5223 1383 5278 corpus
1415 5212 1792 5275 cruentatur;

476 5295 770 5366 Sepelitur
798 5297 1008 5365 pietas,
1042 5296 1206 5351 furor
1236 5296 1587 5351 dominatur.

548 5383 703 5438 Ecce
726 5398 863 5438 caro
893 5387 1091 5438 tenera
1124 5384 1203 5454 pii
1242 5384 1587 5454 Salvatoris,

479 5472 568 5526 Ad
600 5470 927 5526 columnam
962 5473 1232 5542 nequiter
1263 5476 1553 5527 coarctata
1586 5473 1751 5543 loris,

477 5561 573 5615 Sic
604 5560 854 5631 ﬂagellis
887 5559 1130 5614 caeditur
1163 5562 1323 5631 impii
1356 5564 1616 5618 tortoris.

474 5650 638 5719 Quod
669 5652 867 5723 patent
896 5649 1144 5720 vestigia
1180 5666 1334 5703 nunc
1367 5668 1554 5723 usque
1587 5652 1840 5706 cruoris.

2134 505 2195 566 Α

2778 501 2952 556 Varia
2983 503 3316 573 opprobria.

2295 591 2439 644 Post
2470 591 2804 645 conﬂictum
2837 591 3149 646 verberum
3181 592 3313 644 vide
3342 591 3476 661 quid
3511 580 3733 663 agatur:

2230 680 2503 748 Purpura
2535 680 2813 746 induitur,
2849 680 3040 749 spinis
3073 685 3409 745 coronatur,

2225 769 2467 822 Arundo
2502 769 2559 820 in
2593 769 2915 837 dexteram,
2948 770 3118 840 quasi
3150 775 3468 838 sceptrum,
3500 769 3669 836 datur,

2229 855 2298 909 Et
2329 856 2562 924 illusus,
2597 857 2853 928 genibus
2885 857 3079 925 ﬂexis,
3115 858 3409 911 adoretur.

2296 944 2619 997 Adoratum
2652 948 2987 1015 conspuunt
3030 945 3238 999 faciem
3277 945 3595 999 candentes.

2227 1031 2469 1086 Feriunt
2499 1034 2786 1087 arundine
2818 1037 3011 1103 caput,
3038 1034 3167 1088 haec
3199 1034 3497 1087 dicentes:

2228 1121 2639 1192 Prophetando
2671 1122 2865 1190 indica
2896 1127 2949 1176 te
2979 1122 3383 1192 percutientes
3408 1140 3423 1188 ;

2230 1211 2473 1266 Talibus
2503 1212 2778 1267 ludibriis
2809 1213 3028 1265 instant
3060 1210 3397 1264 illudentes.

2302 1300 2348 1354 Ο
2377 1316 2553 1371 quam
2582 1300 2827 1371 longum
2851 1299 3087 1372 singula
3116 1299 3269 1354 foret
3301 1313 3594 1367 enarrare,

2229 1390 2345 1444 Sed
2384 1405 2559 1459 quam
2593 1388 2702 1443 fuit
2727 1387 2967 1459 longius
3000 1391 3158 1442 tanta
3190 1387 3491 1441 tolerare?

2231 1476 2463 1533 Lethali
2493 1476 2708 1531 duritia
2739 1480 2970 1532 constat
2999 1476 3268 1532 laborare

2231 1566 2341 1633 Qui
2374 1570 2664 1620 amantem
2694 1565 2887 1619 taliter
2914 1565 3166 1637 negligit
3194 1579 3418 1619 amare.

2306 1655 2461 1709 Ecce
2490 1657 2626 1724 post
2657 1654 2965 1726 angustias
2990 1659 3074 1709 tot
3101 1652 3459 1725 injuriarum

2234 1745 2432 1799 Oritur
2461 1742 2756 1797 acerbitas
2786 1742 2978 1797 denuo
3000 1758 3330 1812 pennarum,

2236 1832 2429 1897 Quare
2460 1831 2547 1885 sic
2581 1831 2936 1901 supplicium
2966 1831 3234 1885 noscitur
3264 1844 3552 1898 amarum,

2240 1922 2391 1975 Dum
2422 1921 2578 1992 quod
2607 1923 2741 1991 post
2770 1923 2962 1974 actum
2993 1924 3085 1974 est
3114 1922 3423 1990 reputatur
3450 1917 3685 1991 parum?

2809 2007 3107 2079 Bajulatio
3133 2009 3357 2062 crucis.

2159 2060 2213 2125 Β
2315 2098 2463 2152 Nam
2495 2114 2600 2169 per
2629 2060 3691 2177 urbismedium—desusiprocedebat,

2241 2186 2497 2257 Suisque
2529 2187 2852 2257 patibulum
2884 2185 3149 2239 humeris
3180 2184 3434 2253 ferebat,

2240 2277 2330 2330 Ad
2359 2274 2542 2343 fores,
2574 2274 2647 2328 ad
2679 2273 2831 2329 ostia
2859 2274 3112 2343 populus
3142 2273 3384 2341 ﬂuebat,

2240 2364 2507 2435 Ejusque
2540 2362 2815 2417 confusio
2856 2361 3113 2433 singulis
3145 2361 3405 2431 patebat.

2307 2451 2566 2506 Occurre
2596 2466 2773 2520 nunc,
2805 2451 3016 2517 anima,
3049 2450 3286 2520 intuens
3319 2452 3608 2503 amantem

2237 2540 2467 2595 Gratias
2498 2540 2570 2593 ad
2601 2539 2925 2610 patibulum
2956 2554 3061 2608 pro
3092 2542 3148 2593 te
3181 2541 3615 2608 properantem,

2238 2630 2534 2699 Sponsum
2565 2632 2729 2683 tuum
2761 2628 2995 2698 respice
3025 2643 3266 2683 crucem
3295 2626 3668 2707 bajulantem,

2238 2718 2362 2772 Tua
2394 2719 2521 2771 suis
2556 2718 2802 2771 crimina
2832 2716 3024 2787 poenis
3057 2717 3420 2785 expiantem.

2308 2806 2623 2875 Triplicem
2658 2806 2888 2860 intueor
2919 2806 3147 2859 turbam
3178 2810 3232 2859 te
3266 2806 3636 2875 sequentem,

2236 2894 2495 2964 Scilicet,
2531 2894 2876 2948 carniﬁcum
2904 2894 3152 2964 primam
3183 2898 3237 2946 te
3269 2896 3651 2963 prementem,

2241 2982 2582 3037 Judaeorum
2613 2983 2853 3036 alteram
2882 2977 3136 3052 prorsus
3167 2981 3537 3049 irridentem,

2166 3110 2216 3170 Ο
2245 3072 2587 3126 Amicorum
2616 3071 2845 3125 tertiam
2875 3070 3046 3125 anxie
3075 3070 3401 3142 lugentem.

2905 3157 3252 3214 Crnciﬁxio.

2315 3249 2574 3305 Tandem
2600 3249 2672 3304 ad
2698 3248 2985 3305 Calvariae
3015 3249 3209 3303 locum
3237 3250 3653 3316 transmeatur,

2247 3338 2318 3393 Et
2347 3339 2565 3394 ibidem
2595 3338 2867 3394 vestibus
2899 3338 3082 3393 Jesus
3111 3338 3424 3407 spoliatur,

2249 3427 2326 3483 Ut
2357 3429 2493 3482 hinc
2524 3427 2779 3499 quisque
2810 3427 3054 3481 militum
3069 3429 3294 3497 partem
3327 3424 3646 3482 sortiatur:

2246 3517 2392 3572 Post
2422 3517 2550 3571 haec
2580 3517 2639 3570 in
2669 3516 2929 3587 patibulo
2961 3515 3158 3570 crucis
3188 3518 3544 3570 coarctatur.

2319 3606 2407 3660 Ad
2439 3605 2683 3675 pudoris
2716 3605 3035 3672 cumulum,
3068 3604 3213 3659 Jesu
3247 3604 3346 3673 mi,
3382 3601 3641 3669 nudaris,

2250 3695 2325 3750 Ut
2354 3695 2546 3749 ventis
2576 3710 2644 3748 ac
2672 3694 2883 3767 frigori
2910 3693 3106 3749 nudus
3129 3693 3454 3763 exponaris
3492 3708 3503 3746 :

2248 3783 2538 3839 lnnocens
2571 3799 2703 3837 cum
2733 3783 2930 3853 impiis
2970 3783 3027 3835 in
3058 3797 3238 3836 cruce
3266 3781 3590 3844 damnaris,

2249 3872 2319 3926 Et
2348 3873 2517 3943 quasi
2551 3873 2669 3925 dux
2701 3871 2967 3925 criminis
2997 3871 3057 3924 in
3086 3869 3276 3924 medio
3308 3870 3553 3924 locaris.

2316 3960 2482 4015 Stant
2507 3977 2541 4014 a
2581 3961 2757 4033 longe
2789 3960 3071 4029 proximi;
3104 3974 3135 4012 a
3169 3958 3329 4013 nullo
3361 3954 3717 4021 consolaris;

2244 4049 2359 4104 Sed
2389 4050 2683 4104 assistunt
2713 4050 2968 4120 undique
2998 4065 3104 4119 per
3131 4062 3284 4119 quos
3318 4047 3637 4114 cruciaris;

2243 4141 2293 4193 Α
2323 4138 2601 4211 malignis
2631 4138 2854 4209 perﬁde
2885 4138 3082 4193 servis
3111 4136 3578 4207 blasphemarls,

2243 4226 2315 4282 Et
2345 4227 2501 4298 quod
2531 4242 2681 4299 pene
2710 4226 2885 4298 pejus
2916 4228 3029 4297 est,
3059 4240 3091 4279 a
3120 4227 3240 4281 tuis
3267 4225 3587 4281 desolaris.

2315 4318 2432 4373 Cor
2459 4320 2693 4372 tumens
2723 4315 3022 4385 superbia,
3055 4315 3223 4369 disce
3256 4330 3377 4370 non
3406 4311 3619 4382 inﬂari,

2245 4407 2369 4462 Nec
2393 4410 2468 4477 te,
2500 4419 2728 4476 quaeso,
2762 4403 2959 4476 pigeat
2988 4403 3199 4459 Jesum
3229 4403 3473 4471 imitari,

2244 4495 2429 4561 Quem
2459 4494 2697 4565 indigne
2728 4493 3030 4562 conspicis
3062 4493 3259 4549 viliter
3290 4492 3554 4562 tractari,

2245 4583 2356 4650 Qui
2382 4599 2507 4653 praa
2537 4582 2768 4637 cunctis
2806 4582 3023 4636 meruit
3050 4595 3289 4652 semper
3320 4578 3616 4635 honorari.

2159 4693 2217 4757 Β
2319 4673 2497 4729 Disce
2526 4672 2737 4727 falsam
2767 4686 3047 4740 spernere
3079 4670 3321 4742 gratiam
3358 4667 3603 4724 honoris

2247 4764 2599 4833 Laudesque
2627 4765 3003 4816 contemnere
3034 4759 3271 4813 humani
3305 4757 3552 4825 favoris,

2245 4853 2394 4908 Dum
2425 4855 2481 4907 te
2510 4852 2685 4906 vilem
2715 4850 2942 4920 reputat
2970 4849 3145 4902 homo
3175 4846 3385 4901 videns
3419 4846 3586 4914 foris,

2246 4942 2333 4997 Tu
2363 4944 2419 4996 te
2452 4941 2631 4995 vilem
2668 4938 2858 4994 oculis
2888 4952 3111 5008 penses
3142 4935 3466 4991 Creatoris.

2318 5030 2395 5086 Ut
2425 5029 2565 5101 quid
2595 5043 2743 5100 ergo
2777 5041 3171 5095 murmurans,
3204 5025 3408 5093 miser,
3435 5018 3762 5095 indignaris.

2247 5120 2310 5175 Si
2341 5134 2538 5174 coram
2569 5115 2910 5171 hominibus
2941 5114 3077 5168 vilis
3108 5113 3428 5184 reputaris,

2249 5208 2320 5263 Et
2347 5209 2540 5280 magis
2571 5207 2631 5261 in
2662 5204 2851 5261 oculis
2883 5204 2986 5258 Dei
3018 5202 3367 5269 confutaris,

2247 5297 2456 5353 Coram
2489 5311 2604 5367 quo
2636 5311 2742 5365 pro
2775 5294 3003 5348 meritis
3037 5292 3173 5347 vilis
3206 5287 3656 5362 comprobaris?

2318 5386 2534 5441 Tensis
2565 5385 2743 5456 longe
2764 5381 3028 5438 brachiis
3059 5396 3269 5435 manus
3298 5377 3722 5435 conclavantur.

2246 5474 2433 5543 Cutis,
2469 5489 2607 5528 caro
2640 5489 2671 5526 a
2702 5472 2892 5526 tribus
2927 5470 3113 5525 clavis
3144 5469 3550 5539 perferantur;

2247 5562 2450 5631 Nervi,
2484 5576 2653 5616 venae
2687 5559 2864 5614 simili
2901 5558 3072 5613 modo
3103 5557 3431 5621 laniantur;

2245 5651 2371 5706 Nec
2401 5652 2475 5705 iis
2507 5654 2699 5704 tamen
2728 5647 2937 5719 perﬁdi
2969 5647 3161 5717 poenis
3194 5646 3498 5701 satiantur.
