3948 6168
175 391 268 455 597
1411 375 1867 444 OPUSCULA
1911 379 2228 444 SPURIA

226 585 339 653 Sed,
367 598 432 638 ne
457 581 599 636 desit
626 579 920 652 quidpiam
947 579 1020 634 ad
1051 577 1258 634 mortis
1290 578 1618 648 horrorem,

173 675 367 729 Ferrum
394 670 557 742 pedes
586 673 897 739 penetrans
929 668 1186 722 cumulat
1216 667 1501 735 dolorem,

169 766 318 834 Atque
343 760 420 814 sic
447 761 724 814 exacuunt
753 757 914 828 impii
937 757 1220 823 furorem,

168 851 533 920 Postponentes
562 847 825 917 nequiter
853 845 1084 900 Domini
1117 845 1407 900 timorem.

220 938 491 993 Horrorem
516 935 795 990 incutiunt
824 933 1015 989 mallei
1049 935 1356 1001 sonantes,

164 1027 422 1096 Cutemque
449 1039 573 1078 cum
603 1023 880 1078 carnibus
912 1024 1091 1078 totam
1123 1021 1518 1087 terebrantes,

166 1115 348 1168 Nervos
373 1127 495 1166 cum
520 1111 837 1166 subtilibus
867 1111 1038 1165 venis
1069 1110 1422 1177 lacerantes,

163 1202 215 1256 Et
236 1215 550 1272 compagnes
578 1201 807 1254 ossium
837 1199 1011 1253 simul
1043 1199 1429 1268 dissipantes.

213 1290 438 1344 Fundunt
465 1290 617 1344 rivos
648 1288 961 1360 sanguinis
990 1287 1187 1342 fontes
1206 1287 1538 1342 Salvatoris

160 1380 433 1448 Properans
461 1378 570 1431 huc
600 1377 792 1431 anima
821 1381 1022 1431 currat
1051 1377 1408 1447 peccatoris,

162 1466 350 1520 Hauriat
376 1467 464 1520 hic
491 1466 786 1536 quidpiam
815 1467 1034 1520 sacrati
1066 1465 1346 1536 liquoris,

157 1553 250 1620 Quo
271 1555 579 1626 frequenter
606 1553 771 1608 liniat
796 1555 1037 1609 vulnera
1068 1553 1314 1608 doloris.

656 1641 865 1698 Oratio
889 1642 952 1696 in
982 1658 1181 1698 cruce.

208 1732 428 1803 Denique
456 1731 729 1786 mellillua
759 1731 942 1786 verba
972 1729 1299 1796 charitatis.

160 1819 330 1874 Premit
354 1820 541 1890 Jesus,
573 1821 807 1875 veniam
836 1824 1046 1890 petens
1077 1819 1414 1887 sceleratis,

157 1906 192 1962 0
213 1912 451 1978 quantum
478 1909 763 1964 exuberat
792 1909 946 1963 unda
977 1909 1214 1980 pietatis
1233 1909 1262 1962 ?

155 1996 254 2051 Non
276 1996 524 2068 desperet
551 1997 765 2052 amodo
797 1998 1113 2070 quisquam
1143 2013 1250 2068 pro
1279 1995 1564 2067 peccatis.

203 2084 544 2158 Cruciﬁgunt,
576 2085 818 2155 laniant,
849 2102 1060 2156 poenas
1092 2083 1466 2153 cumulando,

153 2172 238 2227 Sed
261 2175 509 2244 rependis
539 2175 794 2246 gratiam
826 2190 934 2245 pro
965 2174 1056 2231 eis
1088 2173 1338 2241 orando,

154 2260 251 2314 Non
278 2261 478 2317 difﬁdat
506 2263 804 2332 paenitens
834 2262 1150 2335 quisquam
1180 2261 1517 2334 aliquando,

153 2347 383 2405 Salutaris
411 2353 612 2424 gratim
645 2351 876 2422 copiam
907 2350 1235 2420 pensando.

530 2440 867 2496 Conversio
886 2439 1030 2495 boni
1056 2439 1314 2494 latronis

202 2526 240 2581 Ο
261 2527 571 2583 admiranda
597 2529 793 2600 pietas
822 2529 1104 2583 bonitatis
1133 2527 1378 2597 Christi,

153 2615 216 2668 Ad
239 2618 286 2669 te
312 2617 375 2671 de
402 2617 659 2687 patibulo
693 2617 956 2671 clamans
989 2631 1135 2670 voce
1167 2615 1319 2670 tristi

154 2701 288 2759 Latro
313 2705 439 2774 petit
465 2707 722 2774 veniam,
755 2710 811 2760 et
843 2721 978 2760 mox
1010 2703 1335 2773 indulsisti,

150 2790 243 2854 Quo
263 2808 407 2862 spem
437 2793 863 2863 penitentibus
892 2793 1084 2848 veniae
1115 2793 1350 2847 dedisti.

202 2881 419 2948 l’tedam,
451 2899 625 2954 quam
656 2883 960 2951 sustinuit,
995 2882 1216 2936 crimen
1247 2881 1544 2954 exigebat,

149 2972 490 3041 Atpostquam
521 2973 577 3026 in
611 2972 779 3026 exitu
804 2972 938 3026 vitae
969 2971 1308 3040 poenitebat,

150 3053 339 3112 Veniam
369 3061 760 3132 consequitur
784 3062 980 3114 statim
1010 3077 1184 3132 quam
1201 3059 1454 3130 petebat,

149 3142 199 3198 Et
220 3161 503 3214 perennem
533 3149 790 3221 gloriam
822 3149 994 3204 laetus
1027 3148 1347 3205 obtinebat.

660 3236 822 3312 Ecce
849 3255 1051 3311 Mater
1073 3261 1189 3310 tua.

200 3339 314 3395 Post
334 3342 452 3398 hinc
485 3344 736 3400 Matrem
767 3345 1004 3399 intuens
1037 3343 1218 3398 Jesus
1249 3341 1576 3411 advocavit,

150 3423 358 3501 Eamque
385 3431 682 3504 discipulo
714 3433 895 3488 charo
925 3431 1376 3496 commendavit,

149 3513 508 3593 Virginemque
538 3523 765 3594 virgini
794 3521 1044 3592 pulchre
1075 3521 1348 3589 sociavit,

149 3600 210 3657 Ex
233 3610 351 3663 tunc
379 3609 524 3665 hanc
553 3611 894 3681 discipulus
925 3612 989 3664 ut
1013 3612 1261 3664 matrem
1293 3607 1576 3663 servavit.

197 3693 232 3747 Ο
255 3712 417 3767 quam
447 3699 634 3771 Virgo
669 3699 932 3771 graviter
963 3699 1122 3752 intus
1155 3696 1471 3766 cruciatur,

145 3779 254 3836 Cum
281 3786 466 3841 orbata
493 3788 650 3842 Filio
683 3787 784 3842 alii
817 3786 1297 3854 commendatur;

146 3867 256 3925 Mira
281 3879 646 3932 commutatio
679 3877 887 3931 merito
919 3877 1223 3946 probatur,

144 3954 254 4014 Cum
279 3979 480 4020 servus
512 3982 622 4036 pro
652 3966 900 4020 Domino
930 3965 1098 4019 Matri
1131 3965 1541 4019 commutatur.

833 4071 1008 4126 Sitio.

196 4173 439 4247 Doquens
471 4179 657 4234 Jesus
687 4179 882 4234 denuo
913 4194 925 4233 :
959 4177 1128 4248 Sitio,
1161 4176 1416 4248 dicebat,

146 4259 197 4315 Et
219 4272 421 4322 acetum
450 4269 724 4340 protinus
758 4267 893 4324 felle
925 4268 1060 4340 quis
1093 4266 1402 4335 miscebat,

145 4350 208 4403 Ac
232 4353 471 4413 infusum
501 4359 778 4431 spongiae
809 4358 896 4412 ori
927 4357 1272 4429 porrigebat
1297 4372 1313 4425 ;

143 4438 273 4504 Quod
299 4445 618 4518 degustans
650 4446 972 4518 paululum,
1002 4445 1206 4501 bibere
1236 4445 1490 4500 nolebat.

201 4529 324 4601 Heu,
357 4535 497 4590 Jesu
530 4535 799 4598 mirifice,
836 4535 977 4606 quid
1008 4538 1099 4589 est
1131 4533 1288 4606 quod
1321 4531 1597 4606 agebas?

145 4615 210 4671 Tu
235 4619 295 4675 de
322 4623 413 4678 siti
445 4625 860 4695 conquereris,
894 4623 966 4677 de
998 4638 1174 4678 cruce
1206 4622 1450 4678 silebas.

147 4703 260 4763 Puto
284 4712 430 4782 quod
457 4728 821 4786 magnopere
851 4715 1052 4784 potum
1083 4702 1201 4766 non
1229 4709 1497 4782 petebas,

143 4790 235 4851 Sed
260 4799 496 4857 salutem
529 4803 731 4874 potius
763 4804 1028 4856 nostram
1059 4799 1330 4856 sitiebas.

614 4889 896 4946 Christus
913 4889 1254 4962 exsanguis.

205 4970 372 5032 Venas
395 4975 520 5049 jam
549 4978 951 5034 exhauserunt
981 4977 1155 5031 rivuli
1189 4974 1447 5046 cruoris,

148 5057 420 5122 Evanescit
446 5066 680 5137 pristini
713 5067 952 5138 species
981 5065 1218 5121 decoris
1244 5083 1258 5131 ;

149 5144 345 5208 Vultum
368 5155 533 5211 tabes
555 5159 805 5228 occupat
825 5155 992 5210 lividi
1024 5153 1286 5224 cruoris,

145 5233 221 5290 Sic
244 5243 546 5315 triumphat
575 5245 645 5299 de
677 5245 824 5300 Jesu
855 5245 948 5316 pia
975 5243 1068 5298 vis
1099 5243 1346 5298 amoris.

617 5350 897 5407 Christus
927 5349 1264 5406 tabescens.

199 5452 400 5527 Corpus
425 5457 550 5530 jam
580 5458 950 5527 distenditur,
985 5461 1041 5513 et
1071 5457 1278 5512 fauces
1311 5457 1690 5525 raucescunt,

147 5539 582 5618 Contorquentur
608 5549 779 5619 labia,
815 5547 1012 5602 crines
1042 5546 1534 5618 perhorrescunt.

150 5628 230 5684 Pia
254 5633 517 5708 languent
549 5637 785 5706 lumina,
821 5637 1200 5708 membraque
1232 5636 1564 5708 rigescunt,

151 5716 206 5772 Et
226 5723 386 5780 totius
417 5727 677 5798 corporis
709 5727 871 5782 vires
903 5724 1279 5781 delitescunt.

1773 559 1833 621 Α

2552 579 2832 636 Moritur.

1934 668 2151 722 Vocem
2176 683 2456 739 promens
2482 669 2765 736 ultimam,
2797 669 3026 725 Patrem
3053 673 3362 744 invocasti,

1859 755 2258 827 Spir-itumque
2285 757 2558 812 manibus
2587 757 2721 828 ejus
2748 760 3176 816 commendasti

1859 843 2005 899 Cum
2031 845 2286 900 clamore
2312 847 2509 912 valido
2535 847 2769 901 tandem
2797 849 3102 917 expirasti,

1859 931 1956 988 Sic
1983 934 2195 990 salutis
2223 935 2483 990 omnium
2514 951 2666 1006 opus
2695 939 3142 993 consummasti.

2441 1023 2550 1080 Sol
2578 1024 2951 1080 obscuratur.

1930 1113 2080 1166 Dum
2106 1111 2376 1168 Salvator
2399 1113 2638 1182 patitur,
2667 1113 2800 1168 coeli
2825 1115 3244 1182 obscurantur,

1866 1200 2075 1256 Velum
2102 1202 2302 1271 templi
2331 1201 2642 1270 scinditur,
2672 1203 2890 1256 tumbae
2918 1207 3283 1274 reserantur,

1858 1287 2085 1343 Scissis
2113 1288 2296 1359 petris
2328 1304 2581 1359 corpora
2607 1290 2786 1344 multa
2813 1292 3197 1361 suscitantur,

1859 1376 1929 1432 Et
1954 1379 2178 1431 naturae
2208 1377 2514 1431 Dominum
2542 1378 2660 1449 pati
2687 1382 3109 1449 protestantur.

1927 1465 1974 1520 Ο
1997 1467 2279 1536 quantum
2313 1465 2613 1521 Judaicam
2644 1470 2880 1539 gentem
2907 1484 3026 1523 nox
3051 1467 3377 1541 premebat,

1857 1552 2000 1620 Quae
2028 1556 2183 1608 tanta
2209 1553 2491 1608 miracula
2519 1555 2729 1610 videns
2755 1571 2872 1611 non
2904 1557 3185 1613 credebat
3212 1557 3226 1614 l

1859 1641 1975 1698 Sed
2007 1657 2180 1714 quem
2208 1658 2324 1697 vox
2349 1643 2687 1713 prophetica
2717 1660 2848 1698 cum
2878 1646 3071 1717 signis
3098 1646 3429 1716 promebat.

1862 1731 2030 1786 Morti
2058 1731 2298 1786 tradens
2324 1731 2500 1801 impie
2526 1733 2798 1804 nequiter
2825 1734 3162 1803 spernebat.

2389 1819 2677 1876 Planctus
2717 1821 3001 1893 Virginis.

1781 1885 1832 1948 Β
1933 1910 2103 1964 Astat
2126 1907 2309 1980 Virgo
2336 1909 2634 1980 virginum
2661 1885 3200 1980 cruciVSalvatoris,

1863 1995 1987 2052 Stat
2011 1997 2296 2051 transfixa
2323 1998 2520 2069 gladio
2549 1998 2733 2052 intimi
2761 1999 3009 2068 doloris,

1864 2085 1996 2140 Nati
2026 2101 2228 2156 pennas
2257 2087 2514 2155 intuens,
2543 2091 2600 2140 et
2626 2088 2788 2142 rivos
2815 2089 3050 2143 cruoris

1861 2173 2024 2229 Intus
2052 2174 2148 2228 illa
2174 2175 2430 2229 sustinet
2454 2175 2610 2245 quod
2641 2176 2735 2229 hic
2759 2176 2890 2230 tulit
2917 2176 3086 2231 foris.

1932 2264 2151 2317 Astans
2179 2262 2561 2334 Unigenitum
2586 2263 2853 2318 Genitrix
2885 2265 3169 2333 deplorat,

1859 2351 1985 2416 Quo
2013 2367 2079 2406 se
2105 2354 2291 2406 vertat
2320 2351 2514 2420 anxia,
2543 2352 2694 2421 proh
2722 2352 2890 2407 dolor
2915 2351 2926 2407 l
2957 2354 3222 2423 ignorat:

1862 2439 2031 2493 Nunc
2062 2438 2306 2510 plangit,
2338 2453 2492 2492 nunc
2523 2437 2735 2509 ejulat,
2765 2456 2920 2494 nunc
2949 2457 3197 2511 gemens
3223 2441 3448 2511 adorat,

1860 2526 1974 2582 Sed
2007 2531 2216 2598 gestus
2242 2525 2548 2598 virgineos
2573 2526 2743 2582 dolor
2769 2544 2882 2582 non
2910 2529 3178 2584 deﬂorat.

1933 2617 2108 2670 Vultu
2138 2615 2322 2669 Mater
2348 2616 2524 2669 anxio
2551 2617 2790 2685 respicit
2818 2618 3190 2686 pendentem,

1861 2705 2222 2776 Sanguinem
2253 2704 2600 2758 vulneribus
2626 2705 2870 2777 largiter
2900 2706 3261 2775 fundentem,

1862 2794 1991 2847 Nati
2021 2793 2207 2847 cernit
2233 2792 2442 2847 faciem
2470 2793 2528 2847 in
2555 2798 2739 2848 morte
2771 2795 3104 2864 pallentem,

1862 2882 2150 2936 Nimirum
2179 2881 2268 2936 sic
2299 2882 2473 2935 laniat
2499 2898 2666 2936 suam
2693 2882 2862 2936 dolor
2889 2888 3164 2937 mentem.

1935 2971 2104 3024 Nunc
2133 2971 2394 3038 reposcit
2419 2970 2680 3024 debitum
2706 2975 2875 3025 atrox
2896 2971 3000 3041 jus
3029 2977 3252 3026 natura;

1863 3059 2028 3125 Quod
2058 3059 2171 3114 sibi
2200 3059 2445 3113 detinuit
2475 3061 2615 3113 olim
2640 3060 2656 3079 '
2685 3076 2988 3128 pressurae
3014 3077 3026 3115 :

1866 3150 2200 3218 Peenasque
2228 3163 2361 3201 cum
2391 3147 2594 3202 fenore
2619 3153 2969 3218 extorquent
2997 3165 3220 3217 usurae,

1786 3209 1837 3272 Ο
1867 3235 2009 3301 Quae
2041 3209 2336 3290 conmmuni
2366 3236 2654 3290 matribus
2683 3209 3229 3308 debebanturjure'.

1939 3325 2143 3380 Denuo
2168 3325 2503 3396 parturiens
2529 3325 2818 3396 experiris
2846 3341 3006 3394 vere,

1860 3412 2044 3479 Quam
2072 3414 2149 3468 sit
2174 3412 2344 3467 Matri
2370 3413 2670 3484 proprium
2696 3415 2830 3467 nato
2858 3414 3179 3468 condolere
3206 3431 3220 3484 ;

1863 3503 2012 3557 Nam
2037 3518 2271 3558 amaros
2299 3503 2556 3573 gemitus
2585 3502 2785 3557 cordis
2812 3505 3120 3558 extorsere

1864 3591 2134 3662 Dolores,
2167 3607 2320 3662 quos
2346 3591 2559 3646 Filium
2587 3591 2784 3646 cernis
2813 3591 3133 3646 sustinere.

1933 3679 2136 3736 Gladio
2162 3680 2544 3752 transfigeris
2571 3679 2794 3734 doloris
2827 3695 3056 3751 revera,

1863 3769 2058 3824 Tensa
2085 3770 2295 3824 videns
2323 3769 2455 3824 Filii
2487 3770 2730 3825 brachia
2757 3786 3027 3841 procera,

1863 3858 2138 3913 Peudens
2167 3874 2383 3927 corpus
2411 3859 2641 3930 regium
2670 3859 2830 3913 velut
2859 3859 2918 3913 in
2940 3863 3180 3928 statera,

1865 3947 2245 4017 Membraque
2274 3946 2575 4001 fundentia
2604 3948 2958 4018 sanguinem
2987 3948 3244 4003 sincera.

2448 4033 2666 4088 Vulnus
2685 4034 2958 4090 laterale.

1937 4123 2146 4195 Cujus,
2174 4139 2400 4196 quaeso,
2431 4123 2622 4178 valeat
2649 4138 2816 4177 mens
2846 4126 2945 4178 aut
2976 4123 3178 4194 lingua
3207 4123 3320 4176 fari

1863 4211 2151 4278 Quantum
2181 4211 2362 4284 Virgo
2395 4212 2656 4266 creditur
2685 4212 2844 4266 intus
2877 4211 3156 4278 cruciari,

1865 4301 2015 4356 Dum
2043 4301 2230 4366 cernit
2248 4299 2374 4372 jam
2400 4299 2614 4355 mortui
2642 4301 2796 4354 latus
2825 4299 3150 4369 vulnerari,

1868 4391 2058 4462 Atque
2089 4389 2207 4444 nati
2235 4391 2466 4444 viscera
2492 4389 2695 4443 lancea
2723 4387 2975 4442 rimari?

2313 4477 2429 4532 Exi
2440 4477 2519 4532 vit
2549 4477 2796 4548 sanguis
2827 4482 2886 4531 et
2917 4493 3084 4549 aqua.

1789 4540 1844 4602 D
1942 4567 2172 4637 Corpus
2197 4566 2434 4638 quidem
2465 4540 2759 4621 mortuum
2788 4565 2866 4620 nil
2889 4540 3012 4638 jam
3040 4564 3331 4619 sentiebat
3357 4580 3372 4628 ;

1870 4655 1987 4711 Sed
2014 4658 2340 4709 maternum
2371 4653 2573 4708 lancea
2602 4656 2810 4724 pectus
2837 4653 3246 4724 transﬁgebat,

1868 4743 2053 4810 Quam
2079 4743 2254 4798 lixam
2280 4744 2339 4796 in
2366 4741 2497 4796 Filii
2524 4741 2706 4797 latere
2733 4743 2988 4798 videbat.

1868 4833 1994 4898 Quo
2024 4837 2081 4887 et
2106 4847 2276 4902 aquae
2302 4835 2360 4886 et
2385 4830 2698 4903 sanguinis
2724 4831 2921 4901 liquor
2945 4829 3242 4884 effluebat.

1940 4921 2250 4989 Miserere,
2284 4921 2552 4989 Domina,
2581 4919 2820 4974 miseris
2846 4918 3115 4990 dignare,

1870 5011 2030 5077 Quos
2057 5009 2238 5064 Jesus
2265 5008 2557 5064 redimere
2587 5007 2866 5080 dignatur
2890 5010 3006 5061 tam
3033 5021 3192 5076 care,

1872 5098 2126 5171 Ipsaque
2150 5102 2206 5154 te
2234 5098 2420 5168 pietas
2447 5100 2622 5169 cogat
2647 5112 2758 5150 nos
2787 5095 3044 5164 salvare,

1870 5189 2013 5254 Qum
2038 5191 2093 5243 te
2119 5187 2235 5258 pati
2263 5187 2546 5258 compulit
2570 5201 2796 5256 pinnas,
2825 5184 3244 5254 contemplare.

1941 5276 2153 5348 Surge,
2185 5279 2430 5346 torpens
2461 5275 2672 5343 anima,
2701 5289 2918 5343 expers
2949 5273 3254 5342 vanitatis,

1872 5365 2072 5436 Aquas
2103 5378 2319 5434 sperne
2350 5361 2619 5430 sceleris,
2650 5376 2818 5416 sume
2851 5360 3165 5431 sanitatis;

1872 5453 2184 5509 Ecce-fons
2211 5452 2589 5523 purissimus,
2626 5452 2800 5506 Pater
2825 5451 3076 5521 pietatis,

1873 5542 2136 5598 Afﬂuunt
2161 5540 2474 5596 uberrimae
2504 5538 2614 5593 rivi
2643 5539 2968 5594 charitatis.

2242 5629 2353 5684 Pia
2387 5615 2722 5683 exhortatio
2755 5628 2830 5682 ad
2857 5627 3161 5682 lectorem.

1946 5718 2034 5774 Ad
2062 5718 2216 5774 hunc
2243 5733 2386 5790 ergo
2416 5732 2668 5789 propera
2699 5716 2918 5772 fontem
2949 5715 3390 5787 Redemptoris,
