3948 6168
393 297 514 359 599
1419 296 1482 356 S.
1531 293 1910 357 ANSELMI
1956 291 2368 358 LUCENSIS
2412 291 2802 356 EPISCOPI

396 497 472 553 Ut
504 499 737 551 ﬂuentis
773 495 1070 567 quidpiam
1100 494 1341 548 haurias
1370 492 1655 563 dulcoris,

316 630 329 636 -
398 588 583 655 Aquas
618 587 750 637 inde
782 585 1080 635 lavacrum
1115 583 1363 652 pretium
1396 583 1650 650 cruoris,

399 676 550 727 Hinc
586 678 661 725 tui
693 674 916 725 curatio
949 674 1199 739 proﬂuat
1226 672 1557 741 languoris.

470 762 515 816 Ο
548 764 690 815 mira
726 761 983 828 dignatio
1015 761 1091 828 pii
1123 760 1467 829 Salvatoris,

397 851 445 906 Ο
474 866 614 903 vere
649 849 893 902 miriiica
915 849 1103 916 pietas
1135 849 1376 917 amoris,

398 938 629 1007 Expers
663 937 852 1005 culpae
881 937 1175 1006 nosceris,
1208 938 1375 1004 Jcsu,
1410 937 1522 992 flos
1552 937 1813 1009 decoris,
1873 934 1879 941 ’

401 1027 563 1097 Ergo
595 1026 696 1091 tui,
730 1025 878 1096 prob
909 1025 1121 1079 dolor?
1151 1041 1330 1080 causa
1363 1043 1497 1081 sum
1528 1028 1773 1083 doloris.

473 1113 654 1185 Ergo,
688 1112 840 1167 heul
873 1114 1176 1183 superbio,
1210 1119 1272 1169 tu
1302 1114 1666 1171 humiliarisl

401 1203 531 1275 Ego
562 1203 766 1273 culpas
794 1188 1097 1272 perpetro,
1125 1205 1190 1257 tu
1216 1219 1390 1273 poena
1416 1204 1688 1259 multaris
1713 1220 1730 1276 ;

401 1292 530 1364 Ego
557 1292 724 1347 fruor
753 1292 1052 1362 dulcibus,
1084 1295 1145 1345 tu
1178 1291 1313 1347 felle
1343 1295 1567 1364 petaris
1593 1312 1606 1360 ;

401 1381 529 1453 Ego
558 1385 692 1452 peto
723 1380 940 1450 mollia,
973 1384 1033 1434 tu
1063 1381 1210 1435 dure
1244 1383 1537 1437 tractaris.

470 1469 563 1523 Ad
588 1472 666 1539 te,
705 1469 893 1538 Pater,
926 1469 1122 1540 dirigo
1151 1470 1622 1541 Propitiatorem,

404 1560 651 1629 Pr0pter
678 1574 771 1611 me
799 1558 899 1629 qui
934 1559 1236 1628 proprium
1269 1558 1471 1614 etl‘udit
1500 1577 1795 1616 cruorem.

403 1648 594 1716 Pater,
626 1662 701 1700 ne
731 1646 1051 1716 despicias,
1087 1663 1315 1716 quaeso,
1352 1654 1746 1719 peccatorem,

401 1737 517 1791 Pro
549 1751 665 1806 quo
697 1751 938 1804 passum
970 1736 1177 1805 gravia
1205 1738 1362 1791 nosti
1398 1740 1874 1809 liedemptorem.

474 1824 597 1877 Tua
628 1824 799 1878 docet
824 1823 1049 1891 passio,
1084 1822 1338 1892 Christe,
1373 1825 1655 1880 dolorosa

402 1910 665 1967 Creatori
697 1911 838 1964 vitia
869 1926 1045 1981 quam
1076 1910 1197 1964 sint
1227 1912 1454 1981 odiosa,

405 1998 625 2053 Inferni
656 1999 946 2067 supplicia
978 2015 1154 2069 quam
1190 2001 1309 2054 sint
1338 2001 1694 2073 lacrymosa,

400 2088 591 2157 Atque
623 2086 756 2141 coeli
789 2088 1001 2157 gaudia
1033 2104 1209 2159 quam
1241 2089 1357 2142 sint
1390 2090 1709 2161 gaudiosa.

474 2176 647 2241 Hinc,
683 2191 716 2229 ο
747 2176 933 2231 lector
962 2177 1242 2247 diligens,
1279 2177 1450 2233 facile
1482 2180 1828 2249 perpendis,

403 2264 611 2320 Jesum
636 2280 882 2333 passum
910 2265 1144 2318 intuens
1176 2280 1282 2335 pro
1315 2268 1507 2336 culpis
1534 2267 1827 2338 delendis,

404 2352 595 2423 Atque
627 2368 734 2421 pro
767 2353 1078 2423 suppliciis
1110 2354 1285 2407 nobis
1318 2354 1684 2425 auferendis,

404 2441 708 2513 Simulque
738 2457 848 2511 pro
876 2442 1108 2513 gaudiis
1141 2443 1275 2497 cmli
1306 2443 1714 2499 conferendis.

476 2529 524 2583 Ο
555 2546 730 2600 quam
759 2530 1127 2584 admirabilis
1158 2546 1322 2584 amor
1351 2534 1789 2603 comprobatur,

405 2618 551 2673 Cum
580 2619 763 2672 Jesus
792 2634 901 2687 pro
933 2619 1093 2672 vitiis
1127 2620 1348 2672 nostris
1378 2620 1734 2690 immolatur,

408 2705 481 2761 Et
509 2722 615 2776 pro
646 2707 834 2775 pannis
865 2707 1080 2760 debitis
1110 2708 1286 2761 nobis
1317 2709 1634 2779 cruciatur,

409 2794 666 2865 Suisque
697 2795 1002 2849 doloribus
1032 2796 1245 2867 gaudia
1276 2799 1588 2851 mercatur.

485 2884 641 2955 Ergo
672 2886 811 2953 tuis,
842 2886 1055 2953 anima,
1087 2886 1317 2939 viribus
1349 2901 1565 2939 conare

413 2972 577 3027 Hanc
603 2971 823 3027 amoris
850 2974 1099 3044 gratiam
1131 2974 1308 3045 digne
1341 2988 1751 3045 compensare,

413 3062 583 3117 Hunc
613 3062 751 3117 totis
783 3063 1130 3132 praecordiis
1162 3063 1431 3134 gaudens
1465 3064 1824 3133 amplexare,

412 3152 639 3207 Praetcs
668 3154 864 3223 ipsum
895 3152 1130 3223 penitus
1163 3153 1242 3206 nil
1277 3154 1426 3207 velis
1457 3169 1675 3208 amare.

480 3242 649 3310 Jesu,
681 3242 880 3296 cordis
912 3241 1211 3314 gaudium,
1244 3248 1300 3297 et
1320 3241 1571 3297 dulcedo
1602 3242 1839 3309 mentis,

412 3330 641 3384 Animae
671 3330 944 3385 solatium
978 3331 1036 3385 in
1063 3333 1119 3385 te
1151 3330 1523 3399 confidentis,

413 3418 495 3472 Te
518 3418 778 3489 benigne
807 3419 1097 3488 deprecor
1126 3419 1405 3487 precibus
1438 3418 1697 3487 attentis,

415 3506 530 3561 Mei
555 3522 779 3560 memor
811 3507 1070 3577 singulis
1098 3511 1303 3561 custos
1335 3507 1423 3560 sis
1456 3507 1789 3561 momentis.

798 3594 1104 3665 Depositio
1136 3594 1369 3671 Christi
1399 3610 1477 3650 ex
1505 3610 1699 3650 cruce.

486 3682 535 3737 Ο
561 3681 728 3749 Jesu,
756 3698 931 3753 quem
960 3683 1122 3737 curia
1155 3683 1290 3738 caeli
1315 3686 1651 3753 veneratur,

417 3772 606 3825 Tuum
635 3787 811 3842 quam
842 3771 1087 3825 miriﬁce
1119 3788 1271 3841 opus
1302 3769 1783 3825 consummaturi

418 3860 548 3914 Jam
580 3860 651 3914 de
683 3876 860 3915 cruce
883 3864 1116 3930 tempus
1148 3864 1241 3915 est
1271 3864 1331 3915 ut
1357 3876 1576 3930 corpus
1602 3860 1864 3930 tollatur,

420 3947 492 4003 Et
518 3948 705 4003 labori
733 3950 975 4019 requies
1005 3965 1079 4004 ex
1110 3949 1223 4004 hoc
1251 3949 1629 4005 concedatur.

492 4038 854 4092 Nicodemus
885 4043 942 4092 et
970 4038 1196 4108 Joseph
1224 4042 1360 4109 post
1391 4038 1520 4093 haec
1549 4036 1864 4106 atfuerunt,

419 4127 528 4194 Qui
555 4142 925 4198 nequaquam
958 4128 1188 4181 Domini
1218 4128 1349 4181 neci
1376 4128 1835 4195 consenserunt,

422 4217 496 4271 Hi
528 4217 739 4287 pedum
772 4233 839 4270 ac
869 4231 1147 4271 manuum
1178 4215 1380 4270 clavos
1409 4216 1761 4285 eduxerunt,

418 4306 610 4377 Atque
642 4306 715 4361 de
744 4305 1005 4377 patibulo
1037 4320 1259 4375 corpus
1286 4305 1674 4360 sustulerunt.

490 4395 662 4449 Nunc
692 4395 985 4449 accedens
1016 4410 1269 4464 propera
1293 4393 1558 4449 Genitrix
1589 4393 1817 4463 orbata,

419 4484 524 4538 Pia
554 4485 673 4538 nati
704 4484 947 4537 vulnera
978 4486 1145 4555 terge
1177 4484 1499 4550 cruentata,

420 4571 638 4627 Oscula
668 4571 1017 4625 vulneribus
1048 4572 1395 4640 imprimens
1416 4570 1609 4638 beata,

421 4660 747 4733 Sanguinis
775 4659 1055 4713 libamina
1085 4659 1303 4731 collige
1332 4660 1586 4712 sacrata.

494 4750 701 4821 Cujus,
734 4750 991 4819 inquam,
1027 4747 1259 4819 integre
1281 4760 1385 4801 cor
1410 4742 1776 4816 excogitavit

422 4839 651 4906 Quanto
680 4837 868 4893 Mater
898 4836 1095 4891 studio
1124 4835 1372 4891 vulnera
1400 4833 1697 4902 tractavit,

424 4929 497 4984 Et
524 4928 826 4983 tractando
857 4924 1140 4997 lacrymis
1169 4927 1409 4996 tergere
1441 4921 1695 4992 curavit,

424 5017 610 5085 Quam
639 5017 870 5072 crebris
901 5015 1127 5072 osculis
1154 5013 1253 5068 illa
1282 5011 1607 5068 delibavit?

497 5108 651 5176 Jam,
678 5105 861 5177 Virgo
893 5104 1259 5171 dulcissima,
1284 5100 1411 5173 jam
1438 5103 1638 5156 cessat
1666 5098 1953 5171 ploratus,

427 5196 583 5251 Ecce
608 5196 775 5249 dolor
803 5194 932 5248 Filii
967 5197 1166 5248 cessat
1195 5191 1540 5259 tumulatus,

429 5286 730 5353 Instatque
760 5283 980 5337 latitius
1011 5282 1140 5335 dies
1172 5283 1507 5349 exoptatus,

428 5375 494 5428 In
517 5388 636 5444 quo
664 5371 787 5442 jam
813 5386 847 5424 a
871 5372 1118 5424 mortuis
1150 5368 1228 5422 sit
1248 5367 1663 5423 resuscitatus.

998 5474 1218 5529 Fumus
1267 5473 1521 5529 Christi.

504 5584 761 5641 Sindone
793 5581 1159 5635 Dominicum
1185 5597 1402 5650 corpus
1433 5578 1788 5649 implicatur,

433 5675 504 5732 Et
534 5691 668 5733 cum
695 5670 1060 5735 aromatibus
1092 5670 1411 5739 sepulturae
1442 5668 1645 5728 datur;

2090 483 2136 545 Α
2183 491 2298 548 Sed
2321 495 2383 548 ut
2410 492 2724 563 discipulis
2755 493 2955 548 furtim
2982 507 3098 548 non
3124 493 3373 561 tollatur,

2182 582 2431 636 Militum
2458 582 2727 636 custodia
2752 582 3017 637 tumulus
3047 581 3315 635 valletur.

2255 670 2599 741 Magdalena
2630 670 2885 741 denique
2910 671 3111 725 locum
3143 670 3508 740 observabat,

2183 759 2325 824 Quae
2352 760 2496 814 Jesu
2524 760 2822 829 praecipuo
2855 774 3055 814 amore
3088 759 3393 830 ﬂagrabat,

2182 847 2443 919 Pervigil
2478 853 2804 902 aromatum
2834 853 3137 919 unguenta
3169 849 3429 918 parabat,

2182 935 2411 1002 Quibus
2443 935 2571 990 haec
2600 952 2938 1007 perungere
2969 936 3177 990 Jesum
3206 935 3531 991 festinabat.

2671 1024 3064 1080 Resurrectio
3095 1024 3347 1081 Christi.

2255 1112 2433 1184 Atqui
2456 1114 2588 1169 luce
2620 1113 2943 1182 Dominica,
2978 1113 3118 1168 dum
3144 1114 3274 1169 hmo
3303 1112 3625 1186 peragebat,

2186 1202 2473 1257 Dominus
2502 1203 2576 1257 ab
2600 1202 2811 1257 inferis
2837 1203 3029 1257 victor
3057 1202 3433 1274 resurgebat,

2187 1290 2340 1345 Hinc
2369 1291 2635 1361 captivos
2662 1306 2903 1363 eruens,
2935 1306 3088 1363 quos
3119 1290 3355 1363 lymbus
3385 1289 3645 1360 habebat,

2189 1381 2260 1436 Et
2288 1382 2486 1436 tumba
2513 1397 2646 1437 cum
2677 1381 2874 1436 linteis
2903 1396 3125 1435 vacans
3154 1380 3491 1452 apparebat.

2260 1470 2661 1525 Terrmmotus
2688 1470 3012 1525 vehemens
3042 1469 3237 1524 factus
3267 1473 3360 1524 est
3384 1470 3635 1540 repente,

2190 1557 2261 1612 Et
2286 1558 2594 1613 descendit
2622 1558 2897 1629 angelus,
2931 1557 3180 1613 Domino
3207 1559 3524 1630 surgente;

2190 1647 2355 1701 Tunc
2383 1646 2664 1702 custodes
2693 1647 2931 1719 vigiles,
2963 1647 3329 1701 consternati
3355 1649 3563 1714 mente,

2191 1732 2366 1790 Fiunt
2390 1735 2550 1790 velut
2578 1736 2792 1790 mortui
2822 1739 2982 1790 metu
3005 1737 3390 1807 perurgente.

2098 1856 2149 1921 Β
2261 1823 2649 1880 Postmodum
2678 1839 2712 1877 a
2739 1823 2963 1878 tumulo
2994 1824 3186 1894 territi
3218 1823 3516 1895 fugerunt,

2194 1913 2265 1968 Et
2293 1912 2522 1969 Judaeis
2551 1912 2771 1967 seriem
2804 1912 2895 1967 rei
2923 1911 3275 1982 retulerunt,

2190 2000 2351 2067 Quos
2383 2000 2466 2055 illi
2490 2000 2761 2071 pecuniis
2792 2001 2995 2056 multis
3018 2002 3432 2071 corruperunt,

2193 2089 2264 2144 Et
2289 2089 2585 2144 sublatum
2615 2089 2882 2144 dicerent
2908 2090 3111 2144 furtim
3133 2093 3477 2145 suaserunt.

2263 2178 2309 2233 Ο
2334 2193 2511 2250 quam
2542 2178 2692 2232 mira
2725 2178 2966 2233 caecitas
2993 2178 3239 2234 Judmos
3268 2174 3599 2248 premebat!

2192 2265 2376 2332 Quam
2408 2282 2567 2321 caeca
2598 2266 2892 2336 cupiditas
2924 2266 3141 2321 milites
3175 2264 3467 2339 urgebat!

2195 2354 2293 2411 Sic
2316 2355 2452 2409 hinc
2484 2354 2618 2408 inde
2642 2356 2864 2409 veritas
2892 2354 3123 2409 occulta
3156 2356 3378 2411 latebat
3402 2370 3416 2409 :

2195 2442 2312 2498 Sed
2337 2443 2450 2496 hoc
2476 2442 2577 2496 diu
2597 2442 2725 2496 fieri
2753 2443 2935 2497 Jesus
2957 2458 3073 2497 non
3106 2443 3364 2498 sinebat.

2634 2530 2859 2586 Mulier
2888 2538 2946 2585 et
2967 2538 3428 2586 monumentum.

2272 2620 2441 2673 Mane
2472 2619 2661 2689 prima
2692 2619 2930 2674 Sabbati
2960 2621 3268 2692 surgentis
3300 2635 3532 2674 aurora:

2201 2708 2546 2781 Magdalena
2575 2706 2739 2762 aﬂ‘uit
2763 2711 3028 2762 aestuans
3055 2723 3283 2779 amore,

2198 2795 2315 2851 Sed
2347 2796 2485 2851 dum
2511 2796 2698 2850 cernit
2724 2796 3013 2850 tumulum
3045 2796 3276 2867 absque
3308 2795 3626 2860 Salvatore,

2198 2884 2378 2939 Flens
2409 2883 2591 2957 gemit
2624 2888 2680 2938 et
2710 2884 2893 2955 ejulat
2918 2885 3091 2939 anxia
3120 2885 3351 2940 dolore.

2671 2972 2919 3042 Mulier,
2953 2988 3121 3045 quem
3152 2975 3400 3045 quaeris.

2271 3081 2492 3134 Astans
2525 3078 2597 3134 ad
2627 3078 2757 3133 haec
2784 3080 2983 3150 specie
3010 3080 3298 3134 Dominus
3328 3081 3552 3152 ignota,

2202 3168 2369 3222 Hanc
2398 3166 2610 3222 affatur
2635 3168 2913 3236 dulciter,
2947 3171 3140 3223 metus
3171 3169 3232 3222 vi
3258 3170 3571 3224 submota:

2201 3256 2386 3321 Quem
2411 3257 2635 3328 quieris
2667 3256 2759 3311 sic
2784 3256 3144 3328 lacrymans,
3177 3258 3399 3313 mulier
3425 3254 3670 3313 devota?

2201 3344 2484 3399 Promere
2515 3359 2587 3400 ne
2612 3346 2826 3400 timeas
2852 3346 3054 3401 cordis
3084 3344 3169 3401 tui
3200 3348 3369 3423 vota,

2274 3432 2651 3488 Secretorum
2675 3431 2979 3505 Cognitor,
3010 3435 3112 3505 qui
3141 3434 3322 3489 corda
3354 3432 3660 3499 scrutaris,

2202 3521 2290 3576 Tu
2322 3537 2537 3577 causas
2568 3521 2820 3577 tristitim
2840 3537 3022 3593 quare
3048 3525 3428 3593 percontaris
3447 3524 3478 3577 i‘

2204 3612 2294 3665 An
2318 3611 2571 3665 amantis
2601 3610 2879 3682 lacrymis
2910 3613 3004 3681 pie
3030 3612 3374 3682 delectaris,

2204 3697 2392 3769 Cujus
2424 3697 2787 3753 desiderium
2817 3700 3019 3754 cordis
3044 3707 3107 3754 tu
3135 3701 3418 3771 probaris
3437 3701 3469 3755 ?

2276 3787 2399 3856 Illa,
2432 3787 2598 3851 Jesu,
2628 3791 2846 3857 praeter
2873 3792 2930 3843 te
2961 3788 3044 3843 nil
3074 3804 3329 3859 prorsus
3361 3788 3677 3861 qumrebat,

2207 3876 2291 3931 Te
2321 3875 2522 3944 corde,
2550 3878 2607 3930 te
2636 3876 2812 3931 labiis
2845 3876 3039 3932 solum
3072 3877 3333 3947 sitiebat,

2205 3965 2325 4020 Pro
2351 3968 2408 4019 te
2434 3978 2620 4018 sexus
2645 3965 2954 4020 immemor
2982 3981 3143 4021 arma
3172 3982 3289 4021 non
3310 3967 3575 4036 timebat,

2206 4053 2324 4108 Pro
2349 4056 2404 4107 te
2427 4068 2674 4125 gemens
2706 4053 2898 4123 anxie,
2926 4069 3034 4123 pro
3065 4056 3123 4110 te
3151 4055 3302 4109 ﬂens
3330 4055 3589 4111 dolebat.

2280 4141 2669 4197 Hortulanum
2698 4143 2893 4213 itaque
2924 4142 3053 4197 hinc
3087 4142 3295 4199 Jesum
3327 4143 3591 4214 putabat,

2208 4228 2325 4285 Sed
2352 4230 2442 4284 sic
2471 4230 2859 4300 spiritualiter
2884 4246 3004 4287 non
3033 4231 3281 4287 multum
3310 4232 3575 4303 errabat,

2209 4319 2360 4373 Nam
2386 4322 2589 4374 sentes
2621 4319 2884 4390 perfidiae
2907 4318 3034 4391 jam
3064 4320 3426 4391 eradicabat,

2208 4408 2401 4478 Atque
2429 4407 2611 4462 ﬂores
2643 4407 2779 4463 fidei
2808 4408 3073 4479 plantare
3103 4408 3370 4464 curabat.

2281 4496 2447 4551 Tunc
2475 4511 2684 4550 vocem
2708 4496 3020 4567 piissimus
3049 4496 3323 4552 Salvator
3350 4498 3615 4566 mutavit,

2104 4576 2185 4641 ολ
2211 4585 2279 4641 Et
2303 4599 2454 4654 eam,
2486 4598 2563 4639 ex
2583 4585 2820 4640 nomine
2846 4584 3113 4655 Mariam,
3140 4586 3409 4641 vocavit:

2210 4674 2288 4728 At
2313 4672 2442 4727 haec
2465 4674 2602 4743 post
2624 4677 2863 4745 Agnum
2892 4673 3162 4744 gaudens
3190 4674 3485 4745 adoravit,

2209 4760 2600 4832 Adoransque
2630 4761 2849 4834 gaudio
2880 4761 3062 4816 multo
3091 4761 3431 4817 exsultavit.

2583 4848 2895 4922 Frequens
2927 4848 3162 4906 Christi
3187 4851 3505 4923 apparitio.

2280 4956 2390 5027 Tu,
2420 4954 2586 5025 Jesu,
2618 4954 2987 5026 dulcissime,
3017 4958 3330 5027 postquam
3358 4954 3696 5024 surrexisti,

2210 5044 2382 5116 Saepe
2412 5046 2469 5099 te
2500 5043 2797 5099 visibilem
2822 5044 2942 5099 tuis
2974 5044 3309 5115 praebuisti,

2212 5132 2395 5188 Cibos
2420 5148 2555 5188 cum
2580 5132 2892 5203 discipulis
2917 5133 3175 5205 denique
3201 5133 3541 5204 sumpsisti,

2214 5220 2287 5276 Et
2315 5221 2464 5292 ipsis
2492 5221 2874 5278 cernentibus
2900 5221 3088 5277 cmlos
3120 5222 3472 5278 ascendisti.

2285 5308 2513 5375 Quanto
2539 5312 2712 5379 putas
2732 5308 2952 5380 gaudio
2982 5308 3251 5365 Genitrix
3277 5309 3557 5381 impletur

2211 5396 2438 5464 Quanto
2469 5397 2903 5469 impassibilem
2934 5400 3136 5453 natum
3164 5398 3426 5453 intuetur

2215 5487 2691 5559 Resurgentem;
2721 5486 2936 5558 gaudio
2964 5486 3161 5542 luctus
3185 5502 3319 5542 mox
3351 5484 3606 5557 deletur,

2215 5574 2286 5628 Et
2302 5590 2454 5628 nova
2480 5573 2583 5629 lux
2612 5574 2803 5629 oritur
2828 5590 2961 5646 qum
2992 5590 3111 5630 non
3129 5574 3448 5630 auferetur.

2288 5663 2458 5717 Nunc
2484 5662 2709 5719 doloris
2735 5663 2993 5735 gemitus
3025 5664 3219 5719 omnis
3240 5663 3641 5735 propulsetur,
