3948 6168
161 321 258 385 601
1389 314 1851 379 OPUSCULA
1905 315 2224 379 SPURIA

1788 499 1844 584 Α
1872 513 2055 579 Quem
2081 515 2402 570 extinctum
2421 513 2650 569 viderat
2680 532 2867 586 nuper
2898 517 2957 571 in
2987 518 3286 573 moerere?

1945 603 2032 657 Ex
2055 603 2165 657 hoc
2190 604 2371 674 Virgo
2403 605 2623 674 poteris
2659 620 2870 659 secure
2902 607 3161 676 gaudere

1873 692 2002 746 Tibi
2035 693 2237 762 nequit
2265 693 2474 747 amodo
2507 693 2676 747 dolor
2703 695 3052 764 praevalere,

211 783 304 838 Sed
328 784 373 836 si
403 783 523 835 viso
556 780 826 849 discipuli
863 781 1120 851 gaudent
1146 779 1473 847 Salvatore,
1873 781 1988 837 Sed
2022 797 2130 836 nec
2162 784 2310 836 ultra
2343 783 2574 852 corpori
2606 783 2760 836 valet
2792 797 2953 836 mors
2985 798 3219 838 nocere.

159 871 255 936 Qua
272 873 420 940 putas
447 869 636 923 laetitia
662 868 875 939 gaudet
905 868 1192 937 ampliore
1875 873 1976 927 Pia
2000 871 2174 928 nobis
2206 872 2387 946 igitur
2415 871 2600 926 Mater
2621 873 2929 927 miserere.

155 960 264 1014 Viso
291 973 388 1013 suo
415 957 668 1012 Genitrix
699 956 966 1011 redivivo
997 957 1165 1026 ﬂore,
2693 962 2896 1016 Amen.

159 519 338 574 Man-or
361 517 411 570 in
439 514 684 570 laetitiam
716 514 861 568 mire
886 515 1296 568 commutatur.

160 609 278 662 Dum
304 621 444 660 mors
475 603 822 657 invincibilis
853 604 1005 656 victa
1036 605 1389 671 coarctatur,

158 696 211 751 Et
235 696 430 749 devicto
455 693 584 746 vitio
616 693 800 745 virtus
829 695 1220 745 restauratur.

1745 1294 1871 1386 V.

1280 1487 1892 1572 MEDITATION
1900 1490 2014 1568 ES
2054 1487 2321 1568 ALIIE

252 1685 350 1747 DE
376 1685 660 1747 GESTIS
691 1685 1002 1748 DOMINI
1038 1683 1350 1747 NOSTRI
1380 1682 1583 1747 JESU
1608 1680 1969 1764 CHRISTI,
2003 1681 2108 1744 ET
2140 1682 2494 1746 MAXIME
2537 1683 2648 1744 DE
2695 1683 3106 1745 PASSIONE
3135 1685 3408 1749 IPSIUS

471 1951 841 2008 Introductio
871 1955 947 2008 ad
971 1955 1394 2013 meditationes

203 2039 324 2093 Jesu
351 2039 560 2096 Cbristi
587 2042 768 2096 celeri
793 2043 1201 2115 miseratione,

157 2126 212 2180 Et
236 2127 412 2183 Mariae
441 2130 697 2201 virginis
725 2131 1162 2187 infercessione

151 2214 304 2284 Spero
324 2218 468 2287 quod
501 2218 631 2274 haee
665 2220 955 2274 meditans
981 2237 1053 2275 ex
1076 2221 1418 2292 intentione,

151 2301 408 2374 Lacrymis
431 2306 682 2375 plorabit
712 2323 778 2361 se
811 2324 885 2362 ex
919 2311 1354 2378 compassione.

205 2391 276 2446 En
292 2395 456 2447 verba
469 2396 741 2464 Apostoli
764 2396 1038 2452 omnibus
1061 2403 1411 2467 promuntur
1436 2416 1448 2455 :

1795 1943 1851 2006 Β
1881 1965 2187 2038 Iracunde,
2221 1968 2450 2039 cupide,
2474 1969 2795 2040 fornicans,
2831 1971 3062 2044 gulose,

1880 2054 2148 2123 Mendax,
2169 2058 2358 2128 piger,
2391 2059 2724 2131 negligens,
2759 2059 3073 2129 detractor,
3106 2061 3333 2131 dolose,

1877 2143 2083 2200 Omnis
2113 2146 2251 2200 mali
2281 2163 2498 2201 servus
2530 2164 2616 2216 es,
2651 2149 2826 2203 nimis
2858 2147 3091 2218 vitiose,

1954 2233 2288 2305 Resipisce,
2321 2237 2602 2306 pessime,
2637 2238 2776 2292 dum
2797 2240 2852 2292 te
2881 2240 3051 2292 vocat
3073 2238 3252 2307 Deus,

1880 2321 1970 2376 Ne
1995 2321 2089 2377 die
2113 2323 2328 2394 judicii
2357 2325 2622 2394 puniaris
2652 2341 2816 2380 reus.

1882 2410 2015 2465 Non
2046 2411 2312 2482 ingratus
2339 2428 2599 2482 maneas,
2634 2419 2692 2468 ut
2715 2413 2904 2469 falsus
2927 2415 3170 2470 Judaeus
3205 2432 3219 2485 ;

152 2479 1120 2558 Congregantes[[1,conregnantes]
1137 2489 1387 2560 suntqui
1406 2491 1774 2560 compatiun-
1881 2497 1998 2554 Sed
2020 2479 2203 2554 clama
2225 2502 2559 2571 saepissime
2586 2479 2605 2558 ﬁ:
2639 2504 2844 2569 Parce,
2872 2504 3031 2559 Deus
3053 2520 3241 2560 meus.

3411 321 3533 386 602

150 2573 240 2638 tur,

153 2656 240 2720 Qui
269 2662 474 2715 certant
502 2661 790 2733 legitime,
813 2661 874 2716 hi
906 2663 1368 2731 coronabuntur,

154 2745 207 2799 Et
230 2748 312 2817 qui
345 2765 405 2803 se
436 2750 767 2820 dijudicant
788 2767 905 2806 non
933 2751 1385 2822 judicabuntur.

206 2833 338 2905 Ergo
366 2836 582 2892 Christi
617 2839 864 2894 vulnera
896 2839 1067 2895 docet
1097 2857 1206 2895 nos
1239 2859 1512 2912 pensare,

152 2919 485 2980 Condolendo
507 2928 715 2983 intime
745 2929 1027 2997 plorando
1059 2945 1278 2999 amare,

155 3009 237 3064 Dei
268 3013 542 3084 adjutorio
565 3015 778 3071 hostes
811 3033 1118 3087 superare,

156 3097 516 3174 Discussaque
537 3106 788 3160 crimina
810 3105 984 3161 lendo
1017 3108 1277 3177 expiare.

206 3187 426 3262 Idcirco,
458 3197 560 3265 qui
596 3196 755 3266 legis
788 3197 1148 3267 subscripta,
1181 3198 1451 3269 dignare.

152 3274 371 3349 Nigores
397 3282 676 3338 affectum
709 3285 885 3339 simul
918 3301 1309 3357 congregare,

153 3363 407 3424 Vauitates
437 3372 692 3426 studeas
724 3375 937 3427 mentis
968 3374 1273 3444 elongare,

154 3451 464 3528 Legensque
497 3459 829 3513 mortaliter
857 3461 974 3515 noli
1000 3461 1304 3515 festinare.

205 3542 254 3596 Si
280 3543 472 3600 Jesum
511 3549 606 3600 vis
631 3548 857 3617 saepius
891 3548 949 3602 in
971 3549 1066 3602 his
1097 3549 1382 3620 cogitare,

154 3627 256 3684 Non
281 3634 351 3687 sit
381 3636 778 3707 epusjugiter
808 3639 992 3690 totum
1025 3637 1296 3707 recitare,

154 3716 242 3773 Sed
261 3723 345 3776 ubi
370 3729 424 3776 te
455 3724 636 3778 citius
673 3725 875 3792 possis
908 3726 1185 3792 excitare,

157 3803 210 3859 Et
232 3808 487 3866 devotum
519 3813 781 3866 animum
812 3813 1052 3868 dulcius
1085 3814 1304 3868 cibare.

207 3896 290 3951 Sic
318 3900 568 3971 legendo
602 3901 848 3970 habeas,
883 3903 1088 3970 lector,
1107 3905 1268 3956 tuam
1298 3905 1549 3956 mentem

155 3981 304 4047 Quasi
323 3988 786 4045 Jesumintuens
817 4007 1067 4061 puerum
1099 3992 1431 4060 lactentem,

154 4071 246 4128 Per
269 4081 462 4133 aetates
495 4079 776 4150 singulas
801 4079 1085 4150 juvenem
1109 4082 1500 4150 crescentem,

157 4159 278 4217 Item
309 4182 516 4222 cernas
551 4168 866 4239 Virginem
898 4168 980 4221 illi
1004 4169 1404 4222 famulantem.

210 4251 546 4311 Pendentem
572 4257 879 4324 miracula,
913 4261 1164 4311 mortem
1195 4258 1514 4327 patientem

155 4338 282 4396 Pene
309 4345 563 4415 undique
597 4349 656 4400 et
685 4361 924 4415 semper
953 4348 1146 4415 ipsum
1179 4347 1503 4400 imitantem

154 4426 234 4483 Sui
252 4448 445 4500 pmnas
475 4434 612 4488 Filii
643 4435 859 4488 acriter
897 4435 1265 4504 plorantem,,

160 4515 561 4595 Tormentaque
586 4524 823 4595 singula
856 4529 1048 4578 mente
1083 4524 1450 4578 tolerantem.

213 4606 472 4672 Quamvis
507 4612 668 4666 enim
699 4612 912 4684 pagina
943 4628 1059 4666 non
1081 4612 1312 4666 videtur
1343 4612 1502 4666 clare

160 4692 390 4767 Virginis
415 4700 717 4754 maestitiae
749 4701 986 4754 modum
1018 4699 1345 4769 declarare,

159 4779 344 4840 Tamen
377 4787 513 4843 inde
547 4789 824 4843 convenit
855 4804 964 4842 nos
989 4791 1312 4858 pensitare,

159 4867 215 4922 Et
239 4873 292 4928 in
318 4877 496 4932 corde
531 4877 763 4947 saepius
785 4877 956 4930 avide
990 4880 1263 4930 tractare.

437 4965 787 5037 Deploratio
826 4966 1183 5037 ignorantiae
1199 4965 1486 5018 humanae.

236 5049 448 5109 Ohomo
477 5055 837 5124 miserrime,
861 5055 999 5126 quid
1033 5055 1121 5109 sis
1152 5067 1500 5121 memorare,

164 5133 373 5194 Necnon
393 5143 463 5196 ad
481 5144 622 5214 quid
658 5143 849 5198 factus
882 5143 970 5196 sis
1000 5158 1240 5213 semper
1266 5141 1607 5210 recordare,

161 5221 368 5287 Qualem
398 5231 563 5285 Deus
596 5232 733 5286 fecit
764 5235 843 5301 te,
865 5232 1068 5298 miser,
1101 5231 1406 5285 meditare.

167 5310 272 5369 Heu
290 5320 516 5386 qualem
549 5319 745 5376 fecisti
763 5324 818 5375 te
842 5321 1055 5391 nequis
1081 5321 1343 5392 cogitare
1371 5316 1383 5372 l

220 5403 428 5462 Bonum
458 5409 608 5464 satis
631 5410 771 5464 fecit
792 5413 867 5478 te,
920 5409 1021 5480 qui
1051 5411 1262 5463 cuncta
1291 5406 1535 5478 creavit,

166 5487 234 5544 Ac
259 5508 411 5564 saepe
443 5497 650 5552 refecit
681 5503 755 5566 te,
776 5514 950 5569 quem
971 5500 1277 5568 peccatum
1314 5496 1526 5550 stravit

167 5578 308 5636 Reul
341 5585 452 5639 heu
480 5584 493 5640 l
527 5602 632 5640 cur
657 5588 931 5659 ingratus
963 5602 1028 5641 es
1063 5587 1115 5640 ei
1147 5586 1248 5656 qui
1277 5589 1334 5640 te
1361 5585 1502 5639 lavit

165 5665 264 5723 Suo
284 5678 481 5729 sancto
511 5677 822 5748 sanguine,
857 5691 1032 5748 quem
1061 5690 1166 5746 pro
1198 5678 1253 5730 te
1285 5672 1572 5729 stillavit?

223 5756 263 5810 Ο
281 5775 546 5834 nequam,
570 5766 912 5835 vanissime,
945 5764 1162 5835 invide,
1193 5776 1499 5835 pompose,

1959 2587 2280 2652 Erubesce,
2317 2591 2506 2644 anima
2530 2592 2727 2661 impia,
2761 2593 3015 2664 ingrata,

1887 2676 2019 2731 Heu
2044 2675 2055 2730 l
2081 2693 2192 2732 cur
2222 2694 2340 2743 non
2363 2681 2709 2735 consideras
2736 2679 2747 2736 l
2776 2697 2882 2735 cur
2906 2697 2972 2735 es
3004 2680 3290 2736 obdurata
3307 2683 3336 2736 ‘l

1888 2765 2110 2820 Flendo
2140 2767 2212 2820 da
2244 2769 2523 2838 suspiria,
2559 2785 2850 2841 gemeque
2882 2773 3201 2841 prostrata,

1887 2853 1965 2910 Ut
1997 2858 2091 2910 tua
2111 2854 2536 2928 Cunctipotcns
2567 2859 2757 2914 deleat
2778 2863 3043 2929 peccata.

1961 2943 2090 2998 Heu
2119 2961 2208 2999 me
2237 2949 2453 3016 quanta
2483 2949 2575 3001 est
2603 2949 2814 3002 animae
2839 2948 3134 3004 habetudo
3161 2947 3173 3002 l

1887 3030 2070 3097 Quam
2101 3033 2338 3088 diverse
2371 3041 2618 3105 occupat
2640 3052 2802 3106 saepe
2825 3038 3084 3107 turpido,

1885 3119 1992 3174 Cui
2016 3123 2421 3178 sanctimoniae
2453 3124 2622 3178 deest
2652 3124 2954 3194 habitudo,

1890 3209 2022 3264 Nisi
2044 3210 2177 3264 ficta
2218 3211 2468 3266 forsitan
2498 3213 2597 3267 vix
2629 3211 2986 3269 similitudo!

1813 3292 1866 3354 C
1969 3299 2127 3354 Raro
2157 3314 2224 3354 se
2256 3316 2406 3370 opus
2433 3302 2591 3357 videt
2619 3303 2720 3356 vix
2752 3301 3082 3370 recordari;

1897 3387 2008 3440 Vix
2037 3391 2098 3442 ut
2137 3392 2284 3456 oret,
2321 3389 2558 3460 misera,
2590 3395 2788 3462 potest
2820 3393 3055 3447 excitaii
3082 3407 3094 3446 :

1897 3476 2125 3548 Legere
2152 3478 2451 3534 desiderat
2481 3481 2672 3552 magis
2703 3497 2878 3551 quam
2901 3480 3154 3551 precari,

1897 3564 2034 3635 Sed,
2057 3565 2203 3622 heul
2229 3568 2586 3623 vanitatibus
2610 3570 2809 3640 nequit
2832 3571 3060 3625 satiari.

1969 3655 2118 3709 Nam
2149 3656 2285 3711 dum
2318 3658 2691 3713 Altissimum
2722 3675 2902 3715 orans
2933 3660 3286 3731 deprecatur

1897 3743 2058 3798 Pene
2087 3745 2310 3798 inutilia
2343 3762 2502 3817 saepe
2526 3747 2860 3803 meditatur.

1901 3830 2062 3886 Heul
2096 3849 2253 3888 ream
2283 3850 2422 3890 esse
2461 3852 2528 3890 se
2559 3853 2666 3891 nec
2699 3837 3064 3907 recordatur,

1902 3917 2018 3974 Sed
2042 3921 2390 3977 discurrens
2424 3925 2682 3995 undique
2703 3941 2853 3980 vane
2892 3929 3271 3999 pervagatur.

1973 4009 2274 4079 Apparere
2295 4012 2494 4066 nititur
2514 4029 2544 4066 a
2578 4012 2728 4068 foris
2757 4016 2995 4086 agnina,

1903 4096 2020 4152 Sed
2041 4103 2235 4153 manet
2262 4099 2530 4170 interius,
2551 4118 2656 4172 pro
2679 4103 2848 4158 dolor
2869 4102 2882 4158 l
2916 4104 3178 4175 vulpina,

1904 4185 2110 4242 Debtia
2132 4189 2375 4242 servitia
2407 4190 2544 4244 dum
2575 4191 2697 4262 agit
2724 4191 2942 4258 divina,

1903 4275 2152 4346 Semper
2177 4277 2237 4330 in
2268 4278 2561 4332 volvendo
2593 4283 2705 4347 est,
2733 4283 2793 4333 ut
2823 4285 2960 4335 sunt
2989 4280 3346 4336 molendina.

1973 4363 2020 4418 Ο
2044 4365 2276 4435 quoties
2313 4381 2462 4436 Opus
2487 4383 2519 4420 a
2550 4372 2603 4421 te
2635 4368 2847 4424 faciem
2876 4370 3106 4439 avertit,

1905 4451 1977 4507 Et
2000 4453 2074 4506 ad
2106 4469 2283 4509 curas
2306 4454 2516 4508 noxias
2545 4456 2658 4510 cito
2682 4473 2748 4511 se
2780 4457 3097 4513 convertit!

1903 4540 2046 4605 Quae
2078 4541 2320 4595 deberet
2352 4541 2545 4597 facere
2567 4559 2683 4598 non
2713 4546 3151 4616 animadvertit,

1817 4626 1873 4688 D
1904 4629 2021 4685 Sed
2051 4646 2117 4684 se
2148 4631 2299 4685 male
2329 4647 2627 4701 occupans
2656 4634 2882 4703 sipsam
2912 4638 3215 4705 pervertit.

1977 4719 2202 4789 Nempe
2233 4719 2432 4774 carnis
2463 4721 2616 4776 labia
2633 4727 2849 4777 canunt
2877 4725 3060 4780 verba
3089 4726 3247 4794 vitm,

1904 4808 1975 4862 Et
2005 4807 2269 4861 adoravit
2301 4809 2526 4879 sapius
2559 4827 2775 4880 corpus
2806 4813 3098 4882 quoddam
3125 4814 3233 4868 rite
3266 4830 3279 4870 :

1905 4895 2023 4950 Sed
2054 4897 2164 4950 hoc
2195 4897 2411 4952 malum
2441 4898 2651 4953 animae
2681 4903 2773 4954 est
2804 4901 2905 4955 Dei
2937 4901 3160 4971 oblita),

1906 4984 2095 5039 Nudae
2126 4985 2510 5058 bonitatibus,
2544 4988 2703 5042 vitiis
2726 4988 2960 5044 attrita.

1975 5072 2023 5128 Ο
2052 5073 2252 5128 cordis
2275 5076 2521 5129 vesania
2552 5078 2796 5132 multum
2829 5077 3229 5150 abhorrenda,

1907 5161 2178 5217 Graviter
2205 5178 2236 5216 a
2270 5163 2519 5219 Domino
2540 5163 2707 5234 juste
2737 5166 3053 5234 punienda;

1905 5249 1952 5304 Ο
1974 5250 2171 5304 cordis
2202 5250 2502 5306 discursio
2527 5251 2754 5324 jugiter
2777 5253 3068 5325 deﬂenda,

1906 5337 2237 5410 Etjuvante
2268 5339 2514 5394 Domino
2536 5357 2570 5395 a
2591 5342 2821 5395 cunctis
2853 5342 3206 5416 plangenda.

1973 5426 2019 5481 Ο
2049 5428 2250 5482 cordis
2281 5429 2530 5498 vacatio,
2565 5445 2598 5484 o
2629 5430 2964 5502 inquietuol

1858 5549 1867 5555 -
1909 5513 2065 5571 Heu!
2100 5514 2244 5570 heul
2280 5516 2406 5571 haec
2438 5521 2530 5571 est
2550 5518 2760 5574 animae
2782 5536 2930 5574 meae
2959 5523 3255 5593 aegritudo

1907 5605 1957 5658 A
1986 5620 2102 5675 qua
2122 5604 2393 5678 elongata
2423 5609 2516 5660 est
2545 5623 2684 5661 vera
2715 5611 3073 5681 sanctitudo,

1909 5692 1978 5748 Et
2000 5693 2258 5764 perfecta
2291 5694 2556 5750 criminis
2589 5697 2679 5750 sui
2713 5699 3042 5768 poenitudo.
