  <div class='ocr_page' id='page_1' title='image "/cluster/home/n/w/nwhite01/storage/ocr_20150623/149/hvd.32044054760079/307.png"; bbox 0 0 3948 6168; ppageno 0'>
   <div class='ocr_carea' id='block_1_1' title="bbox 426 348 2835 420">
    <p class='ocr_par' dir='ltr' id='par_1_1' title="bbox 426 348 2835 420">
     <span class='ocr_line' id='line_1_1' title="bbox 426 348 2835 420; baseline -0.002 0"><span class='ocrx_word' id='word_1_1' title='bbox 426 353 546 420; x_wconf 87' lang='lat'>603</span> <span class='ocrx_word' id='word_1_2' title='bbox 1459 355 1527 416; x_wconf 92' lang='lat' dir='ltr'>S.</span> <span class='ocrx_word' id='word_1_3' title='bbox 1574 351 1953 416; x_wconf 82' lang='lat' dir='ltr'>ANSELMI</span> <span class='ocrx_word' id='word_1_4' title='bbox 1997 348 2408 416; x_wconf 87' lang='lat' dir='ltr'>LUCENSIS</span> <span class='ocrx_word' id='word_1_5' title='bbox 2447 349 2835 415; x_wconf 87' lang='lat' dir='ltr'>EPISCOPI</span> 
     </span>
    </p>
   </div>
   <div class='ocr_carea' id='block_1_2' title="bbox 500 565 1649 635">
    <p class='ocr_par' dir='ltr' id='par_1_2' title="bbox 500 565 1649 635">
     <span class='ocr_line' id='line_1_2' title="bbox 500 565 1649 635; baseline -0.002 -15"><span class='ocrx_word' id='word_1_6' title='bbox 500 566 658 620; x_wconf 88' lang='lat' dir='ltr'>Deus</span> <span class='ocrx_word' id='word_1_7' title='bbox 691 583 878 635; x_wconf 87' lang='lat' dir='ltr'>meus,</span> <span class='ocrx_word' id='word_1_8' title='bbox 916 583 1057 620; x_wconf 91' lang='lat' dir='ltr'>sana</span> <span class='ocrx_word' id='word_1_9' title='bbox 1081 582 1172 620; x_wconf 91' lang='lat' dir='ltr'>me</span> <span class='ocrx_word' id='word_1_10' title='bbox 1203 568 1301 620; x_wconf 88' lang='lat' dir='ltr'>tua</span> <span class='ocrx_word' id='word_1_11' title='bbox 1333 565 1649 634; x_wconf 83' lang='lat' dir='ltr'>medicina,</span> 
     </span>
    </p>
   </div>
   <div class='ocr_carea' id='block_1_3' title="bbox 428 655 1715 726">
    <p class='ocr_par' dir='ltr' id='par_1_3' title="bbox 428 655 1715 726">
     <span class='ocr_line' id='line_1_3' title="bbox 428 655 1715 726; baseline -0.002 -16"><span class='ocrx_word' id='word_1_12' title='bbox 428 656 708 726; x_wconf 82' lang='lat' dir='ltr'>Corporis</span> <span class='ocrx_word' id='word_1_13' title='bbox 740 661 797 710; x_wconf 89' lang='lat' dir='ltr'>et</span> <span class='ocrx_word' id='word_1_14' title='bbox 817 656 1026 710; x_wconf 63' lang='lat' dir='ltr'>anima:</span> <span class='ocrx_word' id='word_1_15' title='bbox 1050 656 1293 726; x_wconf 89' lang='lat' dir='ltr'>dignum</span> <span class='ocrx_word' id='word_1_16' title='bbox 1326 660 1510 710; x_wconf 87' lang='lat' dir='ltr'>morte</span> <span class='ocrx_word' id='word_1_17' title='bbox 1540 655 1675 708; x_wconf 79' lang='lat' dir='ltr'>bina</span> <span class='ocrx_word' id='word_1_18' title='bbox 1704 669 1715 708; x_wconf 91' lang='lat'>:</span> 
     </span>
    </p>
   </div>
   <div class='ocr_carea' id='block_1_4' title="bbox 427 745 1625 814">
    <p class='ocr_par' dir='ltr' id='par_1_4' title="bbox 427 745 1625 814">
     <span class='ocr_line' id='line_1_4' title="bbox 427 745 1625 814; baseline -0.003 -14"><span class='ocrx_word' id='word_1_19' title='bbox 427 745 714 800; x_wconf 88' lang='lat' dir='ltr'>Salutaris</span> <span class='ocrx_word' id='word_1_20' title='bbox 748 746 986 800; x_wconf 85' lang='lat' dir='ltr'>calicem</span> <span class='ocrx_word' id='word_1_21' title='bbox 1023 746 1163 799; x_wconf 89' lang='lat' dir='ltr'>mihi</span> <span class='ocrx_word' id='word_1_22' title='bbox 1196 761 1328 799; x_wconf 86' lang='lat' dir='ltr'>mox</span> <span class='ocrx_word' id='word_1_23' title='bbox 1360 745 1625 814; x_wconf 86' lang='lat' dir='ltr'>prepina,</span> 
     </span>
    </p>
   </div>
   <div class='ocr_carea' id='block_1_5' title="bbox 430 833 1667 905">
    <p class='ocr_par' dir='ltr' id='par_1_5' title="bbox 430 833 1667 905">
     <span class='ocr_line' id='line_1_5' title="bbox 430 833 1667 905; baseline 0 -18"><span class='ocrx_word' id='word_1_24' title='bbox 430 833 502 888; x_wconf 88' lang='lat' dir='ltr'>Et</span> <span class='ocrx_word' id='word_1_25' title='bbox 521 834 592 888; x_wconf 90' lang='lat' dir='ltr'>ad</span> <span class='ocrx_word' id='word_1_26' title='bbox 619 834 945 905; x_wconf 82' lang='lat' dir='ltr'>juvandum</span> <span class='ocrx_word' id='word_1_27' title='bbox 970 850 1059 888; x_wconf 90' lang='lat' dir='ltr'>me</span> <span class='ocrx_word' id='word_1_28' title='bbox 1090 833 1395 904; x_wconf 78' lang='lat' dir='ltr'>deprecor,</span> <span class='ocrx_word' id='word_1_29' title='bbox 1436 835 1667 889; x_wconf 81' lang='lat' dir='ltr'>festina.</span> 
     </span>
    </p>
   </div>
   <div class='ocr_carea' id='block_1_6' title="bbox 506 923 1689 994">
    <p class='ocr_par' dir='ltr' id='par_1_6' title="bbox 506 923 1689 994">
     <span class='ocr_line' id='line_1_6' title="bbox 506 923 1689 994; baseline -0.001 -17"><span class='ocrx_word' id='word_1_30' title='bbox 506 925 689 977; x_wconf 80' lang='lat' dir='ltr'>Parce</span> <span class='ocrx_word' id='word_1_31' title='bbox 730 939 842 976; x_wconf 91' lang='lat' dir='ltr'>una</span> <span class='ocrx_word' id='word_1_32' title='bbox 864 923 1140 992; x_wconf 80' lang='lat' dir='ltr'>Trinitas,</span> <span class='ocrx_word' id='word_1_33' title='bbox 1176 925 1485 994; x_wconf 88' lang='lat' dir='ltr'>unitasque</span> <span class='ocrx_word' id='word_1_34' title='bbox 1518 925 1689 990; x_wconf 84' lang='lat' dir='ltr'>trina,</span> 
     </span>
    </p>
   </div>
   <div class='ocr_carea' id='block_1_7' title="bbox 429 1011 1721 1083">
    <p class='ocr_par' dir='ltr' id='par_1_7' title="bbox 429 1011 1721 1083">
     <span class='ocr_line' id='line_1_7' title="bbox 429 1011 1721 1083; baseline 0 -16"><span class='ocrx_word' id='word_1_35' title='bbox 429 1013 624 1080; x_wconf 85' lang='lat' dir='ltr'>Pater,</span> <span class='ocrx_word' id='word_1_36' title='bbox 659 1011 1118 1083; x_wconf 65' lang='lat' dir='ltr'>Filii,{Spiritus,</span> <span class='ocrx_word' id='word_1_37' title='bbox 1159 1011 1446 1081; x_wconf 88' lang='lat' dir='ltr'>Majestas</span> <span class='ocrx_word' id='word_1_38' title='bbox 1480 1013 1675 1066; x_wconf 89' lang='lat' dir='ltr'>divina</span> <span class='ocrx_word' id='word_1_39' title='bbox 1711 1029 1721 1066; x_wconf 94' lang='lat'>:</span> 
     </span>
    </p>
   </div>
   <div class='ocr_carea' id='block_1_8' title="bbox 429 1101 1792 1173">
    <p class='ocr_par' dir='ltr' id='par_1_8' title="bbox 429 1101 1792 1173">
     <span class='ocr_line' id='line_1_8' title="bbox 429 1101 1792 1173; baseline -0.001 -17"><span class='ocrx_word' id='word_1_40' title='bbox 429 1102 616 1156; x_wconf 83' lang='lat' dir='ltr'>Parce</span> <span class='ocrx_word' id='word_1_41' title='bbox 647 1102 745 1173; x_wconf 88' lang='lat' dir='ltr'>qui</span> <span class='ocrx_word' id='word_1_42' title='bbox 776 1101 991 1156; x_wconf 79' lang='lat' dir='ltr'>creasti</span> <span class='ocrx_word' id='word_1_43' title='bbox 1024 1117 1132 1170; x_wconf 91' lang='lat' dir='ltr'>me,</span> <span class='ocrx_word' id='word_1_44' title='bbox 1156 1118 1228 1155; x_wconf 90' lang='lat' dir='ltr'>ne</span> <span class='ocrx_word' id='word_1_45' title='bbox 1259 1102 1421 1156; x_wconf 86' lang='lat' dir='ltr'>fraus</span> <span class='ocrx_word' id='word_1_46' title='bbox 1455 1102 1792 1171; x_wconf 89' lang='lat' dir='ltr'>serpentina</span> 
     </span>
    </p>
   </div>
   <div class='ocr_carea' id='block_1_9' title="bbox 429 1191 1666 1260">
    <p class='ocr_par' dir='ltr' id='par_1_9' title="bbox 429 1191 1666 1260">
     <span class='ocr_line' id='line_1_9' title="bbox 429 1191 1666 1260; baseline 0.001 -16"><span class='ocrx_word' id='word_1_47' title='bbox 429 1191 522 1246; x_wconf 91' lang='lat' dir='ltr'>Me</span> <span class='ocrx_word' id='word_1_48' title='bbox 553 1191 886 1245; x_wconf 79' lang='lat' dir='ltr'>credentem</span> <span class='ocrx_word' id='word_1_49' title='bbox 918 1191 1205 1260; x_wconf 80' lang='lat' dir='ltr'>opprimat</span> <span class='ocrx_word' id='word_1_50' title='bbox 1250 1193 1454 1244; x_wconf 86' lang='lat' dir='ltr'>mortis</span> <span class='ocrx_word' id='word_1_51' title='bbox 1479 1191 1666 1245; x_wconf 89' lang='lat' dir='ltr'>ruina.</span> 
     </span>
    </p>
   </div>
   <div class='ocr_carea' id='block_1_10' title="bbox 508 1278 1781 1349">
    <p class='ocr_par' dir='ltr' id='par_1_10' title="bbox 508 1278 1781 1349">
     <span class='ocr_line' id='line_1_10' title="bbox 508 1278 1781 1349; baseline 0.001 -16"><span class='ocrx_word' id='word_1_52' title='bbox 508 1280 698 1347; x_wconf 89' lang='lat' dir='ltr'>Pater,</span> <span class='ocrx_word' id='word_1_53' title='bbox 732 1282 786 1332; x_wconf 90' lang='lat' dir='ltr'>te</span> <span class='ocrx_word' id='word_1_54' title='bbox 819 1294 925 1348; x_wconf 91' lang='lat' dir='ltr'>per</span> <span class='ocrx_word' id='word_1_55' title='bbox 952 1279 1161 1332; x_wconf 86' lang='lat' dir='ltr'>Filium</span> <span class='ocrx_word' id='word_1_56' title='bbox 1192 1278 1480 1349; x_wconf 87' lang='lat' dir='ltr'>deprecor</span> <span class='ocrx_word' id='word_1_57' title='bbox 1502 1279 1781 1334; x_wconf 88' lang='lat' dir='ltr'>Messiam</span> 
     </span>
    </p>
   </div>
   <div class='ocr_carea' id='block_1_11' title="bbox 433 1367 1758 1439">
    <p class='ocr_par' dir='ltr' id='par_1_11' title="bbox 433 1367 1758 1439">
     <span class='ocr_line' id='line_1_11' title="bbox 433 1367 1758 1439; baseline 0 -17"><span class='ocrx_word' id='word_1_58' title='bbox 433 1367 586 1423; x_wconf 89' lang='lat' dir='ltr'>Utte</span> <span class='ocrx_word' id='word_1_59' title='bbox 621 1368 813 1422; x_wconf 91' lang='lat' dir='ltr'>solum</span> <span class='ocrx_word' id='word_1_60' title='bbox 845 1367 1106 1438; x_wconf 82' lang='lat' dir='ltr'>diligam,</span> <span class='ocrx_word' id='word_1_61' title='bbox 1144 1368 1234 1421; x_wconf 91' lang='lat' dir='ltr'>fac</span> <span class='ocrx_word' id='word_1_62' title='bbox 1265 1373 1319 1422; x_wconf 91' lang='lat' dir='ltr'>et</span> <span class='ocrx_word' id='word_1_63' title='bbox 1344 1371 1405 1421; x_wconf 90' lang='lat' dir='ltr'>ut</span> <span class='ocrx_word' id='word_1_64' title='bbox 1438 1385 1526 1423; x_wconf 91' lang='lat' dir='ltr'>me</span> <span class='ocrx_word' id='word_1_65' title='bbox 1550 1369 1758 1439; x_wconf 84' lang='lat' dir='ltr'>sciam;</span> 
     </span>
    </p>
   </div>
   <div class='ocr_carea' id='block_1_12' title="bbox 430 1455 1579 1528">
    <p class='ocr_par' dir='ltr' id='par_1_12' title="bbox 430 1455 1579 1528">
     <span class='ocr_line' id='line_1_12' title="bbox 430 1455 1579 1528; baseline 0 -18"><span class='ocrx_word' id='word_1_66' title='bbox 430 1455 700 1528; x_wconf 91' lang='lat' dir='ltr'>Cogitem</span> <span class='ocrx_word' id='word_1_67' title='bbox 733 1457 1009 1511; x_wconf 88' lang='lat' dir='ltr'>continue</span> <span class='ocrx_word' id='word_1_68' title='bbox 1031 1457 1372 1526; x_wconf 85' lang='lat' dir='ltr'>passionem</span> <span class='ocrx_word' id='word_1_69' title='bbox 1403 1457 1579 1523; x_wconf 87' lang='lat' dir='ltr'>diam,</span> 
     </span>
    </p>
   </div>
   <div class='ocr_carea' id='block_1_13' title="bbox 434 1544 1545 1617">
    <p class='ocr_par' dir='ltr' id='par_1_13' title="bbox 434 1544 1545 1617">
     <span class='ocr_line' id='line_1_13' title="bbox 434 1544 1545 1617; baseline 0 -19"><span class='ocrx_word' id='word_1_70' title='bbox 434 1544 688 1599; x_wconf 85' lang='lat' dir='ltr'>Humilis</span> <span class='ocrx_word' id='word_1_71' title='bbox 719 1545 777 1598; x_wconf 91' lang='lat' dir='ltr'>in</span> <span class='ocrx_word' id='word_1_72' title='bbox 812 1545 1002 1599; x_wconf 88' lang='lat' dir='ltr'>oculis</span> <span class='ocrx_word' id='word_1_73' title='bbox 1025 1546 1224 1599; x_wconf 85' lang='lat' dir='ltr'>cordis</span> <span class='ocrx_word' id='word_1_74' title='bbox 1255 1560 1367 1617; x_wconf 88' lang='lat' dir='ltr'>ego</span> <span class='ocrx_word' id='word_1_75' title='bbox 1392 1546 1545 1600; x_wconf 83' lang='lat' dir='ltr'>ﬁam.</span> 
     </span>
    </p>
   </div>
   <div class='ocr_carea' id='block_1_14' title="bbox 501 1633 1947 1706">
    <p class='ocr_par' dir='ltr' id='par_1_14' title="bbox 501 1633 1947 1706">
     <span class='ocr_line' id='line_1_14' title="bbox 501 1633 1947 1706; baseline 0.003 -19"><span class='ocrx_word' id='word_1_76' title='bbox 501 1633 754 1704; x_wconf 77' lang='lat' dir='ltr'>Propter</span> <span class='ocrx_word' id='word_1_77' title='bbox 775 1633 1020 1688; x_wconf 84' lang='lat' dir='ltr'>Matrem</span> <span class='ocrx_word' id='word_1_78' title='bbox 1052 1634 1360 1705; x_wconf 86' lang='lat' dir='ltr'>Virginem</span> <span class='ocrx_word' id='word_1_79' title='bbox 1392 1650 1562 1706; x_wconf 92' lang='lat' dir='ltr'>rogo,</span> <span class='ocrx_word' id='word_1_80' title='bbox 1598 1635 1742 1690; x_wconf 78' lang='lat' dir='ltr'>Jesu</span> <span class='ocrx_word' id='word_1_81' title='bbox 1775 1637 1947 1704; x_wconf 87' lang='lat' dir='ltr'>bone,</span> 
     </span>
    </p>
   </div>
   <div class='ocr_carea' id='block_1_15' title="bbox 433 1721 1630 1791">
    <p class='ocr_par' dir='ltr' id='par_1_15' title="bbox 433 1721 1630 1791">
     <span class='ocr_line' id='line_1_15' title="bbox 433 1721 1630 1791; baseline 0 -15"><span class='ocrx_word' id='word_1_82' title='bbox 433 1721 510 1776; x_wconf 92' lang='lat' dir='ltr'>Ut</span> <span class='ocrx_word' id='word_1_83' title='bbox 549 1737 653 1776; x_wconf 91' lang='lat' dir='ltr'>cor</span> <span class='ocrx_word' id='word_1_84' title='bbox 681 1736 875 1774; x_wconf 88' lang='lat' dir='ltr'>meum</span> <span class='ocrx_word' id='word_1_85' title='bbox 907 1722 1188 1776; x_wconf 88' lang='lat' dir='ltr'>vuineres</span> <span class='ocrx_word' id='word_1_86' title='bbox 1209 1725 1305 1775; x_wconf 89' lang='lat' dir='ltr'>tua</span> <span class='ocrx_word' id='word_1_87' title='bbox 1329 1723 1630 1791; x_wconf 89' lang='lat' dir='ltr'>passione,</span> 
     </span>
    </p>
   </div>
   <div class='ocr_carea' id='block_1_16' title="bbox 430 1809 1439 1881">
    <p class='ocr_par' dir='ltr' id='par_1_16' title="bbox 430 1809 1439 1881">
     <span class='ocr_line' id='line_1_16' title="bbox 430 1809 1439 1881; baseline 0.002 -19"><span class='ocrx_word' id='word_1_88' title='bbox 430 1809 571 1864; x_wconf 89' lang='lat' dir='ltr'>Inde</span> <span class='ocrx_word' id='word_1_89' title='bbox 587 1809 725 1881; x_wconf 85' lang='lat' dir='ltr'>jugi</span> <span class='ocrx_word' id='word_1_90' title='bbox 753 1809 1028 1880; x_wconf 82' lang='lat' dir='ltr'>perfruar</span> <span class='ocrx_word' id='word_1_91' title='bbox 1046 1811 1439 1878; x_wconf 83' lang='lat' dir='ltr'>meditatione,</span> 
     </span>
    </p>
   </div>
   <div class='ocr_carea' id='block_1_17' title="bbox 432 1896 1594 1968">
    <p class='ocr_par' dir='ltr' id='par_1_17' title="bbox 432 1896 1594 1968">
     <span class='ocr_line' id='line_1_17' title="bbox 432 1896 1594 1968; baseline 0.003 -18"><span class='ocrx_word' id='word_1_92' title='bbox 432 1897 508 1950; x_wconf 89' lang='lat' dir='ltr'>Et</span> <span class='ocrx_word' id='word_1_93' title='bbox 543 1896 746 1952; x_wconf 84' lang='lat' dir='ltr'>Mariae</span> <span class='ocrx_word' id='word_1_94' title='bbox 776 1897 1027 1968; x_wconf 86' lang='lat' dir='ltr'>virginis</span> <span class='ocrx_word' id='word_1_95' title='bbox 1059 1913 1133 1952; x_wconf 84' lang='lat' dir='ltr'>ex</span> <span class='ocrx_word' id='word_1_96' title='bbox 1165 1899 1594 1967; x_wconf 91' lang='lat' dir='ltr'>cempassione.</span> 
     </span>
    </p>
   </div>
   <div class='ocr_carea' id='block_1_18' title="bbox 506 1985 1671 2057">
    <p class='ocr_par' dir='ltr' id='par_1_18' title="bbox 506 1985 1671 2057">
     <span class='ocr_line' id='line_1_18' title="bbox 506 1985 1671 2057; baseline 0.003 -19"><span class='ocrx_word' id='word_1_97' title='bbox 506 1986 666 2039; x_wconf 91' lang='lat' dir='ltr'>Deus</span> <span class='ocrx_word' id='word_1_98' title='bbox 698 1989 901 2039; x_wconf 81' lang='lat' dir='ltr'>sancte</span> <span class='ocrx_word' id='word_1_99' title='bbox 932 1985 1205 2056; x_wconf 87' lang='lat' dir='ltr'>Spiritus,</span> <span class='ocrx_word' id='word_1_100' title='bbox 1241 1989 1339 2057; x_wconf 89' lang='lat' dir='ltr'>qui</span> <span class='ocrx_word' id='word_1_101' title='bbox 1363 1988 1421 2040; x_wconf 91' lang='lat' dir='ltr'>in</span> <span class='ocrx_word' id='word_1_102' title='bbox 1461 1987 1671 2042; x_wconf 90' lang='lat' dir='ltr'>deitate</span> 
     </span>
    </p>
   </div>
   <div class='ocr_carea' id='block_1_19' title="bbox 434 2072 1666 2146">
    <p class='ocr_par' dir='ltr' id='par_1_19' title="bbox 434 2072 1666 2146">
     <span class='ocr_line' id='line_1_19' title="bbox 434 2072 1666 2146; baseline 0.002 -19"><span class='ocrx_word' id='word_1_103' title='bbox 434 2073 504 2128; x_wconf 88' lang='lat' dir='ltr'>Et</span> <span class='ocrx_word' id='word_1_104' title='bbox 563 2072 674 2146; x_wconf 90' lang='lat' dir='ltr'>[es]</span> <span class='ocrx_word' id='word_1_105' title='bbox 703 2090 957 2143; x_wconf 88' lang='lat' dir='ltr'>persona</span> <span class='ocrx_word' id='word_1_106' title='bbox 988 2076 1179 2140; x_wconf 87' lang='lat' dir='ltr'>tertia,</span> <span class='ocrx_word' id='word_1_107' title='bbox 1205 2077 1374 2144; x_wconf 86' lang='lat' dir='ltr'>plena</span> <span class='ocrx_word' id='word_1_108' title='bbox 1406 2077 1618 2146; x_wconf 86' lang='lat' dir='ltr'>pietate</span> <span class='ocrx_word' id='word_1_109' title='bbox 1656 2094 1666 2130; x_wconf 91' lang='lat'>:</span> 
     </span>
    </p>
   </div>
   <div class='ocr_carea' id='block_1_20' title="bbox 431 2162 1696 2235">
    <p class='ocr_par' dir='ltr' id='par_1_20' title="bbox 431 2162 1696 2235">
     <span class='ocr_line' id='line_1_20' title="bbox 431 2162 1696 2235; baseline 0.003 -19"><span class='ocrx_word' id='word_1_110' title='bbox 431 2162 698 2216; x_wconf 87' lang='lat' dir='ltr'>Obsecro</span> <span class='ocrx_word' id='word_1_111' title='bbox 729 2163 1044 2232; x_wconf 89' lang='lat' dir='ltr'>prepitium</span> <span class='ocrx_word' id='word_1_112' title='bbox 1075 2163 1214 2218; x_wconf 89' lang='lat' dir='ltr'>mihi</span> <span class='ocrx_word' id='word_1_113' title='bbox 1245 2179 1484 2235; x_wconf 89' lang='lat' dir='ltr'>semper</span> <span class='ocrx_word' id='word_1_114' title='bbox 1515 2165 1586 2219; x_wconf 89' lang='lat' dir='ltr'>da</span> <span class='ocrx_word' id='word_1_115' title='bbox 1620 2169 1696 2235; x_wconf 92' lang='lat' dir='ltr'>te,</span> 
     </span>
    </p>
   </div>
   <div class='ocr_carea' id='block_1_21' title="bbox 434 2250 1708 2326">
    <p class='ocr_par' dir='ltr' id='par_1_21' title="bbox 434 2250 1708 2326">
     <span class='ocr_line' id='line_1_21' title="bbox 434 2250 1708 2326; baseline 0.003 -21"><span class='ocrx_word' id='word_1_116' title='bbox 434 2250 551 2305; x_wconf 88' lang='lat' dir='ltr'>Fac</span> <span class='ocrx_word' id='word_1_117' title='bbox 573 2267 780 2306; x_wconf 92' lang='lat' dir='ltr'>nemor</span> <span class='ocrx_word' id='word_1_118' title='bbox 810 2251 1027 2306; x_wconf 83' lang='lat' dir='ltr'>Christi</span> <span class='ocrx_word' id='word_1_119' title='bbox 1061 2253 1175 2306; x_wconf 91' lang='lat' dir='ltr'>sim</span> <span class='ocrx_word' id='word_1_120' title='bbox 1190 2253 1489 2322; x_wconf 90' lang='lat' dir='ltr'>passionis</span> <span class='ocrx_word' id='word_1_121' title='bbox 1523 2257 1708 2326; x_wconf 83' lang='lat' dir='ltr'>grate.</span> 
     </span>
    </p>
   </div>
   <div class='ocr_carea' id='block_1_22' title="bbox 1037 2340 1491 2396">
    <p class='ocr_par' dir='ltr' id='par_1_22' title="bbox 1037 2340 1491 2396">
     <span class='ocr_line' id='line_1_22' title="bbox 1037 2340 1491 2396; baseline 0.002 -2"><span class='ocrx_word' id='word_1_122' title='bbox 1037 2341 1150 2394; x_wconf 79' lang='lat' dir='ltr'>Dei</span> <span class='ocrx_word' id='word_1_123' title='bbox 1179 2340 1491 2396; x_wconf 80' lang='lat' dir='ltr'>beneﬁcia.</span> 
     </span>
    </p>
   </div>
   <div class='ocr_carea' id='block_1_23' title="bbox 505 2428 1525 2500">
    <p class='ocr_par' dir='ltr' id='par_1_23' title="bbox 505 2428 1525 2500">
     <span class='ocr_line' id='line_1_23' title="bbox 505 2428 1525 2500; baseline 0.003 -18"><span class='ocrx_word' id='word_1_124' title='bbox 505 2428 685 2499; x_wconf 87' lang='lat' dir='ltr'>Deus,</span> <span class='ocrx_word' id='word_1_125' title='bbox 720 2432 932 2500; x_wconf 89' lang='lat' dir='ltr'>quanta</span> <span class='ocrx_word' id='word_1_126' title='bbox 966 2429 1152 2483; x_wconf 89' lang='lat' dir='ltr'>debeo</span> <span class='ocrx_word' id='word_1_127' title='bbox 1175 2430 1374 2500; x_wconf 91' lang='lat' dir='ltr'>pietati</span> <span class='ocrx_word' id='word_1_128' title='bbox 1405 2430 1525 2485; x_wconf 92' lang='lat' dir='ltr'>isti.</span> 
     </span>
    </p>
   </div>
   <div class='ocr_carea' id='block_1_24' title="bbox 433 2513 1634 2588">
    <p class='ocr_par' dir='ltr' id='par_1_24' title="bbox 433 2513 1634 2588">
     <span class='ocr_line' id='line_1_24' title="bbox 433 2513 1634 2588; baseline 0.002 -18"><span class='ocrx_word' id='word_1_129' title='bbox 433 2513 542 2579; x_wconf 87' lang='lat' dir='ltr'>Qui</span> <span class='ocrx_word' id='word_1_130' title='bbox 573 2530 665 2570; x_wconf 92' lang='lat' dir='ltr'>me</span> <span class='ocrx_word' id='word_1_131' title='bbox 697 2517 767 2569; x_wconf 88' lang='lat' dir='ltr'>ad</span> <span class='ocrx_word' id='word_1_132' title='bbox 793 2516 1105 2588; x_wconf 86' lang='lat' dir='ltr'>imaginem</span> <span class='ocrx_word' id='word_1_133' title='bbox 1131 2521 1286 2571; x_wconf 90' lang='lat' dir='ltr'>tuam</span> <span class='ocrx_word' id='word_1_134' title='bbox 1319 2518 1634 2573; x_wconf 88' lang='lat' dir='ltr'>condidisti</span> 
     </span>
    </p>
   </div>
   <div class='ocr_carea' id='block_1_25' title="bbox 437 2604 1760 2680">
    <p class='ocr_par' dir='ltr' id='par_1_25' title="bbox 437 2604 1760 2680">
     <span class='ocr_line' id='line_1_25' title="bbox 437 2604 1760 2680; baseline 0.004 -22"><span class='ocrx_word' id='word_1_135' title='bbox 437 2604 618 2668; x_wconf 90' lang='lat' dir='ltr'>Quem</span> <span class='ocrx_word' id='word_1_136' title='bbox 650 2605 826 2658; x_wconf 88' lang='lat' dir='ltr'>vilem</span> <span class='ocrx_word' id='word_1_137' title='bbox 856 2606 1242 2660; x_wconf 87' lang='lat' dir='ltr'>vermiculum</span> <span class='ocrx_word' id='word_1_138' title='bbox 1267 2606 1460 2661; x_wconf 89' lang='lat' dir='ltr'>facere</span> <span class='ocrx_word' id='word_1_139' title='bbox 1494 2609 1760 2680; x_wconf 90' lang='lat' dir='ltr'>quivisti.</span> 
     </span>
    </p>
   </div>
   <div class='ocr_carea' id='block_1_26' title="bbox 437 2692 1778 2765">
    <p class='ocr_par' dir='ltr' id='par_1_26' title="bbox 437 2692 1778 2765">
     <span class='ocr_line' id='line_1_26' title="bbox 437 2692 1778 2765; baseline 0.004 -18"><span class='ocrx_word' id='word_1_140' title='bbox 437 2692 484 2747; x_wconf 92' lang='grc' dir='ltr'>Ο</span> <span class='ocrx_word' id='word_1_141' title='bbox 516 2708 689 2764; x_wconf 89' lang='lat' dir='ltr'>quam</span> <span class='ocrx_word' id='word_1_142' title='bbox 721 2692 896 2746; x_wconf 91' lang='lat' dir='ltr'>multa</span> <span class='ocrx_word' id='word_1_143' title='bbox 929 2708 1168 2747; x_wconf 90' lang='lat' dir='ltr'>munera</span> <span class='ocrx_word' id='word_1_144' title='bbox 1196 2695 1309 2748; x_wconf 91' lang='lat' dir='ltr'>huc</span> <span class='ocrx_word' id='word_1_145' title='bbox 1331 2712 1518 2765; x_wconf 88' lang='lat' dir='ltr'>usque</span> <span class='ocrx_word' id='word_1_146' title='bbox 1542 2697 1778 2753; x_wconf 85' lang='lat' dir='ltr'>auxisti.</span> 
     </span>
    </p>
   </div>
   <div class='ocr_carea' id='block_1_27' title="bbox 510 2782 1811 2856">
    <p class='ocr_par' dir='ltr' id='par_1_27' title="bbox 510 2782 1811 2856">
     <span class='ocr_line' id='line_1_27' title="bbox 510 2782 1811 2856; baseline 0.004 -21"><span class='ocrx_word' id='word_1_147' title='bbox 510 2782 572 2835; x_wconf 87' lang='lat' dir='ltr'>In</span> <span class='ocrx_word' id='word_1_148' title='bbox 602 2782 861 2850; x_wconf 86' lang='lat' dir='ltr'>peccatis</span> <span class='ocrx_word' id='word_1_149' title='bbox 891 2782 1152 2852; x_wconf 86' lang='lat' dir='ltr'>genitum</span> <span class='ocrx_word' id='word_1_150' title='bbox 1171 2783 1464 2852; x_wconf 86' lang='lat' dir='ltr'>baptismo</span> <span class='ocrx_word' id='word_1_151' title='bbox 1496 2787 1811 2856; x_wconf 87' lang='lat' dir='ltr'>mundasti,</span> 
     </span>
    </p>
   </div>
   <div class='ocr_carea' id='block_1_28' title="bbox 441 2870 1670 2942">
    <p class='ocr_par' dir='ltr' id='par_1_28' title="bbox 441 2870 1670 2942">
     <span class='ocr_line' id='line_1_28' title="bbox 441 2870 1670 2942; baseline 0.003 -19"><span class='ocrx_word' id='word_1_152' title='bbox 441 2870 645 2924; x_wconf 89' lang='lat' dir='ltr'>Victus</span> <span class='ocrx_word' id='word_1_153' title='bbox 670 2871 1011 2924; x_wconf 89' lang='lat' dir='ltr'>necessaria</span> <span class='ocrx_word' id='word_1_154' title='bbox 1037 2887 1274 2940; x_wconf 87' lang='lat' dir='ltr'>semper</span> <span class='ocrx_word' id='word_1_155' title='bbox 1302 2873 1670 2942; x_wconf 88' lang='lat' dir='ltr'>ministrasti,</span> 
     </span>
    </p>
   </div>
   <div class='ocr_carea' id='block_1_29' title="bbox 436 2958 1810 3034">
    <p class='ocr_par' dir='ltr' id='par_1_29' title="bbox 436 2958 1810 3034">
     <span class='ocr_line' id='line_1_29' title="bbox 436 2958 1810 3034; baseline 0.004 -22"><span class='ocrx_word' id='word_1_156' title='bbox 436 2958 728 3024; x_wconf 86' lang='lat' dir='ltr'>Formam,</span> <span class='ocrx_word' id='word_1_157' title='bbox 757 2975 977 3014; x_wconf 89' lang='lat' dir='ltr'>census</span> <span class='ocrx_word' id='word_1_158' title='bbox 1003 2961 1250 3030; x_wconf 90' lang='lat' dir='ltr'>copiam,</span> <span class='ocrx_word' id='word_1_159' title='bbox 1277 2962 1537 3016; x_wconf 84' lang='lat' dir='ltr'>honores</span> <span class='ocrx_word' id='word_1_160' title='bbox 1557 2963 1810 3034; x_wconf 88' lang='lat' dir='ltr'>donasti,</span> 
     </span>
    </p>
   </div>
   <div class='ocr_carea' id='block_1_30' title="bbox 434 3047 1782 3118">
    <p class='ocr_par' dir='ltr' id='par_1_30' title="bbox 434 3047 1782 3118">
     <span class='ocr_line' id='line_1_30' title="bbox 434 3047 1782 3118; baseline 0.006 -17"><span class='ocrx_word' id='word_1_161' title='bbox 434 3047 504 3101; x_wconf 85' lang='lat' dir='ltr'>Et</span> <span class='ocrx_word' id='word_1_162' title='bbox 535 3048 592 3101; x_wconf 91' lang='lat' dir='ltr'>in</span> <span class='ocrx_word' id='word_1_163' title='bbox 623 3047 754 3102; x_wconf 92' lang='lat' dir='ltr'>loco</span> <span class='ocrx_word' id='word_1_164' title='bbox 778 3048 889 3117; x_wconf 83' lang='lat'>(60)</span> <span class='ocrx_word' id='word_1_165' title='bbox 910 3050 1127 3118; x_wconf 90' lang='lat' dir='ltr'>optimo</span> <span class='ocrx_word' id='word_1_166' title='bbox 1159 3066 1252 3104; x_wconf 91' lang='lat' dir='ltr'>me</span> <span class='ocrx_word' id='word_1_167' title='bbox 1273 3068 1428 3106; x_wconf 86' lang='lat' dir='ltr'>nunc</span> <span class='ocrx_word' id='word_1_168' title='bbox 1457 3053 1782 3109; x_wconf 90' lang='lat' dir='ltr'>collocasti.</span> 
     </span>
    </p>
   </div>
   <div class='ocr_carea' id='block_1_31' title="bbox 917 3137 1619 3213">
    <p class='ocr_par' dir='ltr' id='par_1_31' title="bbox 917 3137 1619 3213">
     <span class='ocr_line' id='line_1_31' title="bbox 917 3137 1619 3213; baseline 0.009 -22"><span class='ocrx_word' id='word_1_169' title='bbox 917 3137 1203 3193; x_wconf 84' lang='lat' dir='ltr'>Hominus</span> <span class='ocrx_word' id='word_1_170' title='bbox 1232 3142 1619 3213; x_wconf 79' lang='lat' dir='ltr'>mgratitudo.</span> 
     </span>
    </p>
   </div>
   <div class='ocr_carea' id='block_1_32' title="bbox 503 3223 1914 3304">
    <p class='ocr_par' dir='ltr' id='par_1_32' title="bbox 503 3223 1914 3304">
     <span class='ocr_line' id='line_1_32' title="bbox 503 3223 1914 3304; baseline 0.007 -26"><span class='ocrx_word' id='word_1_171' title='bbox 503 3223 666 3279; x_wconf 87' lang='lat' dir='ltr'>Heu!</span> <span class='ocrx_word' id='word_1_172' title='bbox 701 3226 794 3280; x_wconf 88' lang='lat' dir='ltr'>his</span> <span class='ocrx_word' id='word_1_173' title='bbox 826 3227 997 3281; x_wconf 91' lang='lat' dir='ltr'>donis</span> <span class='ocrx_word' id='word_1_174' title='bbox 1031 3229 1302 3284; x_wconf 88' lang='lat' dir='ltr'>omnibus</span> <span class='ocrx_word' id='word_1_175' title='bbox 1326 3232 1452 3286; x_wconf 93' lang='lat' dir='ltr'>scio</span> <span class='ocrx_word' id='word_1_176' title='bbox 1477 3247 1568 3286; x_wconf 92' lang='lat' dir='ltr'>me</span> <span class='ocrx_word' id='word_1_177' title='bbox 1600 3232 1914 3304; x_wconf 89' lang='lat' dir='ltr'>ingratum,</span> 
     </span>
    </p>
   </div>
   <div class='ocr_carea' id='block_1_33' title="bbox 391 3315 1642 3383">
    <p class='ocr_par' dir='ltr' id='par_1_33' title="bbox 391 3315 1642 3383">
     <span class='ocr_line' id='line_1_33' title="bbox 391 3315 1642 3383; baseline 0.004 -13"><span class='ocrx_word' id='word_1_178' title='bbox 391 3369 410 3383; x_wconf 69' lang='grc'><em>,</em></span> <span class='ocrx_word' id='word_1_179' title='bbox 430 3315 575 3380; x_wconf 85' lang='lat' dir='ltr'>Quia</span> <span class='ocrx_word' id='word_1_180' title='bbox 597 3332 714 3370; x_wconf 91' lang='lat' dir='ltr'>non</span> <span class='ocrx_word' id='word_1_181' title='bbox 745 3319 1015 3372; x_wconf 90' lang='lat' dir='ltr'>custodio</span> <span class='ocrx_word' id='word_1_182' title='bbox 1049 3319 1275 3374; x_wconf 89' lang='lat' dir='ltr'>Domini</span> <span class='ocrx_word' id='word_1_183' title='bbox 1310 3321 1642 3375; x_wconf 89' lang='lat' dir='ltr'>mandatum</span> 
     </span>
    </p>
   </div>
   <div class='ocr_carea' id='block_1_34' title="bbox 432 3403 1772 3477">
    <p class='ocr_par' dir='ltr' id='par_1_34' title="bbox 432 3403 1772 3477">
     <span class='ocr_line' id='line_1_34' title="bbox 432 3403 1772 3477; baseline 0.004 -18"><span class='ocrx_word' id='word_1_184' title='bbox 432 3403 550 3459; x_wconf 89' lang='lat' dir='ltr'>Sed</span> <span class='ocrx_word' id='word_1_185' title='bbox 582 3406 1164 3477; x_wconf 86' lang='lat' dir='ltr'>negligentissimum</span> <span class='ocrx_word' id='word_1_186' title='bbox 1185 3409 1368 3463; x_wconf 89' lang='lat' dir='ltr'>reddo</span> <span class='ocrx_word' id='word_1_187' title='bbox 1395 3410 1735 3465; x_wconf 85' lang='lat' dir='ltr'>famulatum</span> <span class='ocrx_word' id='word_1_188' title='bbox 1761 3426 1772 3464; x_wconf 91' lang='lat'>:</span> 
     </span>
    </p>
   </div>
   <div class='ocr_carea' id='block_1_35' title="bbox 432 3493 1878 3568">
    <p class='ocr_par' dir='ltr' id='par_1_35' title="bbox 432 3493 1878 3568">
     <span class='ocr_line' id='line_1_35' title="bbox 432 3493 1878 3568; baseline 0.005 -21"><span class='ocrx_word' id='word_1_189' title='bbox 432 3493 621 3565; x_wconf 83' lang='lat' dir='ltr'>Atque</span> <span class='ocrx_word' id='word_1_190' title='bbox 652 3495 828 3549; x_wconf 90' lang='lat' dir='ltr'>nimis</span> <span class='ocrx_word' id='word_1_191' title='bbox 860 3512 1080 3565; x_wconf 89' lang='lat' dir='ltr'>pronus</span> <span class='ocrx_word' id='word_1_192' title='bbox 1095 3513 1227 3552; x_wconf 89' lang='lat' dir='ltr'>sum</span> <span class='ocrx_word' id='word_1_193' title='bbox 1257 3497 1328 3552; x_wconf 90' lang='lat' dir='ltr'>ad</span> <span class='ocrx_word' id='word_1_194' title='bbox 1353 3514 1523 3553; x_wconf 90' lang='lat' dir='ltr'>omne</span> <span class='ocrx_word' id='word_1_195' title='bbox 1555 3504 1878 3568; x_wconf 90' lang='lat' dir='ltr'>peccatum.</span> 
     </span>
    </p>
   </div>
   <div class='ocr_carea' id='block_1_36' title="bbox 502 3583 2098 3661">
    <p class='ocr_par' dir='ltr' id='par_1_36' title="bbox 502 3583 2098 3661">
     <span class='ocr_line' id='line_1_36' title="bbox 502 3583 2098 3661; baseline 0.006 -25"><span class='ocrx_word' id='word_1_196' title='bbox 502 3583 548 3636; x_wconf 95' lang='grc' dir='ltr'>Ο</span> <span class='ocrx_word' id='word_1_197' title='bbox 576 3584 762 3654; x_wconf 92' lang='lat' dir='ltr'>dolor,</span> <span class='ocrx_word' id='word_1_198' title='bbox 799 3600 833 3638; x_wconf 93' lang='grc' dir='ltr'>ο</span> <span class='ocrx_word' id='word_1_199' title='bbox 865 3586 1142 3656; x_wconf 84' lang='lat' dir='ltr'>gemitus,</span> <span class='ocrx_word' id='word_1_200' title='bbox 1169 3586 1306 3657; x_wconf 89' lang='lat' dir='ltr'>quid</span> <span class='ocrx_word' id='word_1_201' title='bbox 1339 3591 1430 3642; x_wconf 85' lang='lat' dir='ltr'>est</span> <span class='ocrx_word' id='word_1_202' title='bbox 1461 3588 1614 3658; x_wconf 86' lang='lat' dir='ltr'>quod</span> <span class='ocrx_word' id='word_1_203' title='bbox 1647 3589 1760 3659; x_wconf 86' lang='grc'>(61)</span> <span class='ocrx_word' id='word_1_204' title='bbox 1791 3604 1904 3661; x_wconf 89' lang='lat' dir='ltr'>ego</span> <span class='ocrx_word' id='word_1_205' title='bbox 1937 3591 2098 3646; x_wconf 87' lang='lat' dir='ltr'>feci?</span> 
     </span>
    </p>
   </div>
   <div class='ocr_carea' id='block_1_37' title="bbox 435 3672 1764 3748">
    <p class='ocr_par' dir='ltr' id='par_1_37' title="bbox 435 3672 1764 3748">
     <span class='ocr_line' id='line_1_37' title="bbox 435 3672 1764 3748; baseline 0.005 -22"><span class='ocrx_word' id='word_1_206' title='bbox 435 3672 496 3726; x_wconf 91' lang='lat' dir='ltr'>ln</span> <span class='ocrx_word' id='word_1_207' title='bbox 519 3676 795 3743; x_wconf 77' lang='lat' dir='ltr'>quantam</span> <span class='ocrx_word' id='word_1_208' title='bbox 826 3673 1151 3728; x_wconf 87' lang='lat' dir='ltr'>versutiam</span> <span class='ocrx_word' id='word_1_209' title='bbox 1185 3690 1276 3728; x_wconf 91' lang='lat' dir='ltr'>me</span> <span class='ocrx_word' id='word_1_210' title='bbox 1301 3676 1491 3745; x_wconf 82' lang='lat' dir='ltr'>ipsum</span> <span class='ocrx_word' id='word_1_211' title='bbox 1525 3677 1715 3748; x_wconf 84' lang='lat' dir='ltr'>dejeci</span> <span class='ocrx_word' id='word_1_212' title='bbox 1736 3680 1764 3732; x_wconf 90' lang='lat'>?</span> 
     </span>
    </p>
   </div>
   <div class='ocr_carea' id='block_1_38' title="bbox 433 3760 1844 3836">
    <p class='ocr_par' dir='ltr' id='par_1_38' title="bbox 433 3760 1844 3836">
     <span class='ocr_line' id='line_1_38' title="bbox 433 3760 1844 3836; baseline 0.004 -22"><span class='ocrx_word' id='word_1_213' title='bbox 433 3760 564 3815; x_wconf 81' lang='lat' dir='ltr'>Non</span> <span class='ocrx_word' id='word_1_214' title='bbox 583 3765 673 3815; x_wconf 90' lang='lat' dir='ltr'>est</span> <span class='ocrx_word' id='word_1_215' title='bbox 705 3762 918 3814; x_wconf 77' lang='lat' dir='ltr'>malum</span> <span class='ocrx_word' id='word_1_216' title='bbox 953 3763 1191 3832; x_wconf 82' lang='lat' dir='ltr'>aliquid,</span> <span class='ocrx_word' id='word_1_217' title='bbox 1228 3765 1384 3834; x_wconf 90' lang='lat' dir='ltr'>quod</span> <span class='ocrx_word' id='word_1_218' title='bbox 1417 3782 1528 3836; x_wconf 85' lang='lat' dir='ltr'>ego</span> <span class='ocrx_word' id='word_1_219' title='bbox 1564 3783 1678 3820; x_wconf 88' lang='lat' dir='ltr'>non</span> <span class='ocrx_word' id='word_1_220' title='bbox 1712 3768 1844 3834; x_wconf 78' lang='lat' dir='ltr'>feci,</span> 
     </span>
    </p>
   </div>
   <div class='ocr_carea' id='block_1_39' title="bbox 433 3847 1910 3926">
    <p class='ocr_par' dir='ltr' id='par_1_39' title="bbox 433 3847 1910 3926">
     <span class='ocr_line' id='line_1_39' title="bbox 433 3847 1910 3926; baseline 0.006 -24"><span class='ocrx_word' id='word_1_221' title='bbox 433 3847 598 3903; x_wconf 82' lang='lat' dir='ltr'>Heu!</span> <span class='ocrx_word' id='word_1_222' title='bbox 631 3849 690 3903; x_wconf 92' lang='lat' dir='ltr'>in</span> <span class='ocrx_word' id='word_1_223' title='bbox 729 3850 903 3904; x_wconf 90' lang='lat' dir='ltr'>bonis</span> <span class='ocrx_word' id='word_1_224' title='bbox 935 3852 1210 3906; x_wconf 91' lang='lat' dir='ltr'>omnibus</span> <span class='ocrx_word' id='word_1_225' title='bbox 1234 3869 1350 3907; x_wconf 91' lang='lat' dir='ltr'>non</span> <span class='ocrx_word' id='word_1_226' title='bbox 1382 3857 1644 3926; x_wconf 90' lang='lat' dir='ltr'>estquod</span> <span class='ocrx_word' id='word_1_227' title='bbox 1669 3857 1910 3926; x_wconf 87' lang='lat' dir='ltr'>perfeci.</span> 
     </span>
    </p>
   </div>
   <div class='ocr_carea' id='block_1_40' title="bbox 505 3937 1830 4016">
    <p class='ocr_par' dir='ltr' id='par_1_40' title="bbox 505 3937 1830 4016">
     <span class='ocr_line' id='line_1_40' title="bbox 505 3937 1830 4016; baseline 0.008 -27"><span class='ocrx_word' id='word_1_228' title='bbox 505 3937 654 4006; x_wconf 84' lang='lat' dir='ltr'>Heu,</span> <span class='ocrx_word' id='word_1_229' title='bbox 689 3939 827 4008; x_wconf 92' lang='lat' dir='ltr'>quid</span> <span class='ocrx_word' id='word_1_230' title='bbox 851 3943 985 4010; x_wconf 89' lang='lat' dir='ltr'>aget</span> <span class='ocrx_word' id='word_1_231' title='bbox 1013 3941 1204 3994; x_wconf 89' lang='lat' dir='ltr'>anima</span> <span class='ocrx_word' id='word_1_232' title='bbox 1235 3942 1322 3995; x_wconf 91' lang='lat' dir='ltr'>sic</span> <span class='ocrx_word' id='word_1_233' title='bbox 1346 3943 1402 3996; x_wconf 91' lang='lat' dir='ltr'>in</span> <span class='ocrx_word' id='word_1_234' title='bbox 1435 3944 1604 3999; x_wconf 89' lang='lat' dir='ltr'>malis</span> <span class='ocrx_word' id='word_1_235' title='bbox 1630 3950 1830 4016; x_wconf 87' lang='lat' dir='ltr'>strata,</span> 
     </span>
    </p>
   </div>
   <div class='ocr_carea' id='block_1_41' title="bbox 430 4026 1568 4100">
    <p class='ocr_par' dir='ltr' id='par_1_41' title="bbox 430 4026 1568 4100">
     <span class='ocr_line' id='line_1_41' title="bbox 430 4026 1568 4100; baseline 0.006 -20"><span class='ocrx_word' id='word_1_236' title='bbox 430 4026 572 4090; x_wconf 66' lang='lat' dir='ltr'>Quae</span> <span class='ocrx_word' id='word_1_237' title='bbox 605 4027 743 4080; x_wconf 91' lang='lat' dir='ltr'>fetet</span> <span class='ocrx_word' id='word_1_238' title='bbox 765 4027 817 4079; x_wconf 89' lang='lat' dir='ltr'>in</span> <span class='ocrx_word' id='word_1_239' title='bbox 845 4028 1002 4081; x_wconf 89' lang='lat' dir='ltr'>vitiis</span> <span class='ocrx_word' id='word_1_240' title='bbox 1021 4031 1180 4083; x_wconf 91' lang='lat' dir='ltr'>velut</span> <span class='ocrx_word' id='word_1_241' title='bbox 1213 4033 1520 4100; x_wconf 85' lang='lat' dir='ltr'>reprobata</span> <span class='ocrx_word' id='word_1_242' title='bbox 1557 4051 1568 4087; x_wconf 88' lang='lat'>:</span> 
     </span>
    </p>
   </div>
   <div class='ocr_carea' id='block_1_42' title="bbox 430 4113 1656 4191">
    <p class='ocr_par' dir='ltr' id='par_1_42' title="bbox 430 4113 1656 4191">
     <span class='ocr_line' id='line_1_42' title="bbox 430 4113 1656 4191; baseline 0.007 -23"><span class='ocrx_word' id='word_1_243' title='bbox 430 4113 603 4169; x_wconf 89' lang='lat' dir='ltr'>Certe</span> <span class='ocrx_word' id='word_1_244' title='bbox 627 4114 721 4169; x_wconf 92' lang='lat' dir='ltr'>hic</span> <span class='ocrx_word' id='word_1_245' title='bbox 751 4119 995 4186; x_wconf 88' lang='lat' dir='ltr'>petenda</span> <span class='ocrx_word' id='word_1_246' title='bbox 1029 4122 1121 4172; x_wconf 91' lang='lat' dir='ltr'>est</span> <span class='ocrx_word' id='word_1_247' title='bbox 1151 4122 1210 4172; x_wconf 87' lang='lat' dir='ltr'>ut</span> <span class='ocrx_word' id='word_1_248' title='bbox 1231 4121 1309 4174; x_wconf 90' lang='lat' dir='ltr'>sit</span> <span class='ocrx_word' id='word_1_249' title='bbox 1339 4121 1656 4191; x_wconf 86' lang='lat' dir='ltr'>Advocata,</span> 
     </span>
    </p>
   </div>
   <div class='ocr_carea' id='block_1_43' title="bbox 428 4203 1666 4281">
    <p class='ocr_par' dir='ltr' id='par_1_43' title="bbox 428 4203 1666 4281">
     <span class='ocr_line' id='line_1_43' title="bbox 428 4203 1666 4281; baseline 0.008 -24"><span class='ocrx_word' id='word_1_250' title='bbox 428 4203 571 4268; x_wconf 66' lang='lat' dir='ltr'>Qum</span> <span class='ocrx_word' id='word_1_251' title='bbox 601 4219 763 4276; x_wconf 87' lang='lat' dir='ltr'>saepe</span> <span class='ocrx_word' id='word_1_252' title='bbox 797 4206 1091 4280; x_wconf 88' lang='lat' dir='ltr'>refugium</span> <span class='ocrx_word' id='word_1_253' title='bbox 1125 4212 1216 4264; x_wconf 91' lang='lat' dir='ltr'>est</span> <span class='ocrx_word' id='word_1_254' title='bbox 1248 4211 1368 4265; x_wconf 86' lang='lat' dir='ltr'>reis</span> <span class='ocrx_word' id='word_1_255' title='bbox 1402 4212 1666 4281; x_wconf 88' lang='lat' dir='ltr'>probata.</span> 
     </span>
    </p>
   </div>
   <div class='ocr_carea' id='block_1_44' title="bbox 713 4294 1811 4372">
    <p class='ocr_par' dir='ltr' id='par_1_44' title="bbox 713 4294 1811 4372">
     <span class='ocr_line' id='line_1_44' title="bbox 713 4294 1811 4372; baseline 0.007 -24"><span class='ocrx_word' id='word_1_256' title='bbox 713 4294 1068 4366; x_wconf 83' lang='lat' dir='ltr'>Deprecatio</span> <span class='ocrx_word' id='word_1_257' title='bbox 1089 4299 1165 4352; x_wconf 84' lang='lat' dir='ltr'>ad</span> <span class='ocrx_word' id='word_1_258' title='bbox 1211 4299 1509 4372; x_wconf 80' lang='lat' dir='ltr'>Virginem</span> <span class='ocrx_word' id='word_1_259' title='bbox 1538 4303 1811 4358; x_wconf 80' lang='lat' dir='ltr'>Mariam.</span> 
     </span>
    </p>
   </div>
   <div class='ocr_carea' id='block_1_45' title="bbox 498 4381 1581 4461">
    <p class='ocr_par' dir='ltr' id='par_1_45' title="bbox 498 4381 1581 4461">
     <span class='ocr_line' id='line_1_45' title="bbox 498 4381 1581 4461; baseline 0.006 -23"><span class='ocrx_word' id='word_1_260' title='bbox 498 4381 546 4438; x_wconf 93' lang='grc' dir='ltr'>Ο</span> <span class='ocrx_word' id='word_1_261' title='bbox 574 4383 1002 4440; x_wconf 81' lang='lat' dir='ltr'>misericordiae</span> <span class='ocrx_word' id='word_1_262' title='bbox 1034 4387 1218 4442; x_wconf 86' lang='lat' dir='ltr'>Mater</span> <span class='ocrx_word' id='word_1_263' title='bbox 1246 4392 1302 4442; x_wconf 92' lang='lat' dir='ltr'>et</span> <span class='ocrx_word' id='word_1_264' title='bbox 1335 4391 1581 4461; x_wconf 78' lang='lat' dir='ltr'>Regina,</span> 
     </span>
    </p>
   </div>
   <div class='ocr_carea' id='block_1_46' title="bbox 429 4472 1842 4550">
    <p class='ocr_par' dir='ltr' id='par_1_46' title="bbox 429 4472 1842 4550">
     <span class='ocr_line' id='line_1_46' title="bbox 429 4472 1842 4550; baseline 0.006 -24"><span class='ocrx_word' id='word_1_265' title='bbox 429 4472 676 4542; x_wconf 91' lang='lat' dir='ltr'>Semper</span> <span class='ocrx_word' id='word_1_266' title='bbox 706 4474 892 4545; x_wconf 89' lang='lat' dir='ltr'>Virgo</span> <span class='ocrx_word' id='word_1_267' title='bbox 924 4490 1297 4544; x_wconf 82' lang='lat' dir='ltr'>permanens,</span> <span class='ocrx_word' id='word_1_268' title='bbox 1331 4478 1593 4533; x_wconf 80' lang='lat' dir='ltr'>Genitrix</span> <span class='ocrx_word' id='word_1_269' title='bbox 1625 4479 1842 4550; x_wconf 89' lang='lat' dir='ltr'>divina,</span> 
     </span>
    </p>
   </div>
   <div class='ocr_carea' id='block_1_47' title="bbox 429 4560 1594 4638">
    <p class='ocr_par' dir='ltr' id='par_1_47' title="bbox 429 4560 1594 4638">
     <span class='ocr_line' id='line_1_47' title="bbox 429 4560 1594 4638; baseline 0.006 -24"><span class='ocrx_word' id='word_1_270' title='bbox 429 4560 714 4615; x_wconf 85' lang='lat' dir='ltr'>Miserere</span> <span class='ocrx_word' id='word_1_271' title='bbox 746 4563 979 4631; x_wconf 67' lang='lat' dir='ltr'>animae,</span> <span class='ocrx_word' id='word_1_272' title='bbox 1023 4581 1154 4634; x_wconf 75' lang='lat' dir='ltr'>quae</span> <span class='ocrx_word' id='word_1_273' title='bbox 1181 4565 1340 4635; x_wconf 78' lang='lat' dir='ltr'>jacet</span> <span class='ocrx_word' id='word_1_274' title='bbox 1363 4567 1594 4638; x_wconf 86' lang='lat' dir='ltr'>supina,</span> 
     </span>
    </p>
   </div>
   <div class='ocr_carea' id='block_1_48' title="bbox 428 4649 1588 4722">
    <p class='ocr_par' dir='ltr' id='par_1_48' title="bbox 428 4649 1588 4722">
     <span class='ocr_line' id='line_1_48' title="bbox 428 4649 1588 4722; baseline 0.006 -18"><span class='ocrx_word' id='word_1_275' title='bbox 428 4649 728 4721; x_wconf 90' lang='lat' dir='ltr'>Oppressa</span> <span class='ocrx_word' id='word_1_276' title='bbox 753 4651 1056 4722; x_wconf 91' lang='lat' dir='ltr'>multiplici</span> <span class='ocrx_word' id='word_1_277' title='bbox 1079 4656 1304 4722; x_wconf 87' lang='lat' dir='ltr'>peccati</span> <span class='ocrx_word' id='word_1_278' title='bbox 1337 4658 1588 4711; x_wconf 89' lang='lat' dir='ltr'>sentina.</span> 
     </span>
    </p>
   </div>
   <div class='ocr_carea' id='block_1_49' title="bbox 499 4740 1913 4818">
    <p class='ocr_par' dir='ltr' id='par_1_49' title="bbox 499 4740 1913 4818">
     <span class='ocr_line' id='line_1_49' title="bbox 499 4740 1913 4818; baseline 0.006 -24"><span class='ocrx_word' id='word_1_279' title='bbox 499 4740 630 4795; x_wconf 91' lang='lat' dir='ltr'>Tibi</span> <span class='ocrx_word' id='word_1_280' title='bbox 660 4756 763 4810; x_wconf 89' lang='lat' dir='ltr'>pro</span> <span class='ocrx_word' id='word_1_281' title='bbox 779 4741 900 4795; x_wconf 91' lang='lat' dir='ltr'>Deo</span> <span class='ocrx_word' id='word_1_282' title='bbox 932 4742 1221 4811; x_wconf 81' lang='lat' dir='ltr'>supplico,</span> <span class='ocrx_word' id='word_1_283' title='bbox 1249 4758 1351 4812; x_wconf 90' lang='lat' dir='ltr'>per</span> <span class='ocrx_word' id='word_1_284' title='bbox 1381 4760 1554 4814; x_wconf 88' lang='lat' dir='ltr'>quem</span> <span class='ocrx_word' id='word_1_285' title='bbox 1587 4746 1747 4802; x_wconf 86' lang='lat' dir='ltr'>venit</span> <span class='ocrx_word' id='word_1_286' title='bbox 1776 4747 1913 4818; x_wconf 86' lang='lat' dir='ltr'>vita,</span> 
     </span>
    </p>
   </div>
   <div class='ocr_carea' id='block_1_50' title="bbox 428 4827 1494 4900">
    <p class='ocr_par' dir='ltr' id='par_1_50' title="bbox 428 4827 1494 4900">
     <span class='ocr_line' id='line_1_50' title="bbox 428 4827 1494 4900; baseline 0.004 -18"><span class='ocrx_word' id='word_1_287' title='bbox 428 4827 616 4899; x_wconf 80' lang='lat' dir='ltr'>Cujus</span> <span class='ocrx_word' id='word_1_288' title='bbox 647 4833 740 4884; x_wconf 90' lang='lat' dir='ltr'>est</span> <span class='ocrx_word' id='word_1_289' title='bbox 759 4830 1064 4884; x_wconf 89' lang='lat' dir='ltr'>clementia</span> <span class='ocrx_word' id='word_1_290' title='bbox 1089 4830 1331 4886; x_wconf 90' lang='lat' dir='ltr'>ubilibet</span> <span class='ocrx_word' id='word_1_291' title='bbox 1362 4833 1494 4900; x_wconf 90' lang='lat' dir='ltr'>sita,</span> 
     </span>
    </p>
   </div>
   <div class='ocr_carea' id='block_1_51' title="bbox 429 4917 1704 4994">
    <p class='ocr_par' dir='ltr' id='par_1_51' title="bbox 429 4917 1704 4994">
     <span class='ocr_line' id='line_1_51' title="bbox 429 4917 1704 4994; baseline 0.005 -24"><span class='ocrx_word' id='word_1_292' title='bbox 429 4917 544 4971; x_wconf 89' lang='lat' dir='ltr'>Per</span> <span class='ocrx_word' id='word_1_293' title='bbox 571 4933 746 4989; x_wconf 89' lang='lat' dir='ltr'>quam</span> <span class='ocrx_word' id='word_1_294' title='bbox 778 4920 1102 4974; x_wconf 89' lang='lat' dir='ltr'>estastutia</span> <span class='ocrx_word' id='word_1_295' title='bbox 1131 4921 1420 4975; x_wconf 83' lang='lat' dir='ltr'>daemonis</span> <span class='ocrx_word' id='word_1_296' title='bbox 1435 4922 1704 4994; x_wconf 88' lang='lat' dir='ltr'>contrita,</span> 
     </span>
    </p>
   </div>
   <div class='ocr_carea' id='block_1_52' title="bbox 431 5005 1436 5079">
    <p class='ocr_par' dir='ltr' id='par_1_52' title="bbox 431 5005 1436 5079">
     <span class='ocr_line' id='line_1_52' title="bbox 431 5005 1436 5079; baseline 0.007 -21"><span class='ocrx_word' id='word_1_297' title='bbox 431 5005 507 5059; x_wconf 87' lang='lat' dir='ltr'>Ut</span> <span class='ocrx_word' id='word_1_298' title='bbox 534 5006 650 5060; x_wconf 87' lang='lat' dir='ltr'>nati</span> <span class='ocrx_word' id='word_1_299' title='bbox 673 5005 904 5075; x_wconf 83' lang='lat' dir='ltr'>justitia</span> <span class='ocrx_word' id='word_1_300' title='bbox 924 5024 1031 5079; x_wconf 89' lang='lat' dir='ltr'>per</span> <span class='ocrx_word' id='word_1_301' title='bbox 1062 5015 1115 5065; x_wconf 93' lang='lat' dir='ltr'>te</span> <span class='ocrx_word' id='word_1_302' title='bbox 1147 5009 1223 5064; x_wconf 88' lang='lat' dir='ltr'>sit</span> <span class='ocrx_word' id='word_1_303' title='bbox 1240 5010 1436 5066; x_wconf 88' lang='lat' dir='ltr'>lenita.</span> 
     </span>
    </p>
   </div>
   <div class='ocr_carea' id='block_1_53' title="bbox 503 5093 1874 5174">
    <p class='ocr_par' dir='ltr' id='par_1_53' title="bbox 503 5093 1874 5174">
     <span class='ocr_line' id='line_1_53' title="bbox 503 5093 1874 5174; baseline 0.009 -27"><span class='ocrx_word' id='word_1_304' title='bbox 503 5093 760 5150; x_wconf 89' lang='lat' dir='ltr'>Primum</span> <span class='ocrx_word' id='word_1_305' title='bbox 779 5097 870 5151; x_wconf 91' lang='lat' dir='ltr'>fac</span> <span class='ocrx_word' id='word_1_306' title='bbox 892 5104 953 5152; x_wconf 94' lang='lat' dir='ltr'>ut</span> <span class='ocrx_word' id='word_1_307' title='bbox 981 5099 1224 5170; x_wconf 87' lang='lat' dir='ltr'>diligam</span> <span class='ocrx_word' id='word_1_308' title='bbox 1255 5100 1567 5156; x_wconf 90' lang='lat' dir='ltr'>Dominum</span> <span class='ocrx_word' id='word_1_309' title='bbox 1590 5102 1874 5174; x_wconf 86' lang='lat' dir='ltr'>perfecte,</span> 
     </span>
    </p>
   </div>
   <div class='ocr_carea' id='block_1_54' title="bbox 434 5180 1840 5264">
    <p class='ocr_par' dir='ltr' id='par_1_54' title="bbox 434 5180 1840 5264">
     <span class='ocr_line' id='line_1_54' title="bbox 434 5180 1840 5264; baseline 0.01 -31"><span class='ocrx_word' id='word_1_310' title='bbox 434 5180 747 5264; x_wconf 88' lang='lat' dir='ltr'>Nunquam</span> <span class='ocrx_word' id='word_1_311' title='bbox 777 5201 911 5240; x_wconf 90' lang='lat' dir='ltr'>eum</span> <span class='ocrx_word' id='word_1_312' title='bbox 941 5188 1212 5249; x_wconf 84' lang='lat' dir='ltr'>deseram</span> <span class='ocrx_word' id='word_1_313' title='bbox 1240 5191 1592 5261; x_wconf 87' lang='lat' dir='ltr'>meditando,</span> <span class='ocrx_word' id='word_1_314' title='bbox 1628 5208 1736 5247; x_wconf 90' lang='lat' dir='ltr'>uec</span> <span class='ocrx_word' id='word_1_315' title='bbox 1765 5195 1840 5258; x_wconf 91' lang='lat' dir='ltr'>te;</span> 
     </span>
    </p>
   </div>
   <div class='ocr_carea' id='block_1_55' title="bbox 433 5267 1646 5351">
    <p class='ocr_par' dir='ltr' id='par_1_55' title="bbox 433 5267 1646 5351">
     <span class='ocr_line' id='line_1_55' title="bbox 433 5267 1646 5351; baseline 0.013 -31"><span class='ocrx_word' id='word_1_316' title='bbox 433 5267 498 5322; x_wconf 89' lang='lat' dir='ltr'>In</span> <span class='ocrx_word' id='word_1_317' title='bbox 531 5269 644 5324; x_wconf 83' lang='lat' dir='ltr'>ﬁde</span> <span class='ocrx_word' id='word_1_318' title='bbox 675 5272 958 5329; x_wconf 85' lang='lat' dir='ltr'>catholica</span> <span class='ocrx_word' id='word_1_319' title='bbox 981 5293 1219 5348; x_wconf 90' lang='lat' dir='ltr'>semper</span> <span class='ocrx_word' id='word_1_320' title='bbox 1237 5281 1431 5334; x_wconf 87' lang='lat' dir='ltr'>vivam</span> <span class='ocrx_word' id='word_1_321' title='bbox 1464 5286 1646 5351; x_wconf 89' lang='lat' dir='ltr'>recte,</span> 
     </span>
    </p>
   </div>
   <div class='ocr_carea' id='block_1_56' title="bbox 431 5355 1803 5441">
    <p class='ocr_par' dir='ltr' id='par_1_56' title="bbox 431 5355 1803 5441">
     <span class='ocr_line' id='line_1_56' title="bbox 431 5355 1803 5441; baseline 0.011 -31"><span class='ocrx_word' id='word_1_322' title='bbox 431 5355 654 5412; x_wconf 89' lang='lat' dir='ltr'>Carens</span> <span class='ocrx_word' id='word_1_323' title='bbox 675 5361 828 5413; x_wconf 88' lang='lat' dir='ltr'>omni</span> <span class='ocrx_word' id='word_1_324' title='bbox 861 5366 1136 5422; x_wconf 91' lang='lat' dir='ltr'>seandalo</span> <span class='ocrx_word' id='word_1_325' title='bbox 1169 5368 1424 5424; x_wconf 78' lang='lat' dir='ltr'>infidelis</span> <span class='ocrx_word' id='word_1_326' title='bbox 1455 5375 1636 5426; x_wconf 61' lang='lat' dir='ltr'>secta:</span> <span class='ocrx_word' id='word_1_327' title='bbox 1665 5369 1803 5441; x_wconf 75' lang='lat'>(62).</span> 
     </span>
    </p>
   </div>
   <div class='ocr_carea' id='block_1_57' title="bbox 502 5446 1868 5530">
    <p class='ocr_par' dir='ltr' id='par_1_57' title="bbox 502 5446 1868 5530">
     <span class='ocr_line' id='line_1_57' title="bbox 502 5446 1868 5530; baseline 0.01 -30"><span class='ocrx_word' id='word_1_328' title='bbox 502 5446 549 5500; x_wconf 94' lang='grc' dir='ltr'>Ο</span> <span class='ocrx_word' id='word_1_329' title='bbox 569 5453 804 5519; x_wconf 76' lang='lat' dir='ltr'>quantae</span> <span class='ocrx_word' id='word_1_330' title='bbox 827 5453 1219 5527; x_wconf 33' lang='lat' dir='ltr'>suntigratiaa,</span> <span class='ocrx_word' id='word_1_331' title='bbox 1258 5475 1406 5530; x_wconf 90' lang='lat' dir='ltr'>quas</span> <span class='ocrx_word' id='word_1_332' title='bbox 1445 5476 1550 5530; x_wconf 90' lang='lat' dir='ltr'>per</span> <span class='ocrx_word' id='word_1_333' title='bbox 1569 5465 1624 5514; x_wconf 91' lang='lat' dir='ltr'>te</span> <span class='ocrx_word' id='word_1_334' title='bbox 1646 5461 1868 5530; x_wconf 88' lang='lat' dir='ltr'>recepit</span> 
     </span>
    </p>
   </div>
   <div class='ocr_carea' id='block_1_58' title="bbox 504 5607 2096 5691">
    <p class='ocr_par' dir='ltr' id='par_1_58' title="bbox 504 5607 2096 5691">
     <span class='ocr_line' id='line_1_58' title="bbox 504 5607 2096 5691; baseline 0.01 -33"><span class='ocrx_word' id='word_1_335' title='bbox 504 5607 616 5691; x_wconf 54' lang='grc' dir='ltr'>(ῥυ)</span> <span class='ocrx_word' id='word_1_336' title='bbox 659 5607 904 5691; x_wconf 63' lang='lat' dir='ltr'>Videtur</span> <span class='ocrx_word' id='word_1_337' title='bbox 928 5611 1054 5691; x_wconf 47' lang='lat' dir='ltr'>‘hic</span> <span class='ocrx_word' id='word_1_338' title='bbox 1087 5617 1402 5691; x_wconf 84' lang='lat' dir='ltr'>A_nselmus</span> <span class='ocrx_word' id='word_1_339' title='bbox 1453 5620 1614 5691; x_wconf 92' lang='lat' dir='ltr'>loqui</span> <span class='ocrx_word' id='word_1_340' title='bbox 1645 5621 1716 5675; x_wconf 91' lang='lat' dir='ltr'>de</span> <span class='ocrx_word' id='word_1_341' title='bbox 1748 5635 1859 5674; x_wconf 90' lang='lat' dir='ltr'>suo</span> <span class='ocrx_word' id='word_1_342' title='bbox 1891 5636 2096 5691; x_wconf 84' lang='lat' dir='ltr'>mona-</span> 
     </span>
    </p>
   </div>
   <div class='ocr_carea' id='block_1_59' title="bbox 435 5677 2011 5753">
    <p class='ocr_par' dir='ltr' id='par_1_59' title="bbox 435 5677 2011 5753">
     <span class='ocr_line' id='line_1_59' title="bbox 435 5677 2011 5753; baseline 0.01 -21"><span class='ocrx_word' id='word_1_343' title='bbox 435 5677 630 5753; x_wconf 73' lang='lat' dir='ltr'>chatu.</span> <span class='ocrx_word' id='word_1_344' title='bbox 659 5679 804 5753; x_wconf 83' lang='lat' dir='ltr'>Vide</span> <span class='ocrx_word' id='word_1_345' title='bbox 837 5682 895 5753; x_wconf 84' lang='lat' dir='ltr'>in</span> <span class='ocrx_word' id='word_1_346' title='bbox 917 5679 1177 5753; x_wconf 78' lang='lat' dir='ltr'>legenda</span> <span class='ocrx_word' id='word_1_347' title='bbox 1208 5690 1266 5740; x_wconf 90' lang='lat' dir='ltr'>et</span> <span class='ocrx_word' id='word_1_348' title='bbox 1297 5677 1610 5745; x_wconf 73' lang='lat' dir='ltr'>comment.</span> <span class='ocrx_word' id='word_1_349' title='bbox 1645 5707 1702 5745; x_wconf 90' lang='lat' dir='ltr'>n.</span> <span class='ocrx_word' id='word_1_350' title='bbox 1737 5693 1806 5746; x_wconf 75' lang='lat'>25</span> <span class='ocrx_word' id='word_1_351' title='bbox 1836 5697 1894 5746; x_wconf 88' lang='lat' dir='ltr'>et</span> <span class='ocrx_word' id='word_1_352' title='bbox 1921 5690 2011 5746; x_wconf 77' lang='lat'>26.</span> 
     </span>
    </p>
   </div>
   <div class='ocr_carea' id='block_1_60' title="bbox 433 5748 2096 5834">
    <p class='ocr_par' dir='ltr' id='par_1_60' title="bbox 433 5748 2096 5834">
     <span class='ocr_line' id='line_1_60' title="bbox 433 5748 2096 5834; baseline 0.009 -29"><span class='ocrx_word' id='word_1_353' title='bbox 433 5748 547 5820; x_wconf 82' lang='grc'>(61)</span> <span class='ocrx_word' id='word_1_354' title='bbox 586 5751 802 5809; x_wconf 87' lang='lat' dir='ltr'>Dolere</span> <span class='ocrx_word' id='word_1_355' title='bbox 835 5748 1068 5810; x_wconf 74' lang='lat' dir='ltr'>videtur</span> <span class='ocrx_word' id='word_1_356' title='bbox 1097 5756 1169 5812; x_wconf 90' lang='lat' dir='ltr'>de</span> <span class='ocrx_word' id='word_1_357' title='bbox 1197 5764 1439 5830; x_wconf 85' lang='lat' dir='ltr'>accepta</span> <span class='ocrx_word' id='word_1_358' title='bbox 1469 5764 1541 5817; x_wconf 90' lang='lat' dir='ltr'>ab</span> <span class='ocrx_word' id='word_1_359' title='bbox 1565 5763 1822 5819; x_wconf 84' lang='lat' dir='ltr'>Henrico</span> <span class='ocrx_word' id='word_1_360' title='bbox 1859 5763 2096 5834; x_wconf 89' lang='lat' dir='ltr'>episco-</span> 
     </span>
    </p>
   </div>
   <div class='ocr_carea' id='block_1_61' title="bbox 2131 3257 2191 3327">
    <p class='ocr_par' dir='ltr' id='par_1_61' title="bbox 2131 3257 2191 3327">
     <span class='ocr_line' id='line_1_61' title="bbox 2131 3257 2191 3327; baseline 0 0"><span class='ocrx_word' id='word_1_361' title='bbox 2131 3257 2191 3327; x_wconf 77' lang='grc' dir='ltr'>α</span> 
     </span>
    </p>
   </div>
   <div class='ocr_carea' id='block_1_62' title="bbox 2123 541 3582 632">
    <p class='ocr_par' dir='ltr' id='par_1_62' title="bbox 2123 541 3582 632">
     <span class='ocr_line' id='line_1_62' title="bbox 2123 541 3582 632; baseline 0.003 -21"><span class='ocrx_word' id='word_1_362' title='bbox 2123 541 2177 604; x_wconf 65' lang='grc' dir='ltr'><strong><em>ι</em></strong></span> <span class='ocrx_word' id='word_1_363' title='bbox 2208 558 2398 614; x_wconf 88' lang='lat' dir='ltr'>Homo</span> <span class='ocrx_word' id='word_1_364' title='bbox 2422 557 2558 614; x_wconf 93' lang='lat' dir='ltr'>olim</span> <span class='ocrx_word' id='word_1_365' title='bbox 2589 557 2878 627; x_wconf 88' lang='lat' dir='ltr'>perditus,</span> <span class='ocrx_word' id='word_1_366' title='bbox 2913 573 3086 629; x_wconf 91' lang='lat' dir='ltr'>quem</span> <span class='ocrx_word' id='word_1_367' title='bbox 3121 559 3339 613; x_wconf 65' lang='lat' dir='ltr'>daemon</span> <span class='ocrx_word' id='word_1_368' title='bbox 3362 559 3582 632; x_wconf 84' lang='lat' dir='ltr'>decepit,</span> 
     </span>
    </p>
   </div>
   <div class='ocr_carea' id='block_1_63' title="bbox 2209 647 3500 719">
    <p class='ocr_par' dir='ltr' id='par_1_63' title="bbox 2209 647 3500 719">
     <span class='ocr_line' id='line_1_63' title="bbox 2209 647 3500 719; baseline -0.001 -17"><span class='ocrx_word' id='word_1_369' title='bbox 2209 649 2358 702; x_wconf 90' lang='lat' dir='ltr'>Dum</span> <span class='ocrx_word' id='word_1_370' title='bbox 2375 664 2444 702; x_wconf 87' lang='lat' dir='ltr'>ex</span> <span class='ocrx_word' id='word_1_371' title='bbox 2475 650 2531 702; x_wconf 91' lang='lat' dir='ltr'>te</span> <span class='ocrx_word' id='word_1_372' title='bbox 2563 647 2908 701; x_wconf 86' lang='lat' dir='ltr'>Altissimus</span> <span class='ocrx_word' id='word_1_373' title='bbox 2932 650 3200 702; x_wconf 85' lang='lat' dir='ltr'>naturam</span> <span class='ocrx_word' id='word_1_374' title='bbox 3237 651 3500 719; x_wconf 82' lang='lat' dir='ltr'>suscepit,</span> 
     </span>
    </p>
   </div>
   <div class='ocr_carea' id='block_1_64' title="bbox 2211 736 3364 808">
    <p class='ocr_par' dir='ltr' id='par_1_64' title="bbox 2211 736 3364 808">
     <span class='ocr_line' id='line_1_64' title="bbox 2211 736 3364 808; baseline 0.001 -17"><span class='ocrx_word' id='word_1_375' title='bbox 2211 737 2280 791; x_wconf 87' lang='lat' dir='ltr'>Et</span> <span class='ocrx_word' id='word_1_376' title='bbox 2302 736 2769 792; x_wconf 82' lang='lat' dir='ltr'>misericorditer</span> <span class='ocrx_word' id='word_1_377' title='bbox 2797 753 2905 791; x_wconf 92' lang='lat' dir='ltr'>nos</span> <span class='ocrx_word' id='word_1_378' title='bbox 2930 736 3144 807; x_wconf 81' lang='lat' dir='ltr'>juvare</span> <span class='ocrx_word' id='word_1_379' title='bbox 3178 740 3364 808; x_wconf 67' lang='lat' dir='ltr'>accpit.</span> 
     </span>
    </p>
   </div>
   <div class='ocr_carea' id='block_1_65' title="bbox 2492 825 3555 898">
    <p class='ocr_par' dir='ltr' id='par_1_65' title="bbox 2492 825 3555 898">
     <span class='ocr_line' id='line_1_65' title="bbox 2492 825 3555 898; baseline 0.006 -18"><span class='ocrx_word' id='word_1_380' title='bbox 2492 825 2901 897; x_wconf 80' lang='lat' dir='ltr'>Exprobratio</span> <span class='ocrx_word' id='word_1_381' title='bbox 2929 827 3278 898; x_wconf 67' lang='lat' dir='ltr'>ignorantiae</span> <span class='ocrx_word' id='word_1_382' title='bbox 3298 828 3555 886; x_wconf 71' lang='lat' dir='ltr'>humanae.</span> 
     </span>
    </p>
   </div>
   <div class='ocr_carea' id='block_1_66' title="bbox 2219 897 3353 992">
    <p class='ocr_par' dir='ltr' id='par_1_66' title="bbox 2219 897 3353 992">
     <span class='ocr_line' id='line_1_66' title="bbox 2219 897 3353 992; baseline 0.002 -24"><span class='ocrx_word' id='word_1_383' title='bbox 2219 897 2583 992; x_wconf 25' lang='lat' dir='ltr'>:Mfagestas</span> <span class='ocrx_word' id='word_1_384' title='bbox 2615 915 2903 969; x_wconf 90' lang='lat' dir='ltr'>altissima</span> <span class='ocrx_word' id='word_1_385' title='bbox 2927 897 2992 970; x_wconf 87' lang='lat' dir='ltr'>se</span> <span class='ocrx_word' id='word_1_386' title='bbox 3022 917 3353 985; x_wconf 80' lang='lat' dir='ltr'>exinanivit,</span> 
     </span>
    </p>
   </div>
   <div class='ocr_carea' id='block_1_67' title="bbox 2214 985 3374 1075">
    <p class='ocr_par' dir='ltr' id='par_1_67' title="bbox 2214 985 3374 1075">
     <span class='ocr_line' id='line_1_67' title="bbox 2214 985 3374 1075; baseline -0.001 -15"><span class='ocrx_word' id='word_1_387' title='bbox 2214 985 2370 1060; x_wconf 67' lang='grc' dir='ltr'>Εῖῖὶι</span> <span class='ocrx_word' id='word_1_388' title='bbox 2403 1009 2456 1058; x_wconf 88' lang='lat' dir='ltr'>te</span> <span class='ocrx_word' id='word_1_389' title='bbox 2477 1005 2798 1075; x_wconf 90' lang='lat' dir='ltr'>purissima</span> <span class='ocrx_word' id='word_1_390' title='bbox 2829 1021 3005 1059; x_wconf 91' lang='lat' dir='ltr'>carne</span> <span class='ocrx_word' id='word_1_391' title='bbox 3028 1021 3094 1060; x_wconf 92' lang='lat' dir='ltr'>se</span> <span class='ocrx_word' id='word_1_392' title='bbox 3124 1007 3374 1075; x_wconf 85' lang='lat' dir='ltr'>vestivit,</span> 
     </span>
    </p>
   </div>
   <div class='ocr_carea' id='block_1_68' title="bbox 2212 1093 3566 1166">
    <p class='ocr_par' dir='ltr' id='par_1_68' title="bbox 2212 1093 3566 1166">
     <span class='ocr_line' id='line_1_68' title="bbox 2212 1093 3566 1166; baseline 0.001 -18"><span class='ocrx_word' id='word_1_393' title='bbox 2212 1093 2406 1148; x_wconf 90' lang='lat' dir='ltr'>Cursu</span> <span class='ocrx_word' id='word_1_394' title='bbox 2436 1109 2648 1148; x_wconf 71' lang='lat' dir='ltr'>novem</span> <span class='ocrx_word' id='word_1_395' title='bbox 2678 1095 2968 1148; x_wconf 90' lang='lat' dir='ltr'>mensium</span> <span class='ocrx_word' id='word_1_396' title='bbox 3002 1096 3288 1165; x_wconf 89' lang='lat' dir='ltr'>completo</span> <span class='ocrx_word' id='word_1_397' title='bbox 3319 1096 3566 1166; x_wconf 71' lang='lat' dir='ltr'>prodirit,</span> 
     </span>
    </p>
   </div>
   <div class='ocr_carea' id='block_1_69' title="bbox 2213 1183 3525 1254">
    <p class='ocr_par' dir='ltr' id='par_1_69' title="bbox 2213 1183 3525 1254">
     <span class='ocr_line' id='line_1_69' title="bbox 2213 1183 3525 1254; baseline 0.001 -16"><span class='ocrx_word' id='word_1_398' title='bbox 2213 1183 2351 1238; x_wconf 92' lang='lat' dir='ltr'>Sine</span> <span class='ocrx_word' id='word_1_399' title='bbox 2384 1198 2526 1237; x_wconf 92' lang='lat' dir='ltr'>voce</span> <span class='ocrx_word' id='word_1_400' title='bbox 2557 1183 2859 1252; x_wconf 90' lang='lat' dir='ltr'>parvulus,</span> <span class='ocrx_word' id='word_1_401' title='bbox 2893 1183 2990 1254; x_wconf 91' lang='lat' dir='ltr'>qui</span> <span class='ocrx_word' id='word_1_402' title='bbox 3026 1183 3348 1238; x_wconf 90' lang='lat' dir='ltr'>immensus</span> <span class='ocrx_word' id='word_1_403' title='bbox 3376 1185 3525 1239; x_wconf 86' lang='lat' dir='ltr'>vivit.</span> 
     </span>
    </p>
   </div>
   <div class='ocr_carea' id='block_1_70' title="bbox 2283 1270 3620 1342">
    <p class='ocr_par' dir='ltr' id='par_1_70' title="bbox 2283 1270 3620 1342">
     <span class='ocr_line' id='line_1_70' title="bbox 2283 1270 3620 1342; baseline 0.001 -16"><span class='ocrx_word' id='word_1_404' title='bbox 2283 1273 2370 1326; x_wconf 83' lang='lat' dir='ltr'>En</span> <span class='ocrx_word' id='word_1_405' title='bbox 2394 1275 2672 1342; x_wconf 89' lang='lat' dir='ltr'>quantum</span> <span class='ocrx_word' id='word_1_406' title='bbox 2704 1270 3083 1341; x_wconf 78' lang='lat' dir='ltr'>Omnipotens</span> <span class='ocrx_word' id='word_1_407' title='bbox 3101 1287 3207 1342; x_wconf 93' lang='lat' dir='ltr'>pro</span> <span class='ocrx_word' id='word_1_408' title='bbox 3239 1277 3292 1326; x_wconf 90' lang='lat' dir='ltr'>te</span> <span class='ocrx_word' id='word_1_409' title='bbox 3323 1273 3620 1327; x_wconf 88' lang='lat' dir='ltr'>inclinatur.</span> 
     </span>
    </p>
   </div>
   <div class='ocr_carea' id='block_1_71' title="bbox 2215 1361 3474 1430">
    <p class='ocr_par' dir='ltr' id='par_1_71' title="bbox 2215 1361 3474 1430">
     <span class='ocr_line' id='line_1_71' title="bbox 2215 1361 3474 1430; baseline 0 -14"><span class='ocrx_word' id='word_1_410' title='bbox 2215 1361 2285 1416; x_wconf 90' lang='lat' dir='ltr'>Et</span> <span class='ocrx_word' id='word_1_411' title='bbox 2304 1361 2627 1430; x_wconf 89' lang='lat' dir='ltr'>adhuc,vir</span> <span class='ocrx_word' id='word_1_412' title='bbox 2649 1361 2844 1427; x_wconf 84' lang='lat' dir='ltr'>fetido,</span> <span class='ocrx_word' id='word_1_413' title='bbox 2880 1376 2983 1415; x_wconf 92' lang='lat' dir='ltr'>cor</span> <span class='ocrx_word' id='word_1_414' title='bbox 3010 1365 3170 1414; x_wconf 89' lang='lat' dir='ltr'>tuum</span> <span class='ocrx_word' id='word_1_415' title='bbox 3205 1361 3474 1416; x_wconf 84' lang='lat' dir='ltr'>inflatur?</span> 
     </span>
    </p>
   </div>
   <div class='ocr_carea' id='block_1_72' title="bbox 2211 1449 3366 1520">
    <p class='ocr_par' dir='ltr' id='par_1_72' title="bbox 2211 1449 3366 1520">
     <span class='ocr_line' id='line_1_72' title="bbox 2211 1449 3366 1520; baseline 0 -17"><span class='ocrx_word' id='word_1_416' title='bbox 2211 1450 2392 1515; x_wconf 91' lang='lat' dir='ltr'>Deus,</span> <span class='ocrx_word' id='word_1_417' title='bbox 2428 1450 2530 1504; x_wconf 90' lang='lat' dir='ltr'>Dei</span> <span class='ocrx_word' id='word_1_418' title='bbox 2565 1449 2749 1504; x_wconf 84' lang='lat' dir='ltr'>Filius</span> <span class='ocrx_word' id='word_1_419' title='bbox 2781 1465 2885 1519; x_wconf 91' lang='lat' dir='ltr'>pro</span> <span class='ocrx_word' id='word_1_420' title='bbox 2910 1453 2964 1502; x_wconf 90' lang='lat' dir='ltr'>te</span> <span class='ocrx_word' id='word_1_421' title='bbox 2994 1449 3366 1520; x_wconf 76' lang='lat' dir='ltr'>lacrymatur,</span> 
     </span>
    </p>
   </div>
   <div class='ocr_carea' id='block_1_73' title="bbox 2211 1538 3443 1593">
    <p class='ocr_par' dir='ltr' id='par_1_73' title="bbox 2211 1538 3443 1593">
     <span class='ocr_line' id='line_1_73' title="bbox 2211 1538 3443 1593; baseline 0 -1"><span class='ocrx_word' id='word_1_422' title='bbox 2211 1539 2280 1592; x_wconf 89' lang='lat' dir='ltr'>Et</span> <span class='ocrx_word' id='word_1_423' title='bbox 2308 1538 2500 1593; x_wconf 90' lang='lat' dir='ltr'>adhuc</span> <span class='ocrx_word' id='word_1_424' title='bbox 2530 1538 2587 1592; x_wconf 89' lang='lat' dir='ltr'>in</span> <span class='ocrx_word' id='word_1_425' title='bbox 2619 1539 2844 1592; x_wconf 88' lang='lat' dir='ltr'>risibus</span> <span class='ocrx_word' id='word_1_426' title='bbox 2876 1553 2978 1591; x_wconf 92' lang='lat' dir='ltr'>cor</span> <span class='ocrx_word' id='word_1_427' title='bbox 2998 1541 3160 1592; x_wconf 93' lang='lat' dir='ltr'>tuum</span> <span class='ocrx_word' id='word_1_428' title='bbox 3182 1539 3443 1592; x_wconf 85' lang='lat' dir='ltr'>laetatur?</span> 
     </span>
    </p>
   </div>
   <div class='ocr_carea' id='block_1_74' title="bbox 2758 1626 3327 1682">
    <p class='ocr_par' dir='ltr' id='par_1_74' title="bbox 2758 1626 3327 1682">
     <span class='ocr_line' id='line_1_74' title="bbox 2758 1626 3327 1682; baseline -0.004 0"><span class='ocrx_word' id='word_1_429' title='bbox 2758 1626 2990 1682; x_wconf 76' lang='lat' dir='ltr'>Christi</span> <span class='ocrx_word' id='word_1_430' title='bbox 3019 1627 3145 1680; x_wconf 81' lang='lat' dir='ltr'>nati</span> <span class='ocrx_word' id='word_1_431' title='bbox 3155 1626 3327 1681; x_wconf 70' lang='lat' dir='ltr'>vitas.</span> 
     </span>
    </p>
   </div>
   <div class='ocr_carea' id='block_1_75' title="bbox 2281 1715 3539 1787">
    <p class='ocr_par' dir='ltr' id='par_1_75' title="bbox 2281 1715 3539 1787">
     <span class='ocr_line' id='line_1_75' title="bbox 2281 1715 3539 1787; baseline 0 -17"><span class='ocrx_word' id='word_1_432' title='bbox 2281 1717 2440 1770; x_wconf 86' lang='lat' dir='ltr'>Deus</span> <span class='ocrx_word' id='word_1_433' title='bbox 2462 1731 2686 1787; x_wconf 89' lang='lat' dir='ltr'>pauper</span> <span class='ocrx_word' id='word_1_434' title='bbox 2713 1717 2997 1785; x_wconf 90' lang='lat' dir='ltr'>nascitur,</span> <span class='ocrx_word' id='word_1_435' title='bbox 3031 1718 3088 1770; x_wconf 90' lang='lat' dir='ltr'>et</span> <span class='ocrx_word' id='word_1_436' title='bbox 3109 1719 3170 1770; x_wconf 92' lang='lat' dir='ltr'>tu</span> <span class='ocrx_word' id='word_1_437' title='bbox 3203 1717 3294 1769; x_wconf 89' lang='lat' dir='ltr'>vis</span> <span class='ocrx_word' id='word_1_438' title='bbox 3325 1715 3486 1770; x_wconf 90' lang='lat' dir='ltr'>ditari</span> <span class='ocrx_word' id='word_1_439' title='bbox 3513 1717 3539 1770; x_wconf 84' lang='lat'>?</span> 
     </span>
    </p>
   </div>
   <div class='ocr_carea' id='block_1_76' title="bbox 2207 1804 3410 1874">
    <p class='ocr_par' dir='ltr' id='par_1_76' title="bbox 2207 1804 3410 1874">
     <span class='ocr_line' id='line_1_76' title="bbox 2207 1804 3410 1874; baseline 0 -15"><span class='ocrx_word' id='word_1_440' title='bbox 2207 1807 2452 1860; x_wconf 88' lang='lat' dir='ltr'>Ponitur</span> <span class='ocrx_word' id='word_1_441' title='bbox 2479 1806 2539 1858; x_wconf 91' lang='lat' dir='ltr'>in</span> <span class='ocrx_word' id='word_1_442' title='bbox 2569 1804 2844 1874; x_wconf 84' lang='lat' dir='ltr'>praesepi,</span> <span class='ocrx_word' id='word_1_443' title='bbox 2886 1807 2947 1858; x_wconf 91' lang='lat' dir='ltr'>tu</span> <span class='ocrx_word' id='word_1_444' title='bbox 2971 1804 3061 1856; x_wconf 78' lang='lat' dir='ltr'>vis</span> <span class='ocrx_word' id='word_1_445' title='bbox 3095 1805 3410 1859; x_wconf 89' lang='lat' dir='ltr'>honorari?</span> 
     </span>
    </p>
   </div>
   <div class='ocr_carea' id='block_1_77' title="bbox 2129 1892 3374 1977">
    <p class='ocr_par' dir='ltr' id='par_1_77' title="bbox 2129 1892 3374 1977">
     <span class='ocr_line' id='line_1_77' title="bbox 2129 1892 3374 1977; baseline 0 -29"><span class='ocrx_word' id='word_1_446' title='bbox 2129 1912 2184 1977; x_wconf 75' lang='grc' dir='ltr'><strong>Β</strong></span> <span class='ocrx_word' id='word_1_447' title='bbox 2206 1894 2253 1948; x_wconf 94' lang='grc' dir='ltr'>Ο</span> <span class='ocrx_word' id='word_1_448' title='bbox 2275 1895 2465 1950; x_wconf 88' lang='lat' dir='ltr'>fetens</span> <span class='ocrx_word' id='word_1_449' title='bbox 2497 1894 2794 1964; x_wconf 90' lang='lat' dir='ltr'>superbia,</span> <span class='ocrx_word' id='word_1_450' title='bbox 2817 1892 2982 1948; x_wconf 89' lang='lat' dir='ltr'>disce</span> <span class='ocrx_word' id='word_1_451' title='bbox 3005 1909 3121 1948; x_wconf 89' lang='lat' dir='ltr'>non</span> <span class='ocrx_word' id='word_1_452' title='bbox 3143 1893 3374 1963; x_wconf 86' lang='lat' dir='ltr'>fatuari,</span> 
     </span>
    </p>
   </div>
   <div class='ocr_carea' id='block_1_78' title="bbox 2206 1982 3374 2054">
    <p class='ocr_par' dir='ltr' id='par_1_78' title="bbox 2206 1982 3374 2054">
     <span class='ocr_line' id='line_1_78' title="bbox 2206 1982 3374 2054; baseline -0.002 -16"><span class='ocrx_word' id='word_1_453' title='bbox 2206 1982 2353 2048; x_wconf 89' lang='lat' dir='ltr'>Quia</span> <span class='ocrx_word' id='word_1_454' title='bbox 2375 1984 2528 2038; x_wconf 89' lang='lat' dir='ltr'>idem</span> <span class='ocrx_word' id='word_1_455' title='bbox 2555 1983 2742 2054; x_wconf 83' lang='lat' dir='ltr'>jussit</span> <span class='ocrx_word' id='word_1_456' title='bbox 2775 1999 2883 2036; x_wconf 92' lang='lat' dir='ltr'>nos</span> <span class='ocrx_word' id='word_1_457' title='bbox 2916 1983 3109 2053; x_wconf 89' lang='lat' dir='ltr'>ipsum</span> <span class='ocrx_word' id='word_1_458' title='bbox 3131 1983 3374 2037; x_wconf 64' lang='lat' dir='ltr'>imitari.</span> 
     </span>
    </p>
   </div>
   <div class='ocr_carea' id='block_1_79' title="bbox 2279 2071 3395 2143">
    <p class='ocr_par' dir='ltr' id='par_1_79' title="bbox 2279 2071 3395 2143">
     <span class='ocr_line' id='line_1_79' title="bbox 2279 2071 3395 2143; baseline -0.002 -17"><span class='ocrx_word' id='word_1_459' title='bbox 2279 2074 2475 2143; x_wconf 85' lang='lat' dir='ltr'>Inops,</span> <span class='ocrx_word' id='word_1_460' title='bbox 2504 2073 2638 2128; x_wconf 89' lang='lat' dir='ltr'>etin</span> <span class='ocrx_word' id='word_1_461' title='bbox 2671 2071 2896 2143; x_wconf 86' lang='lat' dir='ltr'>frigore</span> <span class='ocrx_word' id='word_1_462' title='bbox 2927 2073 3192 2126; x_wconf 89' lang='lat' dir='ltr'>nascitur</span> <span class='ocrx_word' id='word_1_463' title='bbox 3213 2073 3272 2125; x_wconf 94' lang='lat' dir='ltr'>in</span> <span class='ocrx_word' id='word_1_464' title='bbox 3305 2072 3395 2125; x_wconf 88' lang='lat' dir='ltr'>via</span> 
     </span>
    </p>
   </div>
   <div class='ocr_carea' id='block_1_80' title="bbox 2207 2161 3425 2227">
    <p class='ocr_par' dir='ltr' id='par_1_80' title="bbox 2207 2161 3425 2227">
     <span class='ocr_line' id='line_1_80' title="bbox 2207 2161 3425 2227; baseline -0.001 -12"><span class='ocrx_word' id='word_1_465' title='bbox 2207 2162 2388 2227; x_wconf 88' lang='lat' dir='ltr'>Quem</span> <span class='ocrx_word' id='word_1_466' title='bbox 2413 2162 2585 2215; x_wconf 77' lang='lat' dir='ltr'>lactat</span> <span class='ocrx_word' id='word_1_467' title='bbox 2615 2165 2670 2216; x_wconf 92' lang='lat' dir='ltr'>et</span> <span class='ocrx_word' id='word_1_468' title='bbox 2697 2161 2930 2215; x_wconf 87' lang='lat' dir='ltr'>balneat</span> <span class='ocrx_word' id='word_1_469' title='bbox 2951 2165 3006 2215; x_wconf 93' lang='lat' dir='ltr'>et</span> <span class='ocrx_word' id='word_1_470' title='bbox 3026 2161 3425 2227; x_wconf 32' lang='lat' dir='ltr'>nutrit‘Maria,</span> 
     </span>
    </p>
   </div>
   <div class='ocr_carea' id='block_1_81' title="bbox 2182 2249 3491 2320">
    <p class='ocr_par' dir='ltr' id='par_1_81' title="bbox 2182 2249 3491 2320">
     <span class='ocr_line' id='line_1_81' title="bbox 2182 2249 3491 2320; baseline 0 -17"><span class='ocrx_word' id='word_1_471' title='bbox 2182 2259 2188 2265; x_wconf 88' lang='lat'>&#39;</span> <span class='ocrx_word' id='word_1_472' title='bbox 2211 2250 2457 2305; x_wconf 87' lang='lat' dir='ltr'>Molesta</span> <span class='ocrx_word' id='word_1_473' title='bbox 2488 2266 2602 2304; x_wconf 92' lang='lat' dir='ltr'>non</span> <span class='ocrx_word' id='word_1_474' title='bbox 2626 2265 2911 2320; x_wconf 90' lang='lat' dir='ltr'>spernere</span> <span class='ocrx_word' id='word_1_475' title='bbox 2942 2250 3112 2304; x_wconf 87' lang='lat' dir='ltr'>docet</span> <span class='ocrx_word' id='word_1_476' title='bbox 3134 2265 3246 2304; x_wconf 90' lang='lat' dir='ltr'>nos</span> <span class='ocrx_word' id='word_1_477' title='bbox 3269 2250 3364 2304; x_wconf 91' lang='lat' dir='ltr'>hic</span> <span class='ocrx_word' id='word_1_478' title='bbox 3385 2249 3491 2320; x_wconf 89' lang='lat' dir='ltr'>pia,</span> 
     </span>
    </p>
   </div>
   <div class='ocr_carea' id='block_1_82' title="bbox 2212 2337 3597 2409">
    <p class='ocr_par' dir='ltr' id='par_1_82' title="bbox 2212 2337 3597 2409">
     <span class='ocr_line' id='line_1_82' title="bbox 2212 2337 3597 2409; baseline 0 -17"><span class='ocrx_word' id='word_1_479' title='bbox 2212 2339 2360 2392; x_wconf 90' lang='lat' dir='ltr'>Dum</span> <span class='ocrx_word' id='word_1_480' title='bbox 2393 2340 2508 2406; x_wconf 85' lang='lat' dir='ltr'>ﬂet,</span> <span class='ocrx_word' id='word_1_481' title='bbox 2543 2339 2682 2408; x_wconf 89' lang='lat' dir='ltr'>sitit,</span> <span class='ocrx_word' id='word_1_482' title='bbox 2718 2339 2906 2392; x_wconf 91' lang='lat' dir='ltr'>esurit</span> <span class='ocrx_word' id='word_1_483' title='bbox 2936 2337 3237 2407; x_wconf 86' lang='lat' dir='ltr'>Christus,</span> <span class='ocrx_word' id='word_1_484' title='bbox 3272 2338 3466 2409; x_wconf 89' lang='lat' dir='ltr'>proles</span> <span class='ocrx_word' id='word_1_485' title='bbox 3495 2338 3597 2392; x_wconf 88' lang='lat' dir='ltr'>dia.</span> 
     </span>
    </p>
   </div>
   <div class='ocr_carea' id='block_1_83' title="bbox 2283 2426 3278 2498">
    <p class='ocr_par' dir='ltr' id='par_1_83' title="bbox 2283 2426 3278 2498">
     <span class='ocr_line' id='line_1_83' title="bbox 2283 2426 3278 2498; baseline 0 -16"><span class='ocrx_word' id='word_1_486' title='bbox 2283 2428 2482 2482; x_wconf 87' lang='lat' dir='ltr'>Infans</span> <span class='ocrx_word' id='word_1_487' title='bbox 2513 2428 2803 2498; x_wconf 91' lang='lat' dir='ltr'>piissime,</span> <span class='ocrx_word' id='word_1_488' title='bbox 2841 2426 2953 2482; x_wconf 90' lang='lat' dir='ltr'>mei</span> <span class='ocrx_word' id='word_1_489' title='bbox 2985 2427 3278 2482; x_wconf 89' lang='lat' dir='ltr'>miserere</span> 
     </span>
    </p>
   </div>
   <div class='ocr_carea' id='block_1_84' title="bbox 2210 2516 3483 2587">
    <p class='ocr_par' dir='ltr' id='par_1_84' title="bbox 2210 2516 3483 2587">
     <span class='ocr_line' id='line_1_84' title="bbox 2210 2516 3483 2587; baseline -0.002 -13"><span class='ocrx_word' id='word_1_490' title='bbox 2210 2517 2350 2574; x_wconf 82' lang='lat' dir='ltr'>Peto</span> <span class='ocrx_word' id='word_1_491' title='bbox 2382 2533 2488 2586; x_wconf 90' lang='lat' dir='ltr'>pro</span> <span class='ocrx_word' id='word_1_492' title='bbox 2519 2517 2824 2587; x_wconf 91' lang='lat' dir='ltr'>obsequiis</span> <span class='ocrx_word' id='word_1_493' title='bbox 2857 2516 3060 2570; x_wconf 89' lang='lat' dir='ltr'>Matris</span> <span class='ocrx_word' id='word_1_494' title='bbox 3082 2520 3198 2570; x_wconf 87' lang='lat' dir='ltr'>tam</span> <span class='ocrx_word' id='word_1_495' title='bbox 3228 2517 3483 2584; x_wconf 87' lang='lat' dir='ltr'>sincere,</span> 
     </span>
    </p>
   </div>
   <div class='ocr_carea' id='block_1_85' title="bbox 2143 2605 3377 2675">
    <p class='ocr_par' dir='ltr' id='par_1_85' title="bbox 2143 2605 3377 2675">
     <span class='ocr_line' id='line_1_85' title="bbox 2143 2605 3377 2675; baseline -0.001 -15"><span class='ocrx_word' id='word_1_496' title='bbox 2143 2607 2146 2612; x_wconf 83' lang='grc'><em>’</em></span> <span class='ocrx_word' id='word_1_497' title='bbox 2211 2606 2374 2660; x_wconf 91' lang='lat' dir='ltr'>Dona</span> <span class='ocrx_word' id='word_1_498' title='bbox 2395 2606 2536 2660; x_wconf 90' lang='lat' dir='ltr'>mihi</span> <span class='ocrx_word' id='word_1_499' title='bbox 2555 2607 2846 2675; x_wconf 72' lang='lat' dir='ltr'>laerymas</span> <span class='ocrx_word' id='word_1_500' title='bbox 2865 2605 3168 2660; x_wconf 89' lang='lat' dir='ltr'>eharitatis</span> <span class='ocrx_word' id='word_1_501' title='bbox 3196 2620 3377 2673; x_wconf 70' lang='lat' dir='ltr'>verae,</span> 
     </span>
    </p>
   </div>
   <div class='ocr_carea' id='block_1_86' title="bbox 2211 2694 3380 2765">
    <p class='ocr_par' dir='ltr' id='par_1_86' title="bbox 2211 2694 3380 2765">
     <span class='ocr_line' id='line_1_86' title="bbox 2211 2694 3380 2765; baseline -0.003 -14"><span class='ocrx_word' id='word_1_502' title='bbox 2211 2696 2286 2751; x_wconf 88' lang='lat' dir='ltr'>Ut</span> <span class='ocrx_word' id='word_1_503' title='bbox 2315 2696 2433 2750; x_wconf 91' lang='lat' dir='ltr'>tuis</span> <span class='ocrx_word' id='word_1_504' title='bbox 2452 2695 2755 2750; x_wconf 85' lang='lat' dir='ltr'>doloribus</span> <span class='ocrx_word' id='word_1_505' title='bbox 2787 2695 3015 2765; x_wconf 89' lang='lat' dir='ltr'>possim</span> <span class='ocrx_word' id='word_1_506' title='bbox 3039 2694 3380 2749; x_wconf 88' lang='lat' dir='ltr'>eondolere.</span> 
     </span>
    </p>
   </div>
   <div class='ocr_carea' id='block_1_87' title="bbox 2843 2785 3256 2839">
    <p class='ocr_par' dir='ltr' id='par_1_87' title="bbox 2843 2785 3256 2839">
     <span class='ocr_line' id='line_1_87' title="bbox 2843 2785 3256 2839; baseline 0 0"><span class='ocrx_word' id='word_1_507' title='bbox 2843 2785 3256 2839; x_wconf 83' lang='lat' dir='ltr'>Circumcisio.</span> 
     </span>
    </p>
   </div>
   <div class='ocr_carea' id='block_1_88' title="bbox 2283 2873 3634 2944">
    <p class='ocr_par' dir='ltr' id='par_1_88' title="bbox 2283 2873 3634 2944">
     <span class='ocr_line' id='line_1_88' title="bbox 2283 2873 3634 2944; baseline -0.002 -16"><span class='ocrx_word' id='word_1_508' title='bbox 2283 2875 2431 2942; x_wconf 82' lang='lat' dir='ltr'>Heu,</span> <span class='ocrx_word' id='word_1_509' title='bbox 2469 2891 2573 2928; x_wconf 93' lang='lat' dir='ltr'>cur</span> <span class='ocrx_word' id='word_1_510' title='bbox 2604 2889 2717 2928; x_wconf 91' lang='lat' dir='ltr'>non</span> <span class='ocrx_word' id='word_1_511' title='bbox 2752 2875 3075 2944; x_wconf 87' lang='lat' dir='ltr'>compatior</span> <span class='ocrx_word' id='word_1_512' title='bbox 3097 2873 3435 2943; x_wconf 88' lang='lat' dir='ltr'>respuendo</span> <span class='ocrx_word' id='word_1_513' title='bbox 3465 2873 3634 2938; x_wconf 86' lang='lat' dir='ltr'>risus,</span> 
     </span>
    </p>
   </div>
   <div class='ocr_carea' id='block_1_89' title="bbox 2210 2962 3358 3033">
    <p class='ocr_par' dir='ltr' id='par_1_89' title="bbox 2210 2962 3358 3033">
     <span class='ocr_line' id='line_1_89' title="bbox 2210 2962 3358 3033; baseline -0.001 -16"><span class='ocrx_word' id='word_1_514' title='bbox 2210 2963 2511 3017; x_wconf 86' lang='lat' dir='ltr'>Etamaris</span> <span class='ocrx_word' id='word_1_515' title='bbox 2532 2962 2810 3033; x_wconf 77' lang='lat' dir='ltr'>lacrymis</span> <span class='ocrx_word' id='word_1_516' title='bbox 2837 2964 3128 3018; x_wconf 85' lang='lat' dir='ltr'>abluendo</span> <span class='ocrx_word' id='word_1_517' title='bbox 3161 2963 3358 3029; x_wconf 83' lang='lat' dir='ltr'>visus,</span> 
     </span>
    </p>
   </div>
   <div class='ocr_carea' id='block_1_90' title="bbox 2210 3052 3551 3122">
    <p class='ocr_par' dir='ltr' id='par_1_90' title="bbox 2210 3052 3551 3122">
     <span class='ocr_line' id='line_1_90' title="bbox 2210 3052 3551 3122; baseline -0.002 -16"><span class='ocrx_word' id='word_1_518' title='bbox 2210 3053 2358 3106; x_wconf 90' lang='lat' dir='ltr'>Dum</span> <span class='ocrx_word' id='word_1_519' title='bbox 2388 3068 2534 3122; x_wconf 90' lang='lat' dir='ltr'>puer</span> <span class='ocrx_word' id='word_1_520' title='bbox 2566 3053 2918 3108; x_wconf 89' lang='lat' dir='ltr'>tenerrimus</span> <span class='ocrx_word' id='word_1_521' title='bbox 2950 3053 3106 3107; x_wconf 89' lang='lat' dir='ltr'>dolet</span> <span class='ocrx_word' id='word_1_522' title='bbox 3137 3052 3551 3119; x_wconf 90' lang='lat' dir='ltr'>circumcisus,</span> 
     </span>
    </p>
   </div>
   <div class='ocr_carea' id='block_1_91' title="bbox 2208 3141 3454 3212">
    <p class='ocr_par' dir='ltr' id='par_1_91' title="bbox 2208 3141 3454 3212">
     <span class='ocr_line' id='line_1_91' title="bbox 2208 3141 3454 3212; baseline -0.001 -16"><span class='ocrx_word' id='word_1_523' title='bbox 2208 3141 2392 3207; x_wconf 89' lang='lat' dir='ltr'>Quem</span> <span class='ocrx_word' id='word_1_524' title='bbox 2422 3142 2605 3197; x_wconf 87' lang='lat' dir='ltr'>choro</span> <span class='ocrx_word' id='word_1_525' title='bbox 2637 3143 2842 3198; x_wconf 78' lang='lat' dir='ltr'>coelieo</span> <span class='ocrx_word' id='word_1_526' title='bbox 2867 3143 3062 3196; x_wconf 87' lang='lat' dir='ltr'>laudat</span> <span class='ocrx_word' id='word_1_527' title='bbox 3092 3142 3454 3212; x_wconf 87' lang='lat' dir='ltr'>paradisus?</span> 
     </span>
    </p>
   </div>
   <div class='ocr_carea' id='block_1_92' title="bbox 2723 3232 3366 3302">
    <p class='ocr_par' dir='ltr' id='par_1_92' title="bbox 2723 3232 3366 3302">
     <span class='ocr_line' id='line_1_92' title="bbox 2723 3232 3366 3302; baseline 0.002 -17"><span class='ocrx_word' id='word_1_528' title='bbox 2723 3232 3011 3286; x_wconf 82' lang='lat' dir='ltr'>Adoratio</span> <span class='ocrx_word' id='word_1_529' title='bbox 3039 3247 3366 3302; x_wconf 81' lang='lat' dir='ltr'>magorum.</span> 
     </span>
    </p>
   </div>
   <div class='ocr_carea' id='block_1_93' title="bbox 2281 3320 3409 3392">
    <p class='ocr_par' dir='ltr' id='par_1_93' title="bbox 2281 3320 3409 3392">
     <span class='ocr_line' id='line_1_93' title="bbox 2281 3320 3409 3392; baseline 0 -18"><span class='ocrx_word' id='word_1_530' title='bbox 2281 3320 2493 3391; x_wconf 80' lang='lat' dir='ltr'>Angeli</span> <span class='ocrx_word' id='word_1_531' title='bbox 2525 3321 2863 3392; x_wconf 88' lang='lat' dir='ltr'>pastoribus</span> <span class='ocrx_word' id='word_1_532' title='bbox 2897 3323 2951 3374; x_wconf 90' lang='lat' dir='ltr'>te</span> <span class='ocrx_word' id='word_1_533' title='bbox 2971 3321 3409 3391; x_wconf 89' lang='lat' dir='ltr'>nuntiaverunt,</span> 
     </span>
    </p>
   </div>
   <div class='ocr_carea' id='block_1_94' title="bbox 2212 3410 3373 3482">
    <p class='ocr_par' dir='ltr' id='par_1_94' title="bbox 2212 3410 3373 3482">
     <span class='ocr_line' id='line_1_94' title="bbox 2212 3410 3373 3482; baseline 0.002 -20"><span class='ocrx_word' id='word_1_534' title='bbox 2212 3411 2297 3462; x_wconf 84' lang='lat' dir='ltr'>Ac</span> <span class='ocrx_word' id='word_1_535' title='bbox 2325 3411 2482 3482; x_wconf 88' lang='lat' dir='ltr'>magi</span> <span class='ocrx_word' id='word_1_536' title='bbox 2513 3410 2858 3464; x_wconf 91' lang='lat' dir='ltr'>muneribus</span> <span class='ocrx_word' id='word_1_537' title='bbox 2877 3412 2933 3464; x_wconf 91' lang='lat' dir='ltr'>te</span> <span class='ocrx_word' id='word_1_538' title='bbox 2950 3410 3373 3479; x_wconf 90' lang='lat' dir='ltr'>adoraverunt,</span> 
     </span>
    </p>
   </div>
   <div class='ocr_carea' id='block_1_95' title="bbox 2212 3497 3417 3569">
    <p class='ocr_par' dir='ltr' id='par_1_95' title="bbox 2212 3497 3417 3569">
     <span class='ocr_line' id='line_1_95' title="bbox 2212 3497 3417 3569; baseline -0.002 -15"><span class='ocrx_word' id='word_1_539' title='bbox 2212 3499 2466 3554; x_wconf 87' lang='lat' dir='ltr'>Perdere</span> <span class='ocrx_word' id='word_1_540' title='bbox 2497 3501 2551 3552; x_wconf 89' lang='lat' dir='ltr'>te</span> <span class='ocrx_word' id='word_1_541' title='bbox 2572 3497 2776 3569; x_wconf 76' lang='lat' dir='ltr'>perfidi</span> <span class='ocrx_word' id='word_1_542' title='bbox 2803 3513 2937 3552; x_wconf 86' lang='lat' dir='ltr'>mox</span> <span class='ocrx_word' id='word_1_543' title='bbox 2958 3502 3417 3568; x_wconf 86' lang='lat' dir='ltr'>proposuerunt,</span> 
     </span>
    </p>
   </div>
   <div class='ocr_carea' id='block_1_96' title="bbox 2211 3587 3475 3659">
    <p class='ocr_par' dir='ltr' id='par_1_96' title="bbox 2211 3587 3475 3659">
     <span class='ocr_line' id='line_1_96' title="bbox 2211 3587 3475 3659; baseline 0 -17"><span class='ocrx_word' id='word_1_544' title='bbox 2211 3587 2330 3643; x_wconf 86' lang='lat' dir='ltr'>Sed</span> <span class='ocrx_word' id='word_1_545' title='bbox 2370 3590 2562 3642; x_wconf 90' lang='lat' dir='ltr'>tecum</span> <span class='ocrx_word' id='word_1_546' title='bbox 2585 3603 2616 3641; x_wconf 89' lang='lat' dir='ltr'>a</span> <span class='ocrx_word' id='word_1_547' title='bbox 2648 3587 2832 3658; x_wconf 87' lang='lat' dir='ltr'>patria</span> <span class='ocrx_word' id='word_1_548' title='bbox 2865 3591 3142 3658; x_wconf 90' lang='lat' dir='ltr'>parentes</span> <span class='ocrx_word' id='word_1_549' title='bbox 3174 3587 3475 3659; x_wconf 86' lang='lat' dir='ltr'>fugerunt.</span> 
     </span>
    </p>
   </div>
   <div class='ocr_carea' id='block_1_97' title="bbox 2730 3675 3370 3749">
    <p class='ocr_par' dir='ltr' id='par_1_97' title="bbox 2730 3675 3370 3749">
     <span class='ocr_line' id='line_1_97' title="bbox 2730 3675 3370 3749; baseline 0.003 -19"><span class='ocrx_word' id='word_1_550' title='bbox 2730 3675 2899 3749; x_wconf 85' lang='lat' dir='ltr'>Fuga</span> <span class='ocrx_word' id='word_1_551' title='bbox 2930 3678 2990 3730; x_wconf 87' lang='lat' dir='ltr'>in</span> <span class='ocrx_word' id='word_1_552' title='bbox 3016 3677 3370 3749; x_wconf 71' lang='lat' dir='ltr'>Ai&#39;gyptum.</span> 
     </span>
    </p>
   </div>
   <div class='ocr_carea' id='block_1_98' title="bbox 2280 3765 3507 3837">
    <p class='ocr_par' dir='ltr' id='par_1_98' title="bbox 2280 3765 3507 3837">
     <span class='ocr_line' id='line_1_98' title="bbox 2280 3765 3507 3837; baseline -0.001 -16"><span class='ocrx_word' id='word_1_553' title='bbox 2280 3766 2326 3821; x_wconf 95' lang='grc' dir='ltr'>Ο</span> <span class='ocrx_word' id='word_1_554' title='bbox 2357 3765 2494 3837; x_wconf 90' lang='lat' dir='ltr'>quis</span> <span class='ocrx_word' id='word_1_555' title='bbox 2525 3781 2638 3819; x_wconf 92' lang='lat' dir='ltr'>non</span> <span class='ocrx_word' id='word_1_556' title='bbox 2671 3766 3019 3835; x_wconf 89' lang='lat' dir='ltr'>compatitur</span> <span class='ocrx_word' id='word_1_557' title='bbox 3048 3768 3274 3822; x_wconf 90' lang='lat' dir='ltr'>tantillo</span> <span class='ocrx_word' id='word_1_558' title='bbox 3309 3768 3507 3822; x_wconf 90' lang='lat' dir='ltr'>infanti</span> 
     </span>
    </p>
   </div>
   <div class='ocr_carea' id='block_1_99' title="bbox 2209 3854 3264 3925">
    <p class='ocr_par' dir='ltr' id='par_1_99' title="bbox 2209 3854 3264 3925">
     <span class='ocr_line' id='line_1_99' title="bbox 2209 3854 3264 3925; baseline -0.001 -16"><span class='ocrx_word' id='word_1_559' title='bbox 2209 3855 2350 3909; x_wconf 87' lang='lat' dir='ltr'>Tam</span> <span class='ocrx_word' id='word_1_560' title='bbox 2375 3857 2490 3909; x_wconf 91' lang='lat' dir='ltr'>cito</span> <span class='ocrx_word' id='word_1_561' title='bbox 2523 3854 2769 3908; x_wconf 88' lang='lat' dir='ltr'>insidias</span> <span class='ocrx_word' id='word_1_562' title='bbox 2794 3855 2909 3925; x_wconf 91' lang='lat' dir='ltr'>pati</span> <span class='ocrx_word' id='word_1_563' title='bbox 2942 3855 3264 3920; x_wconf 87' lang='lat' dir='ltr'>inchoanti,</span> 
     </span>
    </p>
   </div>
   <div class='ocr_carea' id='block_1_100' title="bbox 2211 3943 3271 4014">
    <p class='ocr_par' dir='ltr' id='par_1_100' title="bbox 2211 3943 3271 4014">
     <span class='ocr_line' id='line_1_100' title="bbox 2211 3943 3271 4014; baseline -0.002 -16"><span class='ocrx_word' id='word_1_564' title='bbox 2211 3944 2474 3998; x_wconf 85' lang='lat' dir='ltr'>Labores</span> <span class='ocrx_word' id='word_1_565' title='bbox 2509 3944 2737 3997; x_wconf 90' lang='lat' dir='ltr'>itineris</span> <span class='ocrx_word' id='word_1_566' title='bbox 2761 3943 2943 4012; x_wconf 72' lang='lat' dir='ltr'>hujus</span> <span class='ocrx_word' id='word_1_567' title='bbox 2973 3945 3271 4014; x_wconf 88' lang='lat' dir='ltr'>toleranti,</span> 
     </span>
    </p>
   </div>
   <div class='ocr_carea' id='block_1_101' title="bbox 2212 4031 3488 4104">
    <p class='ocr_par' dir='ltr' id='par_1_101' title="bbox 2212 4031 3488 4104">
     <span class='ocr_line' id='line_1_101' title="bbox 2212 4031 3488 4104; baseline 0 -18"><span class='ocrx_word' id='word_1_568' title='bbox 2212 4033 2406 4103; x_wconf 87' lang='lat' dir='ltr'>Atque</span> <span class='ocrx_word' id='word_1_569' title='bbox 2436 4033 2605 4087; x_wconf 88' lang='lat' dir='ltr'>Matri</span> <span class='ocrx_word' id='word_1_570' title='bbox 2626 4031 2893 4104; x_wconf 88' lang='lat' dir='ltr'>Virginis</span> <span class='ocrx_word' id='word_1_571' title='bbox 2925 4034 3120 4103; x_wconf 89' lang='lat' dir='ltr'>ipsum</span> <span class='ocrx_word' id='word_1_572' title='bbox 3152 4033 3488 4104; x_wconf 83' lang='lat' dir='ltr'>bajulanti?</span> 
     </span>
    </p>
   </div>
   <div class='ocr_carea' id='block_1_102' title="bbox 2284 4119 3726 4193">
    <p class='ocr_par' dir='ltr' id='par_1_102' title="bbox 2284 4119 3726 4193">
     <span class='ocr_line' id='line_1_102' title="bbox 2284 4119 3726 4193; baseline -0.003 -18"><span class='ocrx_word' id='word_1_573' title='bbox 2284 4122 2432 4175; x_wconf 89' lang='lat' dir='ltr'>Nam</span> <span class='ocrx_word' id='word_1_574' title='bbox 2463 4122 2705 4176; x_wconf 86' lang='lat' dir='ltr'>Matrem</span> <span class='ocrx_word' id='word_1_575' title='bbox 2733 4138 2865 4192; x_wconf 84' lang='lat' dir='ltr'>quae</span> <span class='ocrx_word' id='word_1_576' title='bbox 2895 4123 3099 4193; x_wconf 89' lang='lat' dir='ltr'>egredi</span> <span class='ocrx_word' id='word_1_577' title='bbox 3123 4123 3361 4177; x_wconf 93' lang='lat' dir='ltr'>domum</span> <span class='ocrx_word' id='word_1_578' title='bbox 3393 4122 3489 4176; x_wconf 80' lang='lat' dir='ltr'>vix</span> <span class='ocrx_word' id='word_1_579' title='bbox 3509 4119 3726 4183; x_wconf 86' lang='lat' dir='ltr'>solebat,</span> 
     </span>
    </p>
   </div>
   <div class='ocr_carea' id='block_1_103' title="bbox 2211 4209 3414 4282">
    <p class='ocr_par' dir='ltr' id='par_1_103' title="bbox 2211 4209 3414 4282">
     <span class='ocr_line' id='line_1_103' title="bbox 2211 4209 3414 4282; baseline 0 -18"><span class='ocrx_word' id='word_1_580' title='bbox 2211 4210 2385 4264; x_wconf 90' lang='lat' dir='ltr'>Modo</span> <span class='ocrx_word' id='word_1_581' title='bbox 2416 4225 2597 4264; x_wconf 90' lang='lat' dir='ltr'>casus</span> <span class='ocrx_word' id='word_1_582' title='bbox 2636 4209 2766 4264; x_wconf 89' lang='lat' dir='ltr'>Filii</span> <span class='ocrx_word' id='word_1_583' title='bbox 2796 4211 2856 4264; x_wconf 93' lang='lat' dir='ltr'>in</span> <span class='ocrx_word' id='word_1_584' title='bbox 2886 4213 3108 4264; x_wconf 88' lang='lat' dir='ltr'>tantum</span> <span class='ocrx_word' id='word_1_585' title='bbox 3140 4212 3414 4282; x_wconf 87' lang='lat' dir='ltr'>cogebat,</span> 
     </span>
    </p>
   </div>
   <div class='ocr_carea' id='block_1_104' title="bbox 2215 4299 3309 4372">
    <p class='ocr_par' dir='ltr' id='par_1_104' title="bbox 2215 4299 3309 4372">
     <span class='ocr_line' id='line_1_104' title="bbox 2215 4299 3309 4372; baseline -0.001 -18"><span class='ocrx_word' id='word_1_586' title='bbox 2215 4299 2381 4364; x_wconf 91' lang='lat' dir='ltr'>Quod</span> <span class='ocrx_word' id='word_1_587' title='bbox 2412 4315 2446 4352; x_wconf 90' lang='lat' dir='ltr'>a</span> <span class='ocrx_word' id='word_1_588' title='bbox 2468 4315 2576 4355; x_wconf 89' lang='lat' dir='ltr'>sua</span> <span class='ocrx_word' id='word_1_589' title='bbox 2601 4300 2786 4370; x_wconf 88' lang='lat' dir='ltr'>patria</span> <span class='ocrx_word' id='word_1_590' title='bbox 2818 4305 2988 4355; x_wconf 90' lang='lat' dir='ltr'>nocte</span> <span class='ocrx_word' id='word_1_591' title='bbox 3023 4299 3309 4372; x_wconf 89' lang='lat' dir='ltr'>fugiebat,</span> 
     </span>
    </p>
   </div>
   <div class='ocr_carea' id='block_1_105' title="bbox 2207 4387 3583 4461">
    <p class='ocr_par' dir='ltr' id='par_1_105' title="bbox 2207 4387 3583 4461">
     <span class='ocr_line' id='line_1_105' title="bbox 2207 4387 3583 4461; baseline -0.001 -19"><span class='ocrx_word' id='word_1_592' title='bbox 2207 4387 2352 4443; x_wconf 90' lang='lat' dir='ltr'>Cum</span> <span class='ocrx_word' id='word_1_593' title='bbox 2382 4393 2651 4444; x_wconf 86' lang='lat' dir='ltr'>recenter</span> <span class='ocrx_word' id='word_1_594' title='bbox 2681 4388 2856 4460; x_wconf 89' lang='lat' dir='ltr'>edito,</span> <span class='ocrx_word' id='word_1_595' title='bbox 2883 4405 3057 4460; x_wconf 91' lang='lat' dir='ltr'>quem</span> <span class='ocrx_word' id='word_1_596' title='bbox 3088 4405 3294 4444; x_wconf 91' lang='lat' dir='ltr'>secum</span> <span class='ocrx_word' id='word_1_597' title='bbox 3326 4387 3583 4461; x_wconf 88' lang='lat' dir='ltr'>gerebat.</span> 
     </span>
    </p>
   </div>
   <div class='ocr_carea' id='block_1_106' title="bbox 2277 4477 3311 4547">
    <p class='ocr_par' dir='ltr' id='par_1_106' title="bbox 2277 4477 3311 4547">
     <span class='ocr_line' id='line_1_106' title="bbox 2277 4477 3311 4547; baseline 0.001 -15"><span class='ocrx_word' id='word_1_598' title='bbox 2277 4478 2323 4532; x_wconf 95' lang='grc' dir='ltr'>Ο</span> <span class='ocrx_word' id='word_1_599' title='bbox 2346 4479 2492 4532; x_wconf 76' lang='lat' dir='ltr'>Jesu</span> <span class='ocrx_word' id='word_1_600' title='bbox 2522 4477 2810 4547; x_wconf 91' lang='lat' dir='ltr'>piissime,</span> <span class='ocrx_word' id='word_1_601' title='bbox 2846 4493 2879 4532; x_wconf 94' lang='grc' dir='ltr'>ο</span> <span class='ocrx_word' id='word_1_602' title='bbox 2910 4493 3057 4547; x_wconf 89' lang='lat' dir='ltr'>puer</span> <span class='ocrx_word' id='word_1_603' title='bbox 3078 4479 3311 4546; x_wconf 88' lang='lat' dir='ltr'>tenelle,</span> 
     </span>
    </p>
   </div>
   <div class='ocr_carea' id='block_1_107' title="bbox 2127 4567 3367 4676">
    <p class='ocr_par' dir='ltr' id='par_1_107' title="bbox 2127 4567 3367 4676">
     <span class='ocr_line' id='line_1_107' title="bbox 2127 4567 3367 4676; baseline 0.002 -56"><span class='ocrx_word' id='word_1_604' title='bbox 2127 4608 2188 4676; x_wconf 61' lang='grc' dir='ltr'><strong>β</strong></span> <span class='ocrx_word' id='word_1_605' title='bbox 2211 4567 2326 4621; x_wconf 89' lang='lat' dir='ltr'>Pro</span> <span class='ocrx_word' id='word_1_606' title='bbox 2359 4582 2557 4621; x_wconf 88' lang='lat' dir='ltr'>amore</span> <span class='ocrx_word' id='word_1_607' title='bbox 2601 4568 2854 4622; x_wconf 91' lang='lat' dir='ltr'>obsecro</span> <span class='ocrx_word' id='word_1_608' title='bbox 2896 4568 3099 4622; x_wconf 88' lang='lat' dir='ltr'>Mariae</span> <span class='ocrx_word' id='word_1_609' title='bbox 3132 4569 3367 4637; x_wconf 63' lang='lat' dir='ltr'>puellae,</span> 
     </span>
    </p>
   </div>
   <div class='ocr_carea' id='block_1_108' title="bbox 2207 4655 3387 4727">
    <p class='ocr_par' dir='ltr' id='par_1_108' title="bbox 2207 4655 3387 4727">
     <span class='ocr_line' id='line_1_108' title="bbox 2207 4655 3387 4727; baseline -0.001 -16"><span class='ocrx_word' id='word_1_610' title='bbox 2207 4655 2411 4711; x_wconf 90' lang='lat' dir='ltr'>Omnis</span> <span class='ocrx_word' id='word_1_611' title='bbox 2443 4659 2556 4710; x_wconf 84' lang='lat' dir='ltr'>tuae</span> <span class='ocrx_word' id='word_1_612' title='bbox 2588 4657 2748 4726; x_wconf 90' lang='lat' dir='ltr'>reple</span> <span class='ocrx_word' id='word_1_613' title='bbox 2780 4671 2871 4710; x_wconf 92' lang='lat' dir='ltr'>me</span> <span class='ocrx_word' id='word_1_614' title='bbox 2895 4657 3196 4727; x_wconf 89' lang='lat' dir='ltr'>passionis</span> <span class='ocrx_word' id='word_1_615' title='bbox 3229 4657 3387 4725; x_wconf 88' lang='lat' dir='ltr'>felle,</span> 
     </span>
    </p>
   </div>
   <div class='ocr_carea' id='block_1_109' title="bbox 2211 4745 3399 4818">
    <p class='ocr_par' dir='ltr' id='par_1_109' title="bbox 2211 4745 3399 4818">
     <span class='ocr_line' id='line_1_109' title="bbox 2211 4745 3399 4818; baseline 0.002 -19"><span class='ocrx_word' id='word_1_616' title='bbox 2211 4745 2421 4817; x_wconf 86' lang='lat' dir='ltr'>Meque</span> <span class='ocrx_word' id='word_1_617' title='bbox 2440 4745 2545 4800; x_wconf 90' lang='lat' dir='ltr'>tibi</span> <span class='ocrx_word' id='word_1_618' title='bbox 2567 4745 2800 4818; x_wconf 79' lang='lat' dir='ltr'>jugiter</span> <span class='ocrx_word' id='word_1_619' title='bbox 2829 4746 3059 4800; x_wconf 89' lang='lat' dir='ltr'>servire</span> <span class='ocrx_word' id='word_1_620' title='bbox 3090 4745 3399 4815; x_wconf 90' lang='lat' dir='ltr'>compelle.</span> 
     </span>
    </p>
   </div>
   <div class='ocr_carea' id='block_1_110' title="bbox 2281 4835 3508 4907">
    <p class='ocr_par' dir='ltr' id='par_1_110' title="bbox 2281 4835 3508 4907">
     <span class='ocr_line' id='line_1_110' title="bbox 2281 4835 3508 4907; baseline -0.002 -17"><span class='ocrx_word' id='word_1_621' title='bbox 2281 4835 2327 4890; x_wconf 91' lang='grc' dir='ltr'>Ο</span> <span class='ocrx_word' id='word_1_622' title='bbox 2359 4835 2540 4907; x_wconf 88' lang='lat' dir='ltr'>Virga</span> <span class='ocrx_word' id='word_1_623' title='bbox 2573 4836 2898 4904; x_wconf 87' lang='lat' dir='ltr'>fructifera,</span> <span class='ocrx_word' id='word_1_624' title='bbox 2932 4850 2965 4890; x_wconf 90' lang='grc' dir='ltr'>ο</span> <span class='ocrx_word' id='word_1_625' title='bbox 2997 4835 3107 4890; x_wconf 82' lang='lat' dir='ltr'>ﬂos</span> <span class='ocrx_word' id='word_1_626' title='bbox 3139 4835 3508 4903; x_wconf 85' lang='lat' dir='ltr'>feminarum,</span> 
     </span>
    </p>
   </div>
   <div class='ocr_carea' id='block_1_111' title="bbox 2212 4924 3483 4998">
    <p class='ocr_par' dir='ltr' id='par_1_111' title="bbox 2212 4924 3483 4998">
     <span class='ocr_line' id='line_1_111' title="bbox 2212 4924 3483 4998; baseline -0.003 -18"><span class='ocrx_word' id='word_1_627' title='bbox 2212 4925 2577 4998; x_wconf 84' lang='lat' dir='ltr'>Angelorum</span> <span class='ocrx_word' id='word_1_628' title='bbox 2600 4925 2864 4994; x_wconf 89' lang='lat' dir='ltr'>Domina,</span> <span class='ocrx_word' id='word_1_629' title='bbox 2885 4927 2943 4980; x_wconf 87' lang='lat' dir='ltr'>et</span> <span class='ocrx_word' id='word_1_630' title='bbox 2971 4924 3137 4979; x_wconf 86' lang='lat' dir='ltr'>orbis</span> <span class='ocrx_word' id='word_1_631' title='bbox 3171 4927 3483 4979; x_wconf 89' lang='lat' dir='ltr'>terrarum.</span> 
     </span>
    </p>
   </div>
   <div class='ocr_carea' id='block_1_112' title="bbox 2215 5013 3620 5085">
    <p class='ocr_par' dir='ltr' id='par_1_112' title="bbox 2215 5013 3620 5085">
     <span class='ocr_line' id='line_1_112' title="bbox 2215 5013 3620 5085; baseline -0.004 -16"><span class='ocrx_word' id='word_1_632' title='bbox 2215 5015 2410 5070; x_wconf 90' lang='lat' dir='ltr'>Pande</span> <span class='ocrx_word' id='word_1_633' title='bbox 2432 5015 2594 5082; x_wconf 89' lang='lat' dir='ltr'>mihi,</span> <span class='ocrx_word' id='word_1_634' title='bbox 2619 5015 2910 5085; x_wconf 89' lang='lat' dir='ltr'>supplico,</span> <span class='ocrx_word' id='word_1_635' title='bbox 2945 5013 3229 5085; x_wconf 89' lang='lat' dir='ltr'>quidquid</span> <span class='ocrx_word' id='word_1_636' title='bbox 3263 5013 3340 5066; x_wconf 85' lang='lat' dir='ltr'>sit</span> <span class='ocrx_word' id='word_1_637' title='bbox 3366 5027 3620 5066; x_wconf 89' lang='lat' dir='ltr'>amarum</span> 
     </span>
    </p>
   </div>
   <div class='ocr_carea' id='block_1_113' title="bbox 2218 5101 3708 5174">
    <p class='ocr_par' dir='ltr' id='par_1_113' title="bbox 2218 5101 3708 5174">
     <span class='ocr_line' id='line_1_113' title="bbox 2218 5101 3708 5174; baseline -0.007 -15"><span class='ocrx_word' id='word_1_638' title='bbox 2218 5104 2282 5159; x_wconf 90' lang='lat' dir='ltr'>In</span> <span class='ocrx_word' id='word_1_639' title='bbox 2309 5104 2539 5159; x_wconf 90' lang='lat' dir='ltr'>cunctis</span> <span class='ocrx_word' id='word_1_640' title='bbox 2561 5119 2693 5174; x_wconf 60' lang='lat' dir='ltr'>qua;</span> <span class='ocrx_word' id='word_1_641' title='bbox 2724 5119 2904 5174; x_wconf 90' lang='lat' dir='ltr'>passa</span> <span class='ocrx_word' id='word_1_642' title='bbox 2933 5117 3000 5158; x_wconf 92' lang='lat' dir='ltr'>es</span> <span class='ocrx_word' id='word_1_643' title='bbox 3030 5119 3135 5172; x_wconf 93' lang='lat' dir='ltr'>pro</span> <span class='ocrx_word' id='word_1_644' title='bbox 3167 5101 3356 5156; x_wconf 86' lang='lat' dir='ltr'>salute</span> <span class='ocrx_word' id='word_1_645' title='bbox 3386 5101 3708 5156; x_wconf 85' lang='lat' dir='ltr'>animarum.</span> 
     </span>
    </p>
   </div>
   <div class='ocr_carea' id='block_1_114' title="bbox 2289 5189 3566 5261">
    <p class='ocr_par' dir='ltr' id='par_1_114' title="bbox 2289 5189 3566 5261">
     <span class='ocr_line' id='line_1_114' title="bbox 2289 5189 3566 5261; baseline -0.005 -14"><span class='ocrx_word' id='word_1_646' title='bbox 2289 5193 2519 5248; x_wconf 89' lang='lat' dir='ltr'>Utinam</span> <span class='ocrx_word' id='word_1_647' title='bbox 2550 5195 2688 5246; x_wconf 92' lang='lat' dir='ltr'>tunc</span> <span class='ocrx_word' id='word_1_648' title='bbox 2718 5191 2966 5261; x_wconf 80' lang='lat' dir='ltr'>Josephi</span> <span class='ocrx_word' id='word_1_649' title='bbox 2987 5190 3266 5244; x_wconf 90' lang='lat' dir='ltr'>servulus</span> <span class='ocrx_word' id='word_1_650' title='bbox 3299 5189 3566 5254; x_wconf 86' lang='lat' dir='ltr'>fuissem,</span> 
     </span>
    </p>
   </div>
   <div class='ocr_carea' id='block_1_115' title="bbox 2215 5279 3502 5351">
    <p class='ocr_par' dir='ltr' id='par_1_115' title="bbox 2215 5279 3502 5351">
     <span class='ocr_line' id='line_1_115' title="bbox 2215 5279 3502 5351; baseline -0.005 -14"><span class='ocrx_word' id='word_1_651' title='bbox 2215 5282 2387 5338; x_wconf 90' lang='lat' dir='ltr'>Certe</span> <span class='ocrx_word' id='word_1_652' title='bbox 2425 5280 2808 5336; x_wconf 87' lang='lat' dir='ltr'>libertissime</span> <span class='ocrx_word' id='word_1_653' title='bbox 2840 5284 2913 5348; x_wconf 90' lang='lat' dir='ltr'>te,</span> <span class='ocrx_word' id='word_1_654' title='bbox 2949 5279 3111 5338; x_wconf 79' lang='lat' dir='ltr'>Jesu,</span> <span class='ocrx_word' id='word_1_655' title='bbox 3146 5279 3502 5351; x_wconf 89' lang='lat' dir='ltr'>gessissem,</span> 
     </span>
    </p>
   </div>
   <div class='ocr_carea' id='block_1_116' title="bbox 2217 5367 3543 5440">
    <p class='ocr_par' dir='ltr' id='par_1_116' title="bbox 2217 5367 3543 5440">
     <span class='ocr_line' id='line_1_116' title="bbox 2217 5367 3543 5440; baseline -0.005 -15"><span class='ocrx_word' id='word_1_656' title='bbox 2217 5371 2320 5425; x_wconf 92' lang='lat' dir='ltr'>Vel</span> <span class='ocrx_word' id='word_1_657' title='bbox 2343 5370 2414 5425; x_wconf 88' lang='lat' dir='ltr'>ad</span> <span class='ocrx_word' id='word_1_658' title='bbox 2444 5371 2638 5425; x_wconf 89' lang='lat' dir='ltr'>minus</span> <span class='ocrx_word' id='word_1_659' title='bbox 2659 5369 2892 5423; x_wconf 91' lang='lat' dir='ltr'>asinum</span> <span class='ocrx_word' id='word_1_660' title='bbox 2922 5368 3186 5440; x_wconf 89' lang='lat' dir='ltr'>Virginis</span> <span class='ocrx_word' id='word_1_661' title='bbox 3219 5367 3543 5433; x_wconf 80' lang='lat' dir='ltr'>duxissem,</span> 
     </span>
    </p>
   </div>
   <div class='ocr_carea' id='block_1_117' title="bbox 2215 5457 3538 5530">
    <p class='ocr_par' dir='ltr' id='par_1_117' title="bbox 2215 5457 3538 5530">
     <span class='ocr_line' id='line_1_117' title="bbox 2215 5457 3538 5530; baseline -0.005 -16"><span class='ocrx_word' id='word_1_662' title='bbox 2215 5460 2286 5516; x_wconf 87' lang='lat' dir='ltr'>Et</span> <span class='ocrx_word' id='word_1_663' title='bbox 2315 5463 2524 5515; x_wconf 89' lang='lat' dir='ltr'>cuncta</span> <span class='ocrx_word' id='word_1_664' title='bbox 2554 5458 2796 5514; x_wconf 90' lang='lat' dir='ltr'>servitia</span> <span class='ocrx_word' id='word_1_665' title='bbox 2825 5457 3092 5530; x_wconf 89' lang='lat' dir='ltr'>gaudens</span> <span class='ocrx_word' id='word_1_666' title='bbox 3117 5457 3538 5528; x_wconf 83' lang='lat' dir='ltr'>implevissem.</span> 
     </span>
    </p>
   </div>
   <div class='ocr_carea' id='block_1_118' title="bbox 2212 5618 3076 5690">
    <p class='ocr_par' dir='ltr' id='par_1_118' title="bbox 2212 5618 3076 5690">
     <span class='ocr_line' id='line_1_118' title="bbox 2212 5618 3076 5690; baseline -0.002 -15"><span class='ocrx_word' id='word_1_667' title='bbox 2212 5625 2381 5690; x_wconf 74' lang='lat' dir='ltr'>palus</span> <span class='ocrx_word' id='word_1_668' title='bbox 2414 5620 2784 5674; x_wconf 89' lang='lat' dir='ltr'>investitura.</span> <span class='ocrx_word' id='word_1_669' title='bbox 2821 5618 2966 5672; x_wconf 88' lang='lat' dir='ltr'>Vida</span> <span class='ocrx_word' id='word_1_670' title='bbox 2997 5619 3076 5673; x_wconf 91' lang='lat' dir='ltr'>ib.</span> 
     </span>
    </p>
   </div>
   <div class='ocr_carea' id='block_1_119' title="bbox 2280 5671 3820 5760">
    <p class='ocr_par' dir='ltr' id='par_1_119' title="bbox 2280 5671 3820 5760">
     <span class='ocr_line' id='line_1_119' title="bbox 2280 5671 3820 5760; baseline -0.011 -14"><span class='ocrx_word' id='word_1_671' title='bbox 2280 5671 2393 5760; x_wconf 60' lang='grc' dir='ltr'>(δέ)</span> <span class='ocrx_word' id='word_1_672' title='bbox 2414 5671 2820 5746; x_wconf 41' lang='lat' dir='ltr'>’ﬁéhﬁ’cﬁnds</span> <span class='ocrx_word' id='word_1_673' title='bbox 2852 5671 3366 5745; x_wconf 29' lang='lat' dir='ltr'>essebismaticos</span> <span class='ocrx_word' id='word_1_674' title='bbox 3397 5685 3596 5741; x_wconf 87' lang='lat' dir='ltr'>innuit.</span> <span class='ocrx_word' id='word_1_675' title='bbox 3630 5677 3751 5733; x_wconf 82' lang='lat' dir='ltr'>Vide</span> <span class='ocrx_word' id='word_1_676' title='bbox 3776 5671 3820 5723; x_wconf 83' lang='lat' dir='ltr'>ib</span> 
     </span>
    </p>
   </div>
   <div class='ocr_carea' id='block_1_120' title="bbox 2213 5761 2572 5820">
    <p class='ocr_par' dir='ltr' id='par_1_120' title="bbox 2213 5761 2572 5820">
     <span class='ocr_line' id='line_1_120' title="bbox 2213 5761 2572 5820; baseline -0.006 -1"><span class='ocrx_word' id='word_1_677' title='bbox 2213 5779 2271 5819; x_wconf 89' lang='lat' dir='ltr'>n.</span> <span class='ocrx_word' id='word_1_678' title='bbox 2303 5762 2375 5819; x_wconf 90' lang='lat'>86</span> <span class='ocrx_word' id='word_1_679' title='bbox 2402 5766 2459 5818; x_wconf 90' lang='lat' dir='ltr'>et</span> <span class='ocrx_word' id='word_1_680' title='bbox 2482 5761 2572 5820; x_wconf 90' lang='lat'>87.</span> 
     </span>
    </p>
   </div>
  </div>
