4028 6176
239 371 344 435 605
1495 353 1953 418 OPUSCULA
1998 350 2317 415 SPURIA

1891 538 1946 598 Α
2048 555 2195 609 Nam
2229 554 2287 607 in
2319 553 2615 608 exercitiis
2648 555 2702 606 te
2734 552 3067 621 exemplum
3097 551 3310 618 dando,

1975 646 2140 710 Quod
2173 661 2283 698 nos
2316 643 2496 697 doces
2529 643 2741 704 facere,
2779 642 2988 710 imples
3024 640 3420 709 pernoctando

1975 736 2040 790 In
2073 733 2459 802 orationibus,
2493 736 2548 786 et
2580 733 2637 784 in
2668 731 2988 801 vigilando,

1978 823 2294 900 Eatigaris,
2330 822 2546 889 esuris,
2582 821 2714 875 sitis
2747 820 3092 874 laborando.

2660 909 2971 964 Miracula.

299 569 479 630 Poma,
513 579 701 630 rosas,
733 562 872 626 lilia,
908 561 1118 614 vellem
1151 557 1494 627 collegisse,

239 656 297 711 Et
324 653 586 726 quidquid
617 651 862 721 puerulo
895 652 1099 719 posset
1131 647 1468 717 placuisse;

241 746 370 810 Heu,
402 759 503 795 cur
531 757 643 794 non
671 739 834 792 licuit
866 738 1005 790 mihi
1037 742 1090 790 te
1123 735 1368 802 vidisse,

239 832 297 886 Et
325 830 549 900 parvulo
576 827 968 898 pulcherrimo
999 824 1280 894 praedicta
1315 823 1533 876 fecisse
1551 823 1579 875 ?

299 919 475 984 Forte,
509 917 600 986 pie
630 916 895 986 parvule,
930 931 1021 967 me
1052 930 1167 967 non
1199 911 1550 982 repulisses,

239 1008 335 1063 Sed
364 1021 546 1059 meum
575 1005 834 1057 ofticium
866 1007 1030 1074 grate
1062 1001 1436 1070 accepisses,

237 1100 310 1150 Ac
337 1110 500 1148 servo
531 1093 782 1147 sollicito
816 1092 1077 1146 clemens
1109 1089 1447 1155 arrisisses,

240 1185 345 1238 Nec
372 1198 479 1236 non
509 1181 932 1252 indulgentiam
965 1178 1229 1249 precanti
1263 1177 1557 1230 dedisses.

694 1269 1028 1339 Disputatio
1059 1269 1118 1320 in
1151 1265 1380 1337 templo.

299 1360 433 1412 Dum
462 1374 606 1428 puer
636 1357 946 1412 duodocim
978 1371 1261 1409 annorum
1294 1355 1556 1407 moratur

238 1449 290 1503 In
316 1447 514 1517 templo
543 1446 898 1513 Jerusalem,
932 1445 1117 1498 Mater
1147 1445 1563 1506 contristatur;

236 1535 394 1602 Quem
421 1536 554 1589 dum
585 1550 866 1606 quaerens
898 1535 1136 1603 reperit,
1177 1548 1310 1587 cum
1342 1531 1567 1601 Joseph
1600 1531 1866 1600 miratur,

236 1625 328 1691 Qui
355 1625 551 1679 doctos
583 1625 912 1694 interrogat
940 1625 997 1677 et
1026 1621 1311 1690 stupenda
1346 1621 1520 1675 fatur.

2050 1002 2253 1069 Villas,
2290 1003 2480 1054 castra
2513 1000 2752 1065 circuis,
2789 1014 3039 1069 regnum
3071 996 3446 1067 praedicando

1978 1092 2228 1158 Surdos,
2261 1093 2476 1154 mutos,
2514 1088 2845 1159 languidos,
2881 1103 3194 1157 cmcosque
3227 1085 3508 1152 curando,

1978 1179 2342 1251 Expellendo
2373 1179 2696 1244 daemones,
2731 1182 2996 1231 mortuos
3029 1175 3296 1243 levando,

1910 1294 1911 1297 η
1977 1269 2261 1324 Pluribus
2293 1268 2399 1322 das
2430 1267 2660 1321 veniam
2693 1268 2931 1337 peccata
2960 1265 3230 1318 laxando.

2051 1358 2416 1430 Disputando
2447 1358 2620 1411 etiam
2651 1356 2869 1410 diceris
2900 1355 3183 1422 lassatus,

1981 1453 2029 1504 Α
2059 1449 2287 1506 Judaeis
2318 1447 2468 1517 ipsis
2500 1462 2659 1515 saape
2690 1445 3063 1515 reprobatus,

1980 1541 2032 1594 Α
2063 1539 2280 1611 quibus
2311 1536 2609 1591 multoties
2641 1551 2708 1589 es
2737 1535 3074 1604 injuriatus,

1980 1629 2228 1684 Necnon
2259 1624 2571 1696 aliquoties
2603 1625 2674 1678 ab
2705 1623 2802 1678 his
2831 1622 3298 1694 blasphematus.

293 1713 334 1767 Ο
359 1713 486 1784 quis
516 1714 681 1766 novit
713 1711 969 1783 gemitus
1000 1709 1268 1781 Virginis
1308 1709 1582 1777 dolentis,

238 1801 394 1857 Suum
421 1801 791 1872 unigenitum
820 1800 1014 1853 triduo
1045 1798 1390 1870 quaerentis,

235 1890 334 1945 Cur
357 1891 439 1944 sic
469 1889 567 1943 ille
600 1888 811 1942 fecerit
840 1889 934 1958 pie
967 1887 1427 1958 conquerentis?

238 1977 345 2032 Hoc
372 1978 569 2033 dolore
601 1978 906 2045 vulneres,
943 1977 1108 2042 Jesu,
1144 1991 1246 2030 cor
1277 1975 1549 2046 legentis.

294 2066 335 2120 0
362 2083 527 2137 quam
558 2082 723 2135 saepe
757 2065 1007 2132 aestimo,
1042 2064 1189 2117 dixit
1219 2064 1402 2117 Mater
1433 2062 1681 2131 Christi,

239 2155 375 2210 Heu!
407 2172 594 2210 meum
629 2153 934 2211 solatium!
970 2171 1076 2208 cur
1107 2171 1197 2209 me
1228 2153 1560 2223 reliquisti?

237 2245 362 2310 Quo,
392 2247 465 2298 mi
495 2250 628 2299 nate
660 2247 857 2314 unice,
883 2241 1028 2298 heu!
1063 2258 1179 2314 quo
1213 2242 1420 2295 ivisti?

239 2333 393 2401 Redi,
425 2349 659 2403 precor,
699 2334 808 2403 fili,
847 2333 973 2386 redi
1007 2331 1175 2384 matri
1207 2330 1379 2384 tristi.

297 2421 512 2477 Utinam
542 2427 680 2492 post
713 2422 920 2476 Jesum
952 2420 1041 2475 sic
1071 2436 1176 2474 cor
1205 2435 1398 2473 meum
1430 2419 1755 2489 langueret,

238 2510 296 2564 Et
322 2512 636 2580 quaerendo
658 2509 896 2581 jugiter
926 2509 1127 2563 intime
1158 2505 1414 2562 doleret!

239 2599 390 2655 Forte
420 2599 924 2654 clementissimus
957 2599 1096 2652 mihi
1132 2601 1462 2667 appareret,

237 2689 308 2741 Ac
335 2704 452 2743 sua)
484 2688 820 2742 clementia:
853 2688 1080 2740 firmam
1114 2701 1278 2754 spem
1310 2685 1622 2754 praeberet.

299 2775 430 2844 Sed,
463 2775 607 2832 heu!
655 2778 836 2845 Jesu,
869 2793 974 2831 cor
1011 2791 1202 2830 meum
1244 2775 1354 2828 hoc
1385 2779 1544 2828 caret
1573 2773 1878 2844 languore,

242 2865 376 2920 Raro
404 2866 554 2919 enim
587 2866 804 2936 quaerit
832 2869 905 2932 te,
931 2881 1039 2918 nec
1070 2867 1206 2918 tunc
1239 2879 1372 2917 cum
1403 2863 1670 2931 fervore;

239 2953 349 3006 Tibi
376 2954 542 3022 illud,
577 2955 730 3008 Jesu
763 2953 872 3022 mi,
906 2952 1139 3006 retrahe
1173 2952 1402 3020 timore,

239 3039 416 3105 Quieta
443 3042 782 3106 dulcedine,
818 3041 1120 3112 restringe
1145 3056 1365 3095 amore.

298 3129 570 3185 Subderis
600 3131 976 3200 parentibus,
1012 3145 1230 3198 regens
1262 3128 1571 3197 universa;

240 3215 326 3271 Cui
356 3224 556 3272 cuncta
585 3219 884 3286 serviunt,
917 3217 1115 3272 servis
1147 3218 1277 3271 vice
1308 3233 1505 3272 versa.

240 3303 280 3358 Ο
303 3306 483 3360 divina
515 3307 807 3375 charitas,
841 3307 1017 3360 nimis
1051 3323 1118 3361 es
1151 3308 1444 3376 dispersa,

242 3392 369 3448 Dum
399 3412 500 3466 pro
531 3395 715 3450 nobis
744 3394 985 3449 miseris
1019 3395 1284 3448 sustines
1315 3395 1568 3449 adversa

881 3483 1237 3555 Baptismus.

300 3572 627 3642 Baptizatus
659 3573 955 3642 promeris
983 3589 1016 3625 a
1049 3588 1193 3626 voce
1229 3574 1486 3641 paterna,

245 3658 634 3716 Descendente
666 3677 847 3730 super
877 3663 930 3714 te
963 3660 1236 3714 columba
1269 3675 1545 3730 superna.

243 3747 295 3802 In
321 3750 546 3806 deserto
570 3752 798 3819 esuris,
823 3748 870 3802 Ο
895 3749 1092 3803 Virtus
1125 3753 1363 3817 aeterna,

246 3836 389 3892 Victo
420 3839 590 3894 hoste
629 3853 968 3909 congregas
1002 3838 1234 3908 agmina
1268 3837 1543 3891 fraterna.

750 3928 918 3999 Aqua
950 3925 1107 3980 facta
1147 3927 1358 3980 vinum.

305 4015 550 4071 Vocatus
583 4015 661 4069 ad
692 4016 928 4084 nuptias
952 4015 1251 4084 incoepisti
1282 4015 1476 4085 signa,

246 4102 407 4159 Matre
437 4106 790 4159 admonente
821 4108 877 4158 te
908 4104 1185 4157 omnibus
1215 4103 1494 4175 benigna.

245 4191 285 4245 Ο
310 4209 406 4247 cur
435 4193 890 4264 reprehenditur
918 4192 1185 4248 Genitrix
1217 4195 1331 4246 tam
1361 4192 1570 4265 digna,

245 4278 370 4344 Quae
399 4283 540 4336 nulli
571 4285 753 4353 negat
781 4297 908 4335 suae
938 4281 1170 4350 pietatis
1205 4279 1408 4352 signa!

307 4370 512 4426 Tamen
543 4371 707 4442 quod
737 4375 1152 4442 suggesserat,
1186 4370 1385 4424 statim
1420 4369 1710 4436 faciebas;

249 4455 375 4522 Quia
403 4461 542 4514 nihil
577 4462 803 4529 poterat
832 4459 946 4512 nisi
979 4458 1136 4528 quod
1167 4458 1445 4527 volebas;

253 4547 380 4602 Nam
411 4549 466 4602 in
498 4549 701 4602 vinum
734 4548 1014 4617 Optimum
1049 4563 1258 4616 aquam
1291 4549 1705 4618 convertebas,

253 4634 310 4688 Et
336 4654 434 4700 per
460 4638 574 4692 hoc
608 4635 936 4706 discipulos
969 4635 1038 4687 ad
1071 4635 1244 4688 fidem
1277 4636 1574 4691 trahebas.

311 4725 352 4778 Ο
383 4726 559 4796 Virgo
593 4724 912 4794 purissima
946 4723 1118 4792 plena
1149 4725 1400 4778 summis
1431 4726 1625 4798 bonis,

255 4811 398 4868 Ditas
428 4830 637 4868 omnes
669 4816 923 4866 miseros
955 4812 1072 4865 tuis
1103 4814 1293 4866 sacris
1324 4813 1499 4870 donis
1535 4832 1546 4870 :

260 4902 420 4973 Reple
451 4904 585 4956 vino
618 4903 834 4972 optimo
866 4915 978 4954 nos
1009 4899 1365 4971 devotionis,

260 4990 490 5046 Unicum
523 4991 810 5062 irriguum
841 4989 913 5042 da
943 4989 1434 5058 compunctionis.

318 5079 463 5135 Heu!
497 5079 927 5150 benignissima
961 5077 1148 5131 Mater
1178 5079 1506 5149 benedicta,

258 5167 309 5220 ln
338 5169 503 5222 nobis
535 5168 766 5222 devotio
798 5183 912 5220 non
944 5171 1035 5221 est
1069 5165 1187 5220 nisi
1217 5166 1351 5221 ficta
1385 5185 1398 5232 ;

261 5253 479 5328 Frigida
507 5262 645 5311 sunt
674 5260 910 5327 pectora
942 5255 1252 5326 animaque
1283 5255 1520 5326 afﬂicta,

261 5344 536 5400 Succurre
569 5362 702 5400 mox
732 5345 968 5398 miseris
1001 5359 1142 5414 spes
1175 5360 1408 5399 reorum
1437 5347 1610 5404 dicta.

321 5435 457 5489 Jesu
487 5433 938 5506 benignissime,
972 5433 1045 5486 ob
1077 5433 1282 5486 Matris
1314 5433 1620 5507 honorem,

263 5520 421 5577 Verte
451 5525 625 5576 corda
658 5523 869 5593 frigida
900 5523 958 5574 in
989 5526 1150 5575 tuum
1181 5537 1439 5578 amorem
1473 5541 1485 5579 :

264 5608 330 5662 Ut
357 5628 586 5680 semper
613 5611 988 5680 multiplicem
1011 5626 1330 5680 pensemus
1363 5613 1646 5686 laborem,

263 5695 430 5761 Quem
460 5716 565 5768 pro
597 5701 764 5755 nobis
795 5714 1013 5768 passus
1046 5714 1133 5767 es,
1169 5701 1529 5773 multumque
1561 5706 1847 5766 dolorem.

1903 1843 1957 1906 Β

2057 1717 2169 1771 Pro
2197 1730 2291 1769 me
2323 1717 2537 1785 quanta
2569 1714 2855 1779 sustines,
2890 1728 2924 1766 o
2951 1707 3285 1766 beatitudo!

1982 1806 2100 1861 Pro
2125 1820 2218 1860 me
2251 1803 2323 1858 fis
2355 1807 2416 1858 ut
2446 1801 2680 1871 debilis,
2715 1802 2819 1855 Dei
2852 1800 3151 1856 fortitudo.

1985 1896 2098 1950 Pro
2130 1910 2223 1948 me
2252 1892 2388 1947 vilis
2411 1892 2538 1946 visa
2572 1907 2660 1958 es,
2694 1905 2834 1944 vera
2864 1888 3240 1960 pulchritudo
3275 1903 3286 1941 :

1984 1983 2059 2038 Et
2086 1983 2158 2038 ﬁs
2188 1983 2358 2054 quasi
2391 1981 2687 2051 indigens,
2723 1995 2952 2033 summa
2984 1977 3304 2047 plenitudo.

2057 2073 2169 2127 Pro
2201 2088 2293 2126 me
2327 2071 2637 2142 angustata
2667 2084 2755 2138 es,
2789 2068 2966 2138 longa
2988 2067 3252 2133 latitudo,

1983 2164 2098 2218 Pro
2131 2177 2221 2215 me
2250 2161 2514 2215 breviata
2543 2174 2630 2226 es,
2663 2158 2775 2212 lata
2809 2156 3134 2228 longitudo,

1984 2253 2097 2306 Pro
2127 2266 2220 2304 me
2255 2249 2530 2302 inclinata
2563 2263 2650 2314 es,
2686 2261 2898 2316 magna
2931 2244 3196 2307 altitudo,

1985 2340 2103 2394 Pro
2133 2354 2225 2393 me
2257 2353 2443 2409 prona
2476 2335 2770 2400 immines,
2804 2333 2916 2386 alta
2948 2330 3312 2402 magnitudo.

2055 2429 2172 2483 Cur
2199 2429 2284 2482 tot
2310 2426 2453 2480 dura
2488 2424 2776 2490 sustines,
2809 2424 2964 2475 tanta
2998 2419 3330 2474 celsitudo?

1985 2518 2116 2573 Tibi
2149 2517 2324 2571 nimis
2351 2518 2510 2570 recta
2543 2517 2636 2568 est
2665 2517 2763 2566 tua
2794 2510 3103 2565 rectitudo.

1987 2608 2146 2679 Ergo
2178 2621 2271 2660 me
2299 2607 2383 2658 tot
2415 2617 2719 2657 munerum
2753 2602 2947 2654 vincat
2977 2596 3308 2664 multitudo,

1987 2697 2065 2753 Ut
2094 2697 2150 2750 in
2182 2709 2273 2749 me
2304 2695 2382 2748 sit
2415 2709 2558 2764 erga
2591 2695 2645 2746 te
2678 2705 2915 2758 semper
2939 2687 3254 2759 gratitudo.

2350 2781 2702 2852 Triumphus
2729 2776 3292 2849 Hierosolymorum.

2059 2873 2475 2930 Consummato
2509 2874 2772 2939 tempore
2804 2865 3274 2938 praedicationis;

1989 2965 2088 3020 Sic
2120 2978 2301 3032 super
2330 2961 2584 3028 asinum,
2619 2958 2720 3029 qui
2752 2957 2929 3011 sedes
2962 2956 3020 3009 in
3052 2952 3281 3007 thronis

1989 3055 2282 3122 Properas
2312 3047 2666 3110 Jerusalem,
2702 3061 2880 3100 causa
2914 3041 3261 3113 passionis?

1991 3142 2206 3198 Turbaa
2235 3153 2441 3194 vocem
2473 3137 2756 3190 resonant
2787 3130 3208 3186 venerationis.

1916 3221 1966 3283 C
2063 3231 2234 3285 Nunc
2267 3227 2500 3295 festina,
2534 3223 2745 3289 anima,
2780 3235 2955 3275 curre
2985 3219 3115 3272 sine
3150 3230 3317 3270 mora
3351 3229 3364 3268 :

1992 3319 2156 3386 Quia,
2188 3321 2250 3371 ut
2281 3314 2650 3379 consideras,
2682 3325 2823 3365 ecce
2854 3308 3014 3362 venit
3044 3306 3209 3360 hora.

1993 3407 2305 3463 Dominum
2337 3421 2471 3458 cum
2503 3399 2738 3456 caeteris
2771 3396 3114 3452 collaudans
3147 3391 3348 3460 adora,

1993 3497 2070 3553 Ut
2096 3511 2301 3550 secum
2331 3498 2386 3548 te
2419 3491 2668 3547 deducat
2698 3489 2769 3542 ad
2803 3501 3039 3541 crucem
3064 3483 3332 3554 implora.

2063 3585 2110 3641 Ο
2138 3587 2418 3657 quantum
2453 3579 2646 3653 gavisi
2677 3581 2814 3632 sunt
2847 3578 3033 3629 mater
3065 3577 3120 3628 et
3144 3570 3337 3634 amici,

1995 3676 2316 3731 Cernentes
2347 3689 2377 3725 a
2412 3669 2630 3741 populo
2662 3668 2868 3722 Jesum
2900 3661 3200 3728 benedici,

1994 3763 2253 3826 Christo,
2288 3760 2474 3816 David
2508 3758 2676 3822 Filio,
2714 3757 3112 3823 Hosannaque
3145 3746 3291 3803 dici!

1996 3851 2133 3919 Sed,
2170 3848 2314 3904 heu!
2350 3849 2482 3903 inde
2516 3847 2778 3901 invident
2810 3843 2944 3914 ejus
2977 3839 3219 3894 inimici.

2067 3938 2114 3994 Ο
2145 3953 2272 3993 mea
2304 3937 2537 4002 fiducia,
2570 3934 2832 3990 Genitrix
2868 3933 3058 3998 beata,

2000 4029 2061 4081 In
2088 4028 2259 4082 laude
2290 4027 2371 4080 tui
2405 4025 2536 4080 Filii
2567 4023 2735 4076 valde
2760 4018 3100 4090 jucundata,

1999 4114 2163 4171 Heu!
2197 4120 2411 4186 quanta
2445 4112 2678 4168 tristitia
2709 4109 2828 4164 eris
2862 4106 3142 4172 cruciata,

2000 4206 2182 4260 Paulo
2211 4208 2345 4275 post
2371 4217 2504 4257 cum
2536 4199 2758 4254 videris
2790 4197 3001 4251 cuncta
3034 4194 3164 4247 haec
3196 4191 3453 4245 mutata?

2531 4289 2808 4345 Christus
2844 4281 3142 4338 venditur.

2078 4383 2226 4438 Nam
2255 4382 2312 4436 in
2339 4393 2545 4435 necem
2575 4376 2706 4432 Filii
2734 4372 3036 4445 principes
3062 4365 3321 4438 majores

1921 4475 1974 4538 Ι)
2003 4473 2212 4528 Ineunt
2242 4469 2577 4537 consilium,
2610 4465 2764 4537 legis
2797 4467 3308 4533 transgressores,

2004 4560 2334 4616 Constituto
2366 4557 2574 4629 pretio,
2603 4553 2849 4624 pessimi
2880 4555 3178 4620 emptores

2009 4651 2358 4706 Permittunt
2391 4662 2456 4701 se
2489 4645 2614 4699 ﬁeri
2647 4643 2814 4698 Judae
2847 4640 3169 4696 debitores.

2079 4736 2238 4793 Heu!
2269 4733 2415 4792 heu!
2450 4750 2578 4789 mea
2610 4732 2878 4798 Domina,
2917 4729 3099 4800 Virgo
3131 4719 3487 4795 singularis;

2007 4828 2293 4882 Venditus
2324 4829 2416 4880 est
2445 4824 2650 4886 Filius,
2688 4825 2744 4875 et
2769 4820 2961 4873 adhuc
2991 4814 3211 4868 laetaris
3232 4813 3260 4866 ?

2008 4919 2137 4972 Heu
2164 4915 2176 4971 !
2211 4932 2317 4971 cur
2353 4912 2721 4985 unigenitum
2749 4909 2907 4962 clare
2937 4920 3051 4960 non
3083 4900 3379 4974 precaris,

2009 5006 2080 5061 Ut
2114 5006 2458 5076 priusquam
2490 5015 2708 5072 passus
2739 4998 2836 5065 sit,
2871 4996 3000 5066 ipsa
3032 4989 3345 5046 moriaris?

2079 5095 2163 5148 Tu
2195 5093 2312 5148 nati
2342 5089 2671 5162 praesentia
2699 5086 2945 5141 multum
2975 5077 3313 5143 delectaris,

2007 5182 2078 5237 Et
2109 5180 2321 5236 all'ectu
2349 5180 2604 5234 maximo
2637 5178 2830 5247 ipsum
2858 5171 3108 5226 imitaris
3133 5186 3145 5223 :

2009 5269 2172 5326 Heu!
2207 5271 2278 5324 de
2308 5272 2404 5323 tua
2434 5268 2625 5321 anima
2655 5266 2848 5318 minus
2875 5259 3200 5326 meditaris,

2007 5359 2361 5431 Torquenda
2395 5361 2452 5410 in
2478 5355 2748 5426 proximo
2783 5351 3041 5408 luctibus
3072 5347 3313 5402 amaris.

2083 5448 2240 5503 Heu!
2275 5445 2534 5518 quandiu
2564 5448 2766 5514 torpeo
2800 5444 2858 5497 in
2889 5439 3066 5498 corde
3097 5443 3214 5493 tam
3247 5436 3420 5504 duro,

2014 5538 2080 5592 Et
2107 5537 2248 5591 nihil
2283 5535 2605 5604 compatior
2629 5533 2780 5586 .Jesu
2808 5532 3110 5588 morituro,

2013 5627 2118 5681 Ve!
2151 5627 2338 5681 dolori
2373 5627 2628 5680 maximo
2662 5625 2834 5694 paulo
2869 5625 2998 5692 post
3029 5621 3223 5674 future

2012 5715 2199 5770 Meam
2233 5716 2463 5770 dulcem
2497 5715 2803 5770 Dominam
2838 5715 2960 5766 fere
2987 5712 3360 5782 peremptum
