3948 6168
292 237 301 246 ’
407 281 528 347 607
1443 285 1508 345 s.
1554 285 1932 348 ANSELMI
1972 285 2379 359 LUCENSIS
2423 286 2810 352 EPISCOPI
2897 321 2906 334 -
3670 290 3755 354 eos

483 486 652 556 Jesu,
687 486 782 542 cui
811 487 956 540 nihil
989 491 1078 541 est
1109 488 1343 556 penitus
1367 487 1685 556 occultum,

415 574 739 647 Usquequo
773 575 859 629 sic
893 576 1157 629 sustines
1188 580 1378 630 tecum
1412 577 1622 630 Judam
1655 575 1936 630 stultum?

412 661 542 733 Qui,
573 665 711 718 dum
741 664 843 717 tibi
877 665 1115 718 exhibet
1145 665 1480 718 simulatum
1511 665 1761 732 cultum,

413 753 695 820 Tempus,
731 753 789 805 in
820 759 934 821 quo
969 752 1156 806 tradat
1185 758 1259 820 te,
1294 757 1450 821 optat
1479 754 1653 806 nimis
1685 753 1948 806 multum.

482 841 646 894 Tunc
680 841 885 893 missis
920 841 1234 909 discipulis
1266 858 1397 894 cum
1426 843 1601 913 siguo
1643 842 1893 913 lagenae,

412 927 627 999 Pergis
661 928 730 981 ad
763 929 1078 998 hospitium
1113 933 1456 998 praeparatae
1489 947 1673 984 ccenae
1705 946 1717 986 :

412 1016 578 1070 Tunc
608 1016 786 1071 sedes
817 1018 876 1070 in
909 1017 1099 1072 medio
1130 1020 1318 1072 turbae
1350 1019 1660 1088 duodenm,

411 1104 656 1160 Mandas
689 1109 749 1160 ut
781 1122 847 1160 se
880 1105 1130 1161 invicem
1161 1107 1409 1180 diligant
1439 1123 1670 1164 serene.

1137 1195 1362 1252 Caenat.

480 1283 644 1342 Tunc
672 1287 749 1356 te,
783 1287 845 1341 ut
879 1286 1263 1357 praedixeras,
1299 1285 1450 1340 dicis
1481 1284 1856 1354 moriturum,

411 1374 482 1430 Et
512 1391 585 1430 ex
617 1377 705 1430 eis
737 1392 916 1430 unum
947 1380 1001 1430 te
1032 1375 1158 1430 fore
1189 1375 1574 1445 traditurum;

411 1463 747 1536 Forumquo
778 1465 1099 1536 quemlibet
1129 1482 1160 1517 a
1194 1468 1247 1518 te
1280 1465 1626 1536 fugiturum,

409 1551 526 1608 Sed
557 1557 612 1606 et
641 1554 882 1606 Petrum
911 1556 1079 1606 nocte
1114 1552 1222 1606 hac
1253 1556 1340 1606 ter
1371 1557 1426 1606 te
1457 1555 1828 1624 negaturum.

479 1639 527 1695 Ο
557 1640 742 1709 dolor,
778 1657 809 1694 ο
841 1641 1117 1714 gemitus,
1153 1643 1434 1711 quantum
1465 1640 1903 1694 turbabantur?

408 1729 496 1783 Ac
525 1729 597 1784 de
630 1732 786 1783 tanto
820 1731 1046 1783 scelere
1069 1745 1274 1785 omnes
1307 1729 1712 1796 tristabantur,

408 1815 650 1882 Quando
682 1816 835 1870 nolle
868 1816 1073 1888 fugere
1107 1833 1172 1871 se
1201 1814 1658 1886 pollicebantur!

411 1902 483 1958 Et
513 1904 649 1974 quis
679 1907 843 1959 esset
873 1905 1132 1974 traditor,
1168 1921 1302 1959 mox
1332 1905 1805 1959 sciscitabantur.

1039 1993 1240 2048 Pedes
1269 1994 1322 2047 la
1335 2000 1448 2048 vat.

484 2078 830 2152 Exemplum
860 2081 1080 2137 interea
1113 2083 1219 2136 das
1251 2083 1617 2152 humilitatis,

410 2171 792 2226 Subditorum
823 2172 1077 2242 pedtbus
1110 2189 1140 2225 a
1169 2176 1347 2226 temet
1378 2172 1587 2226 lavatis
1624 2188 1637 2226 :

409 2259 526 2316 Sed
558 2265 613 2314 et
644 2277 862 2331 corpus
894 2263 1196 2331 proprium
1227 2261 1332 2314 das
1366 2261 1424 2315 in
1459 2262 1654 2315 cibum
1686 2261 1873 2333 gratis

409 2348 553 2419 Illis,
587 2353 759 2422 atque
791 2351 1065 2404 omnibus
1097 2351 1155 2404 in
1186 2355 1242 2404 te
1273 2351 1598 2420 baptizatis.

849 2440 1295 2493 Eucharistiam
1344 2440 1626 2494 instituit.

480 2526 527 2581 Ο
557 2527 696 2598 quid
728 2543 839 2599 ego
873 2529 1102 2595 faciam,
1137 2544 1335 2580 massa
1366 2534 1771 2598 peccatorum,

409 2614 679 2670 Omnium
711 2615 1079 2668 miserrimus
1111 2616 1210 2685 qui
1242 2632 1373 2668 sum
1412 2617 1786 2685 miserorum,

353 2745 360 2752 .
412 2704 561 2758 Dum
593 2708 651 2757 tu
680 2704 869 2758 ﬂectis
903 2720 1115 2775 genua,
1150 2706 1275 2758 Rex
1307 2705 1750 2772 universorum,

410 2793 497 2846 Ac
528 2793 692 2845 lavas
721 2793 977 2863 vestigia
1003 2797 1234 2846 tuorum
1267 2808 1578 2846 servorum
1601 2794 1630 2846 ?

482 2880 626 2935 Jesu
659 2881 1138 2948 clementissime,
1173 2881 1306 2934 fons
1337 2881 1556 2934 amoris
1589 2880 1768 2949 casti,

411 2969 496 3022 Tu
530 2968 806 3023 mortales
839 2969 1109 3022 homines
1141 2969 1198 3022 in
1230 2972 1446 3022 tantum
1477 2968 1715 3034 amasti,

409 3054 574 3122 Quod
607 3063 660 3113 te
694 3059 889 3128 ipsum
921 3058 1176 3112 credulis
1209 3058 1266 3110 in
1296 3059 1491 3113 cibum
1522 3058 1784 3127 donasti,

409 3145 481 3202 Et
511 3151 573 3200 ut
603 3147 682 3201 tui
715 3163 1008 3201 memores
1039 3151 1094 3201 te
1127 3150 1379 3215 sumant,
1415 3147 1725 3201 mandasti.

479 3227 716 3290 Christe
749 3235 1157 3308 benigissime,
1193 3236 1299 3289 Fili
1334 3237 1547 3288 summi
1587 3236 1712 3303 Dei,

409 3327 633 3380 Precor
662 3325 1118 3396 indignissimus
1151 3327 1432 3379 miserere
1470 3325 1604 3389 mei,

409 3413 657 3468 Tantum
691 3414 989 3467 charitatis
1021 3414 1112 3481 da,
1148 3414 1281 3467 fidei
1315 3417 1486 3484 atque
1519 3413 1667 3483 spei,

412 3501 488 3556 Ut
517 3502 694 3572 digne
727 3502 1071 3572 mysterium
1105 3517 1331 3555 sumam
1363 3505 1539 3554 tantm
1570 3502 1674 3554 rei.

2105 469 2155 529 Α
2256 484 2415 541 Heu!
2450 487 2613 541 mihi.
2646 487 3021 557 charissima,
3055 486 3202 544 heu!
3238 489 3433 544 dilecta
3462 507 3591 558 mea,

2183 573 2342 629 Laus
2375 580 2715 630 sanctorum
2749 579 3029 645 omnium,
3062 594 3354 648 nunquam
3389 581 3552 634 semel
3577 598 3659 636 rea

2183 663 2417 718 Utinam
2446 665 2740 719 existeres
2773 681 2930 719 nunc
2960 667 3016 719 in
3049 667 3306 734 Galilaea,

2180 750 2268 806 Ne
2297 753 2535 807 videres
2565 753 2775 807 Filium
2807 770 3052 823 passum
3087 755 3144 808 in
3177 755 3408 811 Judaea!

2254 839 2352 894 Pie
2383 841 2548 909 Jesu,
2583 842 2854 912 supplico
2886 859 2990 912 pro
3024 843 3229 897 Matris
3265 860 3470 915 amore,

2181 929 2364 1000 Reple
2395 945 2487 984 me
2517 931 2878 1001 gravissimo
2909 934 3008 986 tuo
3040 948 3196 986 nunc
3226 933 3439 1000 dolore,

2180 1018 2257 1073 Ut
2282 1019 2389 1072 tibi
2419 1019 2782 1088 compatiens
2815 1021 3068 1075 maximo
3104 1021 3356 1091 fervore,

2176 1105 2546 1177 Suspirando
2576 1107 2808 1178 rugiam
2841 1108 2979 1162 fietu
3009 1109 3288 1181 largiore.

2247 1195 2496 1250 Cernam
2528 1197 2728 1251 cordis
2761 1196 2954 1251 oculis
2987 1200 3042 1251 te
3072 1202 3348 1269 tanquam
3376 1201 3704 1268 praesentem,

2175 1284 2502 1338 Passiones
2535 1284 2807 1356 singulas
2838 1301 2944 1355 pro
2974 1301 3068 1340 me
3100 1285 3494 1358 sufferentem,

2175 1372 2360 1426 Tuam
2391 1372 2635 1427 Matrem
2661 1373 2829 1443 juxta
2860 1378 2915 1429 te
2942 1375 3047 1428 tibi
3079 1375 3499 1443 condolentem,

2177 1460 2265 1514 Ad
2296 1463 2580 1515 tormenta
2611 1461 2848 1533 singula
2880 1462 3050 1534 quasi
3083 1464 3445 1518 morientem.

2247 1547 2433 1620 Virgo
2464 1550 2570 1604 Dei
2594 1549 2881 1620 Genitrix,
2915 1567 3039 1620 pra;
3070 1554 3302 1606 cunctis
3331 1552 3512 1621 beata,

2175 1639 2294 1692 Pro
2325 1638 2732 1692 misericordia
2763 1654 2981 1709 precor
3012 1654 3086 1693 ex
3110 1642 3166 1694 te
3196 1643 3360 1708 nata,

2176 1726 2374 1780 Pande
2405 1726 2545 1780 mihi
2580 1727 2832 1796 qualiter
2864 1727 3027 1782 fuisti
3061 1731 3328 1800 gravata,

2175 1814 2300 1868 Tua
2330 1814 2497 1885 prole
2528 1830 2728 1869 coram
2757 1820 2813 1869 te
2843 1819 3066 1870 tantum
3097 1817 3378 1873 cruciata.

2249 1903 2397 1971 Mea,
2431 1919 2558 1959 mea
2591 1903 2855 1969 Domina,
2893 1905 3064 1974 plena
3093 1906 3441 1977 gratiarum,

2105 2002 2152 2064 Β
2179 1992 2337 2046 Dona
2374 1992 2536 2062 mihi,
2571 1993 2844 2060 obsecro,
2870 1995 3034 2047 tuum
3065 2010 3169 2049 cor
3200 2011 3485 2065 amarum,

2179 2080 2249 2134 Et
2277 2081 2824 2135 abundantissimos
2855 2083 3020 2136 rivos
3049 2083 3463 2154 lacrymarum,

2179 2169 2256 2224 Ut
2286 2173 2515 2224 tuarum
2546 2169 2797 2224 sentiam
2827 2170 2944 2224 vim
2976 2173 3412 2243 angustiarum.

2251 2257 2488 2312 Utinam
2519 2274 2594 2312 ex
2624 2274 2864 2314 munere
2895 2262 3013 2324 tuo,
3039 2261 3187 2314 Jesu
3217 2260 3454 2315 Christe

2176 2346 2475 2416 Torqueat
2506 2361 2598 2401 me
2631 2349 2888 2416 quotidie
2921 2349 3098 2402 nimis
3131 2349 3298 2403 dolor
3329 2351 3442 2404 iste

2176 2435 2340 2489 Sicut
2371 2434 2578 2489 Matris
2612 2435 2878 2507 Virginis
2909 2453 3012 2491 cor
3041 2439 3354 2509 torquebat
3383 2439 3564 2500 triste,

2179 2523 2327 2576 Dum
2359 2527 2414 2576 te
2447 2524 2864 2579 crucifixerant
2896 2527 3169 2580 crudeles
3200 2525 3466 2581 lanistae!

2251 2613 2408 2666 Deus
2440 2611 2634 2681 homo,
2670 2614 2806 2684 quis
2837 2615 2910 2667 de
2939 2618 2994 2668 te
3027 2615 3245 2686 cogitet
3274 2615 3515 2684 intente,

2177 2701 2240 2754 In
2273 2701 2450 2754 nimis
2481 2701 2752 2771 passibili
2785 2719 3038 2773 corpore
3070 2709 3365 2773 manente,

2177 2790 2369 2843 Passo
2400 2793 2483 2843 tot
2513 2792 2824 2860 angustias
2860 2807 3108 2860 corpore
3139 2795 3195 2846 et
3229 2797 3446 2862 mente,

2179 2878 2251 2932 Et
2279 2882 2437 2932 totus
2469 2879 2528 2931 in
2560 2879 2852 2949 lacrymas
2885 2895 3002 2933 non
3032 2880 3170 2934 ﬂuat
3202 2882 3494 2950 repente?

2247 2966 2414 3035 Quis,
2448 2983 2481 3021 ο
2512 2967 2619 3021 Dei
2647 2967 2933 3034 Genitrix,
2967 2972 3162 3037 potest
3192 2969 3486 3036 meditari,

2177 3055 2259 3108 Te
2289 3055 2539 3110 deﬂente
2574 3055 2784 3109 Filium
2815 3058 3011 3126 poenis
3043 3058 3328 3127 cruciari,

2177 3146 2264 3198 Ac
2290 3145 2466 3198 tantis
2497 3145 2793 3217 angustiis
2819 3145 2944 3216 jam
2969 3145 3096 3218 jam
3125 3147 3388 3218 fatigari,

2182 3233 2254 3288 Dt
2283 3249 2398 3287 non
2430 3238 2625 3304 potest
2657 3235 2855 3290 subito
2886 3235 2957 3289 ad
2988 3236 3189 3289 ﬂetum
3221 3236 3480 3291 mutari?

2252 3319 2412 3376 Heu!
2445 3323 2587 3376 mihi
2620 3323 2946 3377 durissimo
2977 3339 3086 3377 cur
3115 3339 3228 3395 ego
3259 3340 3380 3380 non
3411 3320 3728 3394 comploro?

2180 3409 2341 3465 Heu!
2376 3416 2436 3464 ut
2469 3411 2609 3481 quid
2637 3414 2755 3465 tam
2784 3412 2971 3466 durus
3003 3428 3158 3480 sum,
3184 3413 3323 3467 dum
3360 3417 3414 3466 te
3444 3413 3669 3466 Matrem
3688 3405 3799 3462 oro?

2179 3499 2424 3553 Domina
2454 3501 2815 3554 circumdata
2844 3517 3239 3570 supernorum
3271 3501 3480 3570 choro,

479 3547 629 3654 Quid
660 3547 811 3642 hinc.
827 3589 1066 3642 reddam
1097 3591 1324 3660 gratiae,
1361 3590 1458 3658 qui
1492 3605 1581 3642 me
1613 3590 1703 3643 sic
1732 3588 1992 3643 dotasti?
2103 3547 2150 3609 ϐ
2180 3588 2500 3660 Lacrymas
2533 3589 2865 3643 uberirmas
2897 3547 2969 3643 dia
3001 3589 3166 3658 mihi,
3201 3594 3256 3643 te
3287 3547 3560 3660 imploro.

409 3676 520 3742 Qui
551 3682 649 3731 tuo
681 3677 960 3748 mysterio
996 3681 1151 3730 tanto
1184 3679 1472 3747 deputasti
1495 3679 1523 3730 ?

410 3768 496 3820 Ac
526 3765 834 3837 indignum
867 3766 1147 3820 miserum
1179 3781 1415 3834 semper
1444 3766 1728 3834 tolerasti,

411 3854 482 3908 Et
513 3870 646 3908 cum
677 3854 793 3908 tuis
827 3853 1061 3908 famulis
1095 3871 1331 3909 manere
1363 3854 1644 3909 donasti?

484 3942 640 3998 Heu!
675 3944 816 3997 mihi
847 3943 987 4014 quid
1020 3944 1250 4011 faciam,
1286 3960 1319 3998 ο
1353 3960 1581 3997 summa
1614 3943 1908 3998 dulcedo?

409 4031 530 4086 Cur
560 4033 648 4086 sic
675 4032 988 4086 indevotus
1020 4049 1172 4101 sum,
1207 4033 1345 4087 dum
1377 4037 1430 4087 te
1461 4034 1659 4103 ipsum
1691 4033 1846 4088 edo?

410 4119 572 4175 Heu!
605 4121 782 4175 nimis
811 4121 1143 4192 culpabilis,
1176 4125 1232 4176 et
1265 4122 1450 4176 durus
1480 4122 1699 4176 accedo
1735 4136 1746 4176 :

411 4206 570 4263 Heu!
604 4209 722 4263 illic
752 4209 936 4263 durus
968 4226 1120 4278 sum,
1157 4209 1458 4280 durusque
1493 4211 1727 4264 recedo.

479 4297 526 4352 Ο
555 4297 720 4368 Jesu,
754 4300 894 4368 quid
925 4299 1134 4353 faciam
1168 4299 1386 4352 vermis
1421 4304 1475 4352 et
1508 4300 1752 4369 putredo
1776 4300 1805 4352 ?

409 4386 596 4457 Cujus
629 4392 881 4442 mentem
912 4388 1184 4457 Opprimit
1213 4390 1437 4458 peccati
1471 4389 1740 4459 nigredo,

409 4475 503 4530 Me
534 4476 866 4530 ministrum
899 4476 1142 4546 dignum
1176 4477 1290 4541 fac,
1324 4477 1500 4543 Deus,
1538 4478 1594 4529 in
1627 4491 1800 4546 quem
1833 4477 2035 4546 credo,

410 4565 528 4619 Pro
559 4579 761 4618 amore
793 4563 1061 4634 Virginis
1096 4565 1298 4617 Matris
1329 4565 1652 4618 intercedo.

481 4652 695 4706 Mirum
725 4655 817 4706 est
848 4652 1182 4706 certissime
1210 4653 1366 4721 quod
1396 4655 1452 4706 te
1484 4652 1844 4707 comedendo

410 4741 621 4797 Anima
651 4757 766 4796 non
799 4739 1074 4811 liquescit
1103 4755 1247 4809 pure
1273 4741 1572 4813 diligendo
1599 4757 1610 4795 :

411 4831 547 4898 Sed,
583 4828 727 4886 heu!
763 4829 982 4897 esurio,
1017 4829 1281 4898 duraque
1312 4829 1593 4899 rependo,

410 4920 537 4976 Nec
568 4919 780 4976 molliri
809 4918 977 4973 valeo
1010 4916 1309 4988 paululum
1340 4917 1631 4975 deﬂendo.

485 5010 670 5064 Parce
705 5008 866 5078 mihi,
901 5007 1145 5062 Domine
1176 5006 1291 5076 pie,
1324 5006 1658 5078 tribuendo,

413 5100 491 5154 Ut
519 5097 839 5169 cumpungi
862 5096 1091 5168 jugiter
1119 5111 1330 5167 queam
1361 5099 1418 5151 te
1447 5098 1756 5166 sumendo,

412 5187 659 5255 Semper
691 5185 937 5238 Matrem
969 5185 1273 5256 Virginem
1299 5188 1472 5256 atque
1503 5189 1560 5240 te
1589 5186 1856 5255 colendo,

413 5275 597 5328 Tuam
628 5289 857 5327 coenam
885 5273 1146 5327 ultimam
1179 5279 1370 5328 mente
1402 5275 1739 5331 recolendo.

485 5361 532 5417 Ο
561 5362 612 5416 si
644 5376 772 5415 mea
802 5362 1045 5415 Domina
1075 5366 1212 5417 tunc
1245 5378 1514 5432 praesens
1547 5364 1789 5432 fuisset,

417 5449 490 5505 Et
517 5450 867 5505 tradendum
894 5449 1107 5504 Filium
1141 5452 1250 5505 hac
1281 5457 1454 5507 nocte
1483 5453 1814 5508 audivisset
1847 5469 1860 5508 :

418 5539 626 5594 Cibum
655 5542 716 5593 ut
746 5538 1043 5608 existimo,
1077 5555 1330 5608 prorsus
1362 5557 1479 5596 non
1516 5533 1897 5612 sumpsisset,

417 5629 534 5687 Sed
563 5628 782 5684 amaris
812 5617 1090 5704 lacrymis
1131 5630 1328 5683 statim
1357 5645 1425 5684 se
1455 5630 1738 5686 dedisset.

2781 3678 2925 3731 Orat
2957 3681 3018 3731 in
3051 3679 3240 3733 horto.

2250 3765 2400 3819 Audi
2435 3765 2662 3833 Jesum,
2695 3767 2909 3836 anima,
2944 3768 3104 3821 velut
3134 3783 3288 3821 nunc
3318 3768 3666 3836 praasentem
3695 3777 3706 3815 :

2180 3853 2447 3926 Surgite,
2481 3870 2682 3909 eamus
2710 3856 2868 3923 hinc,
2906 3856 3190 3910 fratribus
3223 3857 3538 3923 dicentem,

2179 3943 2265 3996 Ac
2288 3943 2585 4011 responde
2619 3944 2846 3998 concitc
2876 3944 3207 4013 deprecans
3234 3944 3602 4015 loquentem;

2180 4029 2297 4084 Fac
2329 4045 2441 4101 me,
2473 4031 2642 4100 Jesu,
2677 4031 2847 4103 sequi
2879 4035 2934 4086 te
2967 4033 3038 4086 ad
3070 4036 3319 4087 mortem
3350 4036 3700 4105 pergentem.

2713 4120 2902 4175 Sudat
2939 4122 3309 4192 sanguinem.

2251 4207 2399 4263 Vide
2429 4207 2587 4262 hunc
2617 4209 2945 4280 discipulos
2977 4225 3147 4264 orare
3181 4214 3538 4279 monentem,

2181 4295 2250 4349 Et
2281 4298 2502 4352 orando
2527 4299 2760 4352 Patrem
2791 4302 2881 4352 ter
2910 4300 2967 4352 in
2996 4302 3214 4353 terram
3247 4304 3536 4368 ruentem,

2177 4382 2430 4439 Carnem
2463 4387 2520 4440 in
2551 4388 2849 4459 angustia,
2881 4388 3132 4456 tristem,
3163 4391 3220 4442 et
3250 4391 3584 4456 paventem,

2179 4475 2264 4528 Ac
2298 4474 2579 4528 sudorem
2610 4475 2923 4547 sanguinis
2955 4477 3028 4529 ab
3059 4477 3189 4546 ipso
3223 4476 3526 4530 ﬂuentem.

2249 4562 2400 4627 Quid
2434 4563 2580 4618 facis
2615 4564 2961 4633 fortissime,
2992 4564 3101 4618 Fili
3137 4565 3390 4619 Dei-vivi
3412 4567 3441 4619 ?

2182 4650 2461 4722 Nunquid
2493 4655 2552 4706 tu
2579 4657 2697 4706 tam
2729 4653 2917 4707 tristis
2948 4668 3014 4708 es
3047 4658 3108 4707 ut
3137 4654 3176 4706 ii
3207 4654 3473 4724 pandunt
3502 4652 3652 4707 rivi?

2181 4739 2265 4794 De
2295 4742 2451 4794 tanta
2485 4741 2761 4812 angustia
2793 4757 3090 4813 nunquam
3116 4741 3241 4812 jam
3272 4742 3494 4812 audivi,

2182 4827 2252 4882 Et
2283 4833 2476 4883 tamen
2507 4833 2569 4883 ut
2599 4829 2802 4901 debui,
2836 4830 3000 4900 ﬂere,
3035 4829 3180 4885 heu!
3215 4831 3478 4902 nequivi.

2252 4915 2400 4981 Quid
2433 4918 2487 4972 si
2519 4934 2647 4973 mea
2679 4918 2929 4974 Domina
2956 4919 3088 4974 haec
3119 4935 3394 4989 praesens
3429 4917 3695 4983 vidisset,

2182 5005 2462 5076 Nunquid
2497 5023 2628 5062 cum
2661 5008 2949 5078 apostolis
2981 5008 3110 5078 ipsa
3139 5007 3592 5063 obdormisset?

2101 5092 2153 5154 D
2182 5097 2568 5167 Nequaquam
2601 5097 2956 5165 certissime,
2991 5097 3096 5153 sed
3127 5097 3374 5152 multum
3403 5095 3698 5160 ﬂevisset,

2183 5185 2252 5240 Et
2285 5186 2487 5240 dolore
2522 5186 2699 5239 nimio
2729 5201 2880 5256 pene
2910 5185 3251 5240 defecisset.

2254 5272 2417 5328 Heu!
2453 5272 2596 5327 heu!
2632 5290 2762 5328 mea
2793 5274 3058 5329 Domina.
3093 5289 3333 5344 semper
3361 5273 3551 5344 Virgo
3582 5285 3734 5342 pura,

2183 5365 2340 5419 Hora
2372 5367 2466 5418 est
2489 5363 2613 5433 jam
2642 5364 2931 5435 proxima,
2961 5364 3089 5418 dies
3123 5379 3257 5418 cras
3292 5365 3508 5433 futura,

2179 5454 2422 5520 Quando
2453 5454 2821 5525 unigenitum
2852 5456 3016 5507 tuum
3046 5468 3112 5506 es
3144 5453 3368 5506 visura.

2182 5545 2246 5597 In
2278 5558 2455 5598 cruce
2485 5542 2739 5598 deficere
2772 5546 2956 5597 morte
2989 5543 3166 5596 nimis
3196 5542 3362 5597 dura.

2253 5634 2368 5690 Sed
2408 5647 2564 5688 nunc
2594 5648 2792 5703 cerne,
2826 5633 3038 5702 anima,
3071 5630 3306 5688 turbam
3336 5629 3761 5703 malignantem,
