4028 6176
264 313 375 375 609
1556 311 2009 378 OPUSCULA
2052 313 2368 379 SPURIA

252 514 314 568 Et
336 513 539 568 Judam
566 512 971 581 falsissimum,
1009 513 1213 569 Jesum
1241 512 1609 571 osculantem
1626 557 1640 584 ,

252 603 326 656 Ad
353 602 486 673 quid
521 603 702 657 Judas
731 607 975 657 venerat
1001 603 1136 658 audi
1163 604 1587 674 sciscitantem,

249 691 311 745 Et
333 691 490 744 illum
515 691 946 761 nequissimum
977 692 1229 745 amicum
1261 695 1590 747 vocantem.

311 779 465 832 Tunc
499 793 640 833 voce
667 779 977 833 lenissima
999 781 1247 834 Domino
1279 782 1509 837 dicente

247 868 324 922 Ad
349 883 482 922 eos:
513 866 690 932 Quem
720 868 1038 939 quaeritis?
1070 871 1353 923 corruunt
1382 873 1640 939 repente.

252 956 385 1022 Quid
415 956 622 1010 facturi
655 960 826 1011 erunt
855 959 995 1010 tunc
1024 957 1171 1011 Jesu
1201 958 1474 1013 veniente

244 1045 435 1100 Judice
466 1044 715 1100 terribili
743 1046 860 1098 illis
890 1049 1208 1115 apparente
1228 1047 1256 1100 ‘I

301 1132 345 1187 Ο
367 1135 498 1205 quis
530 1136 664 1188 sine
687 1136 914 1206 gemitu
942 1137 1138 1204 potest
1167 1135 1430 1207 cogiiare

239 1221 366 1276 Illos
394 1221 784 1292 impiissimos
816 1227 869 1276 te
892 1221 1097 1277 Jesum
1129 1223 1341 1296 ligare,

242 1309 553 1382 Manusque
581 1311 998 1365 sanctissimas
1025 1315 1144 1365 tam
1173 1313 1320 1367 dure
1351 1315 1602 1384 arctare,

242 1395 386 1454 Heu!
418 1414 527 1453 cur
556 1414 673 1471 ego
704 1400 1008 1469 pessimus
1038 1416 1269 1472 nequeo
1300 1401 1532 1472 plorare
1553 1403 1581 1456 ?

749 1487 1000 1542 Ducitur
1020 1489 1096 1544 ad
1122 1490 1378 1544 Annam.

298 1575 453 1631 Tunc
483 1591 696 1630 omnes
726 1576 1002 1646 discipuli
1032 1581 1190 1634 metu
1221 1579 1542 1650 fugientes,

240 1662 389 1719 Heu!
420 1663 620 1719 solum
653 1664 991 1736 relinquunt
1020 1670 1077 1720 te
1109 1668 1264 1721 inter
1293 1667 1635 1738 savientes,

237 1753 388 1808 Certe
418 1752 598 1807 nimis
633 1753 766 1809 duri
797 1757 938 1808 sunt
969 1755 1170 1825 corde,
1202 1757 1499 1811 intuentes

237 1841 307 1896 Te
332 1841 400 1896 ad
431 1843 666 1897 Annam
695 1843 930 1908 deduci,
960 1844 1011 1898 si
1045 1860 1162 1899 non
1195 1849 1335 1898 sunt
1364 1844 1652 1902 dolentes.

760 1933 1017 2005 Fugiunt
1049 1934 1344 2006 discipuli.

292 2019 334 2074 Ο
362 2020 552 2075 sancti
586 2021 883 2091 discipuli,
916 2039 950 2078 o
981 2024 1096 2078 mei
1125 2023 1390 2094 patroni!

232 2108 336 2162 Cur
363 2124 478 2164 non
510 2109 694 2164 ﬁdem
729 2110 924 2165 facitis
957 2116 1176 2166 vestrm
1208 2112 1568 2182 sponsioni?

231 2197 334 2252 Sed
362 2213 573 2252 sermo
602 2198 958 2254 verissimus
989 2203 1079 2254 est
1114 2200 1380 2272 Magistri
1410 2201 1572 2272 boni,

231 2284 365 2340 Dum
393 2286 466 2340 ad
496 2286 710 2359 fugam
741 2289 1029 2342 concitam
1057 2289 1204 2343 estis
1229 2290 1307 2343 ita
1337 2292 1527 2359 proni.

291 2374 564 2430 Attamen
584 2375 850 2447 intelligo
881 2376 1128 2431 multum
1158 2394 1268 2433 vos
1299 2379 1544 2450 tristari,

231 2461 292 2516 Et
319 2463 371 2516 in
401 2466 604 2518 mente
634 2465 897 2536 graviter
925 2465 1083 2519 intus
1111 2467 1383 2522 cruciari.

230 2550 330 2606 Sed
357 2555 486 2622 peto
517 2552 854 2624 dignemini
886 2553 1092 2608 Jesum
1123 2555 1454 2626 deprecari.

233 2639 296 2694 Ut
325 2641 462 2694 mihi
489 2642 841 2695 mmstitiam
871 2641 968 2696 det
1000 2643 1200 2698 cordis
1229 2645 1433 2700 amari.

713 2729 1060 2785 Crudeliter
1092 2737 1404 2788 tractatur.

289 2817 331 2872 Ο
359 2819 552 2890 Virgo
583 2820 988 2888 sanstissima,
1022 2821 1077 2874 si
1106 2825 1165 2874 tu
1199 2837 1470 2891 praesens
1500 2828 1702 2880 natum

231 2903 502 2962 Cerneres
534 2908 614 2962 ab
645 2908 841 2977 impiis
872 2911 990 2963 tam
1020 2909 1222 2964 stricte
1256 2911 1522 2984 ligatum,

233 2995 292 3050 Et
317 2996 765 3068 despicabiliter
790 2997 864 3051 ab
897 2997 1014 3052 illis
1043 3000 1376 3071 tractatum,

232 3081 366 3139 Vere
391 3085 842 3140 amarissimum
871 3085 1048 3140 dares
1079 3086 1383 3158 ejulatum.

805 3173 994 3246 Alapa
1025 3175 1301 3232 caeditur.

290 3259 571 3334 Nunquid
593 3262 653 3317 tu
683 3277 800 3317 non
832 3262 1100 3319 somnias
1131 3265 1384 3335 qualiter
1412 3271 1503 3322 est
1534 3268 1715 3324 Jesus

228 3348 426 3419 Captus
455 3367 489 3404 a
523 3351 860 3418 malevolis,
894 3351 1269 3424 vinculisque
1301 3356 1530 3410 laesus?

231 3436 378 3492 Heu!
406 3455 516 3495 cur
549 3455 720 3494 meus
750 3440 984 3494 animus
1013 3446 1317 3510 permanet
1346 3443 1595 3514 illmsus,

229 3524 364 3581 Dum
390 3527 678 3582 Christus
711 3534 802 3582 est
832 3529 996 3599 alapa
1025 3529 1175 3599 apud
1201 3532 1428 3585 Annam
1458 3548 1658 3589 caesus
1679 3535 1708 3589 ?

292 3615 620 3688 Usquequo
652 3617 922 3686 piissime
952 3618 1156 3674 diifers
1188 3621 1501 3675 vulnerare

229 3701 405 3759 Meum
438 3721 555 3760 cor
581 3707 876 3777 angustiis
906 3710 1021 3761 tum
1051 3708 1236 3777 prolis
1260 3710 1456 3765 charte
1477 3711 1506 3764 ‘I

227 3790 266 3844 Ο
294 3809 416 3847 mea
447 3794 694 3863 fiducia,
729 3795 1000 3865 supplico
1033 3797 1278 3868 dignare

229 3878 461 3937 Dolores
495 3885 560 3937 et
585 3882 828 3937 vulnera
862 3886 982 3955 pati
1013 3887 1155 3940 mihi
1185 3888 1326 3942 dare
1352 3885 1364 3942 Ι

285 3967 720 4041 Contemplare,
755 3973 962 4038 anima,
999 3974 1204 4028 Jesum
1237 3975 1599 4046 destitutum,

228 4054 293 4111 Et
316 4059 374 4112 in
403 4059 581 4114 durxs
608 4061 864 4115 vinculis
894 4066 1053 4116 arcte
1085 4064 1486 4134 constitutum,

225 4144 280 4199 In
309 4163 496 4217 pravo
530 4148 784 4204 concilio
818 4150 1146 4220 principum
1179 4155 1505 4220 statutum,‘

227 4232 376 4291 More
403 4237 554 4310 agni
585 4237 877 4309 simplicis
909 4238 986 4292 nil
1019 4256 1156 4294 esse
1183 4241 1461 4296 locutum.

693 4327 964 4381 Mittitur
993 4327 1070 4382 ad
1100 4327 1397 4399 Caipliam.

288 4409 588 4468 Conﬁtere
619 4429 912 4469 venerans
944 4414 1093 4469 false
1124 4420 1486 4485 accusatum,

228 4495 490 4556 Derisum
523 4519 559 4556 a
584 4500 824 4573 Caipha,
860 4505 1386 4575 etinterrogatum,

228 4585 332 4641 Sed
360 4589 516 4644 bene
549 4591 811 4662 intellige
842 4606 1083 4645 rursum
1112 4593 1511 4664 reprobatnm,

229 4671 292 4729 Et
319 4675 584 4732 futurum
605 4677 870 4749 judicem
900 4679 1108 4734 Jesum
1135 4695 1274 4734 esse
1305 4681 1522 4736 datum.

289 4764 528 4821 Christe
553 4757 1006 4838 benignissime,
1042 4769 1140 4838 qui
1173 4783 1240 4822 es
1269 4769 1632 4826 adventui-us

230 4848 286 4905 ln
316 4853 407 4908 die
437 4855 768 4911 novissimo
801 4872 912 4912 nos
938 4855 1333 4927 judicaturus,

229 4938 412 4996 Justis
442 4944 834 5012 delectabilis,
870 4961 975 4998 eos
1008 4945 1370 5016 salvaturus,

231 5024 468 5098 lnjustis
503 5033 806 5102 terribilis,
842 5049 946 5088 eos
979 5034 1384 5104 damnaturus,

293 5116 575 5182 Obsecro,
609 5120 898 5191 piissime,
925 5123 1000 5176 ob
1033 5138 1305 5176 cruorem
1335 5125 1601 5194 dignum,

231 5203 402 5267 Quem
438 5209 637 5262 {adisti
668 5214 908 5279 propter
937 5227 1027 5265 me
1061 5228 1241 5281 super
1271 5214 1469 5266 crucis
1498 5213 1743 5282 lignum,

234 5291 410 5348 Tuum
444 5299 660 5351 vultum
693 5299 831 5351 mihi
867 5303 1003 5352 tunc
1024 5301 1268 5356 ostende
1301 5302 1644 5372 benignum,

236 5378 314 5436 Ne
347 5383 651 5440 formidem
684 5387 938 5458 aliquem
971 5389 1241 5457 spiritum
1276 5390 1616 5461 malignum.

297 5470 545 5542 PrOpter
568 5479 812 5529 matrem
845 5475 1169 5548 Virginem,
1203 5493 1335 5548 quae
1367 5494 1398 5531 a
1430 5477 1654 5532 dextris
1682 5478 1820 5549 tuis,

236 5555 390 5613 Tunc
422 5561 648 5616 sedebit
678 5563 916 5633 nobilis,
949 5568 1013 5618 ut
1043 5567 1170 5619 oret
1197 5579 1303 5635 pro
1333 5565 1485 5634 suis,

239 5643 404 5702 Salva
432 5649 490 5703 in
514 5656 858 5725 perpetuum
888 5669 981 5711 me
1012 5669 1144 5709 cum
1173 5655 1398 5710 sanctis
1429 5656 1568 5724 tuis,

1926 515 1979 579 Α
2007 515 2116 582 Qui
2146 533 2302 572 nunc
2334 533 2517 588 super
2547 516 2761 589 impios
2793 522 2967 590 atque
2997 521 3127 591 pios
3159 524 3335 594 pluis,

2077 605 2124 659 Ο
2154 607 2290 676 quis
2324 606 2454 660 sine
2489 607 2769 677 lacrymis
2799 612 2994 678 potest
3023 610 3308 680 meditari,

2007 693 2173 762 Jesu,
2205 695 2346 765 quid
2374 698 2430 749 te
2462 696 2810 765 permiseris
2837 700 3059 750 tantum
3082 699 3368 768 tribulari,

2007 781 2426 852 Blasphemum
2457 799 2490 836 a
2523 783 2743 854 Caipha
2772 789 2828 839 te
2847 784 3122 856 judicari,

2008 869 2094 923 Ad
2126 875 2371 925 mortem
2405 872 2812 940 turpissimam
2841 889 2872 925 a
2903 873 3108 942 pravis
3141 874 3426 929 damnari.

2478 959 2800 1029 Irridetur,
2834 963 3196 1033 conspuitur.

2079 1047 2224 1102 Post
2254 1047 2382 1102 haec
2414 1047 2539 1102 fere
2570 1049 2793 1120 singuli
2821 1050 2879 1104 in
2913 1055 2966 1104 te
2992 1051 3310 1120 irruentes,

2009 1134 2072 1190 In
2102 1136 2448 1207 praeclaram
2479 1137 2689 1192 faciem
2721 1139 2971 1208 turpiter
2998 1144 3307 1211 spuentes,

2010 1223 2226 1295 Alapas
2256 1230 2313 1280 et
2344 1225 2626 1296 colaphos
2653 1227 2911 1297 undique
2941 1228 3300 1298 praebentes,

2009 1313 2095 1367 Ad
2123 1313 2443 1386 lugendum
2475 1315 2730 1369 excitant
2754 1319 3078 1372 amatorum
3110 1322 3357 1373 mentes.

2079 1403 2297 1457 Dolens
2328 1418 2525 1471 cerne,
2559 1405 2771 1472 anima,
2804 1405 2955 1460 istos
2989 1405 3330 1476 saevientes,

2007 1489 2134 1544 Heu
2164 1488 2175 1546 Ι
2213 1491 2457 1562 capillos
2488 1491 2718 1561 capitis,
2749 1496 2807 1546 et
2835 1493 3040 1548 barbae
3069 1495 3378 1566 vellentes,

2003 1579 2088 1634 Ac
2121 1579 2372 1634 velatam
2394 1579 2603 1634 faciem
2634 1581 2880 1649 psalmis
2912 1582 3219 1651 ferientes,

2003 1666 2188 1722 Simul
2220 1667 2504 1740 quidquid
2540 1672 2828 1738 poterant,
2859 1671 2996 1724 mali
3028 1671 3332 1727 facientes.

2661 1757 3006 1831 SoIiquuia.

2073 1844 2120 1900 Ο
2150 1846 2340 1914 dolor,
2375 1861 2409 1900 ο
2441 1847 2696 1917 gemitus
2723 1844 2736 1901 ι
2768 1863 2952 1918 quare
2981 1848 3166 1903 miser
3194 1865 3306 1922 ego

2004 1934 2210 1990 lntime
2237 1950 2354 1989 non
2377 1934 2570 2002 doleo,
2595 1934 2735 1989 dum
2764 1933 2894 1990 hac
2921 1937 3069 1990 mala
3102 1937 3238 2008 lego
3256 1940 3284 1990 ‘?

2002 2024 2135 2078 Nisi
2161 2023 2299 2095 quia
2324 2023 2512 2077 malus
2534 2039 2688 2094 sum,
2713 2027 2770 2079 et
2801 2024 2913 2079 hoc
2935 2025 3130 2094 ipsum
3155 2032 3310 2099 tego,

2002 2112 2092 2180 Et,
2118 2110 2262 2168 heu!
2288 2112 2603 2182 aliquoties
2635 2114 2723 2167 sic
2746 2129 2838 2167 me
2869 2131 3008 2169 esse
3031 2130 3206 2187 nego.

2072 2200 2332 2255 Delicata
2359 2200 2546 2254 facies
2580 2200 2684 2254 Dei
2709 2201 2855 2256 Jesu
2880 2201 3119 2270 Christi,

2002 2289 2149 2345 Vide
2175 2305 2266 2344 me
2291 2289 2385 2343 his
2409 2289 2600 2344 oculis
2624 2288 2842 2359 quibus
2873 2291 3193 2360 respexisti

2003 2381 2239 2436 Petrum
2262 2383 2352 2434 ter
2371 2383 2685 2451 negantem
2706 2379 2785 2447 te,
2807 2379 2963 2433 sicut
2983 2379 3329 2449 praedixisti,

2001 2467 2079 2523 Ut
2105 2467 2212 2521 tibi
2235 2468 2558 2537 compatiar
2580 2483 2685 2536 pro
2715 2482 2808 2520 me
2837 2467 3015 2521 nimis
3036 2467 3210 2521 tristi.

2071 2555 2116 2612 Ο
2140 2555 2327 2611 Judaei
2350 2555 2510 2625 impii
2537 2555 2780 2624 superbi
2810 2558 2869 2610 et
2890 2557 3046 2622 vani,

2001 2645 2192 2711 Quare
2216 2645 2490 2698 insanitis
2518 2644 2628 2708 sic,
2654 2644 2831 2697 veluti
2858 2644 3108 2698 vesani?

2003 2734 2184 2801 Deus,
2209 2732 2314 2786 Dei
2338 2732 2524 2786 Filius
2547 2734 2658 2800 est,
2689 2747 2723 2786 ο
2747 2733 2923 2786 nimis
2951 2733 3200 2803 profani,

2002 2821 2187 2886 Quem
2220 2835 2329 2875 vos
2363 2822 2452 2874 sic
2478 2819 2746 2892 afﬂigitis
2770 2820 2931 2874 velut
2952 2820 3271 2876 inhumani.

2070 2909 2217 2964 Jesu
2239 2907 2670 2979 potentissime,
2701 2908 2808 2962 Fili
2836 2909 2940 2963 Dei
2971 2911 3118 2973 veri,

1997 2997 2191 3062 Quare
2219 2997 2312 3051 vis
2335 3011 2441 3065 pro
2463 2995 2701 3050 miseris
2727 3000 2845 3050 tam
2876 2997 3011 3052 vilis
3038 2998 3274 3052 videri?

1997 3085 2168 3140 Certe
2189 3084 2366 3138 nimis
2387 3082 2602 3154 plenus
2627 3099 2696 3138 es
2721 3085 2942 3140 amoris
2969 3086 3209 3141 sinceri.

1998 3175 2151 3230 Dum
2170 3190 2203 3228 a
2233 3173 2381 3227 viris
2403 3172 2600 3242 impiis
2622 3175 2847 3226 tantum
2874 3173 2968 3228 vis
2991 3176 3272 3244 torqueri.

1915 3245 1966 3307 θ
1995 3263 2043 3319 Ο
2069 3263 2120 3318 si
2144 3279 2272 3318 mea
2299 3261 2543 3316 Domina
2574 3262 2630 3315 te
2664 3261 2892 3316 videret
2921 3265 3193 3331 stantem,

1998 3355 2084 3407 Ac
2105 3355 2298 3406 tantas
2321 3350 2631 3422 angustias
2663 3350 2755 3420 pie
2779 3351 3146 3419 tolerantem,

1997 3441 2259 3508 Nullum,
2290 3443 2350 3494 ut
2371 3439 2621 3508 aestimo,
2647 3439 2782 3510 quis
2812 3439 2958 3492 vidit
2980 3439 3068 3492 sic
3095 3440 3444 3509 plorantem,

1998 3528 2162 3584 Sicut
2187 3544 2316 3583 eam
2339 3530 2627 3598 cerneret,
2657 3543 2724 3580 ac
2754 3529 2869 3597 pati
2893 3531 3208 3597 optantem.

2071 3617 2201 3672 Heu
2225 3615 2238 3672 l
2269 3617 2407 3688 quid
2435 3615 2660 3670 factura
2684 3620 2794 3684 est,
2821 3632 2854 3670 ο
2885 3617 3064 3687 digna
3089 3615 3396 3687 majestas,

1998 3706 2200 3775 Maria,
2236 3721 2368 3776 quae
2392 3705 2536 3759 aluit
2561 3709 2636 3774 te,
2672 3721 2899 3759 summa
2931 3707 3217 3775 potestas,

1997 3794 2142 3849 Cras
2171 3810 2302 3848 cum
2335 3796 2537 3848 cernet
2558 3796 2611 3846 te
2645 3793 2854 3847 cadere
2884 3809 2993 3862 per
3019 3809 3230 3848 manus
3261 3795 3534 3865 infestas,

1996 3883 2066 3936 Et
2092 3883 2340 3937 virtutes
2369 3883 2640 3952 corporis
2663 3885 2919 3948 arentes,
2951 3885 3012 3934 ut
3035 3885 3220 3937 testas
3241 3885 3270 3937 ξ)

2065 3970 2112 4026 Ο
2135 3986 2263 4024 mea
2289 3970 2522 4038 fiducia,
2556 3971 2606 4022 si
2635 3971 2833 4022 natum
2861 3969 3142 4024 dilectum

1995 4057 2193 4112 Multis
2222 4055 2616 4123 contumeliis,
2650 4058 2707 4108 et
2735 4056 2928 4124 pinnis
2951 4053 3226 4110 affectum

1994 4145 2404 4216 Blasphemari
2431 4158 2711 4198 cerneres
2739 4143 2794 4196 in
2823 4159 3060 4198 crucem
3088 4148 3370 4214 erectum,

1995 4235 2140 4290 Eum
2169 4250 2308 4290 esse
2341 4233 2574 4287 diceres
2597 4231 2837 4285 nimium
2869 4231 3178 4285 directum.

2065 4321 2235 4377 Heu!
2269 4322 2382 4376 heu
2409 4319 2421 4375 ι
2448 4335 2575 4375 mea
2608 4319 2853 4373 Domina
2886 4320 3120 4389 qualem
3145 4319 3316 4373 dabis
3337 4319 3557 4375 luctum

1991 4411 2173 4466 Paulo
2197 4413 2334 4482 post
2355 4426 2487 4464 cum
2513 4408 2736 4464 videris
2758 4408 2984 4461 ventris
3012 4410 3094 4462 tui
3119 4409 3394 4478 fructum,

1992 4501 2083 4555 Ad
2103 4501 2388 4555 tormenta
2417 4499 2623 4570 gravia
2653 4513 2685 4551 a
2706 4498 3014 4566 perversis
3047 4497 3306 4568 ductum,

1992 4590 2079 4643 Ac
2099 4593 2315 4642 tortum
2347 4588 2620 4650 deiicere,
2654 4586 2825 4657 quasi
2851 4585 2975 4656 jam
3002 4585 3370 4641 destructum
3395 4587 3424 4642 ?

2061 4677 2108 4732 Ο
2133 4677 2298 4744 Jesu,
2320 4675 2420 4746 qui
2454 4675 2613 4729 Deus
2641 4690 2727 4741 es,
2757 4679 2813 4729 et
2843 4674 3018 4729 homo
3041 4676 3366 4744 perfectus,

1992 4765 2183 4830 Quare
2205 4765 2297 4818 vis
2328 4768 2445 4817 tam
2471 4762 2664 4816 viliter
2693 4762 2904 4817 sedere
2937 4765 3276 4832 despectus,

1993 4855 2167 4908 Heu?
2199 4868 2302 4923 pro
2330 4853 2504 4906 nobis
2532 4852 2770 4905 miseris
2792 4855 2906 4904 tam
2938 4867 3075 4905 esse
3102 4851 3436 4921 subjectus,

1992 4944 2106 4997 Pro
2130 4941 2305 4996 nobis
2332 4940 2570 5007 irrisus,
2604 4942 2660 4992 et
2684 4941 2919 5008 penitus
2947 4939 3214 5008 abjectus
3235 4939 3264 4991 ‘?

2065 5030 2286 5084 Videns
2309 5044 2414 5098 pro
2441 5043 2508 5082 se
2540 5028 2851 5082 Dominum
2877 5027 3117 5097 indigna
3149 5025 3371 5092 subire,

1993 5119 2137 5184 Quis
2163 5121 2254 5173 est
2281 5118 2541 5173 ﬁdelium
2564 5117 2662 5186 qui
2690 5115 2898 5169 audeat
2927 5114 3170 5183 ambire,

1991 5211 2104 5263 Ant
2129 5209 2197 5262 de
2223 5209 2337 5261 tuis
2372 5207 2543 5260 donis
2571 5205 2821 5273 amplius
2853 5202 3183 5272 superbire,

1988 5299 2128 5366 lmo,
2162 5297 2380 5367 spretis
2415 5295 2711 5360 omnibus,
2741 5295 2875 5359 post
2905 5290 3202 5344 Christum
3235 5293 3437 5347 venire
3458 5294 3486 5347 εἴ

2061 5387 2239 5440 Decet
2270 5400 2479 5452 nempe
2509 5380 2804 5452 singulos,
2839 5379 2939 5450 qui
2963 5379 3165 5434 volunt
3194 5380 3408 5435 salvari

1986 5476 2291 5545 PrOpriam
2313 5470 2616 5525 miseriam
2645 5483 2880 5538 semper
2901 5469 3305 5538 contemplari,

1989 5564 2234 5636 Lingua:
2267 5560 2485 5631 spretis
2508 5557 2804 5624 laudibus,
2829 5571 2978 5609 vane
3012 5571 3128 5609 non
3150 5555 3356 5628 laetari,

1985 5652 2103 5709 Sed
2125 5652 2467 5725 despectum
2489 5646 2798 5704 Dominum
2824 5647 2917 5717 pie
2949 5643 3181 5716 imitari,

3548 321 3670 386 610
