3948 6168
385 271 501 332 611
1427 262 1491 322 S.
1528 258 1905 322 ANSELMI
1955 253 2362 322 LUCENSIS
2409 255 2795 319 EPISCOPI
3667 261 3762 325 612

460 466 634 522 Absit
664 480 811 536 ergo
843 463 1025 517 altum
1055 462 1195 532 quid
1221 461 1293 515 de
1325 461 1500 516 nobis
1534 460 1777 527 sentire,

392 556 572 610 Dulce
603 555 679 608 sit
709 553 944 624 injuriae
977 566 1288 605 sermones
1313 549 1555 614 audire;

390 645 496 698 Pio
530 644 706 698 corde
727 642 958 712 jugiter
987 640 1196 693 demus
1228 639 1422 692 locum
1457 638 1586 704 irae,

399 731 753 784 Studeamus
788 727 1064 780 omnibus
1094 727 1242 778 bene
1275 724 1537 778 obedire.

468 815 632 870 Heul
668 816 810 868 mihi
842 814 1211 884 nequissimo
1242 813 1455 866 amanti
1487 811 1729 880 laudari,

395 905 525 974 Qui,
559 905 696 958 licet
730 903 1063 972 eulpabilis,
1089 917 1273 954 renuo
1309 901 1552 970 culpari,

397 995 484 1046 Ae
518 1007 678 1062 saepe
711 990 1062 1044 laudabilem
1095 1005 1187 1043 me
1216 1004 1516 1058 praesumo
1548 987 1680 1056 fari,

400 1081 529 1135 Heu
556 1077 569 1133 l
605 1078 765 1148 mihi,
799 1079 936 1149 quis
968 1077 1231 1147 pessimo
1262 1080 1457 1147 potest
1485 1074 1860 1147 comparari?

468 1168 514 1223 0
544 1169 690 1222 Jesu
720 1167 1008 1236 piissime,
1041 1166 1142 1236 qui
1172 1181 1238 1220 es
1271 1180 1410 1218 vera
1443 1164 1600 1232 vitis,

399 1257 558 1313 Fove
584 1271 674 1311 me
707 1260 767 1310 ut
796 1254 1113 1326 palmitem,
1147 1259 1203 1308 et
1233 1253 1324 1308 fac
1357 1257 1416 1308 ut
1449 1254 1562 1306 sim
1593 1253 1794 1316 mitis,-
1871 1319 1876 1322 _

399 1345 540 1399 Mihi
573 1345 651 1398 sit
673 1342 923 1414 justitize
956 1357 1352 1412 perseverans
1384 1343 1539 1412 sitis,

396 1431 514 1486 Oro
545 1433 754 1486 auctor
783 1445 1080 1500 nunquam
1112 1429 1245 1495 sim,
1273 1429 1378 1482 sed
1411 1428 1650 1482 sedator
1680 1428 1817 1481 litis.

469 1520 654 1574 Mater
683 1519 809 1586 Dei,
838 1518 1090 1573 obsecro
1123 1520 1279 1572 tuam
1308 1517 1581 1588 pietatem

400 1609 475 1664 Ut
505 1606 649 1662 mihi
679 1607 1058 1661 verissimam
1089 1605 1194 1660 des
1223 1606 1607 1660 humilitatem
1633 1623 1644 1660 :

399 1697 678 1766 Expellas
709 1696 988 1750 invidiam
1021 1699 1079 1749 et
1110 1695 1509 1764 asperitatem,

400 1786 471 1840 Et
500 1784 823 1855 perfectam
853 1785 1131 1852 impetres
1161 1782 1305 1836 mihi
1337 1783 1701 1838 charitatem.

469 1873 516 1927 0
549 1888 678 1927 mea
711 1873 944 1940 fiducia,
979 1872 1163 1925 Mater
1183 1872 1505 1941 Creatoris,

401 1962 530 2015 Jam
555 1976 646 2014 me
676 1961 779 2013 tibi
811 1958 1014 2026 oﬂ‘ero,
1047 1961 1246 2014 nutrix
1280 1960 1714 2030 Redemptoris,

403 2050 496 2104 Me
527 2050 870 2121 gubernans
899 2048 1136 2119 adjuva,
1156 2064 1388 2118 precor,
1419 2049 1648 2103 cunctis
1681 2050 1867 2121 horis,

403 2139 522 2193 Eae
554 2154 645 2194 me
677 2139 760 2192 tui
792 2153 1112 2192 memorem
1145 2137 1323 2209 gladii
1359 2138 1608 2193 doloris.

472 2228 638 2282 Licet
668 2241 861 2294 nemo,
889 2227 1153 2295 Domina,
1179 2229 1372 2297 possit
1395 2227 1565 2296 plene
1598 2227 1706 2281 fari

402 2316 650 2371 Dolores
676 2332 827 2385 quos
851 2331 1030 2384 passa
1062 2331 1128 2370 es
1157 2319 1342 2370 morte
1374 2315 1491 2369 nati
1525 2315 1725 2383 chari;

401 2405 619 2459 Tamen
643 2405 776 2458 inde
809 2404 977 2458 decet
1007 2419 1118 2458 nos
1150 2420 1312 2474 saepe
1344 2405 1631 2471 meditari,

401 2495 488 2548 Ae
520 2493 804 2563 plorando
836 2493 1037 2546 intime
1067 2496 1260 2546 tecum
1284 2493 1644 2546 contristari.

469 2581 720 2649 Idcirco,
753 2581 1044 2649 piissima,
1077 2581 1367 2650 supplico,
1403 2581 1669 2652 dignare,

404 2669 545 2724 Inde
578 2683 783 2722 verum
811 2667 1048 2738 aliquod
1081 2668 1243 2721 cordi
1277 2684 1406 2722 meo
1439 2668 1600 2738 dare,

405 2759 635 2828 Facque
667 2771 759 2810 me
791 2755 846 2808 id
879 2755 1067 2809 taliter
1099 2755 1414 2809 scribendo
1449 2757 1687 2828 signare
1714 2775 1727 2821 ;

407 2845 486 2902 Ut
505 2845 648 2900 illud
671 2849 934 2898 amantes
961 2847 1017 2898 te
1049 2844 1240 2914 possit
1262 2845 1538 2899 excitare.

888 2934 1066 2989 Jesus
1094 2934 1336 2986 sistitur
1364 2933 1581 2988 Pilato.

475 3021 590 3078 Sed
622 3038 780 3076 nunc
813 3022 966 3093 vide,
999 3021 1212 3090 anima,
1245 3022 1378 3076 illos
1401 3021 1754 3092 invidentes,

404 3111 748 3168 Judaeorum
779 3111 1081 3181 principes
1111 3111 1170 3165 in
1199 3109 1501 3165 Christum
1532 3111 1873 3184 frementes,

408 3201 681 3256 Vinctum
713 3200 1002 3255 derisorie
1033 3215 1140 3270 per
1166 3201 1334 3254 vicos
1367 3201 1692 3272 trahentes,

404 3290 494 3344 Ad
527 3289 776 3344 Pilatum
807 3289 1122 3358 praesidem
1153 3304 1286 3343 eum
1313 3289 1694 3344 deducentes.

475 3377 523 3432 0
553 3378 720 3446 Jesu,
754 3378 856 3449 qui
886 3377 1157 3448 nequiter
1185 3393 1292 3448 pro
1316 3393 1406 3433 me
1437 3393 1504 3431 es
1536 3379 1777 3450 ligatus,

405 3465 602 3522 Falsis
634 3467 989 3520 testimoniis
1012 3481 1117 3535 pro
1150 3481 1242 3520 me
1273 3469 1612 3536 accusatus,

405 3554 524 3610 Sed
553 3558 764 3610 etcum
794 3553 1123 3608 latronibus
1149 3570 1254 3624 pro
1287 3571 1378 3609 me
1411 3555 1744 3626 deputatus,

408 3645 486 3700 Ut
514 3643 621 3700 tibi
650 3644 977 3714 compatiar
1007 3643 1148 3696 mihi
1175 3643 1246 3696 da
1273 3642 1560 3712 ploratus.

477 3734 728 3802 Precor,
756 3733 849 3787 fac
877 3747 970 3786 me
998 3732 1258 3787 nuntiam
1289 3747 1435 3787 meae
1461 3732 1794 3805 Salvatrici,

408 3821 642 3892 Virgini
673 3821 984 3891 piissimae,
1019 3826 1130 3876 tute
1161 3821 1478 3877 Genitrici:

412 3909 714 3973 Quatenus
740 3925 878 3965 mox
907 3912 1102 3964 veniat
1127 3911 1277 3981 ipsa,
1307 3916 1362 3966 et
1387 3912 1579 3982 amici,

411 3996 484 4051 Et
514 4002 781 4067 spectent
808 4014 940 4069 quae
968 3999 1189 4053 faciunt
1219 4001 1321 4054 tibi
1353 4000 1593 4055 inimici.

483 4085 739 4156 Propera
773 4103 946 4155 nunc,
983 4089 1194 4158 anima,
1227 4093 1498 4160 quamvis
1528 4106 1644 4145 non
1667 4091 1940 4162 libenter,

412 4173 740 4228 Enuntians
771 4174 899 4230 haec
932 4177 1216 4247 Dominae,
1251 4182 1306 4231 et
1338 4180 1427 4233 fac
1457 4185 1818 4250 reverenter,

407 4263 849 4333 Circumspecte
883 4265 1066 4320 facias
1094 4267 1268 4320 simul
1300 4270 1356 4320 et
1375 4269 1712 4336 prudenter,

410 4351 494 4406 Ve
521 4353 645 4406 issa
667 4354 917 4422 accipiat
949 4354 1058 4407 hoc
1085 4355 1471 4424 impatienter.

480 4440 653 4494 Nunc
685 4442 856 4512 quasi
879 4445 1161 4511 praesenti
1191 4444 1285 4496 die
1317 4460 1462 4498 voce
1495 4445 1783 4514 luctuosa,

409 4528 568 4583 Laus
602 4530 706 4583 tibi
738 4547 1047 4599 puerpera,
1082 4531 1263 4602 Virgo
1297 4534 1590 4604 Speciosa,

408 4616 674 4671 Obsecro
699 4619 988 4686 piissima,
1025 4619 1212 4672 Mater
1242 4622 1527 4691 gratiosa,

407 4706 550 4761 Haec
577 4707 677 4760 tibi
711 4723 843 4777 quae
876 4707 1069 4761 refero
1099 4725 1169 4762 ne
1192 4710 1309 4762 sint
1341 4725 1613 4765 onerosa.

479 4795 637 4849 Bene
671 4797 846 4864 nosti,
878 4796 1144 4864 Domina,
1179 4797 1315 4866 quia
1345 4798 1685 4854 incarnatus

407 4865 510 4919 Est
543 4867 601 4920 in
632 4872 688 4921 te
719 4867 1122 4936 Omnipotens,
1156 4865 1290 4922 etin
1323 4871 1539 4923 mundo
1560 4878 1750 4940 natus,

406 4953 478 5008 Et
505 4971 637 5009 cum
667 4958 1084 5026 peccatoribus
1116 4958 1218 5010 diu
1249 4965 1660 5029 conversatus,

408 5043 484 5098 Ut
511 5060 621 5098 nos
644 5045 772 5114 ipse
803 5047 1071 5113 redimat,
1107 5062 1215 5115 pro
1251 5047 1422 5100 nobis
1455 5047 1825 5106 humanatus.

479 5131 566 5185 0b
599 5133 730 5201 hoc,
765 5138 1042 5203 quantum
1075 5137 1385 5203 praevales,
1421 5137 1539 5190 noli
1571 5140 1933 5210 conturbari,

412 5218 500 5272 Ne
529 5219 662 5288 plus
692 5228 890 5274 natum
920 5224 1104 5276 facias
1138 5239 1242 5292 pro
1274 5228 1326 5278 te
1353 5227 1672 5290 molestari,

410 5307 526 5360 Sed
561 5307 632 5359 ab
667 5309 796 5377 ipso
825 5326 1000 5363 unam
1028 5327 1149 5364 rem
1181 5312 1446 5383 digneris
1475 5318 1728 5385 precari,

410 5394 486 5450 Ut
507 5395 648 5447 mihi
680 5396 775 5449 det
806 5397 1118 5465 plurimum
1146 5416 1254 5468 pro
1295 5417 1360 5456 se
1392 5405 1747 5459 contristari.

480 5485 565 5538 Ac
587 5484 640 5538 si
669 5490 840 5555 roget
861 5486 988 5554 ipsa
1012 5501 1024 5540 :
1049 5485 1198 5550 Quid
1226 5489 1412 5545 habes
1443 5495 1674 5546 amari?

407 5571 494 5634 Tu
525 5573 654 5631 dic:
693 5573 860 5643 Veni,
893 5574 1157 5646 Domina,
1183 5577 1237 5632 si
1268 5579 1360 5634 vis
1393 5581 1689 5654 speculari

2093 452 2147 510 Α
2170 457 2380 510 Jesum
2413 459 2577 510 tuum
2609 455 2814 525 filium,
2850 457 2940 512 vel
2972 472 3104 511 eum
3137 473 3202 511 eo
3234 456 3362 524 fari,

2172 543 2285 609 Qui
2320 561 2426 614 pro
2459 545 2633 599 nobis
2663 545 2866 614 incipit
2898 546 3054 599 Patri
3085 545 3386 599 immolari.

2243 633 2406 686 Tunc
2439 634 2566 702 ipsa
2597 633 2937 704 intelligens
2968 639 3198 702 captum
3226 650 3393 687 suum
3427 639 3624 700 natum,

2170 720 2242 774 Et
2274 722 2508 776 demum
2540 723 2597 774 in
2634 721 2888 774 vinculis
2919 723 3155 776 ductum
3188 723 3258 775 ad
3293 722 3552 792 Pilatum,

2172 809 2310 864 Mox
2333 811 2390 862 in
2421 810 2890 864 amari'issimum
2922 811 3137 865 deﬂuet
3166 812 3466 880 ploratum,

2175 898 2246 952 Et
2275 915 2493 968 corpus
2526 899 2582 952 in
2606 904 2819 953 terram
2844 901 3099 953 concidit
3130 905 3500 969 prostratum.

2244 986 2356 1040 Sed
2389 988 2506 1040 nati
2540 987 2879 1041 charissimi
2911 989 3214 1057 compulsa
3247 1003 3462 1054 amore,

2173 1075 2561 1146 Consurgens
2588 1077 2939 1145 quantocius
2971 1076 3216 1145 profusa
3247 1076 3486 1146 pallore,
3521 1130 3524 1133 .

2175 1163 2459 1234 Properat
2491 1165 2564 1217 ad
2597 1163 2808 1217 Filium
2841 1165 3107 1219 confecta
3138 1181 3412 1234 mmrore,

2175 1251 2449 1324 Cugitum
2483 1252 2755 1323 virgineo
2787 1253 3184 1322 comprimens
3215 1254 3455 1323 pudore.

2245 1339 2704 1410 Suncjuvantes
2733 1340 3038 1394 Dominam
3061 1341 3251 1410 ipsius
3284 1356 3542 1409 sorores,

2175 1427 2264 1482 Ad
2297 1428 2523 1498 Jesum,
2553 1445 2728 1500 quem
2751 1429 3024 1501 diligunt,
3058 1434 3315 1501 pergunt
3343 1431 3567 1484 ociores

2174 1515 2568 1572 Ostendentes
2603 1519 2881 1589 lacrymis
2903 1519 3082 1572 animi
3113 1519 3352 1573 dolores
3379 1559 3393 1587 ,

2175 1604 2290 1660 Sed
2325 1605 2442 1659 illis
2477 1606 2820 1677 Magdalena
2852 1605 3043 1661 reddit
3075 1607 3392 1679 largiores.

2249 1696 2534 1761 Dominae,
2564 1696 2702 1766 quid
2736 1695 2929 1750 facitis
2961 1696 3203 1766 provide
3228 1696 3445 1766 videte,

2105 1782 2464 1881 BObsecro,
2498 1800 2530 1836 a
2561 1783 2796 1838 ﬂetibus
2829 1784 3128 1853 paululum
3154 1785 3350 1854 silete,

2176 1871 2499 1942 Lacrymas
2532 1871 2840 1943 detergite,
2877 1874 2970 1927 vel
3006 1873 3098 1927 hic
3131 1879 3451 1941 remanete,

2178 1959 2265 2014 Ne
2298 1960 2506 2014 Jesum
2537 1961 2816 2015 crueietis
2845 1962 3056 2016 flentes
3089 1963 3435 2018 indiscrete.

2248 2050 2332 2102 Ac
2364 2047 2479 2103 illae
2510 2049 2581 2102 ad
2608 2049 2941 2117 Dominum,
2976 2052 3090 2104 cito
3123 2052 3456 2120 venientes,

2177 2137 2241 2191 In
2265 2142 2422 2191 tanto
2454 2139 2770 2207 Opprobrio
2797 2139 2989 2208 ipsum
3021 2140 3343 2209 intuentes,

2175 2225 2572 2280 Condolentes
2598 2227 2779 2281 multo
2799 2228 2954 2298 plus,
2979 2227 3330 2299 largiusque
3362 2231 3581 2292 ﬂentes,

2177 2316 2266 2369 Ad
2298 2314 2563 2369 dolorem
2597 2320 3146 2385 provocantomnes
3179 2318 3518 2390 diligentes.

2247 2404 2410 2457 Tunc
2442 2405 2674 2458 vidente
2704 2405 2947 2458 Domina
2975 2406 3169 2460 solum
3198 2422 3379 2461 suum
3409 2411 3617 2476 natum,

2175 2492 2500 2562 Plusquam
2531 2492 2726 2547 furem
2747 2493 3004 2564 aliquem
3035 2511 3173 2550 esse
3204 2495 3563 2564 tribulatum,

2177 2579 2292 2634 Cor
2312 2580 2684 2636 ineffabiliter
2709 2582 2844 2653 ejus
2869 2589 2961 2637 est
2988 2583 3308 2653 turbatum,

2179 2667 2249 2722 Et
2281 2668 2370 2722 sic
2401 2670 2572 2740 quasi
2602 2677 2826 2724 mortua
2878 2671 2978 2725 vix
3009 2672 3246 2725 retinuit
3280 2673 3499 2728 ﬂatum.

2248 2759 2322 2812 At
2361 2759 2540 2813 Jesus
2569 2775 2678 2828 pro
2715 2759 2955 2832 Virgine
2989 2761 3181 2833 magis
3213 2767 3309 2816 est
3338 2761 3618 2829 turbatus,

2179 2843 2500 2914 Plusquam
2531 2847 2720 2914 ptenis
2753 2847 3012 2916 propriis
3041 2863 3149 2917 pro
3179 2864 3246 2902 ea
3280 2849 3548 2904 tristatus

2178 2931 2342 2987 Heul
2381 2934 2492 2986 heu
2521 2931 2532 2986 l
2559 2932 2729 3003 Jesu,
2755 2934 3016 3005 undique
3039 2938 3100 2988 tu
3133 2951 3199 2989 es
3228 2937 3550 3005 cruciatus,

2177 3019 2341 3076 Intus
2373 3022 2430 3075 et
2457 3022 2717 3076 exterius
2747 3021 2922 3076 nimis
2955 3038 3021 3077 es
3048 3028 3358 3095 gravatus.

2251 3110 2379 3164 Heu
2406 3107 2418 3164 l
2453 3112 2667 3164 tantam
2699 3111 3038 3165 maestitiam
3062 3113 3258 3166 nullus
3289 3129 3546 3186 unquam
3574 3111 3741 3178 scivit,

2105 3169 2158 3233 θ
2179 3198 2303 3253 Nec
2335 3201 2451 3252 tam
2483 3215 2702 3270 graves
2727 3200 2984 3270 gemitus
3007 3201 3222 3271 aliquis
3253 3169 3500 3272 audi‘vit,

2178 3287 2303 3342 Nec
2334 3292 2428 3342 est
2453 3288 2742 3352 mirabile,
2779 3305 2911 3342 nam
2937 3291 3038 3359 qui
3068 3306 3310 3360 semper
3341 3293 3486 3345 vivit

2179 3375 2458 3431 Dolorem
2489 3377 2870 3446 multiplicem
2899 3379 3115 3432 ibidem
3140 3380 3386 3434 subivit.

2248 3463 2676 3534 Contemplare,
2708 3466 2920 3535 anima,
2949 3466 3155 3521 Jesum
3185 3467 3522 3540 diligenter,

2176 3553 2324 3608 Cum
2355 3554 2573 3625 iniquis
2604 3555 2862 3624 positum
2895 3559 3008 3610 tam
3036 3555 3459 3627 irreverenter,

2176 3641 2360 3707 Quem
2391 3659 2620 3712 praeses
2653 3645 3028 3716 interrogans
3063 3645 3285 3700 Pilatus
3318 3646 3657 3717 frequenter

2178 3731 2522 3786 Admiratur
2544 3735 2804 3802 tacitum,
2834 3736 3081 3803 stupens
3113 3734 3517 3791 vehementer.

2249 3819 2417 3890 Jesu,
2451 3820 2551 3891 qui
2575 3837 2691 3874 non
2723 3825 2960 3891 poteras
2987 3821 3150 3894 loqui
3179 3824 3499 3879 falsitatem

2179 3906 2250 3962 Et
2274 3912 2468 3964 tamen
2498 3911 2754 3980 tacebas,
2787 3910 2971 3965 silens
3001 3913 3324 3982 veritatem,

2178 3996 2268 4051 Ne
2291 3997 2456 4050 sinas
2488 4012 2580 4051 me
2613 3997 2823 4052 cadere
2851 4014 2957 4066 per
2989 4000 3421 4070 loquacitatem,

2178 4084 2293 4139 Sed
2317 4085 2634 4139 discretam
2660 4086 2802 4139 mihi
2835 4087 2904 4140 da
2937 4088 3414 4144 taciturnitatem.

2247 4172 2294 4226 0
2320 4173 2484 4240 Jesu,
2511 4173 2654 4226 mihi
2684 4174 2754 4227 da
2783 4189 2888 4228 cor
2918 4177 3204 4243 pensandi
3238 4178 3591 4234 instructum

2175 4260 2493 4315 Oculorum
2526 4261 2792 4334 Virginis
2824 4262 3141 4333 planctum,
3175 4268 3347 4336 atque
3381 4266 3598 4321 luctum

2175 4348 2433 4420 Propere
2465 4351 2836 4419 sequentium
2871 4356 2923 4406 te
2960 4352 3031 4405 ad
3065 4353 3362 4408 Herodem
3395 4355 3648 4421 ductum,

2177 4437 2247 4492 Et
2272 4443 2438 4493 veste
2471 4439 2529 4491 in
2563 4440 2807 4493 candida
2837 4444 3118 4509 spretum,
3155 4446 3210 4495 et
3233 4443 3560 4498 reductum.

2096 4521 2158 4587 D
2245 4526 2291 4580 0
2314 4527 2519 4598 Virgo,
2549 4545 2720 4598 quam
2755 4529 2948 4583 obruit
2980 4529 3249 4584 dolorum
3279 4534 3621 4602 tempestas,

2180 4615 2347 4670 Unde
2382 4616 2504 4685 tibi,
2538 4617 2800 4686 Domina,
2836 4618 2912 4671 sit
2933 4619 3042 4671 ista
3072 4621 3380 4688 potestas?

2179 4703 2302 4768 Qua
2333 4704 2422 4758 sic
2454 4706 2626 4775 sequi
2657 4710 2894 4773 poteras
2921 4705 3030 4760 has
3063 4710 3273 4778 gentes
3301 4709 3627 4763 scelestas:

2180 4793 2333 4846 Vere
2357 4809 2523 4848 amor
2554 4793 2656 4846 lilii
2685 4795 2826 4847 vicit
2854 4810 2953 4849 res
2987 4795 3286 4850 molestas.

2249 4880 2295 4934 Ο
2327 4897 2454 4934 mea
2490 4882 2722 4947 ﬁducia,
2761 4898 2893 4952 qum
2927 4900 3044 4937 non
3077 4884 3264 4939 habes
3293 4900 3518 4956 parem,

2179 4968 2350 5024 Certe
2381 4971 2776 5030 libentissime
2809 4975 3000 5026 tecum
3035 4973 3415 5044 ambularem,

2180 5057 2251 5111 Et
2280 5074 2354 5112 ex
2381 5058 2518 5112 ﬂetu
2545 5059 2796 5113 debilem
2827 5060 3020 5114 libens
3053 5065 3471 5132 sustentarem,

2181 5147 2284 5200 Vel
2317 5147 2368 5200 si
2401 5147 2574 5201 dares
2598 5148 2888 5218 lacrymas
2917 5150 3122 5204 saltem
3155 5156 3215 5204 ut
3240 5153 3550 5221 plorarem.

2249 5235 2295 5288 0
2325 5236 2460 5306 quis
2493 5236 2623 5290 sine
2656 5239 2879 5308 gemitu
2906 5242 3099 5307 potest
3132 5241 3398 5294 meditari

2179 5324 2383 5378 desum
2419 5340 2549 5377 cum
2584 5325 2873 5380 dedecore
2906 5331 3020 5380 tam
3057 5328 3204 5382 male
3236 5329 3472 5383 tractari

2173 5412 2368 5466 Pedes
2404 5413 2578 5466 ductu
2614 5415 2790 5467 celeri
2825 5415 3026 5469 forsan
3058 5416 3314 5471 violari?

2178 5500 2327 5556 Nam
2360 5517 2476 5554 non
2506 5500 2612 5556 fuit
2646 5504 2857 5557 solitus
2890 5504 3018 5573 ipse
3049 5505 3323 5560 calceari.

2248 5587 2401 5645 Ecce
2429 5591 2799 5648 amarissima
2831 5593 2933 5648 iiut
2959 5609 3092 5666 quae
3125 5598 3469 5668 sequuntur,
