3948 6168
186 296 280 362 513
640 362 651 369 ε
1374 286 1834 354 OPUSCULA
1893 289 2226 355 SPURIA.
3391 302 3513 367 614

160 493 213 549 Et
234 492 371 563 justo
396 487 738 559 compassiva
769 502 904 558 quae
929 485 1052 558 jam
1081 485 1447 559 inﬂiguntur.
1748 469 1801 532 Α
1838 487 1926 542 Ac
1947 493 2062 544 tua;
2093 490 2386 562 angustiae
2415 492 2550 562 plus
2580 491 2833 565 plusque
2864 503 3279 555 concrescunt.

157 582 288 651 λυξίθ
314 594 435 650 θ¹¹8⁰
462 577 715 631 homines
745 576 964 646 ingrati
992 575 1267 629 dicuntur
1914 577 2059 632 Post
2090 582 2445 633 tormentum
2475 580 2792 637 verberum
2824 585 2940 637 tam
2962 587 3339 657 malitiosum,

155 668 235 733 Qui
259 668 379 721 .lesu
404 664 715 735 saepissime
745 679 863 717 non
897 664 1346 732 compatiuntur.
1841 663 2084 721 Cunctis
2114 667 2497 740 diligentibus
2531 670 2701 725 valde
2732 672 3090 743 luctuosum,

204 755 341 810 Nunc
366 757 413 810 te
439 753 610 824 ipsam
632 768 920 821 praepara,
955 753 1144 806 anima
1177 752 1409 822 devota,
1839 752 2119 825 Sequitur
2150 772 2287 810 mox
2317 757 2473 811 aliud
2505 774 2688 830 grave
2707 764 2763 814 et
2793 762 3170 832 probrosum,

151 844 301 913 Super
324 842 502 897 Jesum
532 842 845 895 condoleas
874 840 1023 894 dans
1053 840 1137 894 illi
1168 845 1324 912 vota,
1839 841 1960 897 Isto
2000 845 2181 901 multo
2211 846 2465 915 amplius
2498 848 3008 920 contumeliosum,

155 932 410 1002 Lacrymas
437 929 819 1000 multiplicans
852 929 941 983 sis
973 929 1067 999 pie
1096 929 1234 1000 lota,

2523 952 2821 1009 Illuditur.

149 1021 196 1074 In
220 1035 343 1088 eum,
373 1019 420 1073 si
447 1018 655 1087 valeas,
684 1017 956 1088 liquefias
989 1022 1125 1073 tota.

1906 1035 2055 1092 Nam
2087 1039 2389 1094 cohortem
2427 1041 2643 1095 milites
2674 1044 2854 1097 totam
2885 1044 3259 1117 colligentes,

199 1106 320 1161 Ecce
337 1110 591 1177 quantum
621 1109 775 1159 amat
806 1109 861 1160 te
881 1105 1156 1161 Christus
1189 1106 1365 1161 nimis
1397 1106 1618 1177 chare;

1839 1124 2036 1180 Mitem
2070 1125 2277 1182 Jesum
2304 1127 2568 1183 ambiunt
2596 1132 2839 1200 probris
2871 1105 3185 1189 illudentes

146 1196 256 1251 Nam
279 1200 325 1250 te
344 1210 442 1248 suo
471 1195 754 1266 sanguine
785 1198 945 1263 optat
975 1195 1231 1266 salvere,

1837 1212 2156 1270 Inhoneste
2187 1216 2395 1270 iterum
2429 1232 2562 1272 eum
2594 1224 2902 1290 exuentes,

146 1286 210 1338 Ac
232 1286 386 1338 morte
411 1280 689 1337 vilissima
720 1286 776 1336 te
810 1283 900 1337 sic
930 1282 1206 1351 liberare,

1838 1300 1909 1355 Et
1929 1305 2095 1357 veste
2125 1319 2424 1375 purpurea
2454 1305 2648 1377 ipsum
2671 1280 3004 1365 induentes.

142 1370 266 1437 Quod
291 1374 342 1424 tu
369 1384 589 1440 semper
616 1371 900 1443 negligis,
934 1387 1044 1426 nec
1071 1373 1167 1426 vis
1188 1371 1513 1443 redamare,
2128 1370 2146 1374 ’
2242 1370 2261 1375 “
2376 1370 2585 1465 spinis
2627 1407 2966 1453 coronatur.

191 1457 228 1514 Ο
250 1458 372 1513 Jesu
396 1458 672 1530 piissime,
706 1475 1069 1515 succurrere
1101 1462 1390 1532 poscenti,

1906 1480 2071 1535 Tunc
2104 1496 2386 1536 coronam
2417 1482 2685 1552 spineam
2714 1485 3021 1541 molestam
3047 1487 3395 1559 plectentes,

140 1547 198 1602 Te
218 1562 381 1601 amare
407 1562 587 1618 usque
624 1563 781 1601 nunc
813 1548 957 1601 mihi
986 1548 1336 1620 negligenti,

1834 1567 1906 1623 Et
1934 1569 1993 1623 in
2021 1569 2170 1624 Jesu
2200 1570 2387 1640 capite
2417 1547 2706 1640 profunde
2728 1573 3001 1647 figentes,

140 1636 222 1705 Au,
245 1635 377 1706 quod
404 1635 573 1690 multo
601 1635 801 1707 pejus,
835 1637 1062 1707 pluries
1096 1637 1337 1708 nolenti,

1834 1657 1947 1713 Pro
1978 1660 2213 1728 sceptro
2244 1659 2590 1714 arundinem
2613 1660 2672 1716 in
2701 1662 2909 1717 dextra
2943 1635 3249 1737 ponentes,

139 1722 260 1778 Heul
287 1727 334 1778 et
357 1725 772 1781 contemnendo
806 1728 862 1780 te
894 1741 1055 1795 saepe
1085 1724 1427 1797 offendenti,

1416 1769 1427 1797 ν
1831 1745 2178 1816 Genuﬂexo,
2211 1763 2322 1802 ave
2354 1747 2608 1803 clamant
2636 1748 2975 1807 irridentes.

183 1811 717 1881 Misericordissime,
754 1814 1004 1886 ignosco
1036 1813 1258 1883 fatenti,

1771 1841 1799 1901 3
1904 1833 2163 1891 Maerens
2193 1852 2393 1907 cerne,
2426 1837 2642 1907 anima,
2673 1840 2979 1896 ministros
3005 1842 3330 1915 caedentes,

134 1898 267 1954 Salva
291 1899 495 1972 etjuva
524 1916 637 1972 me,
670 1903 927 1972 teipsum
954 1902 1026 1957 da
1059 1903 1371 1973 quaerenti,

1832 1923 2069 1979 Faciem
2101 1924 2564 1994 pulcherrimam
2596 1926 2826 1981 Domini
2854 1934 3161 2000 spuentes,

134 1986 342 2088 filioque
366 1990 605 2088 proﬂigo
636 1991 800 2088 ίθνξιθ
830 1992 1191 2088 reverterit?
1285 2081 1320 2088 __
1831 2012 2018 2084 Caput
2046 1986 2180 2068 οιὶηι
2211 2015 2498 2070 arundine
2530 2016 2655 2071 dire
2687 1986 2993 2088 ferientes,

133 2076 195 2129 Tu
218 2092 451 2147 occurre,
473 2079 649 2133 Pater
678 2079 775 2149 mi,
808 2082 865 2133 et
898 2095 1075 2150 parce
1104 2081 1343 2151 petenti.

1832 2100 1880 2156 Ο
1909 2117 2093 2173 quare
2124 2119 2242 2157 non
2265 2104 2488 2158 cruciet
2520 2105 2632 2159 iste
2663 2105 2832 2161 dolor
2859 2112 3089 2163 mentes
3109 2110 3138 2163 ‘l

180 2166 316 2236 Jesu,
350 2167 442 2238 qui
469 2168 731 2238 repletus
764 2184 832 2223 es
865 2169 1264 2239 miseratione,

1903 2166 1950 2243 ὁ
1979 2188 2165 2260 Caput
2196 2190 2585 2261 Dominicum,
2621 2194 2895 2249 omnibus
2929 2196 3265 2267 colendum,

415 2257 561 2355 veli?
596 2272 689 2311 ωθ
720 2261 831 2355 tu}:
851 2258 1154 2355 Pafsmnei
1833 2277 2197 2347 Cruentaris,
2230 2282 2541 2351 pungeris,
2566 2282 2797 2353 angelis
2828 2285 3214 2355 tremendum,

130 2340 184 2395 Ut
204 2343 288 2396 tibi
314 2345 621 2415 compatiar
650 2361 725 2399 ex
756 2346 1089 2415 dilectione,

1835 2364 2123 2436 Cmderis,
2158 2370 2532 2437 conspueris,
2569 2371 2794 2424 sanctis
2836 2356 3249 2445 reverendam,

129 2429 256 2484 Velut
278 2447 415 2487 nunc
445 2437 498 2487 te
528 2435 769 2489 intuens
800 2434 860 2488 in
890 2434 1228 2489 afﬂictione.
1313 2448 1316 2450 ‘

1836 2454 1989 2510 Vere
2021 2459 2083 2510 tu
2111 2429 2178 2511 es
2209 2429 2408 2510 intime
2441 2429 2669 2512 devotis
2699 2458 3036 2516 dolendum.

171 2516 207 2573 Ο
229 2520 343 2591 quis
372 2524 552 2592 potest
576 2539 828 2578 cernere
857 2522 993 2577 illos
1017 2523 1431 2595 malignantes,

1430 2572 1431 2581 ι
1904 2544 1951 2600 Ο
1980 2544 2265 2616 praeclara
2288 2545 2476 2599 facies
2508 2546 2724 2601 ictibus
2754 2547 2989 2619 afﬂicta,

125 2604 227 2662 Sine
249 2612 549 2665 reverentia
580 2614 663 2680 te,
698 2611 866 2679 Jcsu,
902 2612 1216 2681 nudantes,

1835 2604 2003 2688 Heul
2037 2634 2229 2704 sputis
2261 2637 2317 2688 et
2350 2637 2641 2706 sanguine
2681 2638 2797 2691 tota
2830 2653 2897 2691 es
2926 2604 3176 2709 depicta,

125 2696 188 2750 Ad
214 2696 508 2753 columnam
537 2700 835 2771 nequiter,
870 2700 1038 2770 Jesu,
1069 2702 1405 2775 alligantes,

1832 2722 1962 2777 Jam
1991 2738 2025 2776 a
2056 2722 2176 2777 Deo
2207 2721 2461 2777 inimicis
2493 2724 2664 2794 quasi
2696 2725 2996 2797 derelicta,

122 2783 263 2839 Tuum
286 2788 644 2843 atrocissime
674 2804 894 2858 corpus
914 2793 1329 2848 verberantes.

1833 2810 1952 2865 Pro
1981 2810 2153 2866 dolor
2184 2808 2196 2866 Ι
2241 2810 2354 2865 hoc
2386 2783 2568 2866 totum
2600 2812 2821 2868 faciunt
2851 2783 3225 2871 mea’delicta

601 2894 783 2950 Jesns
810 2894 1173 2967 ﬂagellatur.
1904 2900 2087 2971 Bone,
2117 2900 2271 2955 bone
2304 2900 2572 2972 Domine,
2608 2918 2715 2956 cur
2740 2903 2936 2973 pomis
2966 2907 3083 2959 tam
3116 2905 3285 2961 duris

170 2997 409 3055 Tremens
438 3016 640 3072 cerne,
671 3002 886 3072 anima,
918 3002 1227 3060 ministros
1255 3004 1558 3074 sedentes,

1830 2989 2131 3045 Permittis
2161 2991 2421 3060 torqueri
2453 2993 2508 3044 te
2536 3005 2642 3061 pro
2661 2991 2832 3046 nobis
2864 2991 3154 3062 impuris?

121 3082 312 3143 Carnem
338 3088 480 3145 hanc
508 3092 891 3146 tenerrimam
924 3091 1176 3164 flagellis
1211 3093 1577 3165 scindentes,

1828 3079 2014 3133 Parce
2045 3079 2258 3149 poenis,
2292 3078 2559 3147 Domine,
2593 3095 2772 3150 parce
2798 3081 2892 3134 vel
2924 3080 3158 3151 futuris,

124 3173 318 3231 Vulnera
337 3179 681 3235 vulneribus
713 3180 819 3234 tibi
850 3180 1210 3253 inﬂigentes,
1749 3193 1805 3263 ο
1827 3168 2013 3263 Ρδ-Ρο-(θ
2043 3166 2170 3263 “Pi:
2202 3166 2513 3263 ἀθΡνθίξοΡτ
2551 3167 2645 3221 νθῙ
2675 3167 2880 3263 Multis
2913 3169 3243 3263 ξῐξξθεβυνίεο

119 3259 310 3322 livores
337 3267 621 3323 livoribus
653 3269 1235 3340 superimponeutes,
1759 3255 1798 3263 '
1899 3256 2056 3310 Inter
2083 3255 2213 3310 haec
2242 3255 2652 3326 nequissimus
2683 3258 2890 3311 exiens
2919 3255 3170 3329 Pilatus,

167 3353 393 3416 Quisnon
406 3357 949 3426 mmretspeculans
969 3360 1400 3430 gubernantem
1414 3362 1717 3433 mundum,
1828 3346 1917 3441 ἕο
1947 3345 2152 3441 “sui”
2176 3345 2530 3441 Ρῗνίῐηθῐίθηῖ
2567 3343 2798 3441 Ριξξθῐξῖ
2828 3349 2921 3400 θει
2952 3345 3253 3441 Ῐὶρῄνῒδιυεῖ

117 3436 187 3493 Sic
210 3443 481 3511 perfusum
513 3447 811 3516 sanguine
833 3447 1010 3501 veluti
1046 3448 1434 3517 immundum,

1704 3432 1709 3433 7
1828 3433 1977 3489 Nam
2006 3432 2204 3487 nullus
2235 3433 2515 3487 inventus
2546 3433 2723 3487 estin
2754 3434 2887 3504 ipso
2916 3436 3136 3505 reatus,

118 3525 293 3600 Corpus
327 3533 431 3589 hoc
462 3534 913 3590 sanctissimum
944 3540 1128 3590 totum
1158 3537 1628 3609 tremebundum,

1830 3522 1946 3579 Sed
1967 3537 2289 3594 perversus
2318 3520 2571 3591 populus
2594 3537 2668 3576 ex
2698 3521 2952 3578 adverso
2982 3526 3075 3579 est
3100 3523 3276 3579 fatus.

117 3614 387 3693 Pectusque
414 3624 751 3694 piissimum
781 3627 966 3679 totum
984 3626 1440 3697 gemebundum.
2115 3627 2451 3684 Contrarias
2478 3626 2669 3682 Pilati
2697 3634 2754 3682 et
2788 3629 2987 3700 populi
3012 3645 3208 3685 voces.

165 3706 548 3782 Contemplare,
592 3712 808 3781 anima,
843 3714 1040 3784 tibias,
1075 3714 1331 3770 lacertos
1900 3717 2065 3772 Tunc
2092 3716 2371 3788 produxit
2400 3716 2587 3771 Deum
2605 3715 2859 3789 ﬂagellis
2892 3723 3278 3792 cruentatum,

117 3790 268 3867 Plagis
294 3801 713 3872 multiplicibus
746 3801 1005 3873 undique
1037 3801 1311 3869 refertos,
1828 3805 1900 3861 Et
1930 3806 2075 3860 dixit
2109 3820 2122 3859 :
2155 3804 2419 3875 Accipite
2452 3806 2647 3874 ipsum
2683 3806 3076 3877 emendatum,

117 3879 284 3941 Omnes
309 3895 468 3944 artus
490 3891 766 3961 corporis
798 3891 1091 3963 sanguine
1123 3894 1385 3962 opertos,
1827 3895 1943 3950 Sed
1976 3895 2130 3965 pleni
2161 3893 2404 3963 perfidia
2434 3897 2652 3964 negant
2683 3901 3121 3963 praesentatum,

122 3967 397 4032 Deﬂuentes
424 3980 658 4033 rivulos
693 3979 925 4034 cruoris
958 3983 1215 4050 apertos.
1396 4004 1401 4009 α
1832 3982 2164 4037 Poscentes
2186 3998 2216 4034 a
2239 3981 2444 4051 judice
2476 3983 2669 4036 virum
2699 3984 3072 4040 sceleratum.

165 4059 202 4115 Ο
223 4079 418 4137 corpus
468 4068 920 4124 sanctissimum
960 4069 1030 4123 ad
1063 4069 1395 4125 columnam
1425 4071 1717 4143 strictum,
1900 4069 2091 4124 Judex
2118 4085 2191 4123 ne
2213 4070 2303 4123 sic
2335 4068 2572 4138 faceret,
2597 4069 2788 4124 adhuc
2812 4071 3133 4143 laborabat,

115 4145 201 4204 Pro
231 4168 311 4209 me
336 4157 728 4213 amarissimis
761 4157 1014 4229 ﬂagellis
1037 4157 1338 4229 afﬂictum,
1835 4157 2151 4230 Crucilige,
2181 4158 2433 4227 populus
2464 4172 2494 4211 e
2527 4162 2726 4211 contra
2753 4158 3040 4214 clamabat
3068 4176 3080 4215 :

115 4232 525 4317 Circumquaque
558 4261 737 4300 roseo
769 4261 982 4301 cruore
1012 4247 1309 4317 amictum,
1831 4246 1996 4300 Tunc
2025 4245 2285 4316 injustas
2318 4246 2627 4299 Dominum
2658 4247 2827 4300 morti
2853 4246 3177 4317 judicabat,

116 4324 256 4382 Aufer
278 4347 306 4384 a
335 4349 441 4404 me,
475 4336 733 4389 obsecro
772 4334 1076 4405 quodlibet
1103 4335 1399 4390 delictum.
1832 4335 1902 4390 Et
1931 4334 2100 4405 plebs
2132 4334 2556 4388 nefandissima
2587 4334 2661 4387 ob
2696 4335 2805 4389 hoc
2837 4337 3190 4392 exsultabat.

162 4414 330 4474 Anima
360 4423 743 4477 sanctissima
772 4439 880 4493 pro
912 4439 1002 4477 me
1033 4427 1149 4478 tam
1181 4427 1446 4494 gravata,
1899 4424 2180 4489 Quamvis
2211 4423 2515 4477 horribilia
2533 4423 2650 4476 sint
2681 4422 2791 4478 ista
2814 4425 3177 4497 preplietata,

116 4498 329 4563 Maximis
351 4511 659 4566 doloribus
696 4529 800 4581 pro
831 4528 922 4567 me
944 4513 1241 4580 tribulata,
1750 4551 1804 4582 η
1828 4514 2046 4568 Tamen
2078 4512 2148 4567 ad
2179 4514 2485 4582 sequentia
2518 4529 2696 4581 parva
2730 4517 2869 4567 sunt
2902 4514 3130 4570 collata.

116 4586 354 4660 Deprecor
381 4615 487 4669 per
517 4601 848 4672 Virginem,
875 4617 1008 4671 quae
1040 4604 1131 4656 est
1162 4603 1234 4656 de
1267 4607 1322 4657 te
1352 4603 1600 4674 tristata,
1747 4586 1804 4616 ν
1830 4599 1993 4657 Heul
2026 4606 2304 4672 quantum
2336 4605 2427 4654 est
2456 4599 2724 4654 Genitrix
2754 4601 2811 4654 in
2835 4601 2930 4655 his
2962 4603 3236 4658 tribulata
3261 4601 3273 4658 l

112 4674 283 4737 Coacta
307 4702 426 4742 mea
452 4688 688 4760 jugiter
715 4689 871 4743 dilue
906 4694 1166 4759 peccata.
1827 4692 2005 4757 Pene,
2041 4693 2195 4744 sicut
2226 4688 2484 4757 aestimo,
2520 4692 2612 4743 est
2642 4691 2988 4746 exanimata.

163 4766 255 4824 Sed
281 4771 450 4829 Maria
473 4782 663 4832 mater
691 4778 817 4831 haec
841 4794 979 4832 sese
1011 4779 1331 4850 afﬂigendo
1896 4778 2327 4847 Contemplare,
2360 4779 2576 4846 anima,
2613 4793 2787 4848 quam
2821 4781 2899 4833 sit
2920 4795 3240 4834 onerosum

115 4849 374 4928 Lacrymas
404 4865 755 4935 multiplicat
779 4864 1004 4938 jugiter
1037 4849 1328 4937 deﬂendo,
1832 4868 2004 4922 Matri
2024 4871 2195 4937 caput
2225 4867 2326 4919 ﬁlii
2359 4881 2602 4920 cernere
2633 4867 2962 4937 spinosum,

113 4939 208 4995 Alta
233 4945 314 5001 dat
341 4954 594 5022 suSpiria
620 4969 818 5009 amare
850 4956 1166 5026 gemendo,
1834 4960 1919 5011 Ac
1941 4972 2062 5026 prae
2092 4956 2244 5009 natis
2274 4955 2576 5009 hominum
2611 4955 2795 5009 forma
2830 4956 3169 5026 speciosum

109 5024 392 5108 “castisque
416 5042 779 5115 singultibus
811 5024 1017 5112 pectus
1049 5024 1432 5100 conterenda.
1831 5024 2046 5099 Videre
2076 5043 2421 5098 horribilem
2453 5044 2645 5116 magis
2676 5058 2849 5114 quam
2868 5024 3203 5114 “leprosum.

155 5117 321 5191 Oquis
348 5129 473 5183 sine
505 5131 728 5201 gemitu
758 5134 954 5200 potest
984 5134 1265 5188 tevidere
1901 5135 2028 5189 Heu
2058 5131 2070 5188 l
2109 5149 2281 5203 quam
2315 5136 2557 5204 gravata
2591 5148 2676 5200 es,
2710 5132 2990 5186 caelorum
3026 5133 3274 5205 Regina,

113 5203 580 5294 inconsolabiliter,
607 5236 639 5273 ο
672 5220 875 5289 Mater,
902 5221 1105 5292 lugere
1134 5219 1146 5275 l
1830 5223 2116 5294 Spectaus
2148 5227 2307 5276 tuum
2331 5203 2521 5275 filium
2555 5225 2894 5275 coronatum
2926 5220 3130 5292 spina!

116 5291 275 5381 l’mbe
299 5305 433 5360 mihi
462 5307 779 5379 lacrymas,
805 5309 899 5363 fac
923 5291 1013 5363 me
1042 5314 1238 5364 tecum
1270 5311 1430 5381 ﬂere,
1828 5291 2002 5367 Certe
2036 5312 2092 5364 in
2121 5314 2178 5364 te
2207 5310 2378 5363 irruit
2407 5325 2573 5378 paena
2605 5309 2926 5379 repentina,

115 5379 172 5439 Te
193 5387 472 5465 deprecor,
505 5412 541 5451 ο
591 5412 719 5452 mea
747 5413 912 5469 spes,
946 5398 1060 5453 mei
1090 5399 1395 5455 miserere.
1419 5379 1422 5381 Ὺ
1829 5398 1918 5454 Ex
1940 5416 2052 5471 qua
2083 5399 2391 5454 vulnerare
2409 5412 2520 5465 me,
2548 5398 2836 5467 supplico,
2861 5395 3095 5454 festina.

161 5472 231 5531 Eu
252 5483 434 5549 pudici
465 5486 621 5541 oculi
649 5503 725 5543 ex
754 5488 892 5542 ﬂetu
923 5488 1288 5559 tumescunt,
1899 5489 2057 5544 Sune
2088 5491 2289 5543 sancta
2323 5485 2687 5557 Magdalena,
2721 5489 2779 5541 et
2808 5502 3016 5542 omnes
3046 5488 3240 5563 amici,

112 5555 250 5649 (ξειιω
275 5570 766 5642 splendidissime
796 5577 1018 5649 ubique
1047 5555 1398 5649 pallescunt,
1827 5578 2077 5634 Gemunt
2105 5555 2481 5631 amarissime
2506 5574 2666 5629 luctu
2696 5573 2917 5630 infelici
2945 5590 2960 5646 ;

117 5645 225 5727 Sed,
244 5655 379 5719 heu!
409 5664 668 5722 membra
699 5666 803 5723 ﬁlii
832 5645 1129 5742 sanguine
1158 5645 1507 5741 rubescunt,
1824 5668 1974 5728 Puto
1997 5666 2125 5725 haec
2155 5664 2394 5752 tristitia,
2418 5663 2620 5744 nequit
2657 5664 2859 5722 verbis
2889 5663 3026 5742 dici,
