3948 6168
445 379 566 440 615
1482 373 1546 434 S.
1593 373 1973 436 ANSELMI
2014 371 2423 436 LUCENSIS
2469 370 2878 434 EPISCOPI.
3722 378 3813 440 616

449 575 567 632 Sed
598 575 749 630 hanc
779 574 976 629 minus
1008 576 1281 644 reputant
1312 571 1537 629 Christi
1569 573 1810 627 inimici.

878 663 1206 734 Imponitur
1239 661 1482 716 Christo
1522 677 1688 716 crux.

522 753 660 808 Mox
688 752 957 821 perversi
988 751 1204 804 milites
1237 765 1472 804 crucem
1507 752 1903 815 assumentes,

451 842 594 896 Eam
626 857 808 911 super
836 840 1148 893 humerum
1183 839 1410 892 Domini
1436 841 1774 907 possentes,

458 930 668 984 Jesum
700 945 806 999 per
843 928 1177 982 Jerusalem
1209 927 1430 980 ducunt
1470 927 1801 994 illudentes,

451 1017 664 1073 Crucis
697 1016 1079 1088 ignominiam
1113 1017 1343 1069 cunctis
1376 1015 1777 1068 ostendentes.

528 1106 698 1160 Nunc
729 1105 982 1172 attende,
1003 1104 1214 1172 anima,
1251 1103 1456 1157 Jesum
1479 1101 1657 1156 nimis
1691 1104 1944 1174 gratum,

454 1194 629 1266 Ligni
661 1193 858 1248 crucis
890 1191 1151 1262 pondere
1183 1207 1288 1261 pro
1322 1195 1376 1245 te
1408 1195 1735 1261 oneratum,

453 1283 777 1336 Delicatum
811 1281 1122 1343 humerum
1155 1280 1314 1334 scias
1349 1280 1743 1350 vulneratum,

457 1369 528 1426 Et
557 1369 764 1426 Jesum
794 1386 827 1422 a
857 1368 1072 1440 populo
1105 1384 1288 1438 pravo
1321 1369 1772 1423 subsannatum.

847 1458 1197 1512 Portantem
1240 1456 1413 1511 turba
1446 1459 1738 1529 sequitur.

527 1544 696 1602 Heul
731 1546 900 1616 Jesu,
933 1546 1248 1600 considero
1281 1561 1406 1600 rem
1435 1546 1611 1599 nimis
1643 1545 1974 1615 molestam,

458 1636 717 1692 Turbam
740 1637 844 1690 tibi
875 1635 1202 1705 proximam
1234 1635 1482 1688 militum
1514 1634 1812 1705 infestam,

458 1725 804 1780 Judaeorum
835 1723 1089 1777 maxime
1119 1722 1332 1777 deinde
1365 1723 1704 1793 scelestam,

459 1815 804 1867 Amicorum
836 1827 868 1864 a
899 1811 1075 1882 longe
1109 1811 1260 1866 ultra
1294 1812 1529 1864 modum
1551 1809 1857 1866 mmstaml

533 1897 702 1955 Heul
736 1902 894 1954 tanta
927 1901 1238 1969 processio
1269 1916 1386 1954 non
1419 1904 1512 1954 est
1550 1899 1922 1955 laudabunda

459 1989 610 2044 Nam
639 1989 697 2042 in
725 1992 782 2043 te
813 1988 999 2058 prima
1030 2004 1172 2057 pars
1206 1993 1298 2042 est
1327 1991 1444 2042 tota
1476 1988 1884 2060 fremebunda,

461 2077 577 2132 Sed
600 2075 774 2148 pejor
803 2081 895 2130 est
924 2076 1109 2130 altera
1149 2078 1317 2148 quasi
1351 2075 1702 2132 furibunda!

467 2166 600 2220 Heu
633 2163 646 2220 l
687 2181 794 2236 pro
820 2170 874 2219 te
907 2170 1000 2220 est
1029 2166 1198 2219 tertia
1219 2169 1336 2220 tota
1367 2167 1736 2238 gemebunda
1762 2163 1775 2220 l

924 2254 1126 2308 Mater
1155 2267 1215 2309 et
1234 2255 1352 2325 pias
1380 2255 1686 2309 mulieres.

533 2343 720 2397 Mater
749 2341 968 2399 Christi
997 2343 1206 2396 videns
1239 2342 1388 2412 hinc,
1422 2347 1685 2399 tremens
1716 2359 1840 2414 prae
1858 2341 2060 2398 dolore

463 2432 642 2488 Irruit
671 2433 733 2486 in
761 2433 1058 2485 tristitiam
1081 2431 1386 2485 morientis
1421 2447 1604 2502 more,

459 2521 507 2577 0
535 2521 672 2575 buis
707 2521 821 2574 ista
851 2521 1114 2574 coeitans
1146 2535 1264 2574 non
1297 2521 1393 2574 ﬂet
1415 2537 1537 2590 pra:
1570 2536 1844 2591 mmrore,

463 2610 636 2665 Certe
666 2609 843 2662 nimis
875 2609 1060 2662 durus
1083 2612 1193 2677 est,
1227 2609 1319 2662 vel
1352 2611 1511 2662 caret
1540 2607 1767 2664 amore!

534 2697 651 2751 Sed
683 2712 925 2750 sorores
958 2696 1222 2751 Dominis
1253 2712 1382 2750 eam
1415 2699 1811 2768 sustinentes,

470 2786 788 2840 Ambulant
816 2790 950 2855 post
983 2785 1294 2839 Dominum
1326 2786 1539 2840 acriter
1559 2786 1857 2856 lugentes,

470 2874 746 2945 Undique
771 2873 1144 2944 conspiciunt
1189 2874 1395 2928 Jesum
1425 2879 1852 2945 persequentes

467 2963 740 3019 Clamose
763 2963 1094 3016 maleficum
1123 2962 1287 3016 illum
1316 2965 1779 3033 perstrepentes.

885 3069 1168 3124 Christus
1189 3069 1472 3141 prohibet
1503 3069 1724 3124 ﬂetum.

535 3159 701 3214 Tunc
729 3174 1065 3215 conversus
1095 3159 1382 3214 Dominus
1415 3159 1592 3229 cmpit
1621 3159 1942 3230 prohibere

463 3245 632 3303 Filiis
665 3248 1000 3304 Jerusalem
1030 3263 1215 3316 super
1243 3263 1310 3302 se
1341 3247 1569 3319 lugere,

463 3336 583 3392 Sed
615 3337 837 3392 debere
869 3351 1054 3407 super
1083 3352 1149 3391 se
1181 3340 1238 3391 et
1268 3352 1452 3406 super
1480 3352 1626 3391 suos
1657 3337 1818 3409 ﬂere,

459 3425 802 3481 Prmdicens
822 3425 1086 3480 beandas
1121 3425 1228 3479 has
1259 3441 1392 3495 quae
1415 3441 1531 3479 non
1565 3442 1847 3497 genuere.

533 3513 581 3568 0
610 3515 747 3584 quis
781 3515 911 3568 sine
944 3514 1167 3584 gemitu
1200 3518 1395 3582 potest
1424 3513 1713 3585 meditari,

462 3600 566 3670 Te,
602 3601 791 3672 Virgo
824 3616 1136 3671 puerpera,
1171 3603 1261 3655 sic
1293 3603 1625 3672 angustiari
1653 3601 1664 3657 l

471 3688 692 3744 Omnes
724 3689 1042 3760 diligentes
1070 3692 1126 3744 te
1157 3693 1379 3743 tantum
1409 3691 1740 3762 lacrymari,

471 3777 561 3831 Ad
595 3777 792 3831 locum
831 3776 1118 3831 Calvariaa
1148 3778 1356 3832 Jesum
1389 3779 1478 3832 sic
1521 3780 1780 3835 tractari.

536 3865 583 3920 0
615 3865 800 3920 Mater
821 3881 928 3919 cur
945 3881 1229 3936 properas
1265 3882 1397 3922 cum
1428 3867 1576 3922 Jesu
1599 3870 1672 3924 ad
1703 3885 1941 3924 crucem
1961 3870 1991 3923 ?

469 3953 752 4024 Nunquid
787 3955 882 4008 vis
913 3970 1047 4009 cum
1077 3954 1225 4010 Filio
1255 3956 1372 4025 pati
1402 3960 1654 4012 mortem
1679 3960 1952 4013 trucem?

464 4039 633 4097 Heul
668 4043 768 4097 ubi
798 4044 1003 4097 visura
1035 4059 1103 4098 es
1137 4043 1286 4098 mori
1316 4045 1486 4100 Judae
1519 4046 1752 4118 ducem,

468 4130 581 4197 Qui
612 4131 835 4186 creavit
864 4131 1153 4188 cherubin
1185 4149 1368 4204 super
1400 4149 1603 4190 veram
1642 4135 1856 4192 lucem.

537 4220 743 4292 Virgo,
777 4237 912 4293 qum
943 4227 1255 4292 precantes
1287 4225 1342 4277 te
1373 4223 1625 4295 adjuvas
1658 4225 1970 4296 instanter,

473 4307 693 4362 Christi
723 4309 918 4379 pmnis
949 4311 1200 4380 compati
1242 4310 1336 4364 fac
1365 4327 1456 4365 me
1488 4311 1855 4385 festinanter,

472 4397 556 4451 Da
586 4397 732 4450 mihi
763 4413 918 4452 nunc
960 4398 1278 4470 lacrymas,
1312 4415 1544 4470 precor,
1576 4402 1962 4473 abundanter,

463 4483 558 4556 Et,
592 4490 654 4541 ut
682 4485 880 4556 ipsum
911 4488 1169 4559 cogitem
1201 4489 1292 4542 fac
1326 4493 1802 4557 perseveranter.

1073 4593 1264 4648 Aeeta
1288 4599 1548 4665 potatur.

539 4678 701 4734 Proh
732 4676 930 4734 dolorl
964 4683 1024 4735 et
1057 4681 1253 4737 ﬂebile
1287 4682 1421 4752 hoc,
1456 4684 1614 4754 quod
1643 4685 2000 4743 immutatur.

470 4766 620 4822 Nam
644 4767 902 4824 Messias
925 4767 1215 4825 Dominus
1238 4774 1404 4826 aceto
1434 4777 1687 4843 potatur,

468 4857 600 4911 Heu
627 4854 639 4911 l
674 4859 737 4911 ut
765 4862 1016 4911 mortem
1048 4857 1279 4928 subeat,
1323 4861 1518 4914 statim
1553 4877 1700 4916 crux
1729 4869 2010 4938 paratur;

468 4944 539 5000 Et
571 4961 705 4999 cum
737 4946 1108 5002 vehementia
1140 4948 1312 5003 tertio
1345 4949 1696 5006 denudatur.

537 5035 669 5089 Nisi
705 5035 793 5088 sis
824 5035 1120 5105 lapideum
1153 5052 1257 5091 cor
1289 5039 1389 5092 vix
1419 5038 1646 5095 habens
1677 5045 1914 5113 metum,

463 5123 710 5178 Intende
742 5124 1080 5196 diligenter,
1107 5129 1163 5180 et
1194 5126 1445 5181 habebis
1477 5129 1698 5200 ﬂetum,

469 5212 662 5265 Pensa
708 5215 1128 5269 vestimentum
1163 5214 1276 5269 hoc
1307 5233 1338 5270 a
1371 5217 1517 5271 Jcsu
1548 5218 1823 5290 deletum,

465 5298 651 5363 Quem
685 5301 848 5354 scias
883 5317 955 5355 ex
987 5304 1305 5358 verberum
1339 5306 1531 5377 plagis
1558 5307 1680 5378 jam
1703 5310 2010 5380 repletum.

1021 5408 1301 5464 Vestibus
1337 5411 1612 5467 nudatur.

537 5491 728 5548 Cerne
763 5494 994 5548 turbam
1027 5499 1348 5565 pessimam
1367 5505 1596 5554 vestem
1627 5501 1776 5556 hanc
1793 5503 2142 5577 trahentem,

469 5579 599 5634 Cuti
630 5585 686 5636 et
716 5584 878 5635 carni
909 5584 1168 5655 undique
1198 5585 1426 5642 fortiter
1450 5589 1796 5660 haerentem,

474 5669 678 5744 Plagis
709 5672 899 5742 ruptis
931 5673 1164 5742 respice
1186 5676 1536 5747 sanguinem
1559 5679 1856 5750 fluentem,

467 5763 551 5816 Ac
583 5761 788 5818 Jesum
819 5776 892 5816 ex
913 5762 1085 5833 plaga
1119 5762 1248 5817 haec
1283 5766 1544 5835 graviter
1573 5767 1888 5825 dolentem.

2146 559 2204 618 Α
2304 570 2476 626 Certe
2509 587 2723 643 magna
2764 570 3030 642 gravitas
3071 571 3244 626 istius
3273 574 3528 627 tormenti

2234 661 2323 714 Ad
2357 662 2552 715 ﬂetum
2585 661 2888 713 sufficeret
2910 660 3062 714 bene
3094 660 3389 731 diligenti;

2234 750 2364 804 Ileu
2391 747 2403 803 l
2439 749 2580 802 mihi
2612 748 2934 802 durissimo
2967 749 3164 802 minus
3195 749 3530 818 condolenti,

2232 839 2332 892 Pie
2363 839 2532 907 Jesu,
2574 837 2720 890 mihi
2742 837 2812 890 da
2849 838 3138 907 lacrymas
3169 839 3398 906 petenti.

2302 927 2506 999 Virgo,
2541 927 2638 980 cui
2670 926 2886 979 similis
2918 942 3218 996 nunquam
3235 929 3326 980 est
3356 927 3592 996 inventa,

2232 1015 2410 1070 Potes
2451 1015 2644 1069 adhuc
2675 1014 2878 1068 vivere
2920 1014 3132 1068 videns
3165 1013 3290 1068 haec
3323 1015 3630 1068 tormenta?

2232 1102 2387 1158 Ecce
2417 1103 2572 1158 nuda
2606 1103 2738 1158 Filii
2769 1103 3034 1158 membra
3067 1105 3208 1157 sunt
3235 1107 3494 1173 cruenta,

2235 1191 2401 1247 Heul
2443 1197 2506 1247 ut
2540 1192 2656 1246 ista
2690 1191 2896 1246 videas
2927 1191 3121 1246 adhuc
3153 1207 3222 1245 es
3261 1192 3504 1246 detenta.

2307 1281 2513 1353 Virgo,
2547 1283 2602 1334 te
2636 1280 3032 1335 considerans
3065 1281 3239 1334 anxie
3269 1281 3512 1350 plorare,

2235 1369 2418 1424 Doleo
2451 1373 2527 1439 te,
2563 1369 2829 1437 Domina,
2863 1369 2972 1424 sed
3001 1367 3151 1424 heu!
3198 1384 3335 1439 non,
3370 1384 3571 1435 amare,

2237 1457 2824 1528 Misericordissima,
2861 1457 3156 1528 supplico,
3191 1458 3456 1529 dignare,

2239 1547 2322 1601 De
2345 1547 2454 1601 hac
2484 1563 2656 1617 pinna
2687 1550 2785 1600 tua
2814 1562 2906 1601 me
2934 1547 3085 1600 velis
3117 1547 3446 1601 vulnerare.

2310 1635 2517 1705 Vides,
2551 1651 2677 1690 mea
2702 1635 3189 1706 Domina,natum
3220 1651 3588 1706 generosum,

2238 1724 2423 1790 Quem
2460 1723 2754 1794 Propheta
2786 1725 3047 1778 nominat
3076 1740 3198 1793 prae
3217 1724 3447 1778 cunctis
3478 1723 3773 1787 formosum,

2242 1813 2414 1868 Nunc
2444 1813 2637 1882 pmnis
2670 1812 3019 1884 urgentibus
3048 1813 3242 1865 virum
3273 1812 3618 1880 dolor-osum,

2247 1898 2414 1956 Heul
2447 1903 2503 1955 et
2531 1901 2726 1974 plagis
2759 1900 3029 1970 pluribus
3055 1903 3238 1954 totum
3272 1901 3592 1954 ulcerosum

2317 1989 2364 2044 0
2391 1989 2566 2044 turba
2595 1989 2862 2058 Judaica,
2894 1987 3138 2059 perﬁda,
3172 1989 3485 2060 obscenaﬂ

2166 2104 2216 2164 Β
2248 2077 2295 2132 0
2324 2081 2542 2132 vestrm
2572 2075 2804 2132 duritiae
2835 2068 3049 2147 aspera
3080 2092 3330 2145 venena,

2248 2166 2296 2221 0
2326 2182 2476 2238 gens
2516 2165 2964 2235 nefandissima,
2997 2167 3156 2220 omni
3184 2167 3338 2221 malo
3368 2165 3551 2236 plena,

2247 2251 2440 2320 Quare
2472 2253 2617 2309 nihil
2646 2255 2904 2308 ﬂecteris
2936 2255 2994 2308 in
3024 2258 3140 2308 tam
3171 2255 3322 2310 dura
3350 2255 3556 2324 ραιηαῖ

2319 2343 2419 2397 Sic
2451 2345 2532 2412 tu,
2563 2358 2692 2396 mea
2721 2343 2935 2411 anima,
2969 2343 3114 2396 dura
3145 2347 3200 2396 et
3231 2357 3534 2412 perversa,

2247 2430 2369 2486 Cur
2397 2431 2457 2485 in
2487 2430 2599 2484 hoc
2631 2433 2920 2485 tormento
2950 2445 3066 2484 non
3098 2446 3165 2484 es
3195 2431 3270 2484 ad
3303 2431 3498 2485 ﬂetum
3527 2428 3715 2484 versa?

2249 2519 2441 2583 Quare
2472 2535 2590 2574 non
2620 2535 2686 2573 es
2717 2519 2995 2590 lacrymis
3025 2521 3244 2572 amaris
3276 2535 3542 2588 aspersa,

2253 2608 2474 2662 Videns
2497 2609 2758 2662 membra
2790 2609 3021 2662 Domini
3051 2624 3268 2662 cruore
3302 2607 3654 2677 conspersa?

2319 2696 2366 2750 0
2388 2697 2556 2764 Jesu,
2590 2697 2859 2766 digneris
2888 2712 2980 2750 me
3012 2695 3329 2750 confestim
3355 2698 3581 2768 juvare,

2249 2785 2342 2840 Me
2374 2785 2822 2839 amaritudinem
2852 2789 3009 2839 tuam
3034 2785 3125 2838 fac
3156 2789 3425 2857 gustare.

2251 2875 2364 2929 Pro
2396 2875 2515 2928 tuis
2545 2875 2852 2928 doloribus
2885 2873 2977 2928 fac
3007 2889 3098 2928 me
3131 2875 3388 2943 plorare,

2248 2963 2400 3019 Nam
2431 2963 2542 3017 hoc
2583 2963 2712 3017 sine
2741 2962 3021 3034 lacrymis
3061 2963 3238 3033 pudet
3268 2979 3366 3018 me
3398 2976 3652 3034 pensare.

2324 3051 2452 3106 Heu
2481 3048 2493 3104 l
2529 3051 2640 3106 hoc
2670 3050 3012 3105 miserabile
3042 3054 3154 3118 est,
3190 3053 3247 3105 et
3278 3052 3492 3105 mirum
3525 3062 3667 3115 vere,

2249 3141 2359 3206 Qui
2391 3144 2447 3194 te
2478 3155 2724 3211 passum
2764 3141 3042 3209 pensitat,
3076 3144 3133 3194 et
3164 3156 3280 3194 non
3299 3144 3496 3210 potest
3524 3139 3666 3204 ﬂere,

2175 3257 2222 3318 (ι
2256 3228 2416 3285 Heul
2449 3229 2744 3300 quomodo
2777 3231 2970 3298 potest
3000 3245 3066 3283 se
3098 3227 3231 3282 talis
3264 3226 3605 3284 continere?

2210 3294 2222 3314 ’
2250 3317 2297 3374 Ο
2327 3318 2496 3389 Jesu,
2529 3318 2836 3374 durissimi
2871 3319 2983 3372 mei
3005 3320 3316 3372 miserere.

2895 3441 3180 3513 Cruciﬁgi
3185 3447 3300 3498 tur.

2324 3548 2468 3604 Item
2495 3548 2648 3619 vide,
2683 3547 2896 3618 anima,
2920 3549 2981 3602 in
3011 3548 3218 3602 Jesum
3251 3549 3605 3604 bacchantes

2252 3637 2446 3708 Super
2474 3653 2712 3692 crucem
2744 3653 3017 3706 asperam
3040 3637 3264 3692 duriter
3293 3638 3576 3704 locantes,

2253 3726 2515 3780 Membra
2545 3725 2908 3780 horribiliter
2938 3725 3094 3781 ferro
3126 3726 3503 3795 perferentes

2249 3814 2670 3885 Christumque
2701 3814 3021 3869 durissime
3051 3815 3109 3868 in
3139 3815 3304 3886 ligno
3339 3815 3648 3869 clavantes.

2322 3903 2703 3958 Condolendo
2736 3903 2972 3974 respice
3001 3904 3282 3974 populum
3311 3918 3616 3970 vesanum,

2249 3991 2487 4046 Nudum
2519 4008 2738 4062 corpus
2768 4007 3040 4060 premere
3071 3997 3364 4062 tenerum,
3401 4009 3515 4048 non
3543 4001 3743 4050 sanum,

2249 4081 2444 4150 Super
2483 4081 2710 4152 lignum
2735 4080 2945 4152 jacere
2974 4096 3277 4152 asperum,
3298 4097 3421 4137 non
3451 4080 3690 4151 planum,

2250 4169 2322 4224 Et
2352 4185 2563 4224 crasso
2595 4171 2950 4242 transﬁgere
2981 4169 3150 4225 clavo
3176 4170 3489 4242 pulchram
3517 4179 3743 4223 manum.

2322 4257 2730 4328 Contemplare
2761 4275 2999 4313 manum
3038 4258 3190 4313 hanc
3222 4257 3495 4331 longam,
3528 4259 3582 4313 et
3608 4252 3848 4311 decentem

2250 4347 2595 4402 Perfossam
2615 4348 2952 4402 arctissime
2974 4364 3078 4418 pro
3102 4352 3158 4402 te
3188 4348 3527 4418 patientem,

2169 4397 2224 4459 Ι)
2251 4397 2611 4508 ὲείἑιξιῖίίιζιῖι
2619 4397 3219 4509 ἶὶιῖιξῖἑέιῖιᾘθτρἶοόίἔ
3230 4397 3592 4504 ἐξιὶιῖέξιῖἔω,

2252 4523 2481 4580 Vulnus
2511 4525 2951 4580 amarissimum
2980 4541 3085 4596 pro
3115 4529 3172 4579 te
3203 4523 3600 4580 sufferentem.

2322 4614 2368 4669 Ο
2399 4629 2612 4668 manus
2645 4615 3044 4684 sanctissima,
3078 4630 3186 4685 pro
3218 4629 3308 4668 me
3339 4615 3650 4684 penetrata,

2252 4701 2418 4757 Clavi
2449 4703 2846 4758 crassitudine
2878 4703 3123 4757 multum
3153 4703 3391 4774 laniata,

2250 4793 2689 4847 Percussorum
2717 4791 2937 4862 impetu
2978 4791 3104 4846 dire
3135 4792 3414 4863 lacerata,

2251 4880 2459 4936 Scribe
2489 4881 2548 4935 in
2572 4897 2664 4935 me
2692 4880 2947 4952 qualiter
2976 4896 3041 4934 es
3075 4881 3431 4952 angustiata.

2321 4971 2515 5023 Pensa
2549 4969 2698 5036 haec,
2733 4970 3075 5038 durissima,
3101 4971 3204 5040 qui
3225 4982 3522 5040 nunquam
3542 4961 3752 5027 ﬂevisti,

2250 5058 2407 5114 Voca
2439 5058 2872 5113 instantissime
2902 5073 3132 5129 magna:
3161 5075 3354 5129 pinnae
3383 5057 3502 5112 isti.

2248 5147 2542 5216 Plorabis,
2577 5148 2632 5202 si
2664 5147 2932 5201 senseris
2962 5147 3118 5202 hunc
3149 5147 3411 5202 dolorem
3444 5142 3676 5208 Christi,

2251 5235 2355 5291 Vel
2391 5236 2546 5306 quod
2579 5252 2653 5290 ex
2687 5236 2774 5290 eis
2809 5237 3096 5307 contingit
3125 5235 3260 5306 ejus
3291 5233 3460 5289 Matri
3491 5231 3657 5287 tristi.

2323 5325 2545 5394 Nempe
2580 5325 2763 5378 Mater
2795 5325 3004 5380 videns
3038 5325 3170 5394 hoc,
3208 5326 3386 5379 multo
3403 5323 3534 5394 plus
3557 5309 3850 5390 languescit,

2252 5413 2319 5466 Et
2353 5419 2637 5468 commota
2671 5415 2887 5468 acriter
2907 5415 2962 5467 in
2987 5429 3054 5467 se
3086 5414 3473 5481 contabescit,

2249 5505 2445 5559 Seusu
2477 5503 2600 5557 fere
2641 5504 2872 5572 perdito
2905 5506 3291 5573 semetipsam
3321 5502 3528 5558 nescit.

2249 5593 2365 5648 Sed
2396 5594 2456 5646 in
2486 5593 2623 5646 ﬂetu
2653 5593 2934 5647 difﬂuens
2967 5594 3136 5664 quasi
3164 5593 3289 5663 jam
3321 5589 3607 5662 liquescit.

2321 5682 2480 5736 Proh
2509 5681 2677 5737 dolor
2703 5679 2714 5737 ι
2748 5683 3016 5736 molestia
3047 5681 3231 5752 hujus
3263 5682 3450 5752 plaga
3481 5679 3602 5734 dire

2251 5770 2497 5829 Matrem
2527 5772 2720 5842 pinnis
2753 5770 2883 5826 Filii
2915 5771 3148 5826 videtur
3169 5771 3369 5842 ferire,
