3948 6168
135 331 226 396 617
1343 320 1795 384 OPUSCULA
1855 320 2192 383 SPURIA.

134 531 291 597 Curre,
319 540 489 593 curre,
518 524 728 591 anima,
761 538 915 579 nunc
948 524 1166 578 festina
1199 523 1306 591 ire,

133 617 187 673 Ut
208 622 258 671 tu
281 613 457 686 possis
483 612 782 666 Dominam
811 611 1018 667 eadem
1050 609 1279 666 fulcire.

184 703 304 772 Heu,
333 701 447 756 hinc
471 705 575 770 est,
608 699 874 770 Domina,
908 699 1038 755 dies
1067 699 1174 754 tibi
1201 699 1367 767 dura,

128 793 240 849 Nam
263 789 740 846 circumdederunt
767 792 824 844 te
853 789 1028 844 modo
1057 788 1266 843 matris
1293 787 1450 860 jura,

129 881 254 936 Nunc
280 879 561 950 plusquam
589 877 930 948 parturiens
963 878 1152 932 sentis
1185 875 1337 930 mala
1365 875 1558 947 plura,

124 971 229 1037 Quae
253 966 467 1022 carebas
498 967 732 1036 pariens
765 971 1032 1021 materna
1060 980 1372 1037 pressura.

175 1057 210 1111 Ο
233 1052 405 1110 dolor!
436 1069 468 1110 ο
497 1055 753 1126 gemitus
779 1052 792 1110 l
825 1070 943 1127 quo
972 1058 1028 1110 te
1061 1070 1128 1110 es
1160 1068 1434 1122 versura,

126 1144 336 1215 Undique
359 1142 564 1197 afﬂicta
594 1158 662 1198 es
699 1159 773 1198 ex
804 1143 922 1198 nati
951 1145 1175 1198 tortura
1195 1145 1224 1196 ‘?

122 1232 322 1298 Qualiter
346 1246 610 1286 mensura
644 1231 921 1303 stigmata
952 1230 1169 1301 futura,

121 1321 223 1388 Quae
245 1320 295 1374 in
321 1322 526 1374 tantum
556 1317 766 1375 deﬁcis
795 1335 902 1390 pro
933 1319 1050 1375 ista
1080 1319 1274 1376 ﬁxura
1293 1319 1324 1373 ?

170 1409 326 1464 Porro
349 1411 458 1463 tam
487 1406 763 1464 ﬂebiliter
791 1423 967 1464 manu
997 1407 1106 1463 hac
1139 1407 1386 1476 ﬁrmata,

116 1497 265 1552 Altera
289 1494 624 1551 distenditur
653 1500 718 1552 ut
745 1495 823 1552 sit
855 1496 1220 1565 conclavata,

115 1585 200 1641 Sed
223 1585 373 1639 nimis
402 1582 687 1640 foramina
716 1588 854 1641 sunt
883 1585 1238 1656 inordinata,

117 1672 240 1728 Ultra
262 1672 669 1746 longitudinem
700 1674 972 1748 corporis
1001 1673 1267 1740 formata,

161 1763 196 1816 Ο
217 1761 395 1818 dolor!
427 1777 459 1818 ο
489 1764 749 1835 gemitus
775 1762 789 1819 l
829 1763 973 1836 quid
1003 1778 1159 1819 nunc
1188 1765 1329 1819 sunt
1358 1761 1573 1818 facturi

111 1848 300 1904 Gemant
323 1851 416 1921 qui
444 1850 826 1907 considerant
850 1851 974 1924 jam
1004 1867 1121 1907 non
1152 1851 1331 1930 corde
1360 1850 1513 1920 duri,

108 1937 217 1992 Cum
239 1938 493 1995 festinant
519 1938 760 1996 trahere
791 1941 958 2012 pravi
987 1940 1237 2012 perituri

109 2025 172 2079 Ad
194 2026 304 2081 loca
330 2027 672 2084 foraminum
701 2028 962 2085 membra
991 2028 1179 2084 Chisti
1210 2029 1362 2100 puri.

159 2113 214 2169 Ut
237 2114 434 2187 legisti,
465 2117 680 2187 anima,
715 2132 890 2173 cerne
922 2117 1083 2172 diras
1115 2122 1347 2190 gentes,

106 2201 400 2259 lnhumanos
430 2205 672 2275 milites,
706 2203 860 2262 heul
892 2207 1068 2261 nimis
1099 2205 1386 2275 furentes,

105 2289 310 2346 Membra
337 2293 412 2347 tui
444 2292 678 2349 Domini
709 2309 844 2349 cum
871 2293 928 2348 vi
959 2295 1388 2365 distendentes,

105 2377 154 2432 Et
174 2379 223 2433 in
246 2381 463 2436 modum
490 2381 738 2453 pellium
769 2382 906 2438 hinc
937 2383 1075 2439 inde
1106 2382 1432 2439 trahentes.

151 2465 266 2533 Quis
295 2467 451 2525 eﬂ'ari
479 2475 701 2542 potest,
732 2471 892 2543 quod
920 2474 1142 2528 tantum
1171 2472 1546 2528 tetenderunt

104 2555 156 2610 Ut
177 2559 508 2614 membratim
549 2559 866 2616 Dominum
894 2576 1045 2632 pene
1075 2561 1405 2616 diviserunt
1431 2559 1564 2631 (68),

103 2641 217 2698 Pene
240 2661 366 2702 assa
389 2649 586 2704 omnia
619 2649 752 2720 ejus
786 2650 1176 2719 nudaverant,

100 2735 159 2787 Ac
183 2734 340 2791 clavis
367 2739 775 2794 crassissimis
808 2738 1073 2794 membra
1103 2739 1529 2796 transfixerunt
1550 2742 1578 2793 ?

150 2821 185 2877 Ο
208 2826 322 2896 quis
352 2826 508 2900 loqui
535 2828 758 2900 poterit
787 2827 1261 2897 horribilitatem,

96 2913 181 2966 Aut
204 2915 658 2988 cruciﬁgentium
687 2915 840 2972 hanc
873 2916 1296 2985 crudelitatem,

99 2998 320 3058 Patient’s
348 3004 578 3061 Domini
611 3003 765 3059 hanc
797 3006 1212 3075 poenalitatem,

100 3086 254 3145 Matris
279 3095 331 3146 et
357 3094 681 3149 amantium
711 3093 860 3148 hanc
891 3093 1244 3148 anxietatem
1263 3097 1292 3146 ‘9

149 3177 233 3232 Hic
258 3186 463 3236 nostrae
494 3181 734 3237 duritiae
765 3183 999 3252 penitus
1031 3183 1400 3254 frangantur,

97 3263 308 3322 Medulla:
335 3270 390 3323 in
420 3269 724 3342 lacrymas
757 3272 1067 3342 sanguinis
1114 3276 1438 3337 vertantur,

96 3350 264 3409 Cuncta
289 3357 584 3413 desideria
617 3360 676 3413 in
709 3358 914 3413 Jesum
947 3362 1224 3431 ﬁgantur,

101 3437 149 3494 Ft
170 3443 241 3497 sic
267 3447 434 3500 corda
465 3446 667 3501 valido
699 3447 899 3501 dolore
935 3449 1302 3515 scindantur,

146 3527 254 3586 Sive
279 3535 410 3589 ﬂetu
439 3536 664 3606 pudeat
697 3550 807 3590 nos
840 3536 966 3589 haec
1001 3538 1326 3604 praeterire,

99 3614 177 3672 Hic
199 3635 227 3673 a
253 3622 439 3677 cordis
472 3624 703 3696 gemitu
735 3625 902 3678 decet
933 3641 1043 3680 nos
1079 3626 1302 3695 rugire,

96 3707 147 3759 At
168 3723 279 3763 cum
304 3709 473 3767 ffente
506 3712 759 3767 Domino
792 3713 1052 3767 dolorem
1088 3714 1328 3778 sentire,

97 3791 173 3848 Vel
197 3797 240 3850 si
269 3798 388 3868 ipse
422 3800 678 3867 dederit,
709 3789 847 3854 'cum
881 3815 949 3855 eo
982 3802 1168 3855 obire.

503 3888 642 3944 Flet
679 3889 958 3944 Christi”
989 3893 1048 3943 in
1082 3907 1256 3944 cruce

144 3970 593 4046 Contemplando,
628 3978 840 4046 anima,
873 3978 969 4032 hic
1000 3979 1174 4031 dilata
1208 3983 1482 4048 mentem,

97 4057 204 4114 Vide
228 4063 419 4120 Jesum
452 4068 747 4120 maximas
781 4081 988 4137 poenas
1029 4065 1431 4134 sufferentem,

96 4144 177 4200 Pro
201 4153 247 4204 te
275 4156 642 4209 amarissime
677 4156 734 4209 in
764 4155 1073 4209 tormentis
1105 4155 1358 4221 ﬂentem,

93 4231 231 4304 Intus,
259 4245 311 4296 et
338 4245 607 4298 exterius
638 4247 822 4298 totum
857 4244 1190 4312 patientem.

143 4323 267 4383 Ecce
297 4329 660 4386 horribiliter
689 4332 951 4386 membra
984 4333 1378 4388 extenduntur

94 4412 237 4488 Cutis,
265 4436 392 4478 caro
425 4439 644 4493 aspero
675 4422 832 4478 ferro
869 4423 1186 4493 fodiuntur,

96 4503 209 4575 Heu,
237 4525 546 4584 compages
580 4513 810 4566 ossium
840 4528 874 4566 a
904 4527 971 4567 se
1002 4512 1433 4581 dissolvuntur,

91 4595 240 4666 Atque
265 4601 526 4655 membra
559 4601 850 4672 sanguine
882 4605 1091 4655 cuncta
1120 4600 1572 4670 perfunduntur.

141 4681 197 4738 Et
224 4702 419 4743 manus
451 4689 792 4744 tenerrima
826 4690 1011 4744 clavis
1043 4689 1438 4760 perforantur,

98 4769 245 4828 Pedes
274 4775 440 4832 modo
472 4777 656 4831 simili
685 4777 810 4831 dire
841 4778 1238 4847 terebrantur,

95 4857 237 4934 ὅθι·γὶ
263 4879 388 4918 cum
418 4866 744 4921 subtilibus
777 4865 952 4919 ferris
983 4867 1338 4934 lacerantur,

89 4930 162 5002 Sic
187 4954 235 5006 et
259 4968 419 5011 venm
447 4958 673 5011 tenerae
703 4954 888 5009 clavis
920 4955 1229 5010 laniantur.

141 5037 284 5111 Vide,
313 5043 444 5099 vide
476 5044 719 5100 intimos
749 5044 902 5099 istos
935 5046 1254 5113 cruciatus,

92 5121 266 5184 Cardie
293 5131 425 5202 ejus
457 5134 740 5204 gemitus,
773 5137 948 5204 atque
987 5133 1268 5204 ejulatus,

87 5210 359 5274 Oculorum
387 5223 612 5290 pariter
640 5221 862 5277 uberes
895 5222 1187 5291 ploratus,

92 5299 242 5375 L'tque
270 5308 446 5364 decor
478 5312 748 5382 corporis
778 5315 938 5366 totus
971 5315 1063 5367 est
1094 5313 1346 5368 ablatus.

140 5392 178 5446 Ο
201 5395 334 5452 Jesu
363 5399 658 5470 piissime,
691 5399 834 5473 quid
865 5403 975 5470 est,
1008 5401 1150 5471 quid
1186 5401 1414 5473 egisti?

87 5475 237 5540 Quare
262 5489 340 5540 tot
369 5504 475 5557 pro
507 5489 745 5544 miseris
782 5493 1072 5544 tormenta
1105 5489 1325 5544 subisti
1355 5492 1383 5543 ‘?

145 5595 238 5667 (63)
262 5601 424 5660 Suar.
458 5604 521 5660 in
552 5622 609 5660 in
638 5622 698 5677 p.
721 5608 860 5663 tom.
895 5605 965 5676 II,
1002 5606 1118 5676 dis,
1150 5602 1241 5676 36,
1278 5608 1425 5664 sect.
1472 5607 1528 5660 4.

491 5730 744 5789 Parnon.
790 5729 1051 5787 CXLIX.

1745 501 1801 560 Α
1831 518 2064 574 Faciam
2097 522 2437 592 consignari
2470 536 2560 576 me
2593 523 2858 591 passioni
2891 523 3008 592 isti,

1829 607 2033 681 Plagis
2061 609 2179 663 tuis
2209 608 2360 664 laede
2390 625 2481 664 me
2513 613 2686 681 atque
2715 616 2903 665 morte
2932 612 3106 665 tristi.

1897 697 2039 752 Item
2073 712 2269 766 cerne,
2302 698 2514 768 anima,
2546 699 2772 753 vultum
2802 698 3008 752 Matris
3039 699 3254 769 ﬂentis,

1826 787 1889 840 In
1921 785 2054 841 istis
2085 786 2401 859 angustiis,
2427 784 2656 860 jugiter
2682 787 3022 857 praesentis,

1823 873 2018 931 Pensa
2047 874 2377 932 ineffabiles
2407 891 2616 947 poenas
2648 875 2784 948 ejus
2813 875 3052 944 mentis,

1827 965 2087 1038 Urgente
2117 965 2490 1022 incommodo
2521 981 2672 1036 pene
2699 966 3032 1021 morientis.

1896 1055 2045 1120 Heu,
2079 1053 2264 1126 Virgo
2293 1055 2708 1125 pulcherrima,
2743 1055 2967 1125 peccati
2995 1054 3203 1126 ignara

1824 1143 2203 1215 Feminisque
2234 1144 2424 1214 pridie
2456 1144 2692 1199 caeteris
2723 1145 2858 1214 plus
2888 1144 3194 1214 praeclara,

1824 1232 1993 1287 Nunc
2023 1232 2272 1302 pallens,
2307 1234 2366 1287 et
2392 1232 2667 1303 lugubris
2699 1235 2816 1287 tota
2845 1247 2911 1288 es
2939 1247 3156 1299 amara,

1821 1321 2085 1376 Patiente
2115 1336 2314 1376 coram
2345 1323 2400 1376 te
2429 1325 2528 1376 tua
2557 1320 2731 1376 Prole
2762 1321 2960 1376 chara.

1893 1406 2248 1480 Compellor,
2280 1421 2314 1462 o
2346 1408 2611 1477 Domina,
2645 1409 2718 1464 de
2749 1411 2805 1464 te
2833 1408 3082 1465 reticere

1823 1497 1968 1566 Quia
1997 1501 2054 1553 te
2085 1498 2402 1555 considero
2431 1497 2684 1569 amplius
2715 1497 2918 1554 dolore

1823 1585 2008 1652 Quam
2039 1583 2349 1643 serm'ones
2379 1586 2560 1659 aliqui
2590 1587 2828 1659 possint
2847 1585 2962 1642 fari
2993 1601 3155 1656 vere,

1824 1675 1940 1729 Aut
1966 1675 2182 1730 mentis
2211 1673 2508 1730 meditatio
2543 1674 3002 1745 comprehendat
3031 1689 3230 1731 merae.

1743 1734 1796 1797 Β
1896 1761 2031 1818 Non
2059 1762 2263 1833 miror,
2297 1778 2331 1819 o
2362 1762 2632 1834 Domina,
2664 1734 2848 1835 Uirgo
2882 1761 3172 1830 redimita,

1825 1852 1966 1917 Quae
1997 1853 2058 1907 in
2087 1855 2205 1908 tam
2235 1851 2532 1907 ﬂebilibus
2563 1867 2630 1908 es
2659 1851 2970 1906 tormentis
3003 1852 3116 1906 sita
3141 1870 3155 1917 ;

1823 1940 1941 1997 Sed
1971 1941 2229 1996 admiror
2259 1939 2552 2012 quomodo
2583 1954 2936 2011 perseveras
2969 1939 3066 2007 ita,

1824 2029 1896 2085 Et
1925 2030 2084 2101 quod
2114 2045 2221 2084 cor
2250 2045 2368 2086 non
2397 2029 2688 2100 rumpitur
2713 2028 3070 2085 abscedente
3097 2027 3234 2083 vita.

1894 2119 1941 2174 Ο
1970 2133 2099 2174 mea
2130 2115 2377 2174 fiducia!
2410 2118 2706 2189 deprecor
2733 2121 2795 2173 ut
2823 2117 2997 2184 velis,

1823 2207 2028 2264 Statim
2058 2223 2152 2262 me
2181 2207 2496 2280 perfodere
2525 2211 2642 2263 tuae
2670 2223 2863 2278 paenae
2889 2207 3049 2277 telis,

1825 2296 1941 2355 Fac
1969 2299 2031 2351 ut
2058 2296 2163 2352 tibi
2188 2295 2416 2368 jugiter
2445 2311 2661 2351 servus
2694 2295 2808 2350 sim
2837 2294 3051 2364 ﬁdelis,

1826 2384 1896 2440 Et
1925 2400 2115 2441 meam
2146 2385 2450 2440 Dominam
2480 2383 2721 2440 adorem
2748 2383 2808 2439 in
2839 2383 3029 2438 caelis.

1895 2473 1940 2528 Ο
1969 2474 2106 2545 quis
2139 2473 2268 2528 sine
2299 2473 2576 2544 lacrymis
2606 2475 2801 2542 potest
2831 2473 2958 2528 hinc
2989 2485 3243 2542 pensare

1825 2564 1932 2618 Tot
1963 2562 2213 2618 sufferre
2244 2562 2448 2635 gravia
2489 2562 2596 2616 Dei
2625 2561 2910 2629 Salutare,

1827 2652 2110 2723 Hancque
2142 2651 2387 2706 Matrem
2420 2651 2723 2724 Virginem
2751 2653 2868 2704 tam
2900 2649 3144 2706 multum
3173 2648 3429 2720 plorare,

1825 2741 2194 2812 Sanctosque
2226 2741 2527 2811 apostolos
2559 2739 2741 2794 multa
2770 2739 3068 2796 tolerare?

1896 2831 2156 2886 Joannes
2187 2829 2472 2899 apostole,
2507 2831 2608 2900 qui
2639 2829 2752 2884 ista
2781 2828 3003 2896 vidisti,

1826 2919 2210 2989 Videndoque
2240 2919 2440 2972 intime
2474 2918 2797 2974 condolens
2829 2916 3068 2984 ﬂevisti,

1749 2995 1798 3054 Ο
1826 3008 2026 3063 Fletus
2060 3008 2200 3061 mihi
2232 3007 2498 3077 impetra,
2532 3009 2894 3078 vulneraque
2923 3005 3163 3066 Christi,

1827 3097 1977 3150 Juva
2007 3112 2119 3164 me,
2155 3111 2286 3149 cum
2317 3095 2562 3161 videris,
2597 3097 2731 3150 ante
2762 3095 2970 3149 Jesum
2999 3093 3153 3148 sisti.

1897 3185 1940 3237 F
1971 3185 2217 3238 amatrix
2251 3184 2501 3252 Domini,
2535 3183 2630 3254 pia
2660 3182 3031 3254 Magdalena,

1825 3277 2008 3337 Quem
2040 3275 2238 3327 vidisti
2267 3274 2492 3344 perpeti
2524 3273 2704 3327 multo
2736 3271 2896 3326 luctu
2923 3270 3116 3342 plena,

1826 3366 1966 3417 Peto
1995 3378 2100 3432 pro
2133 3362 2456 3431 multiplici,
2494 3377 2669 3434 quam
2697 3364 2761 3417 tu
2792 3360 2983 3430 vides,
3015 3375 3208 3430 paena,

1826 3452 1969 3505 Mihi
2001 3453 2195 3505 luctus
2229 3451 2446 3520 obtine,
2480 3455 2536 3505 et
2565 3451 2684 3521 poli
2714 3465 2962 3505 ammna.

1895 3541 1941 3592 Ο
1972 3540 2214 3609 reliquae
2250 3543 2470 3592 sanctze
2501 3537 2758 3606 feminae,
2795 3537 3008 3609 sigulaa
3039 3537 3264 3603 Mariae,

1825 3635 1965 3690 Qua:
1999 3627 2233 3682 vidistis
2264 3627 2466 3699 gravia
2502 3630 2786 3682 tormenta
2818 3626 3081 3694 Messias,

1827 3715 1939 3767 Pro
1973 3731 2063 3768 me
2095 3731 2306 3784 preces
2339 3714 2562 3770 fundite
2593 3731 2832 3786 semper
2862 3714 3012 3786 proli
3040 3715 3175 3784 pice,

1830 3803 1903 3856 Ut
1935 3803 2166 3857 salvum
2197 3819 2289 3858 me
2321 3804 2496 3860 faciat
2524 3806 2583 3859 in
2613 3808 2875 3860 extrema
2907 3805 3022 3859 die.

1901 3893 2014 3947 Per
2044 3892 2284 3963 Christi,
2319 3893 2531 3963 adiuro
2561 3909 2692 3959 vos,
2726 3894 2971 3948 vulnera
3003 3897 3266 3961 cruenta,

1901 3985 2014 4037 Pro
2044 3983 2263 4053 quibus
2294 3982 2681 4036 maestissima
2711 3982 2963 4036 dedistis
2995 3982 3268 4049 lamenta,

1833 4073 2038 4126 Juvate
2072 4071 2132 4123 ut
2163 4084 2438 4138 spernam
2470 4069 2663 4122 hostis
2693 4071 3072 4135 tentamenta,

1836 4155 1905 4213 Et
1935 4163 1996 4212 ut
2026 4174 2142 4212 non
2174 4158 2499 4211 sustineam
2532 4163 2746 4210 aeterna
2777 4159 3088 4210 tormenta.

1749 4240 1798 4298 D
1903 4247 2072 4301 Nunc
2103 4244 2386 4300 affectans
2417 4246 2649 4299 animus
2681 4245 3072 4313 lacrymarum
3103 4244 3353 4312 fructus,

1835 4335 2051 4390 lterum
2090 4334 2162 4387 ad
2194 4334 2504 4389 Dominum
2533 4336 2690 4386 totus
2722 4333 2799 4386 sit
2829 4333 3134 4402 reductus,

1836 4428 2026 4494 Nunc,
2059 4439 2216 4480 nunc
2247 4423 2342 4492 pia
2371 4422 2564 4476 anima
2595 4421 2704 4475 ﬁas
2735 4437 2903 4490 aquae
2935 4421 3168 4480 ductus.

1837 4516 2062 4570 Dehinc
2090 4516 2208 4568 tota
2238 4512 2291 4566 si
2319 4511 2542 4579 valeas,
2574 4511 2876 4581 liquescas
2907 4511 2966 4564 in
2997 4511 3214 4578 luctus,

1907 4605 2139 4676 Specta,
2175 4606 2378 4672 specta
2408 4602 2608 4656 intime
2638 4601 2846 4654 Jesum
2872 4599 3173 4672 ejulando,

1837 4694 2310 4764 Circumquaque
2340 4692 2587 4747 vulnera
2619 4690 2856 4762 singula
2886 4690 3224 4755 scrutando,

1838 4784 2100 4850 Qualiter
2132 4783 2374 4854 gravata
2407 4781 2524 4834 sint
2553 4781 2647 4850 pie
2677 4779 3056 4848 explorando.

1839 4875 1910 4928 Et
1939 4871 2078 4944 quid
2108 4870 2275 4941 pravi
2305 4869 2568 4924 fecerant
2598 4882 2836 4922 crucem
2864 4865 3191 4920 exaltando.

1910 4960 2085 5031 Ecce,
2119 4974 2258 5014 eece
2288 4958 2518 5014 elevant
2547 4954 2786 5028 signum
2815 4954 3193 5016 nominatum,

1840 5051 2062 5121 Spiritu
2092 5047 2437 5119 praphetico
2467 5045 2633 5116 prius
2663 5044 3110 5115 praesignatum,

1841 5139 2073 5206 Jesum,
2104 5151 2311 5192 verum
2341 5134 2660 5202 hominem,
2697 5133 2902 5199 Deum,
2936 5131 3042 5185 Dei
3072 5135 3292 5201 natum,

1843 5229 1906 5282 ln
1933 5227 2098 5297 ligno
2129 5224 2464 5280 arctissime
2495 5227 2732 5278 tensum
2761 5223 2818 5276 et
2849 5221 3157 5276 clavatum.

1915 5316 2193 5382 Gemens,
2228 5329 2425 5381 cerne,
2457 5312 2670 5380 anima,
2702 5325 2940 5366 erucem
2968 5310 3272 5383 erigentes

1848 5405 2108 5462 Tandem
2141 5418 2275 5458 cum
2303 5402 2524 5472 impetu
2553 5398 2734 5456 nimio
2767 5399 3019 5471 ﬁgentes
3047 5415 3056 5453 :

1851 5491 2333 5564 Heu,"disjuncta
2366 5490 2630 5560 graviter
2659 5487 2920 5543 membra
2952 5486 3320 5555 eollidentes,

3169 5723 3240 5776 20

3376 318 3495 384 618
