3948 6168
389 299 505 362 (£19
1431 299 1490 358 S.
1543 300 1915 359 ANSELMI
1966 300 2371 361 LUCENSIS
2445 299 2826 360 EPISCOPI
3667 306 3760 368 620

391 499 457 551 Et
494 499 865 551 inrtl‘aliilltcr
898 499 1207 551 Dominum
1230 503 1596 568 torquentes.

457 588 599 651 Quis
650 603 766 640 non
798 593 1036 639 mcerent
1069 588 1275 640 videns
1310 586 1567 640 furorem
1601 588 1905 652 malorum,

385 676 605 731 Christi
637 675 807 728 ﬂetus
840 676 1066 742 copiam
1090 678 1143 727 et
1177 676 1591 744 suspiriorum,

385 763 553 817 Hanc
603 778 836 833 poenam
896 763 1310 833 gravissimam
1350 764 1605 817 omnium
1637 764 2053 832 membrorum,

390 850 834 921 Disjunctorum
865 850 1092 904 scilicet
1131 852 1209 905 ita
1242 851 1631 906 collisorum?

458 937 661 1005 Curre,
707 954 879 992 curre
911 938 1120 1007 anima,
1165 956 1339 1005 nunc,
1376 941 1427 994 si
1459 940 1545 993 sis
1576 940 1807 1003 devota,

390 1026 480 1080 Ad
510 1026 661 1080 hanc
695 1041 931 1080 crucem
963 1043 1208 1097 propera
1239 1029 1366 1082 sine
1400 1044 1566 1082 mora
1595 1031 1732 1093 tota,

392 1115 837 1169 Discurrentem
868 1116 1219 1186 sanguinem
1253 1116 1466 1187 collige
1498 1121 1553 1170 et
1571 1120 1721 1185 pota,

393 1201 463 1257 Et
492 1212 699 1256 cuncta
730 1219 862 1273 quae
893 1219 1110 1273 passus
1154 1208 1244 1257 est
1272 1206 1331 1258 in
1373 1208 1655 1259 aeternum
1687 1205 1840 1273 nota,

462 1290 868 1362 Contemplare
910 1293 1112 1346 clavos
1145 1292 1255 1347 hos
1289 1308 1495 1348 manus
1542 1293 1984 1364 transfigentes,

392 1380 599 1434 Totum
630 1380 861 1449 pondus
894 1381 1184 1451 corporis,
1242 1381 1390 1451 proh
1429 1379 1630 1436 dolor!
1673 1384 1951 1452 gerentes

391 1466 542 1536 Heu,
576 1468 949 1523 ineffabiliter
978 1476 1218 1524 vulnera
1252 1474 1559 1541 augentes,

391 1555 462 1610 Et
491 1559 552 1610 ut
567 1572 708 1611 vere
733 1558 983 1625 aestimo,
1018 1574 1085 1612 ea
1117 1558 1555 1612 discindentesl
1716 1569 1755 1594 ο

463 1644 655 1698 Lasso
687 1644 860 1711 collo,
896 1643 1040 1699 heu!
1077 1648 1249 1714 caput
1280 1646 1491 1715 μιιάυῆ
1522 1644 1884 1714 dolorosum,

390 1732 614 1787 Carens
638 1732 1064 1801 sustentaculo,
1108 1738 1437 1802 cruentum,
1474 1732 1813 1802 spinosum!

389 1822 435 1875 Ο
463 1821 598 1891 quis
622 1837 739 1874 non
771 1821 904 1874 fleat
935 1821 1168 1875 intuens
1213 1822 1438 1875 vultum
1471 1823 1840 1892 speciosum;

390 1907 790 1974 Cruentatum,
824 1907 1125 1976 pallidum,
1156 1908 1489 1979 lugubrem,
1523 1909 1951 1965 verberosum?

461 1993 631 2049 Certe
652 1994 761 2068 qui
777 1994 908 2068 haec
940 1997 1167 2068 cogitas
1199 2002 1255 2050 et
1285 2012 1402 2051 non
1438 1997 1804 2068 lacrymaris,

388 2066 521 2120 Non
555 2065 700 2119 satis
733 2065 979 2137 diligere
1020 2065 1204 2120 Deum
1237 2065 1663 2139 comprobaris,

387 2154 553 2223 Jesu,
588 2152 732 2207 mihi
762 2154 1056 2224 lacrymas
1086 2171 1301 2224 precor
1329 2156 1625 2228 largiaris,

386 2241 479 2296 Me
509 2256 705 2296 amare
735 2258 943 2312 parum
974 2245 1029 2297 te
1061 2260 1360 2315 nunquam
1391 2246 1650 2314 patiaris.

816 2329 959 2385 Orat
1010 2348 1122 2402 pro
1175 2332 1632 2389 cruciﬁxoribus

456 2417 622 2488 Jesu,
671 2420 770 2490 qui
796 2419 869 2473 ab
907 2418 1102 2490 impiis
1135 2421 1193 2474 in
1216 2437 1390 2476 cruce
1422 2423 1696 2490 clavaris,

384 2506 458 2560 Et
487 2510 679 2561 tamen
712 2507 807 2561 his
838 2510 1065 2562 veniam
1097 2526 1128 2562 a
1164 2511 1338 2565 Patre
1371 2513 1657 2580 precaris,

388 2594 501 2667 ltlei
530 2598 588 2667 et
618 2595 981 2667 credentium
1010 2601 1071 2650 tu
1105 2599 1463 2667 miserearis,

386 2664 576 2719 Nobis
608 2681 819 2734 parcas
845 2665 1090 2738 jugiter,
1124 2685 1420 2739 nunquam
1452 2664 1764 2724 irascaris.

458 2751 599 2806 Item
628 2753 783 2822 vide,
817 2755 1028 2825 anima,
1061 2757 1310 2826 qualiter
1337 2758 1545 2824 Judaei,

386 2838 771 2895 Sacerdotum
794 2843 1115 2913 principes,
1148 2844 1394 2916 Scribaa,
1429 2847 1715 2901 Pharisaei

386 2927 683 2983 Clamant:
758 2929 917 2984 Vah!
980 2934 1077 3004 qui
1123 2934 1391 2988 destruis
1431 2936 1704 3007 templum
1759 2939 1886 2993 veri
1918 2938 2050 3009 Dei,

387 3015 569 3071 Salva
605 3020 997 3090 temetipsum,
1029 3022 1086 3076 si
1115 3038 1181 3076 es
1214 3021 1407 3078 Filius
1438 3024 1569 3080 Dei.

454 3104 745 3177 Suspensi
777 3124 911 3162 cum
943 3109 1190 3165 Domino
1225 3111 1308 3165 illi
1337 3113 1452 3168 duo
1478 3114 1584 3183 rei,

386 3193 583 3248 Unus:
620 3194 801 3250 Salva
835 3200 912 3266 te,
946 3204 1003 3252 et
1036 3214 1161 3268 nos,
1196 3200 1455 3271 loquitur
1475 3203 1556 3256 ei:

382 3281 549 3338 Alter
574 3285 782 3353 petens
814 3287 1064 3357 gratiam
1094 3288 1204 3342 ait:
1247 3289 1548 3345 Memento
1576 3293 1713 3346 mei.

382 3368 489 3425 Cui
521 3372 773 3441 spondet
800 3372 1088 3429 Dominus
1118 3377 1454 3445 paradisum
1490 3378 1612 3433 Dei.

452 3458 599 3512 Jesu
630 3460 1050 3526 amantissime,
1088 3464 1190 3533 qui
1219 3480 1338 3519 non
1367 3465 1683 3534 offendisti,

382 3544 573 3608 Quare
597 3548 677 3599 tot
708 3547 981 3601 immania
1011 3553 1296 3605 tormenta
1329 3553 1613 3607 subiisti?

382 3629 552 3685 Certe
583 3647 692 3701 pro
723 3648 835 3702 me,
872 3634 1136 3703 Domine,
1174 3636 1301 3692 haec
1334 3640 1691 3709 sustinuisti,

385 3717 454 3773 Et
484 3719 642 3789 quod
658 3735 771 3792 ego
803 3723 989 3792 rapui,
1013 3728 1073 3776 tu
1105 3740 1322 3793 passus
1346 3727 1597 3782 solvisti.

455 3806 583 3879 Ego
614 3810 730 3863 tuas
760 3810 1031 3865 meritum
1063 3828 1195 3866 sum
1227 3815 1580 3885 traditionis,

384 3895 788 3967 Vinculorum,
823 3899 1161 3970 verberum,
1195 3906 1251 3956 et
1279 3902 1689 3977 damnationis,

383 3983 721 4055 Sputorum,
746 3987 1054 4041 acictuum
1087 3995 1141 4044 et
1172 3992 1513 4061 occisionis,

385 4072 512 4144 Ego
545 4088 724 4129 causa
753 4076 869 4129 tua:
901 4092 1033 4130 sum
1066 4080 1257 4134 omnis
1289 4083 1611 4150 passionis.

454 4160 582 4233 Ego
612 4163 762 4216 mala
792 4168 1086 4235 perpetro,
1112 4171 1173 4221 tu
1222 4184 1394 4238 poena
1425 4173 1761 4237 mulctaris;

383 4248 533 4321 Ego,
578 4250 712 4320 heu,
752 4253 1055 4322 superbio;
1092 4258 1151 4309 tu
1173 4255 1538 4328 humiliaris;

382 4338 509 4409 Ego
539 4355 688 4393 vane
719 4340 904 4407 rideo,
931 4347 984 4395 et
1006 4346 1068 4398 tu
1093 4344 1443 4417 lacrymaris
1466 4367 1476 4411 ;

382 4426 510 4498 Ego
541 4442 757 4482 vescor
786 4429 1080 4500 dulcibus,
1114 4438 1173 4487 tu
1204 4434 1337 4489 felle
1372 4438 1611 4505 potaris.

453 4514 684 4570 Mecum
714 4516 861 4570 ridet
896 4519 1094 4573 timida
1128 4521 1268 4590 Eva,
1303 4528 1357 4577 et
1390 4540 1505 4578 non
1535 4526 1655 4595 pia:

382 4602 602 4657 Tecum
630 4603 820 4673 plorat
850 4608 1067 4660 acriter
1097 4609 1335 4664 humilis
1372 4612 1570 4679 Maria,

382 4688 507 4761 Ego
541 4705 674 4745 sum
696 4690 752 4743 in
773 4694 1176 4762 prosperis,tu
1209 4696 1266 4749 in
1298 4700 1507 4768 agonia
1540 4716 1550 4753 :

381 4777 496 4832 Fac
526 4795 617 4834 me
649 4784 841 4834 tecum
876 4783 1145 4851 compati,
1172 4800 1400 4854 precor,
1438 4801 1469 4839 ο
1503 4787 1742 4844 Messia.

453 4866 607 4922 Ecce
638 4872 840 4923 sancta
874 4870 1106 4924 viscera
1137 4873 1400 4929 distensa
1447 4882 1743 4948 arescunt,

379 4954 642 5011 Membra
665 4956 1028 5013 horribiliter
1056 4967 1295 5016 cruenta
1326 4964 1651 5036 rigescunt,

382 5043 726 5116 Caligantes
774 5046 1053 5117 lacrymis
1088 5052 1240 5105 oculi
1272 5052 1686 5123 languescunt,

380 5131 563 5185 Labia
594 5137 885 5201 nectarea,
920 5138 1067 5205 proh
1100 5139 1298 5193 dolor!
1334 5143 1682 5210 pallescunt.

450 5216 497 5271 Ο
518 5219 662 5273 Jesu
693 5224 1083 5292 omnipotens,
1110 5228 1208 5297 qui
1236 5233 1440 5283 cuncta
1465 5230 1793 5299 discernis;

381 5304 572 5369 Quare
603 5308 716 5361 hoc
747 5313 1189 5368 sanctissimum
1213 5332 1431 5386 corpus
1464 5319 1535 5371 ita
1570 5324 1848 5390 spernis?

384 5393 594 5448 Nonne
626 5401 789 5451 esset
819 5399 1031 5454 melius
1056 5419 1169 5456 non
1193 5405 1369 5459 subdi
1389 5407 1637 5462 infernis

382 5479 587 5549 Quam,
622 5487 676 5537 te
706 5483 827 5539 Deo
862 5487 947 5539 sic
981 5492 1149 5555 torto,
1177 5493 1397 5559 perfrui
1434 5499 1711 5565 supernis
1734 5500 1761 5551 ἱ)

456 5568 606 5626 Vere
638 5588 801 5628 amor
831 5576 1046 5629 nimius
1080 5580 1145 5630 ad
1182 5580 1307 5633 haec
1341 5586 1393 5635 te
1426 5586 1613 5653 pnngit

2084 486 2131 545 Α
2179 499 2243 551 Et
2281 501 2451 569 quasi
2484 500 2538 552 in
2564 500 2808 553 nihilum
2841 502 2962 554 fere
2994 506 3047 554 te
3072 502 3323 573 redegit;

2174 587 2609 655 Triumphatrix
2640 587 2896 642 charitas
2930 604 3080 657 opus
3110 589 3221 643 hoc
3250 594 3484 662 peregit,

2172 673 2288 729 Sed
2316 679 2581 729 nostram
2627 675 2920 745 duritiam,
2956 677 3090 746 heu,
3124 678 3310 733 adhuc
3341 695 3452 734 non
3481 680 3652 752 fregit.

2243 764 2289 818 Ο
2320 765 2547 835 ingrata
2568 765 2779 833 anima,
2805 782 3007 835 prava,
3028 767 3317 822 indevota.

2171 851 2362 917 Quare
2394 867 2511 907 non
2540 869 2607 908 es
2629 854 2821 923 pmnis
2854 854 2948 908 his
2987 855 3336 927 planctuque
3364 861 3660 913 commota?

2175 939 2328 994 Ecce
2358 941 2418 993 tu
2436 955 2501 993 es
2537 940 2765 995 Domini
2789 944 2973 996 morte
2995 943 3121 997 dira
3152 943 3301 1011 lota;

2178 1025 2320 1079 Haec
2342 1042 2448 1095 pro
2470 1026 2586 1080 tuis
2609 1026 2768 1081 vitiis
2791 1029 2992 1096 passio
3025 1029 3088 1083 ﬁt
3114 1034 3250 1084 tota.

2244 1114 2519 1183 Apparet,
2560 1115 2947 1184 nequissima,
2982 1117 3139 1186 quod
3169 1116 3292 1188 jam
3325 1133 3487 1172 cares
3515 1121 3636 1189 vita,

2173 1201 2321 1254 Dum
2353 1200 2509 1255 hunc
2538 1216 2783 1269 passum
2812 1203 3105 1274 cogitans,
3130 1204 3274 1259 dura
3306 1222 3500 1261 manes
3529 1207 3626 1273 ita;

2173 1291 2269 1343 Sic
2292 1289 2430 1343 dum
2458 1289 2663 1343 Jesum
2697 1291 2960 1345 comedis
2995 1291 3171 1348 veluti
3210 1294 3405 1358 oblita,

2175 1376 2332 1432 Heu!
2360 1392 2467 1431 nec
2490 1380 2646 1447 tunc,
2680 1393 2787 1432 nec
2817 1378 2962 1433 alias
2992 1379 3145 1435 bene
3185 1397 3252 1436 es
3285 1384 3538 1437 contrita.

2244 1465 2389 1520 Vide
2414 1466 2517 1519 Dei
2551 1466 2781 1536 Filium,
2816 1467 3008 1522 virum
3036 1469 3387 1539 virtuosum,

2172 1554 2235 1608 In
2264 1552 2451 1609 verbo
2470 1557 2525 1608 et
2554 1570 2730 1625 Opere
2760 1556 2946 1624 pridie
2979 1557 3342 1627 formosum;

2173 1642 2363 1714 Magis
2390 1658 2563 1714 quam
2593 1643 2895 1699 maleﬁcos
2926 1661 3081 1700 nunc
3112 1649 3574 1717 Oppi-ebriosum,

2173 1731 2456 1786 Vocatum
2484 1748 2519 1785 a
2548 1732 2819 1802 pluribus
2849 1750 2955 1803 pro
2987 1738 3041 1789 te
3073 1736 3462 1792 scelerosum.

2094 1852 2141 1913 Β
2241 1820 2287 1873 Ο
2316 1820 2464 1875 Jesu
2494 1821 2783 1890 piissime,
2818 1823 2920 1894 qui
2942 1839 3009 1877 es
3039 1824 3214 1878 nimis
3247 1830 3475 1897 gratus,

2170 1907 2241 1962 Et
2270 1912 2323 1963 te
2355 1924 2600 1978 passum
2625 1903 2895 1982 cogitans
2926 1913 3028 1966 vix
3059 1928 3192 1967 sum
3223 1915 3590 1986 lacrymatus,

2169 1997 2408 2067 Precor,
2433 1997 2885 2070 benignissime,
2919 2000 2990 2054 da
3021 2002 3469 2073 mihiploratus,

2170 2085 2367 2139 Pande
2401 2085 2541 2139 mihi
2572 2087 2822 2156 qualiter
2851 2092 2912 2143 tu
2944 2105 3009 2143 es
3041 2091 3409 2146 vulneratus.

2246 2173 2375 2228 Heu
2400 2171 2411 2227 !
2446 2174 2587 2228 mihi
2617 2176 2718 2246 qui
2748 2191 2976 2247 nequeo
3006 2193 3112 2248 per
3141 2182 3605 2250 compassionem

2169 2260 2359 2315 Corde
2392 2277 2627 2331 semper
2652 2278 2865 2334 gerere
2895 2269 3052 2319 tuam
3080 2268 3444 2336 passionem.

2168 2350 2466 2403 Summam
2490 2350 2593 2404 Dei
2615 2366 2761 2423 erga
2792 2369 2883 2407 me
2914 2353 3065 2408 hanc
3088 2354 3483 2426 dilectionem,

2166 2437 2465 2492 Summam
2497 2438 2602 2493 Dei
2633 2440 2838 2511 gratiae
2869 2441 3019 2496 hanc
3047 2442 3443 2500 ditiusionem.

2234 2526 2354 2581 Cur
2381 2527 2434 2581 si
2479 2527 2741 2582 membra
2772 2530 3001 2585 Domini
3039 2532 3245 2587 fideles
3293 2534 3580 2599 dicuntur,

2168 2614 2413 2669 Patienti
2443 2616 2630 2687 Capiti
2660 2634 2778 2672 non
2796 2621 3227 2689 compatiuntur
3247 2624 3274 2675 ε)

2168 2704 2393 2774 Heu,in
2415 2706 2612 2761 multis
2644 2707 2907 2762 imminet
2938 2710 3092 2780 quod
3111 2710 3236 2781 jam
3266 2713 3627 2783 exciduntur,

2163 2794 2271 2857 Qui
2303 2794 2502 2850 dolore
2533 2795 2753 2865 Capitis
2784 2798 2981 2853 maesti
3022 2813 3141 2852 non
3172 2806 3515 2856 cernuntur.

2235 2882 2369 2937 Scio
2401 2884 2558 2954 quod
2589 2885 2639 2938 si
2672 2900 2840 2941 meus
2872 2902 2978 2956 pes
3007 2888 3157 2943 male
3213 2888 3546 2959 laederetur,

2165 2970 2253 3025 Ad
2302 2972 2772 3042 compatiendum
2808 2990 2911 3029 cor
2939 2977 3121 3031 totum
3150 2978 3477 3050 vigeretur.

2166 3058 2323 3131 Ergo
2353 3060 2563 3130 pedem
2596 3061 2760 3135 diligi
2792 3063 2926 3133 plus
2956 3064 3194 3121 Christo
3227 3065 3482 3137 videtur,

2124 3198 2138 3222 ἰ
2162 3147 2277 3204 Pro
2310 3148 2486 3220 cujus
2515 3152 2811 3222 angustiis
2840 3168 3049 3222 parum
3070 3155 3172 3208 vix
3201 3157 3503 3212 moveturl

2233 3237 2279 3291 Ο
2306 3238 2453 3293 Jesu
2487 3237 2499 3292 Ι
2526 3239 2626 3310 qui
2657 3240 2892 3309 penitus
2934 3257 3234 3312 nunquam
3272 3245 3614 3314 peccavisti,

2165 3328 2371 3382 Nonne
2399 3331 2458 3381 ut
2490 3326 3035 3400 conjungerertibi,
3069 3346 3161 3386 me
3191 3331 3433 3388 fecisti?

2160 3414 2277 3469 Cur
2314 3430 2429 3469 non
2460 3431 2624 3470 reum
2654 3416 2790 3471 laedi
2820 3432 2933 3487 me,
2965 3416 3218 3486 Christe,
3263 3422 3607 3491 permisisti,

2166 3502 2253 3568 Et,
2291 3503 2424 3571 heu,
2460 3506 2653 3558 tecum
2684 3519 2850 3559 reum
2879 3521 2972 3561 me
3011 3522 3129 3562 non
3160 3508 3549 3567 vulneravisti

2237 3590 2362 3663 Ego
2388 3608 2540 3657 sum,
2574 3593 2675 3663 qui
2706 3593 2893 3649 debeo
2926 3609 3064 3650 esse
3097 3597 3467 3655 vulneratus.

2164 3679 2297 3733 Non
2328 3683 2409 3749 tu,
2443 3681 2545 3750 qui
2572 3682 2892 3752 nequitiam
2920 3699 3037 3738 non
3067 3698 3135 3739 es
3166 3690 3468 3755 operatus.

2164 3767 2290 3838 Ego
2311 3784 2442 3822 sum
2475 3770 2810 3840 culpabilis,
2844 3787 3014 3826 meus
3053 3775 3147 3829 est
3178 3779 3403 3845 reatus,

2164 3858 2420 3913 Vulnera
2460 3874 2571 3930 me,
2615 3863 2675 3914 ut
2706 3875 2738 3913 a
2786 3863 2843 3914 te
2865 3877 2982 3916 non
3014 3861 3127 3916 sim
3158 3857 3494 3933 separatus.

2233 3947 2333 4001 Pia
2366 3948 2583 4017 proles,
2619 3947 2827 4003 deiﬂca
2847 3948 3106 4004 bonitate
3136 3950 3328 4021 plena,

2162 4036 2257 4092 Sic
2286 4042 2487 4092 tenere
2518 4037 2763 4092 vulnera
2793 4038 2912 4091 noli
2944 4038 3167 4107 aliena;

2162 4128 2285 4182 Tua
2308 4126 2458 4180 facta
2474 4126 2629 4180 bona
2651 4129 2807 4193 sunt,
2843 4142 2971 4181 mea
3006 4130 3164 4196 sunt,
3209 4128 3471 4186 obscena

2164 4214 2485 4270 Vulnerare
2506 4216 2657 4270 velis
2682 4230 2773 4270 me
2802 4216 2896 4270 vel
2918 4230 2991 4270 ex
3022 4218 3119 4271 tua
3149 4232 3345 4286 paena.

2234 4304 2588 4369 Dominator,
2624 4304 2867 4359 Domine
2900 4304 3056 4377 coeli,
3090 4306 3264 4376 atque
3308 4315 3508 4381 terrae,

2159 4394 2379 4447 Precor
2407 4392 2720 4448 vulnerare
2752 4409 2865 4461 me,
2899 4411 3008 4451 nec
3024 4398 3173 4452 velis
3212 4398 3471 4467 differre,

2160 4482 2306 4534 Nam
2354 4480 2609 4535 illaesum
2640 4497 2832 4537 meum
2865 4500 2970 4538 cor
2998 4502 3227 4557 nequeo
3256 4487 3529 4557 suﬂ'erre,

2075 4558 2129 4619 D
2160 4567 2308 4622 Dum
2337 4583 2442 4638 pro
2476 4583 2567 4622 me
2599 4572 2680 4624 tot
2707 4571 2955 4625 vulnera
2985 4572 3155 4627 video
3186 4576 3243 4629 te
3272 4575 3557 4645 perferre.

2233 4656 2439 4710 Nonne
2472 4657 2662 4727 magis
2692 4658 2852 4726 pium
2884 4664 2976 4713 est
3004 4661 3193 4715 virum
3222 4678 3253 4715 a
3286 4667 3339 4717 te
3373 4663 3609 4732 factum,

2159 4745 2375 4799 Tecum
2408 4746 2465 4797 in
2497 4746 2843 4801 vulneribus
2876 4751 3074 4803 tenere
3107 4750 3439 4820 subactum,

2157 4832 2342 4897 Quam
2371 4848 2404 4885 a
2432 4836 2486 4886 te
2516 4832 2806 4888 dimittere
2838 4835 2894 4888 in
2926 4835 3068 4889 nihil
3102 4838 3427 4905 redactum,

2156 4920 2624 4992 Cogitationibus
2648 4923 2908 4977 diversis
2928 4924 3096 4979 valde
3123 4926 3488 4982 subtractum

2227 5007 2429 5075 Curre,
2467 5024 2660 5074 curre,
2697 5011 3000 5067 vulnerate
3030 5012 3195 5081 Jesu,
3229 5016 3284 5068 in
3321 5016 3428 5069 hac
3445 5016 3608 5083 hora,

2156 5097 2243 5152 Ne
2285 5097 2433 5152 forte
2465 5100 2697 5152 amittas
2730 5115 2843 5169 me,
2877 5101 2930 5153 si
2962 5102 3194 5163 intersit
3224 5118 3414 5158 mora:

2157 5187 2238 5239 Da
2273 5192 2331 5241 ut
2354 5191 2452 5240 tua
2486 5188 2733 5242 sentiam
2767 5192 3053 5243 tormenta
3072 5190 3317 5261 majora,

2154 5273 2367 5343 Sculpc
2398 5276 2455 5328 in
2486 5290 2577 5330 me
2610 5276 2852 5331 vulnera
2884 5282 2978 5331 tua
3011 5280 3260 5333 acriora.

2223 5361 2332 5426 Qui
2360 5363 2650 5432 permittis
2684 5364 2905 5419 ferrum
2937 5369 2991 5420 te
3044 5368 3204 5421 intus
3234 5373 3567 5437 penetrare,

2152 5449 2271 5505 Cur
2300 5452 2640 5507 rationalem
2673 5469 2764 5507 me
2798 5454 2949 5508 sinis
2982 5454 3128 5509 foris
3150 5457 3347 5510 starc‘?

2154 5538 2335 5593 Ferro
2368 5540 2633 5595 viliorem
2665 5542 2783 5595 noli
2807 5558 2896 5596 me
2930 5548 3221 5613 reputare,

2152 5628 2264 5679 Sed
2299 5628 2354 5681 in
2390 5633 2481 5682 tua
2518 5631 2760 5683 vulnera
2795 5648 2942 5702 coge
2974 5649 3065 5686 me
3098 5633 3335 5687 intrare.
