3948 6168
139 374 227 437 621
1116 420 1119 427 .
1381 368 1839 435 OPUSCULA
1870 371 2206 435 SPURIA.

190 571 327 638 Iesu,
356 572 473 624 tuas
510 570 773 640 supplico
804 571 1239 639 miserationes,

135 659 331 728 Pr0pter
358 658 540 712 Matris
569 659 775 712 merita
813 662 867 712 et
899 661 1218 728 orationes,

130 747 219 801 Per
240 749 540 801 sanctorum
571 747 828 819 omnium
872 748 1359 818 intercessiones,

131 834 187 887 Ut
207 848 416 904 pensem
444 832 796 906 egojugiter
822 838 954 890 tuas
986 837 1322 906 passiones.

179 920 294 974 Mihi
318 920 388 975 sit
412 921 695 991 pensandi
722 924 780 977 te
812 922 1094 993 copiosus
1126 924 1322 989 ﬂetus,

126 1010 319 1078 Semper
346 1008 448 1062 sim
474 1009 794 1065 recordans
824 1012 942 1065 tuis
975 1012 1252 1082 lacrymis
1280 1014 1561 1084 repletus,

124 1098 226 1166 Oro,
254 1097 332 1151 fac
358 1100 413 1150 ut
439 1113 732 1170 nunquam
765 1099 879 1153 sim
899 1100 1015 1154 nisi
1044 1101 1102 1153 in
1135 1105 1208 1156 tm
1229 1102 1423 1167 lmtus,

123 1186 187 1239 Tu
208 1186 279 1240 sis
305 1201 481 1240 meum
510 1187 808 1258 gaudium,
853 1191 908 1243 et
938 1204 1104 1243 amor
1134 1194 1423 1246 secretus.

172 1274 275 1327 lam
298 1290 439 1329 nunc
469 1275 638 1330 Matri
659 1276 908 1348 Virgini,
944 1278 1153 1347 anima,
1183 1279 1440 1349 intende,

116 1362 347 1426 Quantum
373 1364 492 1434 ipsa
524 1364 719 1420 doleat
747 1364 861 1420 sub
893 1380 1068 1421 cruce
1102 1368 1419 1438 perpende,

120 1450 173 1504 Ut
195 1454 238 1505 te
263 1465 445 1505 secum
470 1452 759 1521 vulneret,
789 1468 998 1525 preces
1030 1470 1166 1509 mox
1197 1457 1490 1527 impende,

116 1537 164 1593 Et
182 1540 311 1611 quod
336 1541 413 1595 illi
442 1542 761 1598 condoleas
791 1543 1069 1615 lacrymis
1109 1546 1374 1601 ostende.

162 1624 198 1679 Ο
220 1630 472 1697 quantum
508 1643 599 1699 es,
632 1627 918 1698 Genitrix,
951 1631 1110 1686 intus
1140 1633 1418 1703 cruciata,

109 1712 172 1767 0b
197 1718 448 1770 tormenta
475 1715 610 1771 Filii
638 1720 755 1772 tam
786 1718 1195 1789 multiplicata;

108 1799 141 1854 0
162 1801 311 1874 Virgo
337 1801 571 1874 Christi,
608 1821 747 1861 vere
780 1821 908 1861 mea
937 1806 1244 1878 advocata,

106 1888 212 1943 Mihi
234 1891 353 1946 inde
380 1892 597 1964 aliquid
626 1895 821 1964 pande
851 1901 1110 1951 exorata.

152 1975 190 2029 Ο
211 1992 321 2032 mea
347 1979 575 2050 ﬁducia,
611 1986 668 2037 et
709 1997 838 2037 mea
867 1987 1132 2055 patrona,
1187 1987 1191 1990 ’

103 2062 259 2119 Omnis
282 2067 564 2136 pudicitiae
587 2070 838 2125 rutilans
872 2087 1106 2139 corona,

102 2149 205 2207 Esto
229 2169 476 2223 prmsens
508 2158 745 2228 spiritu,
780 2163 1053 2231 quamvis
1095 2180 1209 2219 non
1240 2181 1516 2235 persona,

103 2243 153 2297 Ut
176 2248 305 2317 quod
332 2250 453 2318 ipsa
482 2251 726 2322 doceas,
759 2252 987 2325 loquar,
1024 2255 1208 2311 Mater
1236 2259 1408 2313 bona.

148 2335 376 2406 Loquere
404 2354 582 2407 nunc,
620 2341 885 2411 Domina,
920 2359 1102 2413 super
1131 2362 1338 2403 omnes
1369 2350 1547 2421 digna

101 2422 241 2477 Reum
267 2440 331 2479 ne
361 2427 679 2498 despicias,
713 2445 947 2499 precor,
980 2448 1013 2486 ο
1040 2432 1299 2506 benigna
1325 2435 1336 2489 l

97 2508 200 2564 Mihi
222 2514 307 2567 tua
332 2515 573 2572 vulnera
607 2519 835 2574 concite
866 2520 1115 2593 designa
1143 2540 1155 2591 ;

96 2600 155 2651 Ac
174 2602 319 2657 tantm
348 2606 609 2660 materiae
640 2607 820 2662 verba
851 2609 923 2663 da
955 2612 1268 2684 condigna.

140 2684 231 2777 Sed
260 2693 577 2776 respondes
614 2694 883 2777 forsitam
914 2713 1005 2751 me
1037 2715 1156 2777 non
1188 2717 1327 2757 esse
1360 2707 1553 2777 talem,

93 2754 166 2809 Cui
188 2758 317 2815 hanc
346 2754 649 2819 iniseriam
680 2768 912 2823 reveles
936 2754 1247 2840 poenalem,

92 2841 247 2914 Neque
272 2849 378 2904 tuis
407 2851 635 2907 ultimis
668 2856 866 2909 servis
898 2872 1036 2912 esse
1060 2862 1366 2933 mqualem,

91 2928 145 2984 Ut
164 2933 288 2990 hanc
313 2942 498 3007 petam
524 2943 778 3012 gratiam
810 2948 923 3000 ate
955 2928 1293 3016 specialem.

138 3017 262 3091 Seio,
291 3026 430 3096 scio,
460 3027 734 3098 Domina,
765 3048 859 3087 me
890 3034 1157 3106 indigum
1186 3054 1345 3094 esse.

88 3105 169 3161 Sed
192 3112 311 3181 quid
337 3120 643 3172 accusanti
676 3135 766 3174 me
799 3123 1012 3191 poterit
1033 3105 1299 3182 iobesse?

90 3193 145 3287 Ie
166 3214 252 3267 pro
279 3200 390 3258 Deo
419 3206 719 3277 supplico,
753 3208 935 3281 Virga
964 3213 1168 3283 stirpis
1200 3215 1395 3287 Jesse,

90 3281 139 3337 Ut
160 3288 209 3341 tu
230 3291 365 3345 meis
392 3295 679 3363 precibus
701 3296 969 3369 digneris
997 3281 1232 3358 adesse.

134 3372 221 3429 Sed
245 3378 381 3433 dicis
412 3397 529 3439 non
562 3385 760 3438 omnia
790 3401 884 3441 me
915 3387 1085 3444 fateri
1120 3408 1277 3461 vere,

86 3458 172 3547 lies
188 3465 319 3521 sicut
344 3472 742 3543 peccaverim,
773 3490 1043 3544 promere
1074 3458 1326 3547 sincere,

83 3544 303 3639 leivisci
328 3557 602 3629 plurima,
628 3563 899 3632 quaedam
928 3567 1201 3639 reticere,

84 3634 171 3692 Nec
192 3642 401 3701 vitando
430 3649 687 3704 crimina
715 3651 866 3707 bene
904 3634 1211 3725 poenitere.

1555 2394 1567 2421 7

129 3727 245 3795 Heu,
276 3733 452 3824 Mater
481 3738 836 3809 clementiae,
870 3743 998 3799 haec
1029 3750 1167 3802 sunt
1195 3749 1342 3804 dura
1373 3754 1575 3824 verba,

79 3809 197 3886 Quia,
223 3822 358 3890 proh
388 3824 560 3881 dolor
586 3826 600 3881 l
635 3843 775 3883 vera
813 3835 970 3901 sunt,
1004 3833 1140 3890 licet
1169 3837 1288 3893 sint
1318 3843 1547 3897 acerba.

206 3910 372 3967 videri
401 3915 561 3970 sicut
588 3921 703 3987 est,
741 3934 855 3973 non
885 3922 1011 3977 vult
1038 3938 1206 3981 mens
1239 3931 1531 4002 superba;

80 3987 176 4061 Sed,
200 3999 247 4051 te
271 4015 432 4073 rogo,
462 4020 614 4059 sana
643 4020 736 4060 me
767 4007 843 4061 ob
869 4010 1084 4067 salutis
1114 4016 1314 4072 verba.

125 4079 191 4138 En
213 4087 303 4141 tibi
332 4092 620 4147 confiteor
645 4110 815 4150 omne
847 4099 1069 4153 crimen
1102 4118 1312 4175 meum,

76 4164 117 4264 in
130 4178 349 4238 peccatis
382 4181 665 4237 omnibus
697 4182 884 4240 fateor
912 4203 1006 4243 me
1040 4205 1225 4264 reum,

76 4253 316 4356 {Equibus
343 4272 671 4341 cognoscis
702 4288 794 4328 me
824 4275 1147 4335 offendisse
1179 4253 1384 4356 Ueum,

77 4340 190 4440 Et_ut
212 4354 383 4410 salvet
408 4340 543 4427 ipse
577 4375 693 4430 me,
727 4378 956 4433 precor,
993 4382 1142 4440 coge
1171 4386 1322 4427 eum.

96 4433 325 4529 “Peccavi
352 4448 637 4516 superbia
666 4452 724 4505 et
747 4453 897 4506 mala
928 4433 1302 4529 cogitatione,

75 4517 195 4613 fisa,
223 4531 411 4601 verbo,
449 4550 634 4605 Opere
665 4542 722 4592 et
752 4541 1094 4613 omissione,

71 4604 226 4703 gustu,
255 4620 419 4692 tactu,
455 4604 704 4681 naribus
730 4631 789 4682 et
816 4604 1131 4703 auditione,

73 4693 205 4755 Multa
228 4710 578 4782 negligentia
610 4719 666 4770 et
697 4716 1100 4776 delectatione.

121 4784 311 4879 Ileliqui
338 4800 557 4856 malitia
586 4804 643 4856 et
671 4818 956 4873 perverso
984 4825 1165 4879 more,

74 4871 116 4967 lu
140 4876 223 4934 Dei
247 4887 295 4937 et
323 4890 579 4956 proximi
605 4871 834 4949 modico
865 4910 1083 4967 amore,

73 4958 214 5051 Ijuxu,
243 4976 497 5041 avaritia,
534 4979 619 5031 ira
646 4985 703 5036 et
734 4982 953 5051 livore;

72 5048 191 5142 Gula,
216 5062 265 5112 et
290 5064 506 5132 acedia,
540 5068 695 5139 odio,
728 5048 987 5142 torpore.

122 5139 233 5199 Hmc
257 5150 353 5205 tibi
383 5155 688 5225 confiteor,
725 5164 779 5213 et
813 5139 1224 5235 Umnipotenti,

74 5229 129 5323 ie
153 5241 462 5295 sanctorum
485 5247 660 5300 cmtui
697 5229 1005 5304 vobiscum
1037 5259 1312 5323 manenti,

77 5311 308 5414 Pe‘precor
337 5330 409 5385 ob
432 5334 706 5389 meritum
736 5336 920 5392 divini
944 5342 1236 5414 tormenti,

74 5398 250 5499 Salvete
278 5417 642 5492 culpabilem,
675 5428 906 5480 veniam
948 5429 1020 5483 da
1049 5398 1286 5499 petenti.

124 5491 249 5597 Ecce.
268 5507 454 5574 qualis
482 5507 674 5567 factus
697 5529 831 5568 sum
859 5530 1022 5587 saepe
1050 5491 1466 5597 delinquendo,

75 5575 165 5683 libi
188 5588 611 5683 aliquantulum,
646 5617 679 5656 ο
712 5575 994 5677 clemens,
1028 5575 1312 5683 ostendo

78 5665 165 5724 δίει
195 5681 329 5735 mala
352 5686 545 5740 omnia
576 5689 675 5744 tibi
704 5707 861 5749 nunc
890 5665 1254 5770 commendo,

1745 558 1797 621 Α
1837 577 1913 633 Ut
1942 582 2003 633 tu
2031 580 2162 650 ipsa
2192 581 2392 636 salves
2415 597 2507 637 me
2548 590 2658 638 ista
2691 586 3030 642 auferendo.

1907 667 2022 722 Sed
2053 669 2192 740 quid
2220 685 2357 741 ago,
2390 671 2659 727 referens
2684 675 2897 729 sordes
2930 676 3230 743 foeditatis,

1835 756 2073 811 Auditui
2098 757 2362 830 Virginis
2396 775 2644 815 summm
2673 762 2947 832 puritatis
2971 764 2998 815 ‘?

1834 843 2155 913 Horresco,
2192 847 2570 903 sanctissima
2607 849 2794 905 Mater
2831 851 3083 921 pietatis,

1832 932 1915 987 Ita
1944 932 2106 1005 loqui
2135 936 2377 990 auribus
2412 938 2529 992 tuis
2560 937 2818 993 illibatis.

1902 1021 2251 1093 Expavesco
2281 1040 2353 1079 ne
2384 1041 2417 1078 a
2446 1041 2539 1081 me
2568 1025 2769 1082 forsan
2802 1032 2858 1081 te
2888 1035 3122 1083 avertas

1830 1109 2044 1166 Multas
2073 1111 2146 1167 ob
2178 1114 2519 1184 putredines
2552 1116 2700 1169 intra
2731 1131 2823 1171 me
2854 1117 3131 1187 insertas,

1827 1196 1944 1253 Sed
1972 1215 2079 1270 per
2107 1200 2314 1256 Jesum
2345 1202 2632 1272 deprecor
2660 1204 2731 1257 ad
2763 1220 2853 1259 me
2882 1209 2938 1259 te
2963 1212 3276 1262 convertas

1827 1285 1891 1342 In
1920 1304 2037 1359 quo
2068 1291 2151 1343 tot
2180 1289 2455 1344 miserias
2488 1294 2806 1363 cognoscis
2837 1297 2953 1347 tam
2976 1300 3190 1350 certas.

1896 1376 2003 1446 Tu,
2037 1392 2171 1448 qum
2193 1381 2326 1433 vota
2356 1381 2615 1434 omnium
2638 1383 2729 1450 pia
2761 1382 3032 1452 intueris,

1700 1478 1717 1491 ‘
1822 1465 2105 1536 Nunquid
2134 1466 2249 1521 soli
2268 1467 2487 1521 misero
2521 1468 2663 1523 mihi
2691 1469 2834 1524 dura
2866 1472 2986 1525 eris
3008 1472 3062 1531 ‘.’l

1821 1553 1941 1609 Cur
1957 1555 2383 1610 misericordiae
2414 1559 2614 1610 notum
2643 1572 2856 1613 nomen
2889 1561 3070 1629 geris,

1818 1639 1882 1697 Si
1911 1639 2052 1697 mihi
2082 1644 2298 1713 petenti
2328 1646 2382 1698 te
2414 1660 2532 1699 non
2563 1646 2866 1701 misereris
2886 1650 2915 1700 ε)

1890 1729 2056 1786 Hanc
2087 1733 2573 1788 consuetudinem
2603 1738 2844 1806 prOpter
2871 1752 2966 1791 me
2996 1753 3112 1792 non
3146 1741 3337 1793 mutes

1816 1819 1932 1873 Per
1959 1834 2136 1891 quam
2164 1818 2326 1876 soles
2357 1821 2597 1877 miseris
2628 1823 2876 1879 reddere
2911 1826 3156 1893 salutes,

1728 1924 1784 1992 B
1815 1906 1940 1963 Nec
1962 1922 2075 1975 me,
2109 1909 2380 1980 quamvis
2414 1911 2673 1980 impium,
2708 1912 2928 1983 flagito,
2960 1914 3207 1983 refutes,

1811 1993 1929 2050 Sed
1958 1998 2076 2051 tum
2099 1997 2425 2053 clementim
2448 1998 2539 2053 fac
2570 2000 2628 2054 in
2658 2015 2751 2054 me
2773 2002 3042 2057 virtutes.

1884 2085 2240 2152 Recordare,
2268 2087 2534 2156 Domina,
2566 2104 2688 2158 prm
2720 2091 2950 2145 cunctis
2982 2088 3260 2161 perfecta,

1809 2172 1954 2239 Quia
1983 2175 2058 2229 ob
2091 2174 2415 2248 culpabiles
2448 2174 2609 2231 fuisti
2642 2177 2847 2248 electa,

1810 2263 1995 2317 Mater
2022 2268 2264 2334 prOpter
2292 2265 2567 2333 miseros,
2596 2266 2700 2319 Dei
2731 2281 2796 2321 es
2829 2268 3052 2337 effecta,

1810 2352 1968 2425 Ergo
1999 2352 2165 2406 salva
2196 2354 2470 2421 miseros,
2506 2359 2708 2408 nostra
2739 2371 2882 2425 spes
2905 2360 3100 2411 erecta

1877 2441 1961 2496 Te
1990 2456 2092 2511 pro
2125 2441 2231 2509 eis,
2259 2442 2524 2511 Domina,
2559 2442 2719 2497 Deus
2750 2448 2843 2498 est
2874 2446 3211 2518 ingressus,

1807 2528 1918 2583 Pro
1957 2529 2045 2583 eis
2077 2529 2351 2582 miserias
2380 2529 2670 2584 humanas
2699 2547 3046 2602 perpessus,

1803 2618 1918 2671 Pro
1946 2618 2116 2687 ipsis,
2151 2618 2384 2672 vidente
2418 2624 2492 2687 te,
2527 2619 2587 2672 in
2617 2622 2924 2675 tormentis
2962 2621 3183 2686 fessus,

1802 2706 1888 2760 Ac
1918 2706 2124 2761 mortis
2157 2706 2450 2779 angustiis
2480 2723 2585 2776 pro
2618 2709 2735 2762 illis
2766 2712 2856 2763 est
2887 2726 3158 2779 pressus.

1871 2794 2030 2867 Ergo
2061 2794 2255 2863 nobis,
2290 2796 2554 2865 Domina,
2598 2797 2715 2850 reis
2758 2798 2845 2851 sis
2873 2801 3094 2868 parata,

1798 2883 2133 2954 Eorumque
2164 2883 2428 2938 infimum
2458 2885 2595 2939 audi
2616 2901 2707 2940 me
2735 2890 2959 2958 rogata,

1798 2971 2088 3026 Memento
2120 2988 2225 3040 pro
2260 2973 2476 3042 quibus
2505 2988 2572 3027 es
2605 2977 2823 3029 tantum
2856 2977 3124 3045 exaltata,

1796 3060 1867 3114 Et
1896 3075 2003 3129 pro
2034 3061 2252 3129 quibus
2274 3063 2371 3114 tua
2402 3065 2494 3115 est
2524 3062 2723 3131 proles
2754 3066 3117 3118 tormentata.
3172 3074 3179 3081 '

1866 3149 2029 3203 Meas
2054 3164 2290 3219 preces,
2326 3149 2590 3218 Domina,
2625 3151 2892 3221 digneris
2911 3154 3133 3222 audire,

1712 3274 1772 3343 Ο
1794 3237 1866 3292 Et
1894 3253 2050 3292 nunc
2079 3240 2138 3291 et
2165 3238 2222 3290 in
2255 3239 2557 3306 posterum
2588 3254 2826 3309 semper
2855 3241 3195 3312 subvenire,

1794 3325 1908 3380 Fac
1940 3328 2071 3380 tuas
2100 3328 2275 3396 atque
2308 3325 2538 3380 Domini
2568 3327 2774 3399 plagas
2807 3343 2898 3384 me
2934 3328 3132 3399 ferire,

1791 3413 1863 3468 Et
1892 3416 1950 3468 in
1980 3413 2159 3469 corde
2183 3413 2411 3486 jugiter
2433 3415 2642 3470 devote
2673 3416 2916 3471 sentire.

1858 3502 1905 3556 Ο
1934 3503 2118 3557 fracta
2148 3502 2452 3557 doloribus
2495 3507 2660 3558 stans
2693 3504 2807 3559 sub
2839 3507 3035 3562 crucis
3066 3524 3168 3561 ara

1788 3590 1876 3645 Ex
1905 3591 2023 3645 nati
2052 3590 2404 3646 vulneribus
2436 3592 2607 3662 plena
2644 3595 2702 3647 et
2731 3609 2926 3648 amara
2953 3594 2964 3648 l

1788 3680 1874 3734 Da
1904 3678 2047 3734 mihi
2078 3682 2299 3749 partem
2330 3680 2573 3749 doloris,
2608 3696 2682 3735 ne
2705 3682 2792 3736 sis
2823 3698 3019 3752 avara,

1785 3766 1929 3834 Quae
1956 3768 2143 3839 larga,
2178 3771 2235 3822 et
2265 3768 2449 3824 libera
2479 3769 2633 3823 dicta
2667 3785 2733 3824 es
2765 3775 2821 3825 et
2852 3787 3053 3842 gnara.

1856 3855 1902 3910 Ο
1929 3870 2060 3910 mea
2091 3854 2333 3910 fiducial
2372 3856 2559 3911 Mater
2588 3856 2934 3927 Salvatoris,

1786 3942 1879 3999 Me
1907 3942 2193 4015 transﬁge
2222 3943 2420 4014 gladio
2452 3960 2591 3999 mox
2618 3946 2701 3999 tui
2729 3946 2971 4016 doloris,

1783 4032 1914 4086 Dita
1944 4045 2036 4085 me
2059 4045 2132 4084 ex
2160 4046 2402 4085 munere
2432 4032 2675 4101 perfecti
2704 4037 2945 4105 amoris,

1783 4118 1855 4175 Et
1882 4120 1974 4174 dic
1999 4135 2145 4175 mem
2177 4120 2386 4173 animm
2418 4121 2534 4173 vim
2565 4121 2649 4174 tui
2679 4123 2971 4177 mmroris.

1856 4208 2045 4276 Nunc,
2080 4222 2235 4261 nunc
2266 4222 2536 4277 prmsens
2569 4209 2781 4278 spiritu
2802 4210 2987 4264 Mater
3015 4211 3359 4283 singularis,

1783 4297 1867 4351 De
1893 4297 2009 4351 tuis
2039 4294 2345 4350 doloribus
2373 4295 2594 4366 aliquid
2624 4297 2906 4368 loquaris,

1779 4385 1944 4451 Quod
1967 4385 2203 4453 placere
2222 4384 2415 4437 valeat
2442 4384 2559 4438 tuis
2590 4385 2786 4440 servis
2817 4386 3036 4455 charis,

1781 4473 1851 4527 Et
1880 4488 1984 4530 eos
2006 4487 2327 4544 aspergere
2357 4472 2633 4542 lacrymis
2666 4474 2906 4529 amaris.

2232 4560 2433 4615 Mater
2467 4560 2623 4616 Filio
2662 4578 2980 4634 compassa.

1694 4621 1752 4690 Ῑ)
1851 4650 2188 4720 Importuna
2220 4650 2431 4718 anima,
2466 4666 2573 4704 cur
2592 4652 2665 4705 ad
2696 4668 2787 4707 me
2820 4652 2908 4706 sic
2932 4653 3172 4719 clamas,

1776 4726 1960 4802 Quam
1980 4741 2097 4792 tam
2126 4753 2332 4808 parum
2363 4739 2599 4807 recolis,
2636 4745 2692 4794 et
2720 4746 2837 4795 tam
2868 4758 3074 4810 parum
3105 4758 3267 4796 amas

1779 4826 1896 4882 Sed
1926 4826 2076 4882 dicis
2107 4827 2349 4881 audisse
2372 4830 2428 4881 te
2460 4828 2531 4882 de
2564 4843 2656 4882 me
2686 4830 2815 4897 pias
2838 4829 3046 4898 famas,

1779 4915 1849 4970 Et
1871 4914 1945 4970 ob
1968 4916 2079 4970 hoc
2109 4915 2409 4971 audaciter
2439 4917 2510 4970 ad
2533 4932 2625 4973 me
2654 4917 2740 4972 sic
2771 4918 3083 4973 acclamas.

1848 5003 2022 5058 Modo
2055 5005 2107 5057 si
2135 5004 2338 5058 audire
2368 5004 2464 5058 vis
2494 5020 2701 5074 poenas
2734 5021 2880 5061 meae
2916 5007 3128 5062 mentis

1776 5091 2075 5147 Cruciﬁxo
2109 5090 2254 5146 Filio
2286 5107 2414 5147 meo
2452 5093 2837 5161 condolentis,

1777 5181 2079 5235 Vanitates
2108 5180 2302 5251 abjice
2339 5181 2541 5235 cordis
2572 5182 2985 5251 discurrentis,

1777 5269 1846 5322 Et
1876 5269 2127 5323 lamenta
2157 5270 2332 5323 animi
2363 5269 2432 5322 da
2458 5269 2882 5337 compatientis.

1846 5357 1984 5413 Sine
2015 5358 2152 5412 fletu
2180 5358 2370 5411 anima
2402 5358 2529 5411 haec
2551 5358 2753 5412 audire
2785 5360 2923 5428 noli,

1777 5447 1889 5502 Ubi
1925 5461 2017 5501 me
2037 5447 2125 5499 sic
2156 5446 2407 5514 compati
2438 5446 2607 5501 vides
2635 5462 2781 5502 meae
2813 5450 2985 5519 proli,

1776 5534 1893 5591 Ubi
1921 5534 2068 5589 fudit
2097 5533 2387 5605 lacrymas
2419 5534 2631 5590 multas
2663 5534 2879 5591 Factor
2910 5541 3048 5610 poli,

1774 5624 1890 5680 Ubi
1919 5626 2168 5678 mortem
2199 5622 2439 5678 sustulit
2465 5624 2804 5680 Dominator
2836 5628 2967 5682 soli.

1843 5711 1913 5767 Et
1939 5712 2000 5769 in
2019 5712 2226 5783 primis
2255 5710 2523 5785 alloquor
2559 5715 2616 5769 te
2648 5714 3025 5772 certificando

3387 381 3508 443 622
3600 348 3613 355 ’
