3948 6168
400 334 519 396 623

401 532 490 587 Ex
521 534 633 586 hoc
665 532 822 603 quod
853 534 913 584 tu
948 530 1176 600 cogitas
1208 528 1277 581 dc
1311 543 1401 582 me
1435 527 1778 596 aliquando:

401 622 464 676 Si
494 621 748 693 cognovi
777 620 1019 672 vulnera
1045 621 1252 671 cuncta
1285 615 1645 686 speculando

399 709 541 775 Quae
572 708 838 777 suscepit
867 706 1052 760 Filius
1086 720 1256 758 meus
1289 704 1615 757 tolerando.

472 797 642 852 Scias
674 797 812 866 quia
844 795 1017 848 dolor
1048 808 1138 847 me
1167 794 1226 846 in
1257 795 1480 845 tantum
1509 791 1831 861 premebat,

400 884 567 950 Quod
597 884 716 936 vim
746 883 870 937 fere
901 881 1172 950 corporis
1214 896 1347 934 cum
1376 895 1562 934 sensu
1595 878 1846 944 delebat,

401 973 518 1028 Sed
550 973 878 1026 immensus
911 969 1041 1024 Filii
1075 985 1238 1023 amor
1268 983 1360 1022 me
1393 968 1661 1039 cogebat,

399 1063 618 1117 Omnes
649 1076 855 1132 poenas
889 1074 1130 1114 cernere
1164 1074 1313 1129 quas
1347 1059 1473 1127 ipse
1507 1057 1749 1110 ferebat.

469 1150 710 1216 Quando
742 1165 974 1218 pcenam
1013 1149 1265 1218 aliquam
1297 1146 1501 1200 inferri
1534 1145 1824 1213 videbam,

401 1240 543 1293 Tota
575 1239 748 1310 quasi
777 1238 1038 1292 moriens
1062 1253 1200 1291 mox
1227 1235 1592 1300 deﬁciebam,

398 1328 514 1383 Sed
544 1327 763 1382 amoris
797 1327 1015 1396 impetu
1046 1327 1239 1380 statim
1273 1324 1632 1387 revivebam,

398 1415 469 1470 Et
497 1419 790 1470 tormenta
819 1414 922 1469 ﬁlii
952 1414 1122 1468 avide
1153 1413 1444 1468 videbam.

469 1504 618 1557 Nam
650 1520 782 1558 cum
815 1519 884 1558 eo
916 1518 1108 1558 meum
1143 1518 1246 1557 cor
1275 1506 1457 1556 totum
1490 1501 1805 1568 habitabat,

395 1593 579 1659 Quem
608 1591 978 1648 ineffabiliter
1007 1591 1142 1662 plus
1177 1606 1352 1662 quam
1383 1604 1476 1644 me
1508 1590 1755 1654 amabat,

393 1683 617 1737 Idcirco
647 1680 805 1752 quod
837 1680 1023 1734 Filius
1052 1695 1222 1734 meus
1256 1679 1558 1745 tolerabat,

401 1769 909 1825 [nconsolabiliter
936 1783 1131 1822 meum
1161 1783 1266 1822 cor
1296 1767 1599 1838 gravabat.

468 1859 618 1912 Nam
651 1873 785 1913 cum
815 1872 885 1912 eo
908 1872 1011 1911 cor
1041 1871 1235 1912 meum
1265 1856 1410 1910 dure
1441 1860 1533 1910 est
1563 1854 1826 1926 ligatum,

395 1945 698 2017 Colaphis,
733 1949 790 2000 et
818 1945 1025 2015 alapis,
1061 1945 1253 2015 sputis
1286 1943 1630 2011 cruciatum,

392 2033 641 2089 Probris
673 2037 730 2089 et
759 2033 1149 2104 blasphemiis
1179 2033 1420 2088 illusum
1452 2048 1519 2086 ac
1550 2035 1843 2097 vexatum,

390 2123 627 2194 Flagris
658 2123 798 2194 ejus
827 2122 1060 2194 asperis
1093 2122 1337 2180 multum
1367 2125 1807 2177 tormentatum.

463 2212 609 2267 Cum
639 2211 787 2267 Jesu
818 2214 910 2265 est
939 2227 1133 2266 meum
1164 2227 1266 2266 cor
1298 2211 1490 2281 spinis
1521 2212 1886 2275 coronatum,

391 2299 568 2372 Ligni
601 2301 800 2354 crucis
830 2299 1091 2369 pondere
1117 2313 1323 2355 secum
1357 2301 1681 2367 oneratum,

391 2386 482 2441 Ad
511 2386 712 2442 locum
740 2386 1025 2442 Calvariae
1060 2403 1191 2444 cum
1223 2402 1292 2442 eo
1314 2390 1646 2454 tractatum,

392 2474 542 2548 Ejus
571 2477 712 2545 potu
742 2474 914 2530 felleo
947 2479 1039 2530 est
1065 2476 1466 2534 amaricatum.

377 2581 380 2584 '
463 2559 622 2616 Eum‘
642 2564 875 2635 magnis
907 2563 1211 2618 doloribus
1240 2563 1362 2618 vidi
1401 2562 1734 2632 spoliatum,

394 2650 655 2704 Delicato
687 2652 1191 2723 sanguinetotum
1221 2654 1608 2720 cruentatum,

393 2739 539 2793 Cum
569 2737 717 2792 Jesu
745 2742 838 2793 est
867 2754 1059 2794 meum
1092 2755 1195 2794 cor
1215 2743 1471 2807 tensum,
1506 2741 1562 2793 et
1593 2738 1902 2806 clavatum,

396 2826 551 2881 Ecce
578 2826 750 2882 vides
778 2842 974 2881 meum
1003 2843 1107 2884 cor
1135 2831 1319 2882 totum
1350 2827 1689 2894 laceratum.

464 2913 892 2987 Contemplare,
927 2918 1137 2984 anima,
1172 2932 1366 2972 meum
1399 2932 1502 2972 cor
1533 2916 1840 2984 clavatum,

391 3005 462 3060 Et
491 3020 625 3060 cum
655 3019 787 3061 meo
818 3005 966 3061 Filio
997 3022 1158 3076 saepe
1188 3005 1553 3077 perforatum
1577 3023 1589 3069 ;

392 3095 507 3150 Sed
537 3095 596 3148 in
627 3094 740 3150 hoc
778 3098 872 3150 est
902 3095 1150 3151 maxime
1182 3111 1376 3150 meum
1405 3110 1508 3149 cor
1536 3100 1866 3166 gravatum,

388 3183 556 3248 Quod
586 3199 706 3239 non
733 3184 829 3240 his
859 3184 1169 3256 suppliciis
1203 3188 1292 3239 est
1323 3183 1441 3237 vita
1472 3184 1781 3254 privatum.

461 3271 578 3326 Sed
599 3273 993 3328 inenarabiles
1023 3290 1212 3344 poenae
1244 3288 1336 3327 me
1367 3272 1740 3343 torquebant,

390 3360 633 3425 Quando
665 3375 902 3416 crucem
932 3362 1094 3433 impii
1126 3377 1371 3416 sursum
1402 3359 1730 3431 erigebant,

391 3447 540 3502 Nam
569 3463 700 3503 eam
732 3463 863 3503 cum
895 3451 1114 3520 impetu
1145 3454 1305 3504 stare
1338 3448 1649 3517 faciebant,

393 3534 464 3588 Et
489 3534 864 3591 ineffabiliter
891 3539 1101 3592 Jesum
1137 3538 1502 3609 afﬂigebant.

461 3623 507 3677 Ο
532 3621 544 3676 l
579 3623 634 3677 si
662 3624 854 3678 scires
879 3629 1160 3695 quantum
1191 3641 1282 3680 me
1321 3641 1492 3695 poena
1525 3625 1652 3680 haec
1678 3628 1976 3696 gravabat,

389 3709 678 3775 Quantum
709 3708 930 3766 Christi
961 3728 1237 3768 manuum
1269 3713 1476 3784 plagas
1510 3712 1806 3778 dilatabat,

389 3796 691 3869 Quamque
723 3801 780 3853 et
808 3798 1271 3868 profundissime
1300 3802 1428 3870 ipse
1451 3802 1810 3871 suspirabat,

391 3883 464 3940 Et
492 3900 668 3956 quam
691 3887 1063 3942 amarissime
1095 3887 1190 3943 ille
1217 3892 1354 3943 tunc
1384 3891 1667 3958 plorabat.

460 3972 699 4028 Stabam
729 3975 841 4030 sub
872 3975 1130 4046 patibulo
1173 3976 1355 4032 Mater
1387 3979 1510 4033 veri
1534 3979 1658 4049 Dei,

391 4061 614 4117 Videns
644 4063 761 4133 pati
793 4063 1104 4119 Dominum
1136 4068 1433 4121 universae
1464 4069 1569 4134 rei,

388 4149 784 4208 Condolebam
813 4151 1016 4208 intime
1047 4154 1183 4226 ejus
1214 4156 1456 4225 speciei,

386 4238 571 4306 Quem
601 4240 926 4298 deformem
958 4242 1218 4300 fecerant
1247 4245 1574 4316 torquendo
1605 4247 1816 4302 Judaei.

457 4327 524 4384 In
549 4328 839 4402 languore
870 4332 1123 4388 maximo
1156 4336 1212 4387 et
1241 4333 1442 4390 dolore
1472 4335 1662 4405 gravi,

388 4418 480 4473 Ad
509 4417 718 4474 Jesum
749 4418 1086 4489 saepissime
1118 4421 1325 4477 oculos
1354 4421 1567 4491 levavi,

389 4504 530 4561 le
563 4504 666 4560 νω
693 4505 704 4560 t
741 4505 895 4562 sicut
924 4511 1208 4578 poteram,
1241 4507 1366 4564 vae!
1402 4508 1533 4579 Fili,
1566 4511 1831 4565 clamavi.

387 4593 516 4666 Ego
546 4597 603 4649 te
632 4594 706 4649 ad
733 4610 942 4665 poenas
972 4596 1102 4666 has,
1135 4597 1304 4665 Jesu,
1337 4599 1636 4669 gener-avi.

457 4681 717 4754 Suspexi
746 4683 1044 4739 multoties
1075 4685 1148 4738 ad
1179 4688 1377 4740 natum
1412 4701 1795 4757 suspensum,

387 4771 451 4826 In
484 4786 663 4828 cruce
693 4773 971 4828 atrociter
998 4773 1310 4844 clavatum,
1355 4779 1409 4828 et
1445 4775 1797 4847 distensum,

385 4857 586 4914 Solum
610 4860 844 4932 justum
874 4862 1061 4917 Deum
1092 4861 1244 4918 inter
1272 4877 1411 4918 reos
1442 4878 1712 4934 pensum,

384 4946 456 5002 Et
485 4947 738 5005 dolendo
769 4951 997 5020 perdidi
1027 4966 1178 5022 pene
1210 4967 1400 5006 meum
1427 4967 1690 5008 sensum.

457 5036 521 5092 In
551 5038 753 5094 dolore
775 5041 1030 5094 maximo
1063 5039 1276 5094 Filium
1307 5041 1599 5111 videbam,

382 5125 455 5182 Et
477 5126 691 5199 juvare
721 5129 958 5199 penitus
982 5145 1116 5186 eum
1145 5145 1263 5184 non
1294 5129 1580 5184 valebam.

383 5214 671 5287 Gemitus,
709 5218 988 5287 suspiria,
1014 5218 1314 5290 singultus
1346 5219 1612 5287 edebam,

383 5304 704 5374 Lacrymas
735 5305 1089 5375 multiplices
1122 5323 1318 5362 amare
1352 5307 1684 5363 fundebam.

454 5391 589 5446 Vidi
620 5396 883 5448 sanctam
917 5394 1126 5448 faciem
1164 5399 1219 5450 et
1250 5397 1612 5464 deliciosam,

381 5478 704 5550 Plusquam
723 5479 922 5552 lingua
953 5483 1239 5552 exprimat
1269 5485 1522 5553 dulcem,
1550 5485 1874 5556 gratiosam

380 5567 581 5622 Multis
610 5584 719 5638 pro
750 5571 1045 5642 angustiis
1079 5575 1255 5626 totam
1286 5573 1693 5644 lacrymosam.

381 5652 776 5729 Cruentatam,
811 5658 1068 5730 lividam,
1105 5677 1211 5715 nec
1245 5676 1361 5714 non
1394 5662 1773 5729 maculosam.

1423 330 1486 388 S.
1538 328 1914 390 ANSELMI
1965 327 2372 405 LUCENSIS
2430 324 2817 386 EPISCOPI
3649 335 3736 418 624

2092 507 2144 569 Α
2249 525 2398 578 Nam
2427 528 2540 578 tam
2574 525 2774 595 largas
2804 525 3097 594 lacrymas
3131 527 3277 580 oculi
3309 528 3586 596 stillabant,

2178 612 2343 677 Quod
2373 628 2497 682 prae
2518 612 2886 668 multitudine
2918 613 3091 668 ﬂetus
3125 614 3451 686 caligabant,

2177 701 2322 765 Quia
2352 700 2495 755 nulli
2523 701 2764 756 aderant
2784 702 2886 772 qui
2910 716 3016 756 eos
3045 703 3408 772 mundabant,

2178 789 2293 843 Sed
2321 789 2619 860 lugentem
2652 790 2965 844 Dominum
2995 791 3158 844 multi
3191 790 3610 847 subsannabant.

2249 877 2502 948 Dignum
2535 881 2707 948 caput
2736 877 2867 932 Filii
2897 878 3125 933 lassum
3157 879 3514 950 dependebat,

2178 967 2324 1019 Nam
2342 965 2441 1020 ubi
2468 966 2809 1037 quiesceret
2830 966 3000 1021 locus
3032 983 3150 1022 non
3181 969 3453 1036 manebat,

2177 1054 2400 1109 Praeter
2431 1055 2634 1124 spinas
2665 1055 2902 1110 minime
2933 1056 3208 1126 pulvinar
3237 1057 3489 1126 habebat,

2173 1141 2362 1214 Cujus
2403 1143 2572 1198 dolor
2600 1143 2903 1214 multiplex
2933 1144 3177 1199 multum
3207 1161 3296 1200 me
3327 1148 3614 1217 torquebat.

2245 1231 2455 1285 Manus
2488 1231 2944 1286 decentissimas
2975 1233 3114 1287 dum
3145 1249 3303 1304 saepe
3335 1237 3587 1304 Spectavi,

2175 1321 2491 1374 Laceratas
2522 1321 2801 1391 graviter,
2829 1321 2944 1376 heu
2972 1320 2982 1374 l
3017 1322 3403 1390 considenavi,

2173 1407 2330 1472 Quas
2359 1408 2656 1479 angebant
2688 1409 2956 1481 nequiter
2984 1410 3353 1480 perforantes
3381 1412 3535 1479 clavi,

2173 1499 2332 1562 Quos
2363 1497 2423 1550 in
2453 1497 2548 1551 his
2579 1498 3002 1553 transfixerant
3039 1498 3124 1552 illi
3156 1499 3330 1554 nimis
3358 1502 3526 1570 pravi.

2243 1585 2466 1656 Aspexi
2497 1584 2892 1658 dignissimos
2924 1587 3108 1658 pedes
3138 1589 3406 1658 laniatos,

2173 1674 2323 1741 Heu,
2354 1689 2686 1744 percussos
2715 1677 2948 1745 malleo,
2983 1677 3140 1732 ferro
3172 1679 3523 1751 terebratos,

2170 1762 2388 1816 Omnes
2417 1765 2582 1817 artus
2608 1763 2877 1834 corporis
2910 1765 3086 1822 simul
3117 1768 3432 1834 cruciatos,

2093 1875 2139 1936 Β
2170 1850 2241 1904 Et
2270 1865 2589 1924 compages
2619 1853 2849 1908 ossium
2879 1853 3006 1910 dire
3046 1855 3386 1927 dissipatas.

2240 1938 2490 1994 Gustum
2529 1941 2645 1995 mei
2675 1940 2808 1996 Filii
2840 1941 2977 1997 felle
3007 1945 3368 2015 cruciabant,

2170 2027 2448 2082 Auditum
2474 2028 2868 2099 blasphemiis
2905 2031 3098 2090 Judmi
3129 2035 3435 2102 vexabant,

2169 2114 2457 2172 Olfactum
2485 2117 2829 2188 putredines
2859 2118 2976 2174 loci
3005 2123 3456 2189 tormentabant,

2170 2203 2241 2258 Et
2267 2204 2397 2260 haec
2427 2204 2604 2260 simul
2635 2209 2831 2262 omnia
2861 2208 3104 2264 multum
3129 2224 3223 2265 me
3257 2211 3582 2284 gravabant.

2242 2292 2333 2347 Me
2367 2292 2527 2365 loqui
2561 2294 2632 2350 ad
2663 2294 2876 2351 Filium
2908 2313 3072 2352 amor
3102 2299 3503 2370 compellebat,

2171 2381 2240 2435 Et
2269 2379 2655 2438 aifectuosum
2687 2399 2792 2439 cor
2821 2400 3134 2441 sermones
3168 2387 3399 2456 edebat,

2169 2469 2304 2538 Sed,
2338 2468 2492 2525 heu!
2525 2469 2694 2526 dolor
2722 2471 2940 2528 nimius
2974 2489 3080 2529 eos
3112 2475 3496 2546 dirumpebat,

2169 2557 2334 2621 Quod
2362 2559 2545 2614 verba
2581 2560 2815 2616 edicere
2847 2561 3086 2617 minime
3115 2562 3371 2619 valebat.

2239 2646 2530 2702 Sensibus
2562 2648 2982 2722 languentibus
3007 2649 3134 2722 jam
3165 2652 3523 2721 deficiebam,

2169 2734 2239 2788 Et
2265 2735 2586 2791 contractis
2617 2737 2845 2792 viribus
2876 2738 3084 2794 dolens
3117 2742 3487 2808 corruebam,

2168 2824 2284 2878 Sed
2313 2830 2615 2895 resumpto
2648 2827 2876 2896 spiritu,
2911 2842 3080 2898 voce,
3113 2844 3233 2899 qua
3266 2829 3542 2899 valebam,

2168 2912 2230 2965 In
2258 2914 2440 2968 verba
2469 2912 2816 2986 hujusmodi
2849 2915 3044 2970 statim
3073 2919 3527 2988 prorumpebam
3558 2936 3566 2970 :

2237 3001 2379 3056 Vae!
2413 3001 2533 3057 vael
2569 3001 2681 3057 Fili
2713 3004 2811 3074 mi,
2845 3004 2966 3060 vzel
3003 3004 3122 3060 val
3160 3006 3344 3062 chare
3373 3013 3518 3075 nate,

2168 3090 2321 3145 Ecce
2342 3089 2403 3145 hi
2434 3093 2702 3160 perversi
2729 3107 2821 3148 me
2851 3093 3184 3150 diviserunt
3214 3110 3248 3148 a
3280 3099 3356 3165 te,

2165 3177 2398 3250 Adjuva
2427 3195 2542 3248 me,
2576 3179 2848 3251 obsecro,
2883 3181 2940 3236 in
2973 3183 3295 3238 anxietate:

2088 3230 2138 3292 Ο
2164 3230 2315 3321 Λιιὶὶ
2345 3230 2579 3337 preces,
2614 3230 2899 3325 miserere
2929 3270 3134 3326 Matris
3165 3271 3470 3328 desolataa.

2236 3356 2350 3410 Per
2377 3361 2453 3424 te,
2489 3356 2622 3426 Fili,
2656 3358 2835 3413 habui
2865 3361 3060 3414 omnia
3093 3362 3380 3429 secunda,

2164 3445 2228 3499 In
2251 3448 2330 3514 te,
2361 3445 2526 3514 Jesu,
2560 3447 2723 3502 extiti
2747 3447 3280 3520 jugiterj‘ucunda,

2163 3531 2293 3588 Heu
2322 3549 2479 3588 nunc
2512 3535 2572 3590 in
2602 3535 2837 3591 tristitia
2866 3552 2975 3607 per
3005 3542 3059 3593 te
3091 3553 3222 3592 sum
3247 3540 3552 3610 profunda,

2163 3622 2306 3687 Quia
2335 3628 2390 3679 te
2422 3625 2510 3678 sic
2542 3624 2765 3679 cruciat
2786 3625 2957 3680 turba
2987 3626 3114 3682 haec
3147 3627 3468 3696 immunda,

2233 3711 2451 3768 Tecum
2483 3712 2575 3768 fac
2604 3713 2771 3770 obire
2801 3730 2893 3770 me
2923 3730 3029 3786 per
3056 3716 3235 3771 istum
3267 3733 3536 3789 agonem,

2157 3799 2299 3864 Quae
2330 3804 2387 3856 te
2415 3802 2611 3872 ipsum
2631 3802 2752 3859 alui
2779 3804 2854 3859 ad
2883 3803 3032 3861 hanc
3065 3806 3431 3875 passionem,

2117 3912 2120 3916 -
2160 3888 2306 3961 Ego,
2339 3889 2475 3958 heu,
2508 3891 2720 3948 lactavi
2750 3895 2807 3947 te
2836 3893 2908 3947 ad
2940 3893 3325 3962 occisionem,

2162 3977 2278 4032 Fac
2310 3993 2424 4048 me,
2458 3994 2693 4050 precor,
2725 3982 3010 4037 commori
3039 3997 3146 4052 per
3184 3983 3665 4053 compassionem.

2233 4065 2298 4122 In
2328 4070 2384 4124 te
2415 4068 2824 4138 impassibilis,
2859 4069 2970 4125 Fili
3001 4071 3099 4141 mi,
3125 4069 3323 4136 fuisti;

2160 4154 2369 4210 Totum
2401 4155 2513 4212 hoc
2544 4157 2700 4229 quod
2739 4158 2980 4229 pateris,
3015 4159 3086 4214 de
3117 4175 3208 4215 me
3239 4160 3632 4231 assumpsisti.

2161 4242 2320 4315 Ergo
2340 4242 2431 4299 fac
2460 4249 2522 4299 ut
2554 4247 2774 4301 moriar
2800 4249 2993 4302 tecum
3027 4247 3188 4304 caede
3217 4247 3397 4318 tristi,

2155 4331 2300 4396 Quia
2330 4335 2386 4388 te
2418 4334 2668 4403 exposui
2697 4335 2842 4390 dirae
2871 4336 3046 4390 morti
3074 4336 3194 4391 isti.

2225 4419 2308 4475 Ol
2343 4422 2478 4493 quis
2510 4422 2608 4477 det
2638 4427 2700 4478 ut
2724 4423 2970 4478 subeam
3001 4439 3109 4493 pro
3140 4427 3216 4492 te,
3238 4423 3409 4494 Jesu,
3443 4428 3694 4490 mortem,

2154 4506 2342 4580 Cujus
2371 4523 2446 4564 ex
2477 4525 2569 4566 me
2608 4511 2887 4566 miseram
2918 4517 2979 4568 tu
3011 4513 3322 4582 sumpsisti
3357 4517 3574 4568 sortem
3596 4513 3621 4564 ‘2

2065 4583 2121 4647 D
2155 4595 2282 4667 Fili,
2317 4613 2424 4652 cur
2442 4599 2733 4670 permittis
2764 4617 2856 4656 me
2889 4616 3028 4657 esse
3057 4617 3215 4656 nunc
3245 4606 3362 4657 tam
3395 4601 3644 4657 fortem?

2156 4685 2346 4758 Rogo,
2379 4688 2683 4743 moriendo
2707 4688 2799 4744 fac
2829 4705 2922 4744 me
2953 4692 3111 4744 tuam
3147 4694 3506 4747 consortem.

2222 4775 2268 4828 Ο
2298 4791 2424 4830 mea
2456 4776 2675 4847 laetitia,
2713 4777 2897 4847 salus,
2933 4794 3074 4847 spes
3106 4783 3162 4832 et
3193 4780 3330 4845 vita,

2151 4863 2318 4932 Jesu,
2355 4879 2460 4918 cur
2490 4865 2781 4936 relinquis
2809 4880 2901 4920 me
2935 4866 3261 4922 desolatam
3290 4869 3409 4922 ita?

2154 4952 2271 5006 Cur
2300 4951 2430 5007 sine
2461 4953 2679 5008 auxilio
2712 4969 2846 5008 sum
2877 4955 2935 5009 in
2965 4957 3157 5025 poenis
3191 4956 3348 5010 sita?

2159 5039 2307 5109 Heu,
2341 5056 2469 5095 mea
2502 5042 2710 5096 solatia
2743 5047 2952 5098 cuncta
2981 5046 3119 5098 sunt
3145 5043 3324 5098 ﬁnita.

2225 5127 2370 5194 Quis
2402 5129 2542 5183 mihi
2565 5130 2637 5184 de
2669 5133 2884 5186 caetero
2915 5132 3222 5200 prtestabit
3251 5131 3560 5187 solamen?

2155 5217 2433 5289 Digneris
2465 5217 2667 5274 audire
2689 5234 2847 5274 nunc
2877 5223 3201 5274 maternum
3232 5235 3574 5293 gravamen,

2153 5304 2224 5359 Et
2243 5306 2318 5360 ad
2342 5306 2535 5361 minus
2565 5307 2637 5361 da
2669 5307 2809 5362 mihi
2843 5307 3081 5380 aliquod
3114 5309 3382 5364 levamen
3417 5327 3427 5362 :

2152 5393 2318 5462 Vide,
2353 5395 2507 5464 vide,
2542 5394 2651 5450 Fili
2683 5397 2781 5467 mi,
2817 5398 3143 5452 maternum
3175 5412 3484 5452 vexamen.

2221 5485 2384 5540 Tunc
2413 5485 2615 5555 Jesus,
2650 5500 2743 5541 me
2772 5485 3023 5541 audiens
3055 5490 3172 5541 tam
3203 5486 3605 5542 indesinenter

2149 5575 2486 5644 Suspirare,
2518 5588 2758 5645 gemere
2789 5578 2844 5629 et
2876 5575 3016 5630 ﬂere
3047 5575 3330 5645 dolenter,

2152 5662 2510 5732 Intuensque
2542 5664 2779 5717 anxium
2814 5679 3007 5719 meum
3040 5680 3142 5719 cor
3168 5667 3437 5735 patenter
