3948 6168
229 299 328 361 625
1456 284 1910 355 epuscum
1953 290 2266 358 sanans.
2676 349 2689 361 .
3480 304 3601 370 626

225 491 488 549 Consolari
516 489 816 563 lugubrem
846 488 1016 544 visus
1046 492 1139 544 est
1168 490 1511 557 clementer,

276 580 318 636 Ο
337 581 384 636 si
408 580 586 635 scires
612 578 860 650 qualiter
889 578 1030 633 mihi
1063 577 1447 634 condolebatl

221 670 409 740 Nempe
429 684 530 739 pro
557 680 646 722 me
675 667 856 722 multo
885 667 1020 737 plus
1053 682 1229 740 quam
1257 682 1362 738 pro
1393 682 1460 722 se
1482 667 1817 739 languebat,

220 758 275 813 Et
298 758 413 829 ejus
439 754 735 828 poenalitas
767 755 1013 810 multum
1041 771 1133 810 me
1171 756 1493 826 premebat,

217 851 285 902 Ac
306 852 561 918 utrosque
593 844 792 917 passio
823 844 1093 899 vicissim
1124 844 1399 915 angebat.

264 936 303 991 Ο
329 935 592 990 immensa
628 933 893 1006 gravitas
926 936 981 989 et
1011 933 1329 988 anxietudo
1356 931 1368 986 ι

214 1024 361 1079 Pana
388 1021 709 1090 ineﬁ'abilis,
738 1025 795 1077 et
815 1021 1138 1078 amaritudo
1167 1019 1180 1074 l

210 1111 453 1178 Quantum
481 1112 701 1183 pressit
731 1110 939 1167 ambos
971 1126 1083 1165 nos
1114 1111 1226 1163 ista
1256 1108 1557 1177 habitudo,

210 1199 343 1266 Quos
367 1198 787 1255 inestimabilis
820 1198 1058 1254 strinxit
1087 1198 1386 1271 gratitude
1417 1198 1429 1252 !
1491 1232 1507 1248 .

386 1288 657 1343 Christus
686 1287 943 1343 Matrem
976 1287 1341 1343 commendat
1371 1286 1603 1342 Joanni.

259 1378 388 1433 Nam
416 1378 580 1433 morti
611 1376 1004 1448 approprians
1036 1375 1272 1431 ﬂentem
1298 1390 1390 1430 me
1421 1375 1673 1443 vocavit,

207 1467 456 1522 Joannem
484 1467 543 1519 in
573 1465 757 1521 ﬁlium
788 1464 930 1520 mihi
960 1461 1274 1535 ordinavit,

205 1555 278 1609 Me
302 1556 356 1609 in
383 1560 623 1609 matrem
653 1553 876 1625 pariter
900 1552 983 1606 illi
1011 1551 1461 1619 commendavit,

202 1643 257 1699 Et
278 1643 484 1699 doloris
513 1641 751 1715 gladius
781 1645 923 1697 tunc
952 1656 1045 1696 me
1076 1639 1418 1711 perforavit.

254 1731 589 1789 Semivin
620 1730 956 1798 Dominum,
987 1729 1106 1784 heu
1131 1727 1145 1784 l
1178 1728 1563 1785 audiebamus
1589 1747 1602 1793 ;

201 1821 359 1893 Loqui
388 1834 508 1891 prie
539 1819 823 1875 maestitia
851 1818 994 1874 nihil
1029 1817 1393 1886 volebamus,

194 1910 369 1966 Iesum
395 1924 542 1980 pene
572 1913 870 1964 mortuum
904 1907 1014 1962 fari
1040 1906 1411 1976 videbamus,

196 1997 541 2069 Respondere
571 1996 817 2069 aliquid,
842 1996 979 2066 heu,
1015 2011 1131 2050 non
1157 1999 1518 2064 poteramus.

248 2086 360 2160 Ego
388 2086 585 2142 cordis
613 2085 873 2158 jubilum
903 2083 1017 2139 mei
1046 2084 1401 2151 amittebam,

188 2175 247 2230 Et
271 2176 322 2229 in
349 2174 556 2230 multas
586 2174 882 2245 lacrymas
912 2177 1031 2228 tota
1062 2172 1367 2242 deﬂebam,

188 2264 347 2319 Vitam
370 2278 512 2320 meae
542 2264 761 2318 animae
793 2258 958 2317 obire
987 2260 1297 2329 videbam;

184 2356 251 2408 Ac
278 2354 455 2424 poenis
485 2350 834 2425 ingentibus
859 2345 984 2422 jﬁth
1018 2349 1413 2422 liqueﬁebam.

585 2438 810 2513 thuid
838 2436 1221 2512 ἀοῖ·ρἰᾳηὶεεὶ
1254 2455 1345 2495 me
1366 2439 1393 2492 .9

238 2530 370 2585 Nam
398 2532 453 2586 et
481 2531 574 2586 sic
611 2529 946 2584 humanitas
979 2526 1518 2600 derelinquebatur,

184 2619 288 2675 Nec
305 2624 436 2675 tunc
466 2620 521 2675 ei
548 2618 744 2673 deitas
766 2616 1179 2689 opitulabatur,

179 2706 341 2777 Unde,
370 2712 424 2763 et
451 2706 770 2779 passibilis
792 2705 961 2761 valde
994 2704 1374 2772 reddebatur,

182 2796 248 2851 Et
274 2812 371 2852 cur
398 2795 711 2870 reliquisti
737 2808 850 2863 me,
883 2792 1090 2849 Deus?
1111 2793 1480 2866 loquebatur.

233 2886 442 2954 Anima,
472 2886 527 2941 si
558 2883 830 2939 ruminas
860 2883 1115 2953 primum
1145 2882 1303 2937 hunc
1334 2882 1619 2952 dolorem,

179 2973 497 3030 Possidebis
528 2973 786 3029 forsitan
817 2970 1211 3043 lacrymarum
1242 2985 1459 3039 rorem,

180 3060 237 3117 Et
259 3063 307 3118 si
332 3067 390 3119 tu
419 3063 642 3119 devota
670 3078 736 3119 es
764 3077 833 3118 ac
864 3060 1034 3132 cupis
1065 3060 1369 3127 honorem,

178 3149 429 3208 Meditare
452 3152 688 3224 saepius
718 3151 875 3207 hunc
906 3164 1099 3206 meum
1129 3162 1463 3204 maerorem.

232 3239 274 3296 Ο
298 3238 711 3297 misericordia
740 3240 1027 3295 immensa
1057 3236 1297 3308 repleta,

177 3328 315 3385 Laus
339 3330 444 3387 tibi
474 3334 534 3386 et
566 3330 764 3385 honor
790 3329 890 3399 sit,
921 3326 1129 3395 Mater,
1164 3326 1295 3381 sine
1327 3329 1499 3380 meta.

174 3417 353 3474 Omnia
381 3435 515 3493 quis
546 3418 707 3473 facta
737 3419 893 3483 sunt,
928 3419 1064 3471 nota
1096 3416 1153 3469 et
1183 3418 1435 3480 secreta,

175 3507 286 3563 Tibi
314 3509 550 3564 solvant
582 3506 833 3581 gratias,
867 3503 1072 3578 Virgo,
1105 3502 1301 3559 Verbo
1332 3501 1471 3558 feta.

231 3597 347 3652 Jam
377 3597 615 3654 obortis
646 3594 924 3666 lacrymis
959 3609 1064 3664 per
1088 3592 1585 3663 compassidnem,

172 3685 347 3760 Cogor
374 3688 813 3755 interrumpere
843 3686 1008 3738 tuum
1033 3682 1191 3737 hunc
1221 3692 1576 3748 sermonem,

171 3772 480 3832 Gratiarum
511 3773 767 3831 reddere
794 3771 899 3827 tibi
927 3769 1234 3841 actionem,

171 3862 230 3918 Et
255 3869 404 3920 tuam
435 3862 729 3921 extollere
760 3860 1217 3916 miserationem.

227 3953 268 4007 0
298 3969 421 4009 mea
453 3948 716 4008 ﬁducia!
751 3949 938 4004 Mater
966 3948 1073 4003 Dei
1104 3948 1251 4015 veri,

172 4041 267 4096 Per
293 4049 347 4098 te
376 4056 483 4099 oro
512 4040 747 4113 jugiter
770 4039 842 4093 ad
871 4038 1027 4093 bona
1054 4036 1281 4110 urgeri,

171 4127 233 4184 Et
258 4148 289 4184 a
314 4130 485 4185 malis
520 4128 803 4185 omnibus
825 4142 932 4198 per
957 4129 1014 4180 te
1045 4125 1328 4191 coerceri,

169 4218 413 4293 Tuisque
442 4217 762 4277 doloribus
791 4230 1029 4287 semper
1056 4214 1379 4285 adimpleri.

233 4308 461 4364 Utinam
489 4323 631 4364 cum
652 4304 931 4377 lacrymis
958 4319 1202 4375 possem
1230 4318 1387 4359 nunc
1413 4302 1615 4375 rugire

173 4394 233 4451 Et
263 4412 368 4468 pro
396 4401 476 4467 te,
512 4412 551 4452 o
582 4394 849 4463 Domina,
884 4390 1135 4448 dolendo
1166 4392 1331 4448 obire
1358 4390 1370 4445 ι

173 4484 367 4541 Poenas
399 4500 645 4556 semper
673 4498 767 4537 me
796 4485 929 4537 tuas
959 4496 1173 4553 precor
1203 4479 1297 4535 fac
1327 4481 1567 4550 sentire,

172 4572 348 4629 Meum
380 4591 489 4631 cor
512 4572 905 4629 durissimum
935 4570 1200 4641 digneris
1230 4569 1481 4623 mollire.

234 4663 375 4731 Heu,
409 4677 599 4736 quare
634 4663 769 4732 post
798 4658 1030 4727 Filium,
1062 4658 1329 4727 Domina,
1363 4657 1609 4711 abiisti?

174 4749 324 4806 Heu!
359 4768 470 4807 cur
498 4751 574 4806 ad
599 4749 888 4804 Calvarim
918 4749 1115 4803 locum
1146 4746 1426 4802 exivisti?

171 4838 322 4906 Heu!
355 4857 466 4895 cur
496 4837 762 4894 solitaria
793 4835 950 4891 domi
984 4852 1099 4891 non
1131 4834 1314 4900 fuisti,

174 4926 254 4983 Ne
282 4929 339 4983 in
360 4930 553 4984 morte
585 4927 837 4983 forsitan
865 4924 1179 4997 perimaris
1200 4922 1424 4979 Christi
1444 4925 1471 4977 ‘?

228 5017 435 5072 Nonne
469 5016 590 5071 nati
620 5013 826 5086 passio
857 5012 1033 5068 nobis
1066 5015 1231 5067 esset
1260 5013 1428 5080 satis,

173 5102 296 5159 Nisi
315 5105 702 5177 cruciﬁgeret
732 5108 788 5157 te
810 5102 979 5172 plebs
1012 5101 1260 5156 feritatis
1282 5102 1311 5156 τι

169 5188 276 5248 Cur
299 5192 516 5261 fecisti,
550 5191 798 5248 Domina
829 5191 996 5245 mira:
1028 5190 1375 5258 sanctitatis,

169 5278 243 5335 Te
272 5298 379 5336 vas
410 5279 820 5336 amaritudinis
850 5281 907 5333 et
935 5278 1338 5349 pcenalitatis?

172 5368 311 5439 Heu,
342 5386 464 5426 non
493 5370 686 5426 solum
717 5383 897 5424 cerno
927 5370 981 5422 te
1004 5367 1174 5439 juxta
1206 5381 1443 5421 crucem
1475 5365 1728 5436 flentem,

171 5455 272 5512 Sec
304 5459 485 5513 simul
513 5474 647 5514 cum
677 5456 826 5513 Filio
858 5458 916 5511 in
945 5471 1123 5511 cruce
1157 5459 1507 5525 manentem,

172 5542 467 5602 Christum
495 5546 878 5618 corporaliter
903 5546 962 5600 in
991 5546 1155 5617 ligno
1174 5545 1546 5616 pendentem,

173 5633 347 5690 Tuam
372 5651 517 5692 vero
550 5637 799 5691 animam
838 5648 1194 5705 suspensam
1225 5636 1282 5689 et
1307 5632 1617 5688 dolentem.

1848 492 1907 558 ι
2006 492 2174 549 Heu!
2208 496 2572 565 contemplor
2600 500 2760 553 tuum
2793 517 2895 555 cor
2922 517 3084 571 saepe
3119 504 3499 578 perforatum,

1933 580 2005 636 Et
2036 598 2170 637 cum
2200 584 2483 639 membris
2508 586 2765 659 singulis
2798 588 2930 643 Filii
2966 593 3388 664 conclavatum,

1933 668 2087 726 Ecce
2120 672 2282 744 geris
2309 672 2459 728 intra
2482 677 2535 729 te
2568 676 2917 731 cruciﬁxum
2950 683 3165 750 natum,

1936 755 2193 832 Flagris,
2228 761 2438 831 spinis,
2466 762 2704 831 ictibus,
2738 765 2925 820 clavis
2952 767 3290 825 laceratum.

2005 848 2053 903 0
2084 863 2188 904 cor
2216 849 2582 921 delectabile,
2616 851 2807 922 dulce,
2843 854 3173 917 delicatum.

1936 936 2068 993 Heu
2093 937 2104 992 !
2138 954 2293 994 nunc
2324 940 2384 994 in
2410 942 2703 1013 angustiis
2733 943 2903 998 valde
2932 944 3314 1016 immutatum,

1936 1025 2204 1095 Probris,
2230 1033 2288 1083 et
2316 1029 2706 1100 blasphemiis
2737 1031 2914 1085 nimis
2945 1034 3337 1103 molestatum,

1933 1113 2158 1186 Sputis,
2194 1116 2350 1184 felle,
2385 1116 2622 1172 ﬂetibus
2655 1122 2745 1173 est
2773 1121 3176 1177 amaricatum.

2000 1203 2045 1258 Ο
2076 1204 2567 1260 amabilissimum
2591 1222 2715 1275 cor,
2749 1208 2985 1277 plenum
3008 1210 3271 1267 dulcoris
3296 1211 3308 1266 Ι

1928 1290 2232 1357 Quomodo
2263 1294 2352 1347 sic
2384 1308 2740 1349 conversum
2769 1310 2836 1350 es
2868 1295 3004 1352 felle
3035 1299 3356 1355 mmroris?

1930 1380 2162 1435 Partem
2191 1381 2355 1450 mihi,
2391 1382 2609 1454 ﬂagito,
2640 1385 2711 1437 da
2735 1385 2815 1439 tui
2844 1385 3091 1455 doloris,

1931 1468 2371 1540 Lacrymrrum,
2404 1470 2737 1541 vulnerum,
2766 1472 3105 1546 Christique
3135 1475 3462 1548 languoris.

2000 1557 2163 1612 Tunc
2194 1557 2373 1613 charo
2403 1558 2696 1630 discipulo
2729 1561 2915 1617 Mater
2943 1564 3364 1636 commendata,

1938 1644 2014 1701 Ut
2041 1661 2215 1701 sacra
2242 1647 2521 1718 paginula
2550 1652 2714 1703 esset
2738 1656 3161 1721 consummata,

1926 1734 2135 1790 Proles
2166 1734 2308 1791 Dei:
2341 1736 2514 1805 Sitio,
2551 1737 2697 1791 dixit
2726 1738 2965 1810 fatigata
2990 1758 3002 1804 ;

1852 1864 1905 1928 Β
1927 1822 2063 1892 Sed,
2095 1823 2231 1892 heu,
2265 1824 2457 1894 qualis
2484 1826 2535 1879 ei
2570 1826 2727 1895 potio
2759 1832 2850 1881 est
2880 1843 3078 1883 amara
3107 1829 3240 1886 data
3260 1832 3288 1884 ε)

1997 1912 2044 1965 Ο
2064 1911 2317 1967 Messial
2348 1913 2616 1983 supplico
2648 1917 2805 1969 tuam
2835 1916 3127 1985 pietatem,

1926 2000 2087 2055 Pelle
2117 2017 2150 2055 a
2176 2016 2268 2057 me
2294 2001 2591 2072 crapulam
2614 2006 2670 2056 et
2700 2003 3061 2073 ebrietatem,

1931 2089 1995 2144 In
2021 2089 2173 2145 cibis
2204 2092 2262 2144 et
2291 2090 2528 2159 potibus
2559 2090 2629 2145 da
2661 2092 3062 2159 sobrietatem,

1930 2178 2019 2232 Ne
2050 2178 2213 2232 sinas
2244 2193 2336 2231 me
2364 2178 2574 2233 cadere
2608 2194 2713 2249 per
2741 2180 3102 2235 edacitatem.

2002 2266 2133 2321 Heu
2157 2264 2169 2319 l
2205 2281 2386 2337 quare
2413 2266 2583 2337 cupio
2603 2266 2820 2322 lautius
2848 2270 3052 2337 cibari,

1932 2353 2069 2409 Sive
2100 2353 2369 2409 delicatis
2392 2354 2543 2408 cibis
2569 2370 2869 2426 nunquam
2900 2357 3146 2411 satiari?

1930 2444 1975 2497 0
2006 2444 2152 2498 Jesu
2178 2440 2190 2495 l
2221 2458 2293 2497 ne
2328 2442 2492 2497 sinas
2521 2457 2630 2497 nos
2662 2444 2739 2497 ita
2764 2443 3065 2513 delectari,

1929 2530 2039 2595 Qui
2070 2530 2204 2587 felle
2227 2530 2503 2603 dignatus
2537 2545 2604 2585 es
2634 2547 2741 2602 pro
2765 2532 2937 2587 nobis
2968 2535 3176 2604 potari.

2003 2621 2188 2691 Tunc,
2225 2620 2381 2675 sicut
2409 2621 2718 2692 apostolus
2744 2621 3005 2677 Joannes
3036 2621 3297 2692 dictavit,

1931 2709 2113 2765 Jesus
2140 2725 2151 2764 :
2191 2709 2659 2771 Consummatum
2692 2714 2803 2777 est,
2831 2711 3027 2766 statim
3058 2711 3425 2780 exclamavit,

1930 2798 2146 2871 Sicque
2182 2814 2355 2854 suum
2389 2798 2660 2869 spiritum
2692 2799 2851 2854 Patri
2882 2800 3312 2855 commendavit

1930 2887 2075 2944 Cum
2101 2887 2357 2943 clamore
2387 2886 2602 2957 valido,
2635 2890 2692 2943 et
2722 2889 2810 2942 sic
2840 2888 3148 2960 expiravit.

2005 2976 2288 3030 Moriente
2314 2976 2562 3031 Domino
2584 2980 2737 3031 terra
2770 2979 3189 3047 contremebat,

1932 3062 2368 3119 Scindebantur
2392 3062 2641 3135 lapides,
2677 3065 2767 3119 sol
2793 3064 2989 3139 lumen
3022 3064 3353 3134 claudebat,

1936 3152 2356 3225 Resurgebant
2387 3153 2621 3221 mortui,
2649 3152 2904 3224 populus
2927 3153 3231 3223 maerebat,

1850 3214 1904 3278 ο
1934 3214 2371 3311 νθιυηινιεωριί
2403 3214 2669 3295 scissum
2696 3214 2808 3309 est,
2842 3241 3029 3296 aether
3059 3256 3176 3298 non
3208 3214 3461 3297 lucebat.

2001 3330 2063 3385 Si
2082 3333 2222 3385 tunc
2248 3328 2618 3385 insensibilia
2649 3330 3170 3401 compatiebantur,

1932 3418 2002 3473 Et
2026 3421 2085 3473 in
2116 3422 2301 3473 morte
2342 3418 2573 3473 Domini
2600 3417 2826 3488 lapides
2859 3418 3303 3488 scindebantur,

1932 3507 2301 3563 Erubescant
2334 3507 2626 3575 homines,
2659 3508 2759 3578 qui
2793 3523 2908 3562 non
2942 3507 3383 3575 contristantur,

1933 3597 2084 3651 Dum
2105 3596 2330 3651 obiisse
2355 3596 2663 3651 Dominum
2694 3595 2899 3651 Jesum
2931 3597 3306 3651 meditantur.

2004 3686 2092 3741 Tu
2122 3685 2343 3752 divisti,
2380 3685 2646 3753 Domine,
2678 3700 2784 3756 per
2812 3684 3163 3757 prophetam
3193 3699 3355 3755 vere,

1933 3776 2100 3842 Quod
2131 3779 2397 3830 nostrum
2429 3773 2722 3845 lapideum
2753 3774 2939 3830 velles
2972 3791 3076 3829 cor
3107 3774 3326 3844 delere,

1934 3865 2003 3918 Et
2032 3879 2135 3919 cor
2163 3868 2262 3918 tuo
2291 3862 2506 3934 populo
2548 3878 2829 3918 carneum
2867 3863 3133 3934 prmbere
3162 3862 3409 3933 (Ezecll.
3444 3877 3505 3917 xx
3534 3866 3592 3917 et

2075 3953 2304 4020 xxxvn;

1936 4041 2076 4110 Sed,
2111 4038 2260 4095 heu!
2286 4040 2383 4093 vix
2415 4040 2539 4093 vult
2571 4055 2852 4094 carneum
2881 4042 3103 4095 dolere.

2007 4130 2053 4182 Ο
2082 4130 2217 4200 plus
2249 4143 2423 4200 quam
2454 4128 2690 4197 lapidei,
2721 4128 2956 4200 ingrati,
2992 4129 3253 4200 indigni!

1936 4219 1983 4274 Ο
2014 4217 2198 4272 nostri
2226 4216 2440 4269 duritia
2470 4216 2668 4271 cordis
2696 4216 3040 4287 imbenigni,

1938 4307 2146 4362 Nonne
2177 4303 2528 4360 contumelia
2556 4304 2736 4357 multa
2769 4319 2978 4359 sumus
3009 4304 3191 4376 digni,

1934 4395 2099 4461 Quod
2128 4409 2335 4466 parum
2367 4393 2758 4463 compatimur
2787 4391 2917 4464 regi
2936 4394 3053 4446 tam
3084 4391 3350 4463 insigni?

2005 4484 2052 4538 Ο
2082 4500 2185 4539 cor
2216 4482 2563 4553 pessimum,
2596 4481 2807 4535 durum
2839 4484 3012 4552 atque
3037 4496 3271 4549 vanum,

1858 4564 1915 4629 D
1936 4573 2160 4627 Durius
2191 4570 2507 4642 lapidibus,
2537 4570 2708 4641 quasi
2743 4570 3144 4624 inhumanum.

1936 4661 2154 4715 Saltem
2185 4676 2339 4715 nunc
2370 4664 2727 4729 compatere,
2761 4658 2875 4713 nisi
2898 4659 2986 4712 sis
3023 4674 3325 4725 vesanum,

1941 4750 2089 4804 Dum
2120 4749 2205 4803 sic
2241 4749 2408 4827 vides
2439 4749 2557 4818 pati
2579 4747 2734 4819 quod
2768 4762 2885 4802 non
2916 4750 3007 4801 est
3034 4748 3371 4802 humanum.

2008 4837 2054 4892 Ο
2086 4837 2253 4905 Jesu,
2285 4839 2387 4907 qui
2419 4838 2625 4909 gratiae
2653 4836 2760 4890 das
2795 4837 3171 4903 donationes,

1938 4927 2156 4980 Omnes
2189 4932 2320 4980 tuas
2353 4925 2622 4997 supplico
2654 4925 3090 4991 miserationes,

1941 5014 2153 5071 Cordis
2184 5015 2299 5069 mei
2330 5014 2486 5068 dilue
2520 5013 2960 5081 obdurationes,

1946 5104 2016 5158 Et
2046 5104 2117 5157 da
2147 5103 2290 5157 mihi
2320 5102 2612 5173 lacrymas
2646 5106 2701 5156 et
2724 5102 3195 5171 compassiones.

2016 5190 2443 5260 Contemplare,
2477 5190 2688 5257 anima,
2723 5204 2856 5243 cum
2882 5204 3096 5260 magno
3123 5187 3382 5259 fervore,

1945 5280 2152 5335 Jesum
2174 5278 2476 5333 Christum
2506 5277 2799 5332 medicum
2823 5292 2956 5332 cum
2988 5294 3098 5332 suo
3122 5294 3353 5348 cruore,
3565 5311 3613 5348 ο

1948 5368 2151 5421 Virum
2184 5366 2314 5421 sine
2345 5365 2546 5437 specie
2577 5369 2631 5419 et
2664 5366 2793 5419 sine
2823 5364 3060 5431 decore,

1945 5456 2308 5511 Percussum
2342 5459 2398 5509 et
2428 5457 2727 5508 mortuum
2759 5469 2867 5523 pro
2899 5458 2997 5509 tuo
3029 5469 3249 5511 amore.

2014 5544 2061 5597 0
2090 5547 2345 5616 quantae,
2382 5542 2634 5613 Deifera,
2663 5548 2777 5599 tuae
2811 5547 2950 5599 sunt
2979 5559 3307 5615 pressura,

1948 5633 2096 5689 Dum
2128 5634 2217 5689 sic
2247 5631 2634 5688 insensibiles
2665 5632 2864 5690 dolent
2897 5634 3182 5690 creaturae
3208 5631 3220 5691 ι
