3948 6168
423 279 541 344 627
1462 224 1524 337 S.
1561 272 1938 338 ANSELMI
1972 270 2383 339 LUCENSIS
2414 275 2821 341 EPISCOPI.

424 477 547 543 Qua
576 478 775 549 linqua
807 477 1211 547 exprimentur
1240 482 1355 530 tua;
1388 476 1601 530 mentis
1634 491 1789 530 curae
1809 477 1836 528 ‘?

422 566 637 632 Quales
668 570 803 620 nato
835 569 1062 620 mortuo
1093 568 1209 618 tuae
1233 565 1351 619 sint
1383 566 1671 619 torturae‘?

491 655 538 709 Ο
563 656 698 726 quis
729 655 909 725 novit,
945 669 1072 708 mea
1105 669 1266 723 spes,
1302 656 1435 708 tuos
1472 654 1792 722 cruciatus,

418 743 663 809 Quando
695 744 875 797 Jesus
903 758 1100 796 coram
1129 745 1186 795 te
1219 746 1311 795 est
1338 742 1833 809 translanceatus,

419 831 662 896 Quando
686 832 774 885 sic
802 845 1159 900 percussum
1190 833 1283 883 est
1310 829 1451 883 illud
1478 836 1747 884 sanctum
1779 829 1953 897 latus,

419 918 607 990 Cujus
641 920 892 989 sanguis
924 918 1176 987 pretium
1207 921 1472 971 nostrum
1503 922 1594 973 est
1623 918 1913 972 vocatus?

491 1006 616 1061 Etsi
651 1023 867 1076 corpus
900 1006 1166 1060 exanime
1196 1005 1349 1059 ictus
1382 1022 1497 1059 non
1527 1006 1831 1077 gravabat,

418 1094 534 1149 Sed
564 1098 726 1150 tuum
759 1094 993 1149 beatum
1025 1110 1127 1149 cor
1158 1094 1282 1148 dire
1314 1094 1673 1164 perforabat,

416 1181 647 1238 Lancea
678 1184 830 1238 latus
862 1182 1080 1237 Christi
1110 1199 1319 1238 cruore
1354 1182 1719 1251 rubricabat,

414 1270 529 1326 Sed
562 1272 739 1327 totius
772 1272 1033 1326 vulneris
1066 1272 1234 1326 dolor
1257 1274 1311 1327 te
1348 1272 1671 1326 cruciabat.

483 1360 659 1415 Juxta
688 1376 928 1415 crucem
959 1360 1090 1414 Filii
1122 1361 1306 1414 Mater
1337 1360 1680 1429 assistebat,

411 1448 579 1503 Fletu
606 1448 982 1503 amarissimo
1007 1448 1235 1521 jugiter
1264 1450 1523 1521 lugebat,

411 1535 559 1589 Nam
592 1553 775 1591 sensu
810 1541 1075 1592 emortuo
1104 1539 1236 1607 ipsa
1266 1538 1365 1590 vix
1395 1536 1650 1605 vivebat,

408 1624 569 1679 Voce
601 1629 775 1696 atque
807 1626 1055 1694 viribus,
1085 1625 1234 1695 proh
1267 1624 1485 1679 dolor?
1515 1626 1772 1680 carebat.

480 1712 599 1767 Ima
630 1714 849 1768 cadens
881 1714 1053 1766 anxia
1084 1716 1377 1782 prostrata
1408 1712 1681 1782 pallebat,

406 1800 628 1855 Vivens
660 1802 768 1855 fuit
800 1804 1050 1869 mortua,
1081 1800 1343 1855 moriens
1374 1801 1646 1870 vivebat;

409 1887 571 1943 Heu!
605 1890 774 1957 plena
805 1889 1101 1959 angustiis
1133 1888 1325 1942 anima
1354 1889 1665 1958 pendebat,

405 1976 628 2031 Vivens
661 1980 853 2031 tamen
888 1982 1118 2031 mortua
1148 1977 1299 2031 mori
1332 1993 1449 2031 non
1481 1978 1733 2033 dolebat.

479 2066 860 2136 Rursumque
888 2081 954 2120 se
982 2067 1223 2138 erigens
1252 2068 1313 2121 in
1336 2067 1538 2121 dolore
1568 2067 1777 2121 stabat.

404 2152 475 2208 Et
502 2154 853 2224 pendentem
891 2155 1200 2209 Dominum
1232 2155 1382 2210 ﬂens
1414 2155 1847 2223 considerabat,

401 2241 551 2296 Mori
582 2244 895 2313 plusquam
928 2243 1128 2297 vivere
1159 2248 1317 2297 certe
1347 2244 1676 2312 adoptabat,

400 2330 549 2385 Dum
579 2331 795 2401 deponi
828 2331 1039 2385 Filium
1071 2348 1243 2385 suum
1276 2333 1680 2401 exspectabat.

470 2419 634 2474 Tunc
664 2420 897 2473 dicebat
928 2420 1159 2490 ejulans
1194 2421 1311 2474 illis
1344 2422 1678 2489 depravatis
1706 2441 1717 2486 ;

396 2507 574 2578 Ecce,
606 2509 924 2562 desideriis
957 2510 1176 2562 vestris
1205 2511 1647 2575 consummatis,

394 2595 540 2650 Mihi
572 2597 741 2649 Matri
770 2598 1008 2651 miserae
1041 2613 1258 2666 corpus
1290 2598 1616 2666 deponatis,

396 2683 529 2753 Vel,
561 2684 614 2737 si
646 2684 807 2753 libet,
842 2685 921 2737 illi
956 2701 1044 2738 me
1075 2687 1336 2739 necando
1360 2686 1651 2757 jungatis.

465 2772 648 2827 Suum
679 2776 876 2826 natum
907 2778 1150 2844 tangere
1181 2774 1366 2827 Mater
1398 2776 1687 2844 cupiebat,

393 2859 587 2931 Seque
611 2865 887 2931 quantum
923 2866 1148 2931 poterat
1179 2878 1422 2916 sursum
1456 2864 1741 2935 erigebat,

393 2949 511 3004 Sed
541 2965 672 3003 cum
704 2966 841 3004 eum
872 2954 1114 3022 tangere
1146 2966 1519 3021 nequaquam
1542 2953 1793 3019 valebat,

391 3038 542 3107 Heu,
578 3039 649 3092 ad
681 3042 896 3094 terram
932 3039 1145 3094 debilis
1177 3041 1440 3111 graviter
1466 3042 1730 3112 cadebat,

460 3127 676 3182 Iterum
708 3129 927 3182 amoris
953 3128 1011 3181 vi
1044 3144 1285 3182 sursum
1320 3128 1638 3198 ferebatur,

386 3213 458 3269 Et
484 3217 685 3270 crucis
721 3216 1044 3285 patibulum
1076 3231 1212 3271 mox
1242 3216 1701 3287 amplexabatur,

382 3302 711 3376 Filiumque
734 3309 979 3376 tangere
1010 3304 1255 3360 multum
1285 3304 1598 3376 nitebatur,

383 3390 500 3448 Sed
530 3393 603 3447 ad
632 3396 851 3447 terram
882 3392 1112 3461 durius,
1147 3391 1295 3447 heu!
1332 3392 1736 3451 collidebatur.

451 3479 538 3534 Ibi
560 3478 775 3549 jacens
806 3478 978 3532 anxia
1009 3478 1159 3533 male
1192 3480 1597 3549 torquebatur,

383 3565 699 3621 Immensis
736 3566 1064 3635 doloribus,
1099 3563 1253 3621 heu!
1296 3568 1759 3637 opprimebatur,

380 3653 480 3709 Sic
506 3654 809 3708 cadentem
844 3655 1195 3725 sanguinem
1226 3654 1700 3727 deosculabatur,

378 3740 544 3805 Quod
574 3756 789 3795 cruore
826 3740 1008 3795 facies
1031 3741 1209 3795 rubra
1240 3740 1613 3813 reddebatur,

451 3830 609 3883 Inter
647 3829 776 3884 haec
819 3829 1092 3900 discipuli
1123 3830 1269 3885 Jesu
1303 3829 1416 3885 duo
1449 3831 1621 3904 grati,

384 3918 769 3990 Nicodemus,
803 3924 857 3973 et
885 3918 1110 3988 Joseph
1143 3919 1254 3985 (sic
1284 3921 1424 3975 sunt
1450 3921 1767 3991 appellati),

372 4006 599 4078 Adepta
628 4006 865 4061 licentia
894 4008 1170 4077 praesidis
1200 4006 1389 4076 Pilati,

373 4094 450 4150 Ut
480 4095 686 4150 Jesum
721 4096 1100 4167 deponerent,
1134 4101 1421 4152 venerunt
1450 4102 1653 4168 parati.

441 4184 606 4239 Tunc
638 4200 856 4256 corpus
889 4190 945 4240 et
973 4186 1218 4241 brachia
1251 4187 1434 4242 Mater
1462 4190 1823 4259 assumebat,

366 4271 439 4327 Et
466 4274 540 4327 ad
570 4289 638 4329 se
668 4276 1114 4330 moestissimam
1147 4277 1378 4331 concito
1411 4278 1692 4348 trahebat,

363 4359 559 4434 Super
580 4362 707 4435 jam
736 4365 1071 4435 depositum
1101 4366 1307 4421 osculo
1337 4367 1563 4421 ruebat.

364 4448 576 4505 Satiari
608 4453 843 4508 minime
877 4454 948 4507 de
979 4457 1113 4508 nato
1142 4455 1392 4509 valebat.

434 4539 598 4594 Tunc
628 4541 701 4594 ad
734 4546 908 4610 caput
937 4541 1066 4596 Filii
1104 4543 1194 4597 sui
1228 4542 1414 4596 Mater
1446 4544 1655 4611 stabat,

362 4627 721 4699 Beatamque
750 4628 963 4684 faciem
993 4630 1270 4700 lacrymis
1302 4632 1552 4704 rigabat,

359 4713 531 4786 Saepe
560 4717 1026 4787 profundissime
1056 4733 1304 4789 gemens
1337 4721 1693 4790 suspirabat,

358 4802 555 4875 Seque
586 4805 776 4875 ipsam
808 4806 1030 4861 feriens
1059 4806 1205 4862 tales
1236 4823 1418 4863 voces
1450 4808 1659 4863 dabat:

426 4891 473 4945 Ο
501 4892 612 4947 Fili
643 4895 1017 4951 charissime.
1052 4896 1191 4967 quid
1222 4897 1363 4950 mihi
1396 4897 1637 4951 fecisti?

355 4980 474 5035 Cur
502 4981 692 5037 Judaei
726 4986 898 5039 morti
927 4988 983 5039 te
1014 4984 1379 5041 tradiderunt
1409 4987 1555 5041 isti?

351 5068 543 5135 Quare
573 5088 665 5125 me
698 5073 1030 5145 relinquere
1057 5077 1192 5144 post
1221 5077 1275 5129 te
1310 5076 1590 5130 voluisti?

352 5158 647 5215 Succurre
679 5163 911 5230 spiritui
942 5178 1071 5217 meo
1111 5164 1287 5217 nimis
1320 5164 1492 5218 tristi.

322 5283 369 5319 ,
420 5248 468 5302 Ο
499 5250 573 5303 mi
609 5266 773 5305 amor
802 5253 992 5318 unice,
1027 5256 1200 5320 atque
1232 5252 1511 5321 salutare,

347 5338 661 5405 Gaudium,
696 5338 969 5391 solatium
1001 5354 1194 5393 meum
1226 5341 1549 5413 singulare,

351 5425 482 5478 Vita
512 5439 658 5477 meae
689 5424 919 5491 animae,
955 5439 987 5478 o
1016 5425 1124 5478 Fili
1151 5424 1162 5480 l
1197 5427 1289 5481 dic
1321 5444 1502 5499 quare

346 5511 645 5566 Permittis
678 5510 876 5565 dolere
910 5528 998 5567 me
1030 5530 1134 5582 pro
1168 5518 1222 5569 te
1255 5520 1369 5570 tam
1399 5533 1595 5573 amare
1617 5519 1645 5573 ‘?

418 5599 529 5655 Ubi
562 5604 653 5655 est
685 5599 842 5672 quod
871 5600 1047 5657 habui
1078 5604 1356 5676 gaudium
1378 5609 1495 5661 tam
1526 5607 1726 5679 latum,

3704 282 3799 346 628

2116 464 2167 525 A
2194 474 2346 530 Dum
2375 475 2550 548 virgo
2582 477 2828 545 concepi
2855 482 2931 543 te,
2966 477 3281 548 peperique
3312 478 3546 531 natum?

2192 562 2257 617 In
2290 578 2561 635 magnam
2593 565 2952 633 moestitiam,
2985 563 3098 618 heu
3128 563 3140 618 ι
3174 579 3326 619 nunc
3356 569 3446 619 est
3476 568 3741 637 mutatum,

2194 651 2345 707 Dum
2374 656 2428 707 te
2458 668 2655 707 meum
2687 653 2967 724 gaudium
2997 653 3170 708 video
3196 658 3484 709 necatum.

2264 739 2380 795 Sed
2414 741 2672 796 dolendo
2703 741 2949 795 Domina
2977 746 3230 797 mentem
3262 743 3658 811 conservabat,

2198 825 2402 884 Fidem
2429 828 2659 884 ﬁrmam
2690 829 2953 885 retinens
2986 830 3129 885 nihil
3163 830 3529 901 desperabat,

2193 914 2316 972 Imo
2338 916 2504 988 juste
2535 917 2738 989 doluit,
2772 923 2827 974 et
2858 920 3016 973 recte
3046 918 3335 989 plorabat,

2191 1002 2342 1059 Dum
2372 1003 2597 1076 injuste
2628 1005 2940 1062 Dominum
2962 1006 3175 1077 perimi
3204 1006 3522 1077 spectabat,

2260 1092 2424 1148 Tunc
2454 1095 2723 1149 volentes
2753 1095 3065 1149 Dominum
3097 1097 3372 1166 sepulcro
3408 1095 3612 1165 locare,

2182 1180 2271 1236 Ne
2297 1185 2414 1236 tam
2446 1182 2559 1247 cito
2592 1182 2875 1252 facerent,
2907 1184 3086 1254 coepit
3113 1184 3243 1239 haec
3272 1199 3508 1256 rogare.

2184 1267 2259 1323 Hi
2291 1269 2569 1325 volebant
2593 1275 2887 1326 mortuum
2916 1272 3239 1342 sepulturae
3268 1272 3428 1340 dare,

2184 1355 2318 1427 Ipsa
2348 1359 2420 1412 ad
2452 1374 2519 1413 se
2551 1361 2681 1413 visa
2709 1362 2802 1414 est
2831 1375 3051 1430 corpus
3080 1365 3425 1416 retractare.

2253 1444 2410 1500 Inter
2438 1462 2543 1502 eos
2576 1448 2767 1502 taliter
2794 1448 2889 1517 pia
2921 1447 2996 1502 lis
3028 1448 3245 1517 fiebat,

2182 1531 2253 1587 Et
2282 1548 2487 1588 eorum
2517 1535 2716 1590 acrius
2749 1535 2994 1607 quilibet
3024 1536 3278 1606 dolebat,

2179 1619 2252 1675 Et
2281 1638 2390 1692 pro
2420 1622 2607 1678 Matre
2637 1623 2884 1696 Virgine
2918 1625 3169 1679 maxime
3200 1625 3536 1698 plangebat,

2176 1707 2342 1773 Quod
2374 1712 2505 1781 ipsa
2537 1715 2654 1767 tam
2684 1712 2856 1767 anxie
2884 1710 3111 1785 jugiter
3138 1712 3403 1785 lugebat.

2248 1798 2411 1853 Tunc
2444 1799 2515 1854 ad
2548 1800 2808 1855 tumbam
2839 1801 3071 1855 Domini
3102 1802 3299 1874 angeli
3334 1807 3632 1872 venerunt,

2178 1882 2248 1939 Et
2278 1886 2509 1955 sepulto
2542 1887 2791 1943 Domino
2818 1887 3028 1943 laudes
3059 1888 3498 1959 persolverunt,

2174 1971 2291 2028 Sed
2322 1974 2523 2031 Marite
2554 1976 2710 2031 oculi
2742 1974 3034 2048 lacrymas
3066 1976 3369 2049 fuderunt,

2173 2060 2484 2134 Singultus
2515 2067 2573 2118 et
2601 2066 2859 2136 gemitus
2888 2064 3080 2134 ipsam
3114 2071 3501 2122 vexaverunt.

2242 2150 2463 2206 Taliter
2493 2151 2551 2205 in
2583 2153 2805 2207 tumulo
2838 2152 3073 2208 Christo
3105 2153 3415 2224 collocato,

2170 2238 2438 2293 Genitrix
2464 2241 2812 2295 tristissima
2842 2241 3145 2296 benedixit
3177 2248 3336 2312 nato,

2170 2325 2632 2399 Commendavit,
2668 2331 2916 2398 aestimo,
2951 2345 3087 2385 eum
3117 2331 3274 2385 Patri
3305 2337 3499 2403 grato,

2168 2414 2443 2485 Gemens,
2477 2418 2627 2471 flens
2648 2422 2704 2471 et
2734 2418 2968 2489 ejulans
2998 2434 3104 2487 pro
3137 2420 3511 2476 mortiﬁcata.

2243 2504 2326 2557 En
2358 2506 2457 2576 qui
2489 2522 2787 2578 nunquam
2820 2507 3088 2577 moritur,
3124 2507 3417 2564 Dominus
3448 2510 3701 2579 deorum,

2166 2592 2480 2663 Sepellitur
2508 2597 2778 2649 mortuus
2806 2595 3079 2650 manibus
3109 2612 3381 2668 suorum,

2165 2680 2349 2745 Quem
2378 2698 2485 2738 nec
2518 2685 2672 2737 terra
2703 2685 2979 2753 continet,
3014 2699 3125 2739 nec
3156 2685 3289 2740 coeli
3324 2685 3622 2755 caelorum,

2165 2770 2419 2826 Clausus
2449 2773 2541 2825 est
2571 2771 2683 2827 sub
2718 2772 2909 2843 lapide
2942 2788 3109 2828 more
3141 2780 3530 2831 mortuorum.

2234 2859 2399 2913 Tunc
2430 2859 2547 2929 hic,
2579 2861 2672 2914 cui
2704 2860 2992 2916 Dominus
3023 2861 3268 2916 Matrem
3299 2866 3727 2933 commendavit,

2163 2948 2424 3003 Joannes
2455 2948 2750 3018 videlicet,
2792 2950 3093 3023 lugentem
3122 2950 3365 3021 levavit,

2165 3035 2501 3107 Urbemque
2532 3036 2864 3093 Jerusalem
2896 3055 3031 3093 cum
3058 3055 3125 3094 ea
3154 3040 3419 3109 intravit,

2161 3123 2230 3178 Et
2251 3124 2326 3195 ei,
2361 3129 2423 3180 ut
2452 3124 2659 3195 Filius,
2691 3125 2845 3182 bene
2876 3127 3249 3183 ministravit.

2071 3193 2120 3255 ο
2230 3193 2395 3269 Tunc
2421 3193 2653 3269 devotis
2684 3213 2940 3285 feminae,
2974 3232 3106 3289 quae
3137 3218 3251 3272 ista
3279 3217 3571 3274 viderunt.

2157 3301 2300 3368 Quae
2329 3303 2628 3358 viventem
2658 3302 2971 3360 Dominum
3001 3310 3224 3361 secutae
3258 3306 3519 3377 fuerunt,

2159 3391 2392 3447 Mortuo
2422 3391 2774 3463 obsequium
2806 3396 2972 3465 grate
3004 3395 3411 3467 praebuerunt,

2159 3479 2439 3536 Ementes
2468 3482 2727 3536 aromata
2757 3480 2813 3536 ei
2839 3485 3316 3552 parentaverunt.

2226 3569 2383 3625 Inter
2410 3584 2561 3640 quas
2592 3567 2936 3641 Mrgdalena
2956 3569 3092 3626 talis
3121 3571 3454 3643 videbatur,

2150 3657 2316 3724 Quod
2349 3673 2531 3713 sexus
2563 3656 2800 3713 feminei
2829 3657 3313 3731 obliviscebatur,

2152 3747 2301 3803 Nam
2322 3762 2584 3819 pergens
2606 3746 2663 3800 in
2696 3746 2945 3802 tenibris
2974 3747 3117 3802 nihil
3148 3748 3489 3807 verebatur.

2149 3834 2220 3891 Et
2249 3836 2566 3909 qumsitum
2595 3835 2839 3907 invenit,
2872 3852 2905 3891 a
2935 3852 3049 3908 qua
3078 3837 3434 3909 ungebatur.

2216 3923 2334 3980 Sed
2365 3924 2547 3996 Virgo
2578 3938 2871 3995 puerpera
2901 3923 3138 3980 ﬂetibus
3169 3925 3437 3998 vacabat,

2144 4014 2506 4086 Languendo
2535 4017 2665 4083 post
2697 4011 2910 4067 Filium
2930 4012 3159 4086 jugiter
3184 4014 3477 4087 plorabat,

2142 4101 2366 4167 Quanta
2393 4103 2522 4172 ipse
2553 4117 2773 4172 passus
2803 4102 2901 4173 sit,
2931 4102 3005 4157 ad
3037 4108 3291 4158 mentem
3323 4105 3648 4172 revocabat,

2142 4190 2213 4245 Et
2240 4191 2302 4246 in
2330 4190 2509 4246 corde
2538 4190 2820 4262 languido
2852 4190 3044 4245 ﬂendo
3074 4191 3427 4248 ruminabat.

2212 4280 2318 4335 Die
2349 4283 2542 4334 autem
2572 4279 2745 4335 tertio
2774 4278 3009 4335 Christo
3038 4285 3414 4353 resurgente,

2139 4368 2416 4440 Captivos
2447 4368 2519 4422 ab
2551 4367 2762 4422 inferis
2794 4382 2998 4422 secum
3026 4368 3335 4439 educente,

2137 4456 2547 4513 Descendebat
2576 4456 2827 4527 angelus
2859 4456 2930 4511 de
2962 4456 3108 4511 caelo
3139 4459 3404 4527 repente,

2047 4547 2090 4605 D
2134 4548 2498 4603 Terraemotu
2529 4545 2750 4616 pariter
2779 4543 2932 4601 facto
2964 4544 3331 4600 vehemente.

2204 4635 2334 4689 Jam
2365 4649 2537 4688 mane
2570 4632 2917 4706 Magdalena
2948 4632 3019 4687 ad
3049 4632 3308 4688 tumbam
3339 4633 3637 4706 pergebat,

2132 4723 2203 4777 Et
2233 4737 2439 4778 secum
2471 4724 2731 4777 aromata
2761 4723 2959 4791 parata
2990 4720 3237 4791 ferebat,

2133 4812 2256 4865 Nec
2285 4825 2468 4880 arma,
2503 4825 2610 4865 nec
2643 4808 2912 4863 homines
2943 4807 3105 4863 feros
3137 4809 3450 4879 metuebat,

2134 4900 2248 4954 Sed
2279 4898 2581 4954 ferventer
2608 4898 2864 4970 diligens
2897 4897 3209 4952 Dominum
3248 4898 3567 4969 qumrebat.

2206 4988 2325 5060 Ipsi
2357 4987 2469 5042 soli
2498 4986 2784 5041 Dominus
2813 4984 3004 5056 primo
3036 4985 3372 5056 apparebat,

2126 5076 2482 5133 Conturbata
2504 5074 2756 5145 amplius
2789 5073 3086 5128 sublatum
3116 5074 3417 5144 credebat,

2124 5165 2515 5222 Consolantes
2546 5162 2796 5235 angelos
2826 5162 3032 5217 audire
3059 5162 3314 5233 nolebat,

2123 5254 2283 5309 Nihil
2314 5254 2444 5308 sine
2476 5252 2722 5306 Domino
2754 5250 2988 5320 placere
3020 5249 3272 5305 valebat.

2191 5341 2264 5397 Et
2291 5342 2428 5413 quia
2461 5340 2787 5395 ferventius
2818 5338 3053 5393 caeteris
3082 5339 3402 5409 quaerebat,

2121 5430 2243 5501 Ipsi
2276 5430 2389 5484 soli
2421 5428 2711 5483 Dominus
2742 5426 2933 5497 primo
2963 5426 3301 5497 apparebat,

2116 5519 2261 5574 Haec
2293 5533 2365 5573 ne
2397 5532 2531 5573 eum
2564 5517 2833 5588 tangeret
2865 5516 3061 5571 statim
3092 5515 3441 5587 prohibebat

2120 5606 2234 5664 Sed
2276 5609 2339 5662 ut
2365 5607 2569 5664 vivum
2592 5605 2819 5663 diceret
2848 5604 3133 5661 fratribus
3164 5605 3453 5662 monebat.
