3948 6168
177 356 278 418 629

230 551 508 607 Passionis
543 551 769 605 Domini
803 551 963 606 finito
996 566 1205 624 agone.

173 641 228 695 Et
254 657 318 695 ex
344 640 500 694 Judae
530 655 766 711 genere,
787 640 1057 709 rugiente
1089 641 1280 709 leone,

169 728 423 784 Suscitato
462 728 627 794 Filio,
652 729 883 782 devicto
906 728 1182 798 dracone,

168 817 237 872 Tu
263 817 430 888 Virgo
457 816 800 871 Christit‘era
830 816 1094 871 dolorem
1125 818 1378 888 depone.

223 904 468 960 Gaudens
489 905 641 972 vide,
677 905 939 975 Domina,
976 921 1195 975 corpus
1226 906 1573 974 immortale,

169 993 376 1061 Subtile,
408 998 459 1047 et
491 994 665 1064 agile,
685 997 742 1048 et
773 993 1098 1064 spirituale,
1390 1002 1393 1007 '

167 1081 253 1135 Cui
270 1097 373 1136 non
401 1082 635 1137 nocebit
654 1084 789 1152 plus
820 1085 1173 1138 tormentum
1206 1084 1458 1151 carnale,

167 1170 267 1225 Nec
292 1169 492 1225 vulnus
523 1172 832 1243 suscipere
864 1172 1078 1242 poterit
1108 1170 1340 1225 letbale.

1481 352 1976 417 PRIVILEGIA
2010 357 2187 419 ETC.

3453 367 3572 432 630

1822 537 1872 588 Α
1971 555 2034 609 Si
2067 556 2283 627 gaudet
2313 557 2680 628 Magdalena.
2735 561 2864 616 viso
2888 570 3207 634 peramato,

1899 643 2007 708 Qui
2040 660 2167 699 eam
2187 644 2523 701 absolverat
2549 663 2581 699 a
2613 664 2722 702 suo
2755 653 3016 717 peccato,

1902 732 2082 787 Multo
2116 734 2306 805 magis
2338 735 2552 805 gaude,
2585 739 2647 789 tu
2681 737 2882 803 Mater,
2916 740 3046 792 viso
3084 744 3238 810 nato,

1902 820 1966 874 In
1989 824 2104 874 tam
2135 823 2271 876 vivo
2301 839 2569 893 corpore,
2597 823 2721 894 jam
2753 826 3104 897 glorificato.

1975 910 2272 980 Deprecor
2309 914 2386 979 te,
2423 912 2685 981 Domina,
2724 918 2777 967 et
2814 914 2965 968 hanc
3001 916 3410 988 Magdalenam

1902 998 2111 1053 Juvate
2142 1004 2200 1052 ut
2234 1000 2487 1071 cogitem
2511 1000 2731 1055 Christi
2758 1003 2942 1057 diram
2968 1020 3199 1073 poenam
3234 1022 3246 1059 :

1907 1085 1975 1139 Et
2006 1090 2066 1140 ut
2098 1088 2518 1142 conscientiam
2544 1090 2791 1144 habeam
2827 1107 3123 1161 serenam,

1900 1175 1984 1227 Ac
2020 1175 2122 1228 Dei
2155 1175 2527 1246 proximique
2560 1178 2902 1233 charitatem
2924 1180 3174 1249 plenam.

1106 1460 1902 1595 APPENDIX
1995 1468 2567 1598 TERTIA

1477 1695 2226 1774 PRIVILEGIA

688 1862 979 1920 Ecclesiae
1008 1863 1263 1917 Lucensi
1288 1868 1549 1934 tempore
1579 1862 1643 1915 S.
1689 1862 1962 1917 Ausa/mi
1981 1879 2012 1917 a
2042 1864 2339 1919 Mathilde
2362 1866 2662 1920 comitissa
2695 1884 2992 1922 concessa.

1339 2033 1649 2104 (Uennnu,
1682 2033 1854 2090 Italia
1882 2050 2076 2105 sacra,
2112 2036 2163 2105 1,
2194 2036 2344 2104 814.)

229 2418 283 2474 In
301 2419 522 2475 nomine
562 2418 798 2474 Domini
821 2417 1010 2473 nostri
1028 2416 1059 2472 ς]
1064 2432 1171 2472 esu
1192 2415 1412 2471 Christi
1431 2415 1537 2471 Dei
1560 2416 1785 2471 aeterni.

161 2508 299 2564 Anno
324 2509 392 2563 ab
413 2510 637 2564 incarn.
670 2508 809 2580 ejus
831 2505 989 2576 1οἻ8,
1014 2525 1072 2561 vx
1101 2506 1231 2561 Kal.
1259 2505 1556 2576 Octobris,
1589 2506 1707 2560 ind.
1728 2522 1785 2559 ιι.

215 2595 427 2651 Constat
461 2613 552 2653 me
584 2596 866 2651 Mathilda
903 2596 1009 2650 Dei
1038 2595 1226 2669 gratia
1256 2595 1453 2650 inclita
1487 2595 1789 2649 comitissa

162 2684 355 2741 Tusciae
383 2701 454 2741 ex
501 2701 762 2758 genesre
813 2684 1340 2756 Longobardorum
1371 2684 1572 2739 relicta
1614 2682 1788 2738 bonae

162 2788 300 2829 mem.
331 2774 637 2830 Gottifredi
669 2774 860 2841 ducis,
887 2778 943 2828 et
983 2773 1099 2828 filia
1122 2774 1217 2827 bo.
1239 2788 1350 2826 me.
1377 2772 1786 2826 honifaciima-

164 2864 241 2933 gni
266 2863 418 2919 ducis
438 2866 493 2918 et
522 2863 891 2917 marchionis
914 2863 1172 2916 Tusciae.
1197 2861 1344 2926 Quia
1376 2877 1488 2933 ego
1519 2878 1593 2916 ex
1623 2864 1788 2931 parte

165 2952 447 3021 supradicti
475 2953 587 3006 viri
626 2951 764 3021 mei,
801 2950 900 3021 qui
923 2949 1032 3004 fuit
1059 2950 1292 3004 Salicus
1323 2950 1454 3021 lege
1486 2949 1786 3005 videorvi-

161 3053 273 3095 vere
305 3039 483 3095 Salica
516 3042 575 3095 in
606 3039 1023 3094 atramentario
1067 3054 1339 3108 pennam,
1373 3042 1429 3093 et
1471 3052 1787 3110 pergame-

162 3143 266 3182 nam
303 3131 564 3184 manibus
621 3129 772 3183 meis
821 3127 893 3183 de
932 3131 1087 3182 terra
1124 3126 1344 3181 levavit
1388 3132 1444 3181 et
1504 3126 1779 3181 Rustichi

164 3216 333 3271 notarii
363 3218 425 3274 Ι).
468 3217 852 3289 imperatoris
893 3216 963 3270 ad
1022 3215 1403 3270 scribendum
1435 3214 1649 3269 tradidi
1681 3229 1787 3284 per

165 3320 441 3362 vuasonem
470 3311 750 3362 terram.
785 3310 841 3361 et
869 3306 1125 3360 fisticum
1175 3305 1452 3359 nodatum
1483 3319 1589 3358 seu
1622 3319 1785 3358 ramo

165 3392 415 3466 arborum,
432 3396 503 3451 ad
528 3412 671 3468 quae
693 3410 799 3464 per
816 3394 1143 3463 Coltellum,
1166 3396 1221 3448 et
1251 3396 1569 3464 guantone,
1591 3392 1788 3448 simul-

163 3495 252 3550 que
275 3483 596 3555 andilagine
635 3483 724 3537 sic
750 3497 861 3552 per
892 3482 1041 3536 hanc
1074 3480 1401 3578 chartulam
1427 3479 1597 3551 juxta
1622 3480 1789 3578 §ali-
1823 3522 1867 3578 Ο

164 3583 336 3639 gerum
364 3572 857 3628 consuetudinem
888 3586 996 3641 pro
1017 3571 1229 3624 animm
1260 3584 1408 3625 meae
1440 3570 1786 3640 remedium,

165 3662 207 3713 et
228 3661 524 3716 remedium
582 3660 914 3715 animarum
948 3658 1273 3729 supradicti
1329 3658 1638 3727 Bonifacii,
1690 3660 1790 3731 qui

166 3743 490 3820 fuit-genitor
515 3764 714 3818 meus,
737 3750 795 3804 et
824 3747 1103 3820 gloriosae
1134 3747 1423 3803 Beatricis
1468 3749 1790 3804 comitissae

167 3836 592 3907 genitricismeas
605 3837 794 3894 offero
808 3837 912 3892 tibi
958 3837 1101 3907 Deo,
1127 3841 1177 3892 et
1194 3837 1622 3909 episcopatuiS.
1649 3840 1793 3895 Mar-

165 3925 265 3990 tini,
293 3928 380 3999 qui
399 3944 536 3984 esse
552 3928 792 3983 videtur
812 3925 1100 3982 aediﬁcato
1123 3925 1274 3981 infra
1291 3927 1625 3983 Lucensem
1658 3929 1795 3983 civi-

163 4016 320 4086 tatem,
349 4019 402 4073 id
433 4025 524 4075 est
552 4033 747 4073 meam
777 4017 1103 4088 portionem
1128 4016 1448 4088 exintegra
1478 4018 1549 4072 de
1569 4024 1784 4088 monte,

165 4105 357 4177 etpojo,
389 4125 493 4164 seu
523 4106 889 4163 castelloillo
907 4108 1007 4179 qui
1038 4107 1251 4161 dicitur
1270 4106 1510 4162 Decimo
1542 4108 1612 4161 de
1626 4124 1786 4162 mon-

166 4192 224 4259 ιθ,
251 4200 298 4248 et
323 4197 473 4268 pojo,
515 4213 627 4253 seu
687 4193 933 4251 castello
988 4211 1132 4251 vero
1157 4196 1289 4267 ipso
1349 4212 1482 4250 cum
1514 4197 1696 4263 curia,
1735 4200 1790 4251 et

167 4284 313 4353 turre,
340 4291 394 4341 et
413 4289 572 4342 casis
602 4285 763 4341 infra
784 4301 870 4355 se,
905 4291 960 4340 et
978 4300 1159 4356 super
1189 4300 1255 4340 se
1287 4286 1574 4339 habentes
1605 4285 1660 4337 in
1677 4285 1788 4338 cir-

169 4371 294 4427 cnitu
324 4390 444 4446 suo,
476 4378 533 4431 et
554 4375 1101 4442 cumtundamento,
1135 4379 1190 4429 et
1221 4373 1376 4429 omni
1409 4372 1659 4428 aediﬁcio
1678 4389 1788 4428 suo

170 4464 378 4532 competi
405 4465 617 4519 exinde
638 4462 1410 4534 mihiquartamportionem
1434 4461 1622 4532 ipsam
1645 4477 1788 4517 vero

170 4551 213 4600 et
228 4550 489 4623 integram
510 4569 705 4608 meam
735 4553 1085 4622 portionem,
1116 4554 1173 4605 et
1204 4555 1485 4621 quantum
1509 4551 1651 4604 mihi
1682 4566 1790 4605 ex-

169 4633 293 4707 inde,
321 4656 421 4710 per
447 4644 848 4713 quantumque
877 4640 1141 4694 ordinem
1167 4643 1259 4694 est
1290 4640 1673 4710 pertinentes,
1737 4644 1794 4694 et

170 4726 734 4798 cuminterioribus,et
747 4728 1158 4798 superioribus
1174 4729 1436 4797 suis,seu
1450 4744 1582 4782 cum
1595 4744 1793 4783 acces-

174 4811 420 4886 sionibus,
444 4819 899 4888 etingressuras
920 4832 1062 4871 suas
1081 4816 1184 4871 tibi
1206 4817 1349 4884 Deo,
1383 4820 1440 4870 et
1456 4819 1791 4884 suprascri-

173 4903 247 4965 pta
272 4905 507 4959 ecclesia
521 4906 582 4960 S.
604 4906 836 4959 Martini
860 4904 1070 4959 offerre
1090 4904 1422 4973 prmvideor
1439 4905 1536 4956 tali
1562 4906 1788 4975 ordine,

174 4991 223 5039 ut
258 4989 320 5044 ab
350 4992 624 5048 hodierna
658 4994 751 5047 dic
810 4994 868 5046 in
929 4994 1115 5062 ipsius
1148 4992 1304 5046 Eccl.
1354 4996 1409 5045 et
1449 4994 1791 5061 episcopatu

172 5072 219 5126 S.
239 5076 466 5149 Martini,
500 5088 555 5136 et
588 5083 656 5135 de
687 5082 782 5134 illo
820 5081 1099 5149 episcopo
1132 5082 1228 5151 qui
1270 5082 1346 5135 ibi
1383 5099 1486 5150 pro
1534 5088 1791 5151 tempore

176 5171 433 5229 ordinatus
465 5180 517 5230 et
578 5177 800 5231 electus
834 5175 1027 5243 fuerit,
1080 5177 1137 5229 in
1186 5175 1319 5245 ejus
1360 5178 1475 5228 sint
1509 5181 1793 5247 potestate

177 5265 599 5334 suprascriptum
655 5280 842 5319 meam
912 5266 1235 5333 portionem
1300 5266 1610 5333 praedictas
1670 5280 1789 5331 res,

180 5359 298 5415 quas
326 5352 378 5405 in
415 5354 605 5424 ipsius
641 5355 915 5422 ecclesia,
951 5358 1006 5407 et
1056 5353 1396 5423 episc0patu
1443 5352 1503 5405 S.
1563 5352 1795 5405 Martini

180 5432 439 5497 oderimus
458 5458 559 5498 eas
596 5443 868 5513 habendi,
899 5442 1135 5497 tenendi
1167 5440 1533 5512 possidendi,
1596 5444 1651 5494 et
1682 5440 1793 5492 im-

182 5529 401 5597 Pel‘andi,
431 5530 697 5588 laborare
727 5532 1001 5600 faciendi,
1045 5535 1101 5585 et
1133 5529 1606 5599 usufructuandi,
1631 5530 1706 5597 et,
1741 5529 1791 5582 si

182 5621 525 5683 Opportunum
546 5621 740 5691 fuerit,
768 5620 1067 5675 licentiam
1099 5621 1153 5674 et
1173 5620 1522 5691 potestatem
1541 5617 1795 5672 habeant

183 5703 457 5785 praedictus
471 5710 785 5782 episcopus
798 5724 1014 5764 causas
1029 5708 1241 5764 exinde
1256 5707 1795 5781 agendi,queremo-

1823 2308 1868 2362 Β
1896 2327 2025 2382 nias
2058 2326 2330 2398 faciendi,
2373 2344 2731 2399 responsum
2764 2331 3067 2399 reddendi,
3102 2332 3278 2387 tinem
3308 2334 3563 2402 ponendi

1896 2415 2088 2471 modis
2119 2418 2395 2472 omnibus
2430 2417 2501 2471 ad
2534 2435 2670 2488 pars
2692 2419 2883 2488 ipsius
2916 2419 3210 2490 ecclesiae,
3247 2424 3303 2476 et
3332 2422 3560 2491 episco-

1895 2508 2028 2573 patu
2064 2504 2123 2559 S.
2158 2505 2389 2560 Martini
2410 2505 2758 2561 defensandi
2781 2524 2914 2561 cum
2937 2508 3204 2563 chartula
3234 2509 3349 2564 ista
3380 2509 3558 2565 offer-

1896 2592 2083 2648 sionis
2114 2595 2365 2665 qualiter
2390 2593 2557 2665 juxta
2577 2596 2773 2667 legem
2789 2597 2997 2651 melius
3019 2597 3272 2667 potuerit
3302 2614 3408 2666 pro
3431 2598 3561 2652 ani-

1896 2696 2007 2735 mae
2036 2697 2182 2737 meae
2224 2684 2571 2753 remedium,
2607 2689 2661 2739 et
2684 2701 2788 2753 per
2803 2686 3122 2739 remedium
3142 2686 3561 2755 prmdictorum

1895 2770 2199 2836 Bonifacii,
2238 2773 2337 2843 qui
2362 2773 2467 2828 fuit
2489 2775 2719 2846 genitor
2739 2790 2926 2841 meus,
2963 2779 3016 2828 ct
3039 2775 3319 2846 gloriosae
3340 2775 3561 2830 Beatri-

1896 2858 1983 2912 cis
2026 2860 2349 2915 comitissae
2378 2862 2684 2933 genitricis
2719 2878 2864 2917 meae
2906 2863 3176 2917 stabilem
3218 2866 3558 2932 permaneat

1894 2961 2150 3017 semper,
2172 2952 2247 3015 et,
2265 2948 2319 3001 si
2336 2949 2532 3020 aliquo
2554 2953 2816 3019 tempore
2835 2965 2948 3020 ego
2980 2950 3076 3019 qui
3095 2965 3274 3020 supra
3286 2949 3564 3004 Mathilda

1893 3034 1997 3089 Dei
2030 3036 2222 3107 gratia
2250 3037 2451 3091 inclita
2484 3038 2809 3107 comitissa,
2844 3039 2935 3091 vel
2968 3054 3132 3093 meos
3156 3038 3427 3092 liaeredes
3456 3037 3563 3092 tibi

1893 3122 2035 3191 Deo,
2070 3123 2327 3193 etipsius
2349 3125 2625 3194 ecclesia,
2663 3129 2719 3180 et
2739 3126 3107 3196 episcopatui
3127 3125 3186 3179 S.
3222 3124 3474 3193 Martini,
3500 3128 3565 3179 ut

1893 3211 1964 3266 ad
1995 3211 2137 3267 illud
2195 3213 2535 3283 episcopus,
2569 3214 2667 3284 qui
2703 3214 2783 3267 ibi
2824 3229 2928 3284 pro
2960 3217 3221 3283 tempore
3255 3213 3560 3268 ordinatus

1893 3304 1949 3356 et
1979 3301 2203 3356 electus
2236 3302 2413 3357 fuerit
2444 3304 2910 3373 suprascriptam
2942 3303 3269 3372 portionem
3299 3301 3372 3357 de
3403 3316 3560 3371 prae-

1893 3389 2079 3444 dictas
2106 3406 2204 3445 res
2243 3406 2392 3461 quas
2426 3392 2484 3445 in
2518 3391 2709 3461 ipsius
2742 3390 3037 3458 ecclesiae,
3071 3394 3128 3443 et
3157 3390 3562 3459 episcopatum

1894 3476 2087 3533 otl‘erri
2122 3478 2435 3550 aliquando
2460 3483 2718 3549 tempore
2743 3480 2801 3533 in
2824 3478 3044 3550 aliquid
3067 3477 3277 3533 exinde
3294 3477 3561 3532 intentio-

1894 3567 2255 3634 naverimus,
2304 3573 2403 3622 aut
2458 3568 2669 3636 retolli,
2702 3568 2794 3622 vel
2836 3566 3107 3622 subtrahi
3143 3564 3564 3637 quaesierimus

1893 3671 2026 3729 nos,
2050 3657 2146 3712 vel
2165 3657 2261 3711 ille
2279 3657 2452 3711 homo
2483 3657 2577 3712 cui
2599 3672 2709 3712 nos
2728 3671 2830 3710 eas
2853 3656 3253 3724 dedissemus,
3269 3656 3326 3709 et
3337 3653 3565 3708 dederi-

1894 3763 2029 3803 mus
2058 3763 2164 3818 pro
2194 3746 2411 3802 colibet
2457 3746 2779 3817 ingenium,
2814 3748 2870 3799 et
2902 3759 3031 3798 eam
3062 3743 3133 3798 ad
3153 3744 3380 3813 partem
3404 3757 3563 3812 prae-

1896 3840 2036 3894 dicti
2069 3836 2444 3908 episcopatus
2491 3834 2562 3888 ab
2597 3834 2753 3888 omni
2802 3833 3038 3888 homine
3083 3831 3402 3888 defendere
3448 3844 3567 3885 non

1898 3927 2284 4000 potuerimus,
2318 3927 2375 3978 et
2403 3938 2516 3978 non
2552 3922 3089 3988 defensaverimus,
3132 3923 3271 3974 tunc
3300 3919 3564 3973 feramus

1896 4017 1967 4070 ad
1992 4018 2215 4087 partem
2247 4012 2964 4082 supradictiepiscopatus
2984 4010 3279 4074 inulctam,
3303 4007 3460 4078 quod
3474 4010 3568 4061 est

1894 4105 2021 4161 auri
2053 4105 2251 4174 optimi
2284 4101 2491 4157 uncias
2523 4101 2592 4153 20
2620 4103 2675 4152 et
2698 4100 2927 4169 argenti
2956 4098 3218 4168 pondera
3244 4095 3333 4165 40,
3368 4098 3424 4149 et
3453 4094 3568 4149 hoc

1895 4194 2051 4267 quod
2086 4191 2441 4262 supradictae
2490 4188 2762 4243 ecclesiae
2814 4186 2995 4241 obtuli
3040 4187 3097 4238 in
3143 4184 3385 4252 duplum
3415 4183 3569 4238 infer

1896 4283 2132 4356 quidem
2161 4282 2291 4337 loco
2316 4280 2428 4335 sub
2462 4276 2893 4332 exis‘.imatione
2915 4273 3086 4345 quale
3110 4276 3246 4325 tunc
3277 4270 3474 4339 fuerit,
3509 4274 3568 4323 et

1894 4389 2003 4428 nec
2035 4373 2123 4427 sic
2137 4370 2460 4437 valeamus,
2487 4382 2595 4420 nec
2612 4377 2932 4435 possamus
2952 4361 3344 4428 disrumpere,
3372 4356 3466 4411 vel
3481 4358 3568 4411 in-

1895 4460 2178 4530 fringere,
2194 4457 2300 4512 sed
2321 4468 2591 4525 praesens
2614 4452 2743 4505 haec
2767 4447 3031 4503 chartula
3051 4443 3395 4501 oi‘fersionis
3420 4457 3568 4497 meae

1897 4547 2186 4602 diuturnis
2217 4542 2580 4614 temporibus
2598 4540 2764 4593 tirma
2779 4542 2834 4592 et
2865 4536 3096 4592 stabilis
3127 4534 3415 4605 persistat
3442 4545 3567 4601 per—

1896 4634 2204 4707 petualiter
2254 4630 2601 4687 inconvulsa
2653 4626 3143 4696 constipulatione
3175 4620 3451 4687 subnixa,
3478 4619 3567 4672 sic

1899 4729 2091 4779 tamen
2124 4723 2175 4775 si
2207 4737 2317 4776 nos
2351 4718 2559 4774 exinde
2589 4717 2869 4771 authores
2902 4730 3009 4768 nec
3034 4713 3383 4766 defensores
3417 4722 3572 4775 quae-
3630 4762 3635 4769 _

1899 4827 2053 4878 rere,
2091 4826 2200 4865 nec
2218 4810 2357 4863 dare
2393 4807 2700 4861 volueritis
2740 4805 3034 4857 licentiam
3061 4796 3566 4863 habeatisabsqnc

1899 4907 2103 4959 nostra
2132 4914 2385 4968 persona
2418 4899 2466 4949 si
2489 4900 2686 4948 vestra
2711 4893 2879 4945 fuerit
2901 4890 3173 4942 vult-mtas
3199 4886 3408 4939 exinde
3431 4898 3564 4935 rau-

1902 5009 2002 5047 sas
2018 4990 2253 5062 agendi,
2282 4980 2952 5055 reSponsunireddendi.
2986 4982 3153 5029 imam
3183 4974 3433 5044 ponendi
3456 4988 3567 5023 mo-

1900 5085 1992 5135 dis
2028 5079 2302 5134 omnilius
2336 5091 2471 5144 pars
2497 5072 2849 5139 supradiclie
2886 5068 3153 5119 emi-isne
3187 5064 3567 5131 episcomtus

1997 5168 2223 5221 Martini
2257 5162 2603 5217 defensandi
2644 5175 2773 5213 cum
2810 5156 3070 5209 chartula
3106 5155 3217 5206 ista
3251 5150 3569 5205 oblationis

1901 5266 1955 5312 et
1975 5255 2298 5311 traditionis
2324 5268 2468 5305 mea:
2492 5246 2811 5321 qualiterju
2825 5249 2913 5297 vta
2929 5245 3121 5314 legem
3136 5240 3348 5295 melius
3362 5243 3565 5310 potue-

1900 5347 2047 5413 ritis,
2074 5351 2130 5399 et
2156 5345 2231 5396 ita
2263 5343 2321 5396 in
2355 5342 2463 5394 hac
2494 5337 2697 5392 ordine
2719 5337 2869 5389 hanc
2891 5332 3215 5387 chartulam
3241 5344 3354 5400 ego
3377 5326 3570 5381 Matil-

1901 5437 1970 5490 da
1991 5435 2091 5487 tibi
2127 5432 2407 5486 Rusticus
2453 5427 2716 5482 notarius
2741 5425 2810 5477 ad
2860 5421 3240 5476 scribendum
3272 5415 3483 5471 tradidi
3513 5417 3570 5468 et

1902 5524 2166 5579 scribere
2206 5520 2431 5592 rogavi.

1973 5615 2184 5667 Actum
2209 5611 2265 5664 in
2289 5610 2417 5663 loco
2442 5605 2539 5661 ubi
2559 5603 2772 5659 dicitur
2793 5600 2852 5655 S.
2878 5600 3152 5673 Cipriano
3170 5610 3352 5671 prope
3382 5593 3570 5647 Peru-

2045 5716 2217 5756 31am.
