4028 6176
482 320 597 387 631

1123 318 1188 381 S.
1235 262 1609 380 ANSE/LMI
1654 308 2056 377 LUCENSIS
2093 305 2479 370 EPISCOPI
2524 303 3020 367 PRIVILEGIA
3062 300 3242 363 ETC.
3743 300 3836 368 632

488 519 616 592 Ego
652 518 888 573 Matilda
931 515 1037 572 Dei
1081 514 1273 587 gratia
1299 513 1420 567 dux
1449 512 1509 567 in
1537 512 1650 566 hac
1681 508 1946 565 chartula
1998 524 2033 563 a
2061 523 2154 563 me
2172 493 2225 561 Α
2255 509 2414 565 ferre
2443 505 2767 578 provideor
2795 504 2896 560 tali
2932 503 3159 573 ordine,
3201 503 3261 557 ut
3289 501 3360 557 ab
3396 500 3654 557 hodierna
3677 500 3756 558 die
3789 504 3835 560 in

560 609 711 663 facta
732 607 836 663 SS.

482 713 865 783 Flaccpertus
893 710 1099 782 judex,
1133 712 1190 764 et
1218 708 1444 762 missus
1477 706 1544 759 D.
1565 704 1958 775 imperatoris.

488 802 750 857 Ubertus
772 800 962 871 judex
985 797 1216 852 Domini
1240 796 1631 866 imperatoris.

486 888 787 945 Gerardus
812 888 999 959 judex
1031 886 1188 941 sacri
1216 884 1410 955 palatii
1423 883 1525 938 SS.
1561 886 1615 936 et
1654 883 1697 947 ἦ·

488 995 739 1068 Signum
769 1010 979 1049 manus
1028 992 1273 1048 Roberti
1303 991 1459 1044 filius
1489 989 1629 1045 bon.
1672 1003 1843 1042 mem.
1893 986 2142 1041 Holandi

555 1088 804 1155 rogatus
829 1081 1090 1137 interfui.

488 1190 737 1262 Signum
777 1203 990 1242 manus
1044 1184 1294 1240 Rolandi
1354 1183 1457 1236 ﬁlii
1495 1182 1631 1237 bon.
1682 1195 1853 1235 mem.
1908 1179 2152 1234 Alilardi

504 1332 517 1339 ,
558 1293 802 1349 rogatus
832 1276 1087 1330 interfui.

558 1367 842 1421 Rusticus
885 1363 1150 1419 notarius
1184 1362 1252 1414 D.
1307 1359 1678 1429 imperatoris
1712 1361 1847 1427 post
1882 1355 2149 1411 traditam

558 1453 847 1522 complevi
878 1456 933 1505 et
950 1451 1105 1506 dedi.

1280 1608 1349 1661 ll.

555 1771 621 1826 In
644 1770 877 1826 nomine
898 1768 967 1823 D.
1000 1768 1072 1821 N.
1104 1766 1250 1822 Jesu
1270 1764 1490 1820 Christi
1511 1764 1615 1819 Dei
1645 1764 1850 1818 eterni.
1883 1763 2050 1817 Anno
2082 1762 2155 1816 ab

2255 598 2449 669 ipsius
2480 595 2770 666 Ecclesia,
2803 596 2860 649 et
2889 592 3232 664 episcOpatu
3259 588 3318 645 S.
3349 588 3584 660 Martini,
3610 591 3659 644 et
3681 590 3742 645 ad
3760 589 3837 646 illo

2259 687 2562 758 episcopo,
2594 684 2697 756 qui
2718 681 2928 753 in‘jam
2957 680 3109 736 dicta
3143 677 3390 734 ecclesia
3420 678 3773 748 episcopatuo,
3797 683 3840 733 et

2263 791 2370 848 pro
2390 777 2653 844 tempore
2685 772 2948 828 ordinato
2979 769 3176 839 fuerit,
3208 770 3266 822 in
3303 766 3433 839 ejus
3470 767 3580 821 sint
3606 769 3840 837 potestate

2260 881 2363 921 eas
2393 863 2666 931 habendi,
2686 861 2943 930 tenendi,
2976 856 3362 931 guberncndi,
3382 855 3634 910 laborare
3661 852 3840 911 facien-

2261 955 2338 1023 di,
2364 956 2421 1008 et
2448 968 2623 1008 usum
2652 947 3008 1018 fructuandi,
3040 951 3116 1015 et,
3152 946 3204 1000 si
3226 949 3563 1015 oportunum
3593 942 3759 1009 fuerit,
3784 942 3841 997 li-

2261 1043 2531 1110 centiam,
2593 1043 2651 1095 et
2702 1040 3051 1109 potestatem
3103 1033 3387 1107 habeatis,
3437 1046 3632 1087 causas
3673 1029 3841 1085 exinde

2260 1131 2492 1205 agendi,
2509 1127 2934 1200 querimoniam
2953 1122 3226 1191 faciendi,
3241 1136 3577 1191 responsum
3591 1118 3841 1183 reddendi,

2259 1220 2434 1275 finem
2450 1216 2708 1288 ponendi
2721 1215 2913 1270 modis
2928 1213 3201 1267 omnibus
3220 1209 3389 1264 vobis
3403 1223 3523 1262 eam
3535 1206 3843 1271 defensandi,

2256 1324 2389 1363 cum
2403 1306 2668 1362 chartula
2680 1305 2794 1357 ista
2821 1302 2932 1357 oﬂ‘e
2941 1300 3162 1355 rsionis
3182 1314 3214 1352 a
3226 1313 3365 1368 pars
3377 1296 3495 1367 jam
3512 1296 3665 1349 dictae
3690 1294 3845 1349 eccle-

2258 1398 2386 1465 siae,
2419 1400 2475 1450 et
2505 1394 2885 1464 episcopatuo
2917 1390 2975 1445 S.
3001 1388 3231 1442 Martini
3258 1386 3499 1457 qualiter
3516 1383 3669 1455 juxta
3692 1381 3847 1453 legem

2257 1484 2468 1540 melius
2481 1481 2792 1554 potueritis
2804 1495 2911 1550 pro
2926 1479 3133 1533 animae
3151 1492 3297 1530 meae
3310 1472 3617 1529 remedium
3628 1469 3847 1525 stabilem

2256 1574 2559 1645 permanet
2597 1584 2854 1639 semper,
2889 1570 2945 1621 et
2995 1564 3303 1636 aliquaedo
3350 1568 3598 1631 tempore
3641 1573 3738 1630 ego
3770 1557 3848 1628 qui

2259 1675 2442 1733 supra
2472 1660 2705 1714 Matilda
2725 1655 3177 1723 marchionissa,
3200 1651 3301 1706 vel
3321 1651 3379 1705 in
3407 1664 3507 1704 eos
3524 1645 3765 1702 hmredes
3779 1659 3853 1699 su-

2258 1748 2524 1821 pradicta
2543 1760 2700 1814 casa,
2735 1746 2792 1799 et
2832 1750 3016 1810 curta,
3061 1756 3169 1796 seu
3216 1741 3429 1807 monte,
3459 1734 3671 1807 etpojo,
3714 1736 3849 1805 atque

485 1817 1072 1926 Incarhat—ioiie—elius'
1406 1817 1537 1907 Ilia].
1566 1817 1861 1920 Octobris,
1902 1850 2022 1905 ind.
2070 1866 2151 1904 ιιι.
2180 1866 2231 1927 Β
2259 1817 2506 1927 eastello
2538 1836 2666 1889 sive
2716 1831 2972 1927 ecclesia
3001 1829 3102 1927 qui
3138 1827 3197 1882 in
3228 1824 3507 1897 praedicto
3554 1817 3769 1927 castello

484 1947 797 2001 Manifesta
810 1909 1067 2014 sumego
1082 1940 1810 1997 Mathildamarchionissa
1823 1937 2157 1994 etducatrix
2181 1909 2230 1927 υ
2260 1924 2583 2014 ῧᾶεῑίὶίγοηεξ
2612 1936 2751 2014 ἓξὲξ)
2785 1920 3115 2014 Videam?“
3149 1929 3293 2014 Cum.
3313 1929 3420 2010 Su.“
3456 1909 3792 2014 P?l'til1°nll31
3811 1912 3851 1958 ⁸³

486 2034 691 2090 relicta
728 2034 866 2089 bon.
927 2047 1100 2086 mem.
1142 2030 1474 2098 Gottifredi,
1508 2028 1608 2100 qui
1644 2027 1753 2083 fuit
1781 2027 1919 2097 dux,
1953 2030 2011 2082 et
2040 2026 2155 2080 filia

482 2124 622 2178 bon.
647 2138 821 2179 mem.
859 2120 1166 2190 Bonifacii,
1195 2120 1296 2191 qui
1326 2118 1437 2173 fuit
1470 2116 1740 2172 similiter
1758 2116 1877 2171 dux
1911 2119 1969 2171 et
1998 2130 2154 2170 mar-

488 2212 641 2267 chio.

554 2318 700 2383 Quia
717 2331 831 2388 ego
863 2318 961 2387 qui
982 2330 1165 2385 supra
1194 2312 1430 2369 Matilda
1466 2312 1899 2368 marchionissa
1930 2311 2155 2382 profes-

485 2422 554 2463 sa
575 2423 709 2462 sum
730 2423 806 2462 ex
835 2406 1070 2460 natione
1087 2419 1216 2458 mea
1246 2403 1440 2473 legem
1458 2402 1661 2455 vivere
1689 2401 1896 2455 videor
1925 2400 2154 2473 Longo-

483 2496 826 2564 bardorum,
895 2494 1003 2549 sed
1062 2506 1216 2547 nunc
1246 2492 1417 2545 modo
1462 2505 1570 2560 pro
1600 2494 1767 2561 parte
1829 2488 2155 2558 supradicti

426 2568 440 2581 ’
485 2582 812 2651 Gottifredi,
847 2583 948 2654 qui
982 2581 1092 2636 fuit
1120 2582 1248 2634 viro
1281 2594 1432 2647 meo,
1466 2579 1660 2649 legem
1691 2579 1894 2632 vivere
1944 2577 2153 2632 videor

485 2672 764 2744 Saligam.
789 2668 936 2734 Quia
959 2685 1073 2741 ego
1112 2669 1211 2740 qui
1243 2684 1423 2738 supra
1454 2666 1690 2721 Matilda
1717 2666 2153 2720 marchionissa

487 2776 555 2815 ac
593 2759 863 2814 ducatrix
905 2758 1235 2812 secundum
1264 2756 1459 2828 legem
1487 2770 1677 2810 meam
1725 2753 1987 2825 Saligam
2017 2769 2152 2808 cum

486 2848 900 2905 atramentario
920 2847 1179 2918 pinnam,
1194 2848 1251 2901 et
1271 2858 1692 2917 pergamenam
1708 2843 1983 2898 manibus
2002 2844 2152 2899 meis

488 2939 560 2993 de
591 2943 749 2993 terra
782 2936 1019 3006 levavit,
1052 2938 1110 2991 et
1137 2932 1395 2990 Cunradi
1430 2932 1644 2988 notarii
1672 2931 1743 2987 D.
1776 2932 2151 3002 imperatoris

489 3027 562 3083 ab
594 3027 981 3083 scribendum
1007 3024 1220 3081 tradidi
1258 3039 1366 3096 per
1392 3037 1720 3077 vuasonem
1750 3025 1950 3092 terra,
1981 3025 2039 3077 et
2077 3021 2151 3076 ﬁ-

486 3120 718 3173 stucum
741 3115 1042 3185 nodatum,
1073 3129 1182 3169 seu
1201 3128 1362 3169 ramo
1389 3112 1689 3181 arborum,
1720 3114 1894 3183 atque
1914 3126 2020 3182 per
2033 3111 2149 3165 cul-

490 3204 719 3275 tellum,
750 3208 808 3261 et
836 3205 1375 3271 vuantonettonem,
1399 3214 1508 3255 seu
1524 3198 1921 3271 andilaginem
1941 3198 2032 3252 sic
2042 3212 2149 3268 per

486 3295 640 3350 hanc
669 3292 995 3349 chartulam
1020 3292 1186 3364 justa
1225 3290 1421 3363 legem
1450 3303 1642 3346 meam
1678 3287 1938 3359 Saligam
1967 3284 2144 3355 dono,

484 3384 673 3452 trado,
715 3382 882 3453 cedo,
923 3385 1100 3452 atque
1144 3378 1326 3436 offero
1364 3378 1472 3435 tibi
1516 3378 1639 3433 Deo
1688 3382 1745 3432 et
1781 3374 2059 3444 ecclesia,
2091 3379 2148 3429 et

487 3471 856 3543 episcopatui
874 3470 936 3526 S.
958 3468 1210 3539 Martini,
1229 3483 1364 3541 qum
1385 3469 1477 3523 est
1498 3468 1858 3537 constructa,
1882 3467 1942 3519 et
1958 3463 2150 3519 levata

485 3559 645 3615 infra
671 3559 965 3614 civitatem
995 3557 1176 3613 Luem
1188 3570 1370 3627 prope
1390 3570 1561 3612 muro
1577 3553 1849 3626 ejusdem
1871 3552 2146 3622 civitatis,

486 3648 549 3703 id
577 3650 672 3702 est
700 3662 860 3716 casa,
887 3649 944 3702 et
974 3649 1161 3715 curte,
1190 3658 1300 3699 seu
1328 3644 1544 3714 monte,
1565 3648 1621 3698 et
1650 3641 1814 3713 pojo,
1845 3645 2022 3714 atque
2049 3655 2152 3696 ca-

489 3735 664 3792 stello
693 3735 792 3791 illo
823 3735 924 3807 qui
955 3734 1170 3788 dicitur
1196 3732 1556 3788 Castallione
1585 3731 2016 3801 Besardescos,
2047 3730 2152 3802 qui

488 3829 579 3881 est
608 3825 866 3895 positum
894 3822 1046 3878 infra
1068 3822 1439 3893 Comitatum,
1458 3825 1515 3876 et
1535 3820 1829 3876 territorio
1852 3818 2145 3875 Volterra-

485 3929 673 3971 nense
703 3929 820 3969 una
840 3928 974 3969 cum
995 3911 1252 3967 ecclesia
1278 3911 1396 3983 illa,
1416 3911 1514 3966 cui
1530 3910 1884 3967 vocabulum
1900 3912 1994 3965 est
2012 3909 2147 3965 bea-

484 4004 528 4058 ti
558 4003 839 4059 sancti....
854 4000 938 4056 ibi
959 4002 1321 4057 consistente
1343 4016 1460 4056 una
1488 4015 1622 4056 cum
1643 4000 1918 4056 omnibus
1935 3999 2145 4069 fossis,

488 4098 545 4149 et
582 4091 984 4161 carbonariis,
1016 4093 1074 4146 et
1101 4089 1309 4161 muris,
1342 4094 1399 4145 et
1419 4093 1604 4157 turre,
1637 4089 1740 4162 qui
1768 4088 1926 4144 infra
1961 4087 2146 4160 praecl.

485 4186 704 4252 monte,
737 4185 795 4237 et
814 4180 975 4254 pojo,
1009 4194 1119 4236 seu
1148 4178 1393 4235 castello
1433 4194 1573 4235 esse
1592 4178 1866 4235 videntur
1881 4193 1998 4234 una
2015 4192 2152 4233 cum

489 4272 767 4329 omnibus
799 4271 980 4339 casis,
999 4274 1057 4324 et
1082 4270 1365 4340 cassinis,
1388 4284 1500 4325 seu
1527 4268 1832 4340 casalinis,
1857 4268 2152 4339 simulque

485 4363 684 4431 terris,
715 4364 773 4417 et
792 4361 974 4416 rebus
1006 4359 1148 4429 illis,
1180 4360 1280 4431 qui
1292 4360 1365 4414 ad
1381 4358 1508 4431 jam
1528 4358 1685 4413 dicta
1701 4372 1861 4426 casa,
1886 4360 1944 4413 et
1963 4359 2147 4426 curte,

485 4466 597 4507 seu
626 4454 844 4519 monte,
879 4451 934 4502 et
964 4447 1104 4519 pojo
1127 4450 1301 4518 atque
1332 4447 1587 4502 ecclesia
1617 4450 1755 4501 sunt
1783 4446 2150 4518 pertinentes

482 4542 604 4594 tam
653 4538 725 4593 de
749 4553 917 4593 muro
965 4552 1073 4607 pro
1123 4536 1279 4591 dicto
1340 4536 1605 4605 castello,
1626 4551 1803 4607 quam
1831 4537 1888 4590 et
1908 4535 1981 4591 de
2002 4533 2151 4590 foris

487 4626 669 4696 casis,
703 4629 757 4682 et
789 4625 1069 4690 cassinis,
1105 4640 1214 4678 seu
1234 4624 1537 4689 casalinis,
1557 4623 1852 4696 simulque
1872 4623 2069 4693 terris,
2093 4629 2151 4680 et

485 4718 668 4771 rebus
691 4715 995 4783 veroipsis
1019 4717 1133 4766 tam
1150 4712 1501 4781 donnicatis,
1521 4728 1697 4783 quam
1719 4718 1774 4768 et
1796 4713 2150 4768 massaritiis

486 4820 622 4859 cum
650 4802 1067 4872 fundamentis,
1093 4805 1147 4855 et
1172 4815 1405 4855 omnem
1421 4801 1693 4869 editiciis,
1726 4802 1819 4855 vel
1853 4802 2149 4857 universis

484 4893 730 4948 fabricis
763 4906 1026 4959 suarum,
1051 4906 1160 4943 seu
1175 4892 1379 4958 curtis,
1402 4891 1569 4956 ortis,
1593 4889 1787 4957 terris,
1813 4891 2026 4960 vineis,
2045 4891 2146 4946 oli-

482 4983 655 5050 vetis,
677 4980 1386 5048 castanietis,quercietis,
1404 4980 1591 5032 silicis
1612 4981 1661 5032 vi
1673 4981 1922 5051 rgareis,
1940 4981 2143 5051 pratis,

484 5071 745 5137 pascuis,
769 5071 941 5123 cultis
966 5070 1167 5136 rebus,
1201 5067 1294 5121 vel
1318 5066 1553 5119 incultis
1578 5068 1790 5135 omnia,
1816 5068 1943 5121 etin
1957 5068 2145 5121 omni-

485 5159 598 5212 bus
644 5159 843 5224 rebus,
895 5162 1010 5212 tam
1056 5156 1406 5223 donnicatis,
1453 5170 1628 5226 quam
1666 5159 1721 5209 et
1788 5155 2145 5210 massaritiis

485 5252 736 5318 quantas
760 5247 976 5316 ubique
1006 5246 1065 5300 in
1098 5244 1358 5316 qualibet
1396 5244 1564 5313 locis,
1605 5244 1701 5298 vel
1731 5244 2041 5299 vocabulis
2071 5244 2144 5299 ad

487 5335 893 5405 suprascripta
919 5348 1078 5402 casa,
1121 5337 1178 5388 et
1205 5336 1369 5389 curte
1399 5347 1511 5387 seu
1540 5336 1756 5403 monte,
1791 5337 1847 5387 et
1876 5332 2146 5404 pojo,at-

484 5438 598 5495 que
631 5422 895 5493 castello,
929 5423 1056 5477 sive
1083 5421 1337 5477 ecclesia
1376 5422 1533 5492 sunt,
1575 5420 2025 5492 pertinentibus,
2082 5426 2142 5477 ut

483 5513 703 5569 dictum
732 5514 825 5567 est
854 5510 1125 5566 omniain
1153 5511 1467 5582 integrum,
1501 5512 1557 5565 et
1576 5524 1711 5566 cum
1737 5508 2139 5580 inferioribus,

482 5607 537 5658 et
558 5600 969 5673 superioribus
1001 5615 1264 5669 suarum,
1298 5614 1409 5654 seu
1430 5613 1565 5654 cum
1592 5598 2066 5668 assessionibus,
2091 5603 2149 5655 et

482 5691 889 5766 ingressorias
920 5704 1126 5745 earum
1163 5689 1269 5744 tibi
1300 5689 1442 5757 Deo,
1476 5692 1533 5745 et
1557 5688 1683 5760 jam
1707 5687 1859 5743 dicta
1880 5688 2148 5743 ezcicsia

494 5781 860 5856 episcopatui
879 5779 939 5843 S.
976 5780 1210 5843 Martini
1241 5778 1480 5853 donare,
1505 5781 1563 5833 et
1582 5777 1834 5848 tradere,
1868 5782 2039 5851 atque
2062 5776 2149 5835 of-

2251 2013 2512 2086 jacentia
2524 2010 2628 2065 tibi
2648 2010 2788 2074 Deo,
2808 2008 2891 2078 et}
2901 2022 2993 2059 am
3008 2005 3161 2058 dicta
3174 2001 3448 2068 ecclesia,
3467 2001 3521 2053 et
3531 1997 3851 2068 episcopatuo

2259 2102 2320 2156 S.
2354 2099 2608 2167 Martini,
2642 2102 2699 2151 et
2715 2096 2789 2150 ab
2807 2096 2904 2149 illo
2935 2094 3276 2163 episc0pus,
3305 2087 3497 2161 quijbi
3514 2100 3616 2158 pro
3638 2088 3853 2152 tempore

2258 2189 2510 2247 ordinati
2532 2187 2748 2242 fuerint
2760 2185 2820 2240 in
2832 2182 3070 2255 aliquod
3083 2180 3298 2235 exinde
3310 2172 3853 2236 intentionaverimns,

2258 2282 2357 2334 aut
2386 2277 2598 2346 rotelli,
2634 2275 2727 2329 vel
2763 2271 3032 2342 subtragi
3063 2268 3484 2339 quesierimus.
3514 2263 3648 2329 Nos,
3684 2257 3765 2315 vel
3781 2256 3855 2311 ille

2258 2369 2454 2436 homo,
2489 2370 2582 2421 cui
2614 2379 2724 2418 nos
2755 2378 2858 2417 eas
2888 2360 3289 2427 dedissemus,
3329 2357 3427 2409 aut
3454 2350 3760 2408 dederimus
3775 2358 3857 2415 per

2257 2433 2559 2529 quodlibet
2588 2451 2916 2525 ingenium,
2949 2452 3007 2503 et
3025 2463 3171 2503 casu
3188 2462 3220 2501 a
3235 2460 3379 2516 pars
3395 2442 3517 2515 jam
3536 2440 3692 2529 dicta:
3703 2433 3855 2529 eccle-

2255 2521 2385 2616 siae,
2405 2549 2463 2600 et
2478 2521 2857 2615 episccpatuo
2875 2538 2937 2594 S.
2962 2535 3197 2592 Martini
3225 2535 3299 2590 ab
3333 2531 3521 2589 omnis
3533 2527 3770 2616 homines
3784 2521 3857 2576 de-

2259 2615 2499 2689 fendere
2528 2646 2648 2687 non
2676 2627 3066 2701 potuerimus,
3115 2627 3173 2679 et
3225 2637 3348 2678 non
3376 2615 3855 2701 defensaverimus,

2260 2722 2610 2795 spondimus
2640 2700 2752 2774 nes
2784 2717 2957 2772 vobis
2988 2727 3293 2785 comprare
3311 2708 3638 2795 supradicta
3664 2700 3855 2795 casa,_et

2261 2785 2449 2882 curte,
2482 2825 2592 2864 seu
2609 2809 2805 2864 monte
2812 2848 2827 2877 ,
2848 2810 2905 2860 et
2923 2803 3086 2876 pojo,
3105 2807 3283 2874 atque
3300 2798 3561 2867 castello,
3575 2793 3693 2850 sive
3709 2785 3858 2882 eccle-

2260 2903 2372 2972 sia,
2401 2879 2461 2956 et
2489 2898 2691 2970 terris,
2741 2902 2799 2952 et
2825 2896 3032 2965 rebus,
3067 2907 3216 2965 quas
3245 2892 3307 2946 in
3337 2888 3527 2960 ipsius
3553 2879 3792 2972 ecclesia,
3818 2879 3863 2929 et

2259 2967 2639 3062 episcopatuo
2676 2967 2749 3042 VS.
2802 2984 3035 3040 Martini
3063 2979 3328 3038 oil‘erruit
3370 2978 3432 3033 in
3471 2974 3695 3062 duplum
3734 2967 3862 3062 inser

2257 3055 2496 3153 quidem
2511 3078 2643 3133 loco
2663 3075 2776 3131 sub
2797 3071 3229 3131 existimatione
3261 3068 3471 3141 quales
3489 3066 3622 3119 sunt
3638 3055 3864 3153 maritet

2256 3140 2440 3242 super
2467 3182 2701 3240 pmnam
2721 3164 2855 3220 auri
2883 3162 3088 3234 optimi
3106 3140 3316 3216 uncias
3331 3157 3423 3226 50,
3451 3158 3506 3211 et
3524 3147 3736 3223 argenti
3748 3140 3863 3214 opti-

2256 3260 2333 3315 mi
2354 3257 2618 3329 pondera
2641 3256 2762 3311 100.
2796 3253 2922 3308 Nec
2948 3252 3002 3307 si
3030 3251 3359 3318 valeamus,
3391 3256 3579 3316 neque
3598 3244 3863 3329 pessiiqu

2255 3317 2547 3419 disruppi,
2570 3361 2682 3408 nec
2697 3343 2963 3415 infringi,
2996 3343 3088 3397 set
3105 3351 3383 3413 presens
3414 3334 3562 3389 hanc
3591 3317 3865 3419 cartula

2257 3408 2545 3497 fersicnis
2569 3450 2716 3491 meae
2744 3408 3041 3493 diuturnis
3069 3408 3441 3500 temporibus
3457 3423 3618 3478 firma
3643 3419 3695 3472 et
3715 3408 3864 3500 stabi-

2256 3527 2372 3584 lem
2399 3526 2684 3598 persistat
2701 3519 3121 3595 perpetualiter
3144 3496 3498 3575 inconvulsa
3516 3522 3642 3565 cum
3658 3496 3862 3598 ,stipula-

2258 3591 2424 3673 tione
2445 3591 2771 3673 submissa.
2796 3591 2905 3667 Dic
2932 3612 3126 3667 tamen
3158 3606 3213 3661 si
3242 3620 3357 3660 nos
3374 3599 3583 3658 exinde
3610 3591 3866 3653 antherae,

2257 3722 2370 3763 nec
2383 3704 2734 3762 defensores
2744 3712 2994 3774 querere
3006 3710 3117 3753 nec
3129 3695 3271 3751 dare
3282 3688 3611 3757 volueritis,
3622 3677 3868 3774 licentiam

2266 3794 2535 3851 habeatis
2558 3770 2786 3863 absque
2807 3792 3010 3844 nostra
3027 3798 3304 3859 persona,
3320 3782 3377 3838 si
3400 3785 3601 3836 vestra
3619 3770 3866 3863 fueritve.-

2258 3887 2476 3957 luntas,
2501 3852 2713 3939 exinde
2734 3894 2949 3936 causas
2962 3852 3198 3950 agendi,
3226 3852 3582 3945 responsum
3614 3852 3867 3957 reddendi,

2257 3977 2435 4032 finem
2460 3950 2723 4045 ponendi
2750 3969 2943 4026 modis
2972 3965 3267 4022 ominibus
3283 3960 3460 4016 vobis
3494 3970 3593 4012 eas
3612 3950 3874 4045 defensae-

2257 4068 2317 4123 di
2346 4036 2486 4121 cuni
2508 4061 2733 4120 cartula
2763 4061 2877 4116 ista
2892 4055 3232 4114 oﬂ‘ersionis
3263 4050 3520 4124 qualiter
3538 4045 3701 4119 juxta
3715 4036 3873 4124 legem

2258 4156 2471 4214 melius
2503 4150 2835 4224 potueritis,
2877 4153 2934 4204 et
2962 4146 3107 4204 mihi
3126 4143 3227 4217 qui
3259 4122 3446 4212 supra
3486 4130 3711 4190 Matilda
3746 4122 3872 4224 ξίιξ·

2258 4214 2566 4302 chionissa
2593 4235 2780 4298 'foras
2823 4214 3034 4294 exinde
3069 4214 3368 4304 werpivit,
3413 4231 3472 4284 et
3497 4225 3707 4281 exitum
3744 4214 3872 4277 fecit:

2251 4338 2378 4412 jam
2426 4338 2583 4393 dicta
2631 4333 2906 4405 ecclesia,
2940 4335 2997 4388 et
3048 4330 3434 4402 episcopatuo
3478 4326 3539 4382 S.
3578 4304 3875 4412 Martini-ad

2260 4403 2430 4485 suam
2458 4424 2876 4500 proprietatem
2892 4403 3243 4489 intromisit,
3273 4422 3333 4474 et
3363 4416 3438 4472 ad
3458 4403 3876 4500 habendum

2260 4522 2434 4588 didit,
2458 4489 2522 4576 et
2552 4489 2706 4573 hanc
2737 4513 3024 4571 cartulam
3048 4508 3391 4567 oﬂ‘ersionis
3421 4489 3881 4588 Cunradusnela'

2177 4580 2236 4648 υ
2259 4614 2391 4669 rius
2423 4609 2657 4667 Domini
2704 4603 3083 4677 imperatoris
3131 4597 3399 4654 scribere
3429 4588 3653 4665 rogavi.
3705 4581 3878 4638 Actum

2263 4705 2464 4777 Burgo
2494 4699 2596 4772 qui
2617 4697 2831 4753 dicitur
2860 4690 3112 4746 Bricole.

2496 4754 2733 4847 litatilda
2750 4786 2857 4842 Dei
2878 4784 3065 4857 gratia
3086 4781 3144 4836 id
3156 4776 3313 4851 quod
3331 4790 3466 4832 sum
3480 4773 3542 4827 in
3563 4768 3669 4823 hac
3684 4754 3880 4818 chartu-

2403 4883 2460 4939 la
2490 4899 2523 4936 a
2555 4897 2647 4937 me
2676 4879 2829 4933 facta
2858 4875 2963 4930 SS.

2338 4976 2599 5033 Uberius
2616 4970 2816 5041 .judex
2846 4963 3066 5020 domini
3090 4955 3488 5029 imperatoris.

2338 5066 2462 5137 Ego
2502 5060 2829 5116 Ardericus
2854 5054 3042 5126 judex
3071 5051 3317 5137 rogatus
3347 5042 3540 5137 testis.
3666 5122 3676 5134 .

2338 5115 2583 5227 Siognum
2602 5162 2812 5204 manus
2825 5115 3396 5210 federighivcomitis
3415 5133 3610 5225 legem
3624 5115 3881 5227 ἶίγῗιέιθῗὶ

2720 5236 2877 5290 ﬁlius
2901 5202 3196 5303 quondam
3224 5221 3496 5312 Lodoici,
3509 5214 3613 5312 qui

2406 5296 2463 5387 et
2493 5296 2734 5383 almis
2758 5296 3243 5391 filius-quondam
3273 5307 3544 5373 Eurardi,
3577 5300 3676 5375 qui
3700 5296 3797 5352 fuit
3820 5302 3884 5343 ει·

2412 5421 2674 5492 miligem
2712 5414 2975 5486 Saligam
3010 5409 3261 5480 rogatus
3290 5397 3550 5492 interfui.
3661 5470 3767 5492 mu

2334 5472 2583 5585 Sig—nui;
2594 5472 2823 5562 manus
2839 5472 3125 5556 knselm'i
3142 5494 3339 5567 legem
3347 5472 3883 5585 viventemﬁfilifzg

2405 5558 2911 5656 ama—111....
2941 5558 3241 5657 Gerbotta',
3275 5582 3377 5658 qui
3404 5579 3516 5636 fuit
3529 5570 3784 5632 similiter
3799 5558 3883 5616 Sa-

2402 5691 2523 5764 ligo
2553 5687 2800 5760 rogatus
2819 5679 3083 5738 interfui.

2332 5748 2585 5854 signum
2620 5748 3087 5847 manusPagani
3132 5765 3251 5823 ﬁlio
3290 5763 3425 5819 bon.
3487 5771 3657 5815 mem.
3692 5748 3879 5808 Bolan-
