4028 6176
464 319 581 381 635
1445 317 1837 382 UDALRICI
1897 318 2502 381 CLUNIAUENSIS
2549 319 2675 381 MO
2689 322 2727 384 Ν
2742 319 2962 383 ACHI.
3726 325 3824 391 636

465 512 534 552 ac
662 498 902 580 Hugoni
931 499 1127 579 abbati
1156 498 1502 568 dicatarum,
1537 498 2015 581 subministravit
2035 501 2304 624 quaedam
2339 501 2527 569 capita
2549 516 2681 571 quae
2704 500 2762 580 in
2792 501 3062 571 utrisque
3094 503 3151 554 et
3178 500 3545 583 Cluniacensi
3575 507 3626 557 ct
3654 504 3830 560 Camu-

465 575 600 623 zatu
634 569 943 624 codicibus
977 568 1487 624 desxderabantur.
1518 586 1795 624 nimirum
1826 574 2014 624 capita
2079 569 2131 624 3.
2167 572 2235 624 14
2264 576 2320 624 et
2351 571 2435 624 15.
2477 571 2761 624 Bernardi
2802 575 2995 624 autem
3044 571 3405 624 m-mfatioms
3437 574 3744 624 nericonen.
3774 593 3830 624 ne

465 570 600 644 zatii
634 568 943 644 codicibus
977 568 1487 644 desiderabantur,
1518 570 2014 644 nimirumicapita
2045 568 2131 641 {3,
2161 572 2235 644 t4
2264 576 2320 644 et
2351 568 2435 644 ’15,
2477 568 2761 644 Bernardi
2802 568 2995 644 autem
3044 571 3405 640 prmfationis
3437 574 3745 644 pericopen,
3774 593 3832 630 ne

464 643 582 694 tota
612 644 833 710 pereat,
851 640 979 713 hoc
1019 640 1158 713 loco
1192 640 1534 713 subtexere,
1582 641 1836 711 Lectori,
1897 640 2125 712 opinor,
2160 642 2313 696 haud
2356 641 2465 696 erit
2511 642 2823 713 ingratum,
2876 643 2967 696 vel
3003 657 3033 694 a
3080 644 3381 713 praposito
3438 640 3703 699 alienum.
3734 640 3832 699 'Sic

464 714 657 765 autem
689 710 991 766 exorditur
1018 710 1358 767 Bernardus
1394 729 1405 766 :

465 807 997 864 Reverendissimo
1018 812 1191 881 atque
1224 811 1407 883 totius
1436 809 1761 883 religionis
1767 812 2067 883 praecipuo
2088 809 2296 883 domno
2327 809 2558 883 Hucom
2581 808 2804 864 abbati.
2840 807 3067 883 Frater
3085 809 3443 864 Bsnmaous
3466 809 3700 865 filiorum
3726 814 3832 883 ejus

1214 880 1453 935 ultimus
1482 878 1970 952 quidquid‘esse,
1994 881 2114 936 dici
2145 886 2203 935 et
2233 881 2490 952 cogitari
2513 885 2710 951 potest
2742 878 3158 935 excellentius.

541 997 562 1021 «ι
590 975 910 1048 Quoniam,
941 976 1117 1048 Pater
1146 977 1624 1048 religiosissime,
1658 978 1770 1033 loci
1800 976 2213 1033 Cluniacensis
2244 975 2729 1048 viamuniversae
2763 974 2960 1028 carnis
2990 974 3271 1048 paulatim
3300 975 3764 1048 ingredientibus,
3782 994 3835 1031 ac

464 1046 706 1118 novitiis
736 1046 1220 1118 succedentibus,
1246 1045 1515 1118 quaedam
1537 1045 2159 1104 deconsuetudinibus
2182 1046 2520 1116 sepissime
2544 1045 3349 1118 oriebanturcontroversiae,
3375 1045 3622 1101 diversis
3639 1047 3837 1102 diversa

466 1117 881 1186 sentientibus,
917 1117 994 1171 ita
1019 1120 1086 1190 ut
1116 1116 1463 1190 plerumque
1495 1121 1698 1174 novitii
1727 1120 1854 1174 haec
1875 1119 2203 1186 audientes,
2234 1118 2587 1190 incertiores
2611 1116 2682 1170 de
2702 1116 2953 1185 capitulo
2976 1116 3354 1171 discederent
3376 1131 3545 1187 quam
3577 1119 3836 1190 accessis-

465 1190 616 1267 sent,
650 1202 847 1267 operee
877 1189 1132 1267 pretium
1163 1187 1448 1267 judicavi,
1497 1191 1549 1267 si
1579 1195 1779 1267 vestra
1829 1190 1969 1267 mihi
2026 1187 2344 1267 auctoritas
2397 1188 2733 1267 imperaret,
2769 1191 2831 1267 ut
2880 1190 3257 1267 cum_quanta
3300 1202 3541 1267 possem
3579 1188 3837 1267 diligentia

464 1259 655 1328 ipsam
688 1260 992 1313 veritatem
1025 1260 1469 1332 investigarem,
1490 1264 1547 1314 et
1578 1262 1707 1316 sive
1740 1278 1814 1316 ex
1845 1261 1939 1314 his
1972 1276 2104 1331 quae
2137 1259 2373 1332 scripta
2386 1258 2729 1332 reperirem,
2755 1258 2883 1332 sive
2914 1273 2987 1332 ex
3008 1258 3112 1332 _h_i_s_
3142 1273 3274 1328 quae
3304 1259 3615 1332 didiceram
3636 1258 3839 1332 valdis-

465 1344 600 1402 cere
630 1343 893 1399 possem,
934 1328 1275 1385 sententias‘
1292 1332 1558 1386 veriores
1591 1336 1764 1402 atque
1812 1328 2217 1402 discretiores,
2256 1329 2474 1400 quibus
2499 1328 2782 1402 videlicet
2819 1328 3253 1402 probabiliores
3292 1334 3348 1383 et
3380 1329 3589 1402 melius
3615 1330 3838 1402 ordinem

464 1400 726 1454 scientes
768 1415 1050 1471 persona:
1099 1402 1502 1456 testimonium
1542 1399 1770 1469 darent,
1804 1403 1864 1456 in
1896 1418 2074 1456 unum
2106 1399 2378 1471 volumen
2413 1399 2786 1471 redigerem;
2821 1400 3027 1471 sicque
3059 1400 3393 1470 aequitatem
3435 1400 3837 1470 consideratam,

463 1471 674 1543 litteris
705 1469 1046 1543 diligentius
1078 1476 1408 1527 annotatam
1439 1474 1697 1543 posteris
1731 1473 2222 1543 derelinquerem.
2259 1470 2385 1525 Hoc
2416 1469 2609 1541 itaque
2643 1469 3094 1543 o_pusculo"pro_
3092 1469 3243 1543 meae
3260 1471 3561 1539 parvitatis
3594 1472 3796 1525 modulo
3816 1489 3841 1525 a

462 1542 636 1614 vobis
666 1547 904 1614 accepta
926 1542 1208 1613 jussione
1251 1541 1471 1613 implet,
1521 1544 1694 1614 quasi
1725 1544 1955 1599 rivulus
1977 1541 2059 1597 ad
2092 1542 2310 1596 fontem
2339 1556 2583 1614 recurro
2602 1582 2615 1609 ,
2670 1541 3018 1610 Vasti-aeque
3050 1541 3430 1614 Excellentiae
3459 1543 3705 1614 quodex
3730 1542 3840 1612 ejus

463 1610 829 1685 plenitudine
856 1610 1031 1685 hausi
1062 1610 1582 1685 repraesento,'etc.
1616 1615 1865 1669 Tantum
1898 1616 2080 1685 restat
2102 1616 2163 1666 ut
2192 1616 2404 1685 vestra
2421 1610 2567 1685 mihi
2577 1614 2901 1685 succurrat
2926 1613 3131 1685 oratio,
3158 1612 3437 1685 quatinus
3460 1610 3622 1685 sequi
3650 1610 3839 1685 possim

463 1683 621 1753 quod
650 1683 710 1737 in
738 1683 914 1738 vobis
943 1681 1150 1756 laudo;
1174 1687 1231 1738 et
1259 1686 1413 1738 viam
1438 1681 1621 1756 quam
1650 1684 2016 1754 monstratis,
2049 1697 2342 1756 quamque
2374 1682 2718 1737 describere
2741 1681 3046 1756 jussistis,
3071 1681 3271 1737 tenere
3291 1681 3592 1756 sufficiam
3622 1683 3686 1736 ad
3713 1684 3839 1736 salu-

462 1752 579 1808 tem
618 1769 809 1825 meam
863 1755 920 1808 et
956 1755 1210 1825 gloriam
1257 1752 1538 1810 vestram.
1590 1755 1853 1811 Obsecro
1885 1752 2087 1810 autem
2110 1752 2327 1808 fratres
2371 1756 2610 1825 nostros
2654 1768 2726 1825 ne
2761 1752 3157 1824 dedignentur
3180 1768 3259 1825 ex
3288 1753 3485 1825 ligneo
3513 1769 3649 1807 vase
3677 1757 3840 1825 potum

463 1824 730 1897 veritatis
764 1824 1022 1897 sumere,
1055 1840 1247 1897 neque
1276 1830 1518 1897 propter
1550 1825 1807 1881 fistulam
1838 1825 2192 1897 plumbeam,
2226 1839 2332 1897 per
2367 1840 2546 1897 quam
2577 1824 2721 1897 fluit,
2763 1838 2976 1895 aquam
3017 1824 3287 1895 frigidam
3320 1824 3645 1897 claramque
3673 1824 3840 1897 despi-

466 1895 639 1969 ciant,
674 1895 725 1950 si
766 1910 874 1950 eos
904 1896 1069 1969 sitire
1102 1894 1420 1969 contingat,
1455 1902 1518 1952 ut
1547 1898 1739 1953 sciant
1768 1894 1986 1969 quibus
2020 1894 2331 1969 sententiis
2362 1895 2531 1949 inniti
2559 1894 2831 1969 debeant,
2863 1898 2924 1969 ut
2956 1912 2986 1948 a
3018 1894 3358 1969 sanctarum
3387 1894 3842 1969 Consuetudinum

466 1965 695 2019 tramite
728 1980 845 2020 non
894 1966 1188 2021 recedant.
1236 1965 1618 2038 omnipotens
1650 1965 1832 2038 Deus,
1867 1969 1927 2023 in
1965 1966 2149 2040 cujus
2193 1982 2367 2040 manu
2409 1965 2684 2040 consistit
2728 1966 2925 2040 omnis
2958 1965 3262 2040 profectus
3311 1966 3427 2040 loci
3460 1966 3840 2040 Cluniacensis,

468 2040 1083 2109 conservetsanctum
1115 2041 1289 2108 caput
1317 2034 1583 2094 vestrum
1611 2040 1786 2095 nobis
1817 2034 2136 2104 incolume,
2173 2040 2236 2092 ut
2260 2036 2512 2091 videatis
2552 2036 2708 2090 filios
2738 2034 2991 2091 filiorum
3022 2039 3377 2104 vestrorum,
3416 2038 3697 2109 longoque
3722 2039 3842 2090 tem-

465 2121 608 2176 pore
640 2107 855 2162 mundo
888 2107 1204 2176 prmbeatis
1235 2109 1529 2166 solatium.
1571 2135 1593 2157 ι»

544 2123 608 2160 re
640 2123 855 2162 mundo
930 2123 1204 2163 rmneans
1235 2124 1265 2163 s
1310 2123 1529 2166 Ianum.
1571 2135 1593 2157 υ

541 2177 840 2251 Hactenus
873 2123 1158 2251 gernardi
1190 2124 1488 2248 Prgefatio,
1523 2182 1625 2251 qui
1672 2181 1920 2251 aaqualis
1946 2179 2174 2251 exstitit
2204 2177 2488 2251 Udalrici,
2512 2177 2849 2251 eodemque
2878 2178 3234 2251 conscripsit
3261 2183 3525 2249 tempore
3555 2177 3844 2251 gonsuetu-

466 2247 657 2322 dines,
677 2250 756 2322 _ut
785 2248 1094 2322 conjicere
1124 2249 1280 2318 licet,
1314 2266 1431 2322 quo
1462 2247 1520 2306 et
1541 2247 1676 2322 ipse
1708 2247 2047 2306 Udalricus.
2080 2248 2202 2322 Cur
2225 2263 2407 2322 porro
2436 2248 2707 2322 Udalrici
2730 2247 2929 2322 potius
2960 2247 3140 2322 quani,
3168 2247 3459 2305 Bernardi
3489 2249 3843 2322 collectionem

466 2318 850 2392 ediderimus,
886 2318 1031 2392 ratio
1062 2321 1120 2374 in
1152 2318 1425 2391 promptu
1456 2318 1876 2390 estfnimirum
1909 2322 1984 2377 ob
2017 2318 2275 2392 nominis
2305 2319 2630 2392 claritatem
2660 2319 2923 2374 Udalrici
2946 2338 2960 2385 ;
2980 2318 3625 2392 'quodqueicomptiore
3646 2319 3764 2374 stilo
3790 2334 3841 2372 ac

464 2389 689 2465 meliori
722 2387 1234 2465 ordine,_dialo_gi_s
1264 2387 1513 2462 scilicet,
1552 2387 1845 2465 digestum
1868 2392 2014 2465 pejus
2043 2387 2456 2465 collectionem
2478 2389 2950 2465 judicav‘erimus
2986 2387 3129 2465 :‘qui
3162 2387 3467 2447 scribendi
3504 2390 3719 2460 modus,
3739 2404 3843 2443 cum

466 2460 537 2514 de
572 2461 853 2517 asceticis
885 2462 1065 2517 rebus
1096 2460 1387 2518 ritibusve
1418 2460 1750 2534 praesertim
1783 2460 1998 2536 agitur,
2033 2461 2284 2518 faciliori
2303 2462 2399 2515 via
2428 2460 2686 2517 animum
2716 2462 2955 2517 instruit
2986 2460 3331 2535 suadetque.

764 2760 2006 2942 ANTIQUIORES
2108 2762 3601 2905 CONSUETUDINES

1331 3019 2206 3138 CLUNIACENSIS
2288 3018 3043 3137 MONASTERII

562 3249 1409 3344 COLLECTOBE
1480 3251 2133 3341 UDALRICO
2235 3251 2851 3341 MONACHO
2928 3245 3773 3340 BENEDICTINO

1624 3444 1901 3513 (Acusau
1931 3441 2141 3515 Spicil.
2172 3446 2314 3499 tom.
2348 3443 2392 3515 Ι,
2425 3458 2565 3516 pag.
2598 3439 2748 3512 641.)

1205 3677 1895 3793 EPISTOLA
1991 3677 3122 3794 NUNCUPA’I‘ORIA~

534 3947 781 4002 Domino
812 3947 1312 4003 reverendissimo
1343 3962 1411 4002 ac
1455 3947 1727 4019 piissimo
1760 3946 1917 4001 Patri
1949 3946 2120 4002 WIL-
2150 3925 2211 3990 Α
2237 3948 2458 4003 tantum
2476 3951 2540 4002 ut
2560 3948 2797 4018 seipsos
2820 3947 3132 4018 expediant
3149 3946 3220 4002 ab
3240 3946 3328 4003 eis
3341 3944 3660 4002 educandis
3679 3945 3851 4010 etpas-

461 4051 670 4106 Lnulo,
688 4035 1105 4108 Hirsaugiensi
1136 4036 1351 4106 abbati,
1379 4038 1702 4107 sanctoque
1724 4034 1971 4091 fratrum
2006 4035 2120 4091 col-
2239 4036 2465 4101 cendis,
2483 4036 2575 4091 vel
2588 4036 2721 4090 aliis
2738 4036 2868 4091 suis
2880 4036 3089 4091 liberis
3103 4035 3295 4105 possit
3307 4050 3447 4090 esse
3462 4035 3645 4106 magis
3662 4025 3854 4086 consul-

461 4125 619 4197 legio
682 4124 795 4179 sibi
847 4124 1138 4196 subjecto,
1187 4124 1367 4179 frater
1410 4124 1840 4180 WILDALRICUS
1884 4124 2124 4179 Clunia-
2235 4128 2378 4178 tum.
2414 4122 2575 4196 Ergo
2596 4127 2659 4178 ut
2680 4126 2903 4179 taceam
2937 4124 3010 4179 de
3032 4124 3127 4179 his
3147 4124 3248 4196 qui
3281 4140 3401 4179 non
3431 4126 3626 4178 carent
3646 4117 3854 4175 sanitate

463 4213 663 4268 censis
687 4212 978 4268 Ecclesiae
991 4213 1422 4285 qualiscunque
1436 4213 1784 4282 monachus,
1804 4214 1864 4267 in
1880 4212 2126 4268 Domino
2237 4212 2531 4282 corporali
2552 4215 2608 4267 et
2630 4213 3027 4267 membrorum
3051 4212 3406 4284 integritate,
3433 4212 3505 4267 ab
3520 4212 3611 4266 his
3631 4208 3765 4280 ipsis
3776 4203 3854 4275 qui

463 4302 734 4371 salutem,
758 4306 813 4357 et
834 4302 1027 4372 ipsius
1050 4301 1419 4357 celerrimum
1440 4301 1933 4371 benedictionem,
1960 4301 2127 4356 ethic

462 4394 519 4444 et
549 4391 609 4445 in
639 4389 854 4445 futuro.

532 4478 802 4544 Quotidie
834 4479 1178 4534 meminisse
1210 4494 1342 4533 cum
1373 4493 1650 4549 personae
1678 4480 1802 4532 tum
1836 4476 2127 4534 Ecclesiae

462 4572 608 4635 tuae,
640 4568 817 4621 Pater
846 4566 1251 4637 dilectissime,
1305 4581 1514 4621 revera
1543 4567 1618 4620 ita
1653 4567 1814 4621 venit
1862 4568 1920 4621 in
1952 4582 2127 4621 usum

463 4655 772 4710 humilitati
802 4669 971 4724 meae,
999 4653 1192 4724 utjam
1215 4658 1333 4708 tam
1366 4670 1514 4709 usus
1543 4669 1717 4725 quam
1741 4652 1988 4709 affectus
2008 4670 2126 4710 non

461 4744 714 4813 patiatur
753 4746 815 4798 ut
863 4742 982 4798 ullo
1025 4742 1118 4796 die
1166 4743 1481 4797 omittatur.
1527 4741 1773 4797 Accedit
1815 4743 2126 4813 aliquoties

462 4832 774 4887 admodum
807 4833 973 4902 grata
1003 4833 1063 4885 et
1087 4829 1349 4900 jocunda
1380 4830 1659 4885 memoria
1683 4830 2125 4900 pollicitationis

459 4923 576 4974 tuae
599 4920 669 4975 de
702 4920 965 4975 cavendo
996 4919 1236 4991 ingenio
1268 4919 1656 4990 quorumdam
1688 4919 1990 4974 hominum
2021 4936 2128 4974 sae-

464 5008 772 5077 cularium,
798 5009 896 5079 qui
916 5009 1216 5075 nimirum,
1235 5024 1350 5062 non
1373 5024 1732 5079 magnopere
1756 5012 2030 5063 curantes
2055 5009 2125 5062 de

461 5096 573 5149 alio
623 5112 798 5166 quam
828 5097 901 5151 de
952 5097 1059 5151 hac
1111 5097 1237 5151 sola
1282 5096 1588 5167 temporali
1622 5097 1766 5167 vita,
1812 5100 2124 5167 postquam

461 5182 696 5236 domum
745 5184 1075 5251 habuerint,
1127 5188 1189 5239 ut
1235 5185 1445 5252 dicam,
1497 5185 1726 5253 plenam
1770 5185 2019 5239 filiorum
2071 5188 2127 5237 et

462 5269 747 5338 ﬁliarum,
780 5275 878 5326 aut
920 5273 969 5325 si
1016 5274 1151 5343 quis
1200 5274 1541 5328 eorumdem
1581 5273 1827 5326 claudus
1880 5274 1990 5326 erit
2028 5276 2125 5326 aut

458 5372 727 5425 mancus,
763 5360 1074 5413 surdaster
1105 5366 1203 5413 aut
1235 5351 1455 5431 ca'acus,
1493 5361 1785 5431 gibbosus
1816 5366 1913 5414 aut
1935 5360 2125 5430 lepro-

2237 4304 2374 4355 sunt
2395 4301 2472 4356 ita
2490 4300 2914 4357 semihomines
2933 4301 3027 4356 vel
3048 4302 3125 4356 ita
3139 4301 3436 4369 semivivi,
3461 4300 3649 4373 qualia
3666 4292 3853 4365 saepius

2236 4389 2465 4460 experti
2491 4404 2700 4444 sumus
2721 4390 3069 4460 perpetrari.
3101 4389 3165 4444 Si
3194 4389 3517 4459 expediret,
3546 4389 3603 4442 in
3622 4383 3853 4457 promptu

2235 4481 2328 4534 est
2357 4478 2530 4532 talem
2573 4478 2876 4533 nominare
2925 4493 3101 4548 quem
3148 4477 3221 4532 ad
3264 4477 3528 4533 habitum
3568 4468 3854 4535 sanctitatis

2234 4582 2350 4622 non
2381 4566 2494 4621 alia
2540 4566 2824 4621 sanctitas
2858 4582 3034 4637 quam
3083 4566 3209 4621 sola
3260 4570 3504 4621 strumae
3547 4555 3854 4619 contumelia

2232 4655 2427 4725 traxit,
2470 4657 2526 4709 et
2551 4654 2727 4710 talem
2757 4670 2932 4726 quem
2964 4671 3081 4710 non
3104 4654 3222 4708 nisi
3254 4670 3364 4725 pes
3406 4695 3420 4708 .
3467 4696 3480 4708 .
3527 4695 3539 4707 .
3580 4669 3610 4706 a
3637 4657 3852 4721 quorum

2235 4745 2482 4814 utroque
2514 4742 2686 4798 vobis
2717 4744 2889 4798 etiam
2919 4742 3173 4798 testibus
3196 4758 3404 4813 parum
3432 4741 3572 4797 boni
3600 4731 3854 4810 processit

2234 4830 2486 4901 exempli
2513 4846 2527 4902 ;
2560 4834 2778 4902 quanto
2802 4831 2996 4886 minus
3015 4831 3086 4886 ab
3110 4831 3230 4886 illis
3262 4831 3360 4901 qui
3381 4830 3554 4885 bonae
3574 4830 3703 4882 sunt
3720 4820 3854 4874 vale-

2234 4920 2478 4988 tudinis,
2511 4919 2848 4989 ubicunque
2881 4920 3022 4974 tanti
3046 4923 3182 4974 sunt
3214 4918 3578 4992 congregati,
3603 4918 3855 4978 tantaeque

2236 5010 2545 5078 potentiae,
2596 5012 2658 5062 ut
2704 5008 2986 5064 habitudo
3034 5008 3375 5064 monasterii
3434 5007 3511 5062 sit
3557 5006 3616 5059 in
3658 5002 3855 5054 illorum

2237 5113 2412 5151 manu
2433 5099 2460 5150 ἱ)
2491 5096 2775 5167 Equidem
2817 5113 2948 5166 quae
2988 5097 3067 5150 ibi
3098 5097 3174 5151 sit.
3202 5098 3341 5165 vita,
3376 5095 3475 5166 qui
3509 5095 3675 5164 vigor
3702 5082 3855 5141 disci-

2237 5186 2413 5254 plina:
2446 5186 2761 5256 regularis,
2789 5200 2994 5239 omnes
3028 5186 3242 5252 sciunt,
3268 5185 3601 5262 quicunque
3622 5176 3795 5233 sciunt
3811 5168 3854 5262 id

2237 5289 2428 5344 genus
2464 5274 2885 5327 monachorum
2910 5275 2986 5328 ibi
3012 5260 3468 5344 regnare.Adeo
3491 5271 3680 5324 tritum
3710 5263 3789 5318 est
3813 5260 3856 5309 et

2240 5364 2537 5429 usitatum,
2575 5361 2628 5415 si
2658 5377 2771 5433 qua
2796 5362 3085 5416 districtio
3117 5361 3300 5433 hujus
3323 5358 3640 5431 spiritualis
3670 5348 3855 5406 militiai

460 5462 590 5515 sus,
612 5447 874 5501 velaliud
894 5448 1031 5517 quid
1052 5448 1395 5519 hujusmodi
1418 5450 1719 5520 quodcum
1743 5449 1936 5519 aliquo
1956 5449 2125 5502 modo
2154 5476 2208 5539 Β
2241 5450 2392 5504 inter
2424 5451 2529 5502 has
2563 5453 2902 5504 nostrorum
2937 5454 3267 5519 temporum
3301 5450 3479 5504 faeces
3512 5460 3643 5500 esse
3673 5438 3854 5512 potest.

459 5534 685 5590 seculo
719 5534 857 5589 facit
886 5534 1082 5589 minus
1104 5538 1603 5608 acceptum,hunc
1634 5536 1872 5608 quidem
1902 5537 2123 5606 impen-

462 5623 707 5679 sissimo
739 5627 877 5677 voto
909 5626 970 5678 ut
991 5625 1317 5681 monachus
1350 5626 1445 5680 fiat
1477 5623 1726 5680 offerunt
1758 5626 1898 5695 Deo,
1934 5642 2122 5696 quan-

463 5728 636 5789 quam
666 5713 838 5785 plane
888 5728 1007 5770 non
1043 5717 1282 5784 propter
1319 5712 1525 5783 Deum,
1574 5714 1680 5770 sed
1728 5717 1971 5786 propter
2010 5713 2122 5771 hoc

2241 5553 2357 5592 non
2390 5553 2548 5608 esse,
2583 5539 2699 5593 nisi
2730 5539 2829 5593 ubi
2863 5538 3056 5610 major
3074 5543 3167 5593 est
3187 5553 3468 5593 numerus
3490 5538 3544 5590 et
3573 5527 3856 5587 auctoritas

2241 5626 2434 5698 major
2462 5627 2695 5682 illorum
2727 5627 2826 5698 qui
2856 5643 2973 5683 non
3014 5630 3181 5682 aetate
3218 5626 3459 5695 lasciva,
3512 5637 3615 5678 nec
3646 5610 3853 5686 imperi0

2242 5718 2568 5788 parentum,
2617 5716 2722 5771 sed
2756 5719 2964 5788 Sponte
2997 5732 3126 5788 sua,
3160 5720 3215 5771 et
3246 5714 3490 5789 majoris
3522 5710 3719 5779 aetatis,
3749 5698 3853 5757 8010
