  <div class='ocr_page' id='page_1' title='image "/cluster/home/n/w/nwhite01/storage/ocr_20150623/149/hvd.32044054760079/324.png"; bbox 0 0 4028 6176; ppageno 0'>
   <div class='ocr_carea' id='block_1_1' title="bbox 174 297 3202 365">
    <p class='ocr_par' dir='ltr' id='par_1_1' title="bbox 174 297 3202 365">
     <span class='ocr_line' id='line_1_1' title="bbox 174 297 3202 365; baseline -0.001 -1"><span class='ocrx_word' id='word_1_1' title='bbox 174 302 275 364; x_wconf 88' lang='grc'>637</span> <span class='ocrx_word' id='word_1_2' title='bbox 486 298 1190 362; x_wconf 88' lang='lat' dir='ltr'>CONSUETUDINES</span> <span class='ocrx_word' id='word_1_3' title='bbox 1232 297 1867 362; x_wconf 87' lang='lat' dir='ltr'>CLUNIACENSES</span> <span class='ocrx_word' id='word_1_4' title='bbox 1927 333 1993 341; x_wconf 71' lang='lat'>~—</span> <span class='ocrx_word' id='word_1_5' title='bbox 2052 297 2467 360; x_wconf 82' lang='lat' dir='ltr'>EPISTOLA</span> <span class='ocrx_word' id='word_1_6' title='bbox 2524 301 3202 365; x_wconf 85' lang='lat' dir='ltr'>NUNCUPATORIA</span> 
     </span>
    </p>
   </div>
   <div class='ocr_carea' id='block_1_2' title="bbox 3444 305 3563 370">
    <p class='ocr_par' dir='ltr' id='par_1_2' title="bbox 3444 305 3563 370">
     <span class='ocr_line' id='line_1_2' title="bbox 3444 305 3563 370; baseline -0.025 0"><span class='ocrx_word' id='word_1_7' title='bbox 3444 305 3563 370; x_wconf 90' lang='lat'>638</span> 
     </span>
    </p>
   </div>
   <div class='ocr_carea' id='block_1_3' title="bbox 169 487 3558 576">
    <p class='ocr_par' dir='ltr' id='par_1_3' title="bbox 169 487 3558 576">
     <span class='ocr_line' id='line_1_3' title="bbox 169 487 3558 576; baseline 0.002 -22"><span class='ocrx_word' id='word_1_8' title='bbox 169 498 368 554; x_wconf 75' lang='lat' dir='ltr'>Christo</span> <span class='ocrx_word' id='word_1_9' title='bbox 388 498 720 567; x_wconf 81' lang='lat' dir='ltr'>imperante,</span> <span class='ocrx_word' id='word_1_10' title='bbox 745 497 817 551; x_wconf 90' lang='lat' dir='ltr'>ad</span> <span class='ocrx_word' id='word_1_11' title='bbox 836 497 972 568; x_wconf 97' lang='lat' dir='ltr'>ejus</span> <span class='ocrx_word' id='word_1_12' title='bbox 994 512 1060 551; x_wconf 92' lang='lat' dir='ltr'>se</span> <span class='ocrx_word' id='word_1_13' title='bbox 1091 496 1443 566; x_wconf 85' lang='lat' dir='ltr'>obsequium</span> <span class='ocrx_word' id='word_1_14' title='bbox 1468 497 1648 551; x_wconf 80' lang='lat' dir='ltr'>rebus</span> <span class='ocrx_word' id='word_1_15' title='bbox 1664 512 1783 550; x_wconf 87' lang='lat' dir='ltr'>sae-</span> <span class='ocrx_word' id='word_1_16' title='bbox 1817 487 2137 551; x_wconf 69' lang='lat' dir='ltr'>Ativitatis</span> <span class='ocrx_word' id='word_1_17' title='bbox 2171 508 2297 551; x_wconf 85' lang='lat' dir='ltr'>suae</span> <span class='ocrx_word' id='word_1_18' title='bbox 2330 497 2585 552; x_wconf 87' lang='lat' dir='ltr'>fuudans</span> <span class='ocrx_word' id='word_1_19' title='bbox 2618 500 2823 554; x_wconf 84' lang='lat' dir='ltr'>cellam</span> <span class='ocrx_word' id='word_1_20' title='bbox 2855 502 3167 558; x_wconf 84' lang='lat' dir='ltr'>aediﬁcavit</span> <span class='ocrx_word' id='word_1_21' title='bbox 3210 507 3558 576; x_wconf 85' lang='lat' dir='ltr'>appellatam</span> 
     </span>
    </p>
   </div>
   <div class='ocr_carea' id='block_1_4' title="bbox 169 585 966 642">
    <p class='ocr_par' dir='ltr' id='par_1_4' title="bbox 169 585 966 642">
     <span class='ocr_line' id='line_1_4' title="bbox 169 585 966 642; baseline -0.004 -1"><span class='ocrx_word' id='word_1_22' title='bbox 169 587 263 641; x_wconf 84' lang='lat' dir='ltr'>culi</span> <span class='ocrx_word' id='word_1_23' title='bbox 279 585 546 642; x_wconf 81' lang='lat' dir='ltr'>abdicatis</span> <span class='ocrx_word' id='word_1_24' title='bbox 576 586 966 641; x_wconf 86' lang='lat' dir='ltr'>contulerunt.</span> 
     </span>
    </p>
   </div>
   <div class='ocr_carea' id='block_1_5' title="bbox 223 674 1783 745">
    <p class='ocr_par' dir='ltr' id='par_1_5' title="bbox 223 674 1783 745">
     <span class='ocr_line' id='line_1_5' title="bbox 223 674 1783 745; baseline 0 -17"><span class='ocrx_word' id='word_1_25' title='bbox 223 675 365 740; x_wconf 89' lang='lat' dir='ltr'>Quod</span> <span class='ocrx_word' id='word_1_26' title='bbox 393 674 693 745; x_wconf 89' lang='lat' dir='ltr'>prudentia</span> <span class='ocrx_word' id='word_1_27' title='bbox 724 681 821 728; x_wconf 87' lang='lat' dir='ltr'>tua</span> <span class='ocrx_word' id='word_1_28' title='bbox 860 674 1253 744; x_wconf 81' lang='lat' dir='ltr'>perpendens,</span> <span class='ocrx_word' id='word_1_29' title='bbox 1288 676 1623 745; x_wconf 82' lang='lat' dir='ltr'>quanquam</span> <span class='ocrx_word' id='word_1_30' title='bbox 1655 674 1783 743; x_wconf 89' lang='lat' dir='ltr'>ipse</span> 
     </span>
    </p>
   </div>
   <div class='ocr_carea' id='block_1_6' title="bbox 165 761 1784 832">
    <p class='ocr_par' dir='ltr' id='par_1_6' title="bbox 165 761 1784 832">
     <span class='ocr_line' id='line_1_6' title="bbox 165 761 1784 832; baseline -0.001 -14"><span class='ocrx_word' id='word_1_31' title='bbox 165 765 382 819; x_wconf 87' lang='lat' dir='ltr'>nutritus</span> <span class='ocrx_word' id='word_1_32' title='bbox 424 764 510 817; x_wconf 90' lang='lat' dir='ltr'>sis</span> <span class='ocrx_word' id='word_1_33' title='bbox 538 764 599 817; x_wconf 89' lang='lat' dir='ltr'>in</span> <span class='ocrx_word' id='word_1_34' title='bbox 633 764 1012 832; x_wconf 87' lang='lat' dir='ltr'>monasterio,</span> <span class='ocrx_word' id='word_1_35' title='bbox 1056 765 1111 817; x_wconf 94' lang='lat' dir='ltr'>et</span> <span class='ocrx_word' id='word_1_36' title='bbox 1140 778 1247 832; x_wconf 90' lang='lat' dir='ltr'>per</span> <span class='ocrx_word' id='word_1_37' title='bbox 1276 762 1441 816; x_wconf 83' lang='lat' dir='ltr'>vices</span> <span class='ocrx_word' id='word_1_38' title='bbox 1472 761 1703 817; x_wconf 89' lang='lat' dir='ltr'>eveniat</span> <span class='ocrx_word' id='word_1_39' title='bbox 1724 767 1784 817; x_wconf 91' lang='lat' dir='ltr'>ut</span> 
     </span>
    </p>
   </div>
   <div class='ocr_carea' id='block_1_7' title="bbox 164 850 1784 922">
    <p class='ocr_par' dir='ltr' id='par_1_7' title="bbox 164 850 1784 922">
     <span class='ocr_line' id='line_1_7' title="bbox 164 850 1784 922; baseline -0.001 -16"><span class='ocrx_word' id='word_1_40' title='bbox 164 851 507 907; x_wconf 85' lang='lat' dir='ltr'>llosliliorum</span> <span class='ocrx_word' id='word_1_41' title='bbox 538 851 611 906; x_wconf 92' lang='lat' dir='ltr'>de</span> <span class='ocrx_word' id='word_1_42' title='bbox 630 851 934 922; x_wconf 81' lang='lat' dir='ltr'>Spinarum</span> <span class='ocrx_word' id='word_1_43' title='bbox 967 850 1156 905; x_wconf 90' lang='lat' dir='ltr'>medio</span> <span class='ocrx_word' id='word_1_44' title='bbox 1188 854 1473 922; x_wconf 75' lang='lat' dir='ltr'>emergat,</span> <span class='ocrx_word' id='word_1_45' title='bbox 1494 853 1684 904; x_wconf 87' lang='lat' dir='ltr'>tamen</span> <span class='ocrx_word' id='word_1_46' title='bbox 1702 850 1784 904; x_wconf 90' lang='lat' dir='ltr'>nil</span> 
     </span>
    </p>
   </div>
   <div class='ocr_carea' id='block_1_8' title="bbox 162 939 1783 1012">
    <p class='ocr_par' dir='ltr' id='par_1_8' title="bbox 162 939 1783 1012">
     <span class='ocr_line' id='line_1_8' title="bbox 162 939 1783 1012; baseline -0.001 -18"><span class='ocrx_word' id='word_1_47' title='bbox 162 940 287 994; x_wconf 87' lang='lat' dir='ltr'>addo</span> <span class='ocrx_word' id='word_1_48' title='bbox 312 955 518 994; x_wconf 89' lang='lat' dir='ltr'>curans</span> <span class='ocrx_word' id='word_1_49' title='bbox 549 956 725 1012; x_wconf 88' lang='lat' dir='ltr'>quam</span> <span class='ocrx_word' id='word_1_50' title='bbox 755 941 911 1011; x_wconf 91' lang='lat' dir='ltr'>quod</span> <span class='ocrx_word' id='word_1_51' title='bbox 944 940 1082 994; x_wconf 88' lang='lat' dir='ltr'>facit</span> <span class='ocrx_word' id='word_1_52' title='bbox 1111 939 1183 993; x_wconf 90' lang='lat' dir='ltr'>ad</span> <span class='ocrx_word' id='word_1_53' title='bbox 1217 939 1545 993; x_wconf 82' lang='lat' dir='ltr'>cautionem</span> <span class='ocrx_word' id='word_1_54' title='bbox 1580 941 1635 993; x_wconf 90' lang='lat' dir='ltr'>et</span> <span class='ocrx_word' id='word_1_55' title='bbox 1666 954 1783 993; x_wconf 89' lang='lat' dir='ltr'>me-</span> 
     </span>
    </p>
   </div>
   <div class='ocr_carea' id='block_1_9' title="bbox 164 1026 1781 1099">
    <p class='ocr_par' dir='ltr' id='par_1_9' title="bbox 164 1026 1781 1099">
     <span class='ocr_line' id='line_1_9' title="bbox 164 1026 1781 1099; baseline -0.002 -16"><span class='ocrx_word' id='word_1_56' title='bbox 164 1044 266 1083; x_wconf 87' lang='lat' dir='ltr'>ram</span> <span class='ocrx_word' id='word_1_57' title='bbox 284 1028 577 1099; x_wconf 80' lang='lat' dir='ltr'>religionis</span> <span class='ocrx_word' id='word_1_58' title='bbox 600 1029 975 1097; x_wconf 82' lang='lat' dir='ltr'>soliditatem,</span> <span class='ocrx_word' id='word_1_59' title='bbox 1007 1044 1112 1098; x_wconf 91' lang='lat' dir='ltr'>per</span> <span class='ocrx_word' id='word_1_60' title='bbox 1161 1027 1632 1082; x_wconf 86' lang='lat' dir='ltr'>misericordiam</span> <span class='ocrx_word' id='word_1_61' title='bbox 1676 1026 1781 1081; x_wconf 90' lang='lat' dir='ltr'>Dei</span> 
     </span>
    </p>
   </div>
   <div class='ocr_carea' id='block_1_10' title="bbox 161 1115 1785 1189">
    <p class='ocr_par' dir='ltr' id='par_1_10' title="bbox 161 1115 1785 1189">
     <span class='ocr_line' id='line_1_10' title="bbox 161 1115 1785 1189; baseline -0.002 -18"><span class='ocrx_word' id='word_1_62' title='bbox 161 1118 285 1171; x_wconf 87' lang='lat' dir='ltr'>hanc</span> <span class='ocrx_word' id='word_1_63' title='bbox 311 1117 643 1171; x_wconf 73' lang='lat' dir='ltr'>monasterii</span> <span class='ocrx_word' id='word_1_64' title='bbox 673 1118 755 1170; x_wconf 89' lang='lat' dir='ltr'>tui</span> <span class='ocrx_word' id='word_1_65' title='bbox 775 1117 967 1189; x_wconf 90' lang='lat' dir='ltr'>legem</span> <span class='ocrx_word' id='word_1_66' title='bbox 982 1116 1410 1188; x_wconf 88' lang='lat' dir='ltr'>.promulgasti,</span> <span class='ocrx_word' id='word_1_67' title='bbox 1434 1119 1496 1169; x_wconf 88' lang='lat' dir='ltr'>ut</span> <span class='ocrx_word' id='word_1_68' title='bbox 1533 1131 1682 1186; x_wconf 93' lang='lat' dir='ltr'>opus</span> <span class='ocrx_word' id='word_1_69' title='bbox 1707 1115 1785 1169; x_wconf 87' lang='lat' dir='ltr'>sit</span> 
     </span>
    </p>
   </div>
   <div class='ocr_carea' id='block_1_11' title="bbox 157 1203 1783 1275">
    <p class='ocr_par' dir='ltr' id='par_1_11' title="bbox 157 1203 1783 1275">
     <span class='ocr_line' id='line_1_11' title="bbox 157 1203 1783 1275; baseline -0.001 -17"><span class='ocrx_word' id='word_1_70' title='bbox 157 1205 380 1275; x_wconf 79' lang='lat' dir='ltr'>praefatis</span> <span class='ocrx_word' id='word_1_71' title='bbox 396 1205 789 1260; x_wconf 80' lang='lat' dir='ltr'>saecularibus</span> <span class='ocrx_word' id='word_1_72' title='bbox 816 1205 1116 1259; x_wconf 88' lang='lat' dir='ltr'>aliumsibi</span> <span class='ocrx_word' id='word_1_73' title='bbox 1138 1205 1338 1259; x_wconf 89' lang='lat' dir='ltr'>nidum</span> <span class='ocrx_word' id='word_1_74' title='bbox 1354 1203 1665 1273; x_wconf 82' lang='lat' dir='ltr'>providere</span> <span class='ocrx_word' id='word_1_75' title='bbox 1682 1204 1783 1257; x_wconf 91' lang='lat' dir='ltr'>ubi</span> 
     </span>
    </p>
   </div>
   <div class='ocr_carea' id='block_1_12' title="bbox 155 1292 1776 1363">
    <p class='ocr_par' dir='ltr' id='par_1_12' title="bbox 155 1292 1776 1363">
     <span class='ocr_line' id='line_1_12' title="bbox 155 1292 1776 1363; baseline -0.001 -16"><span class='ocrx_word' id='word_1_76' title='bbox 155 1292 608 1363; x_wconf 87' lang='lat' dir='ltr'>reponantpullos</span> <span class='ocrx_word' id='word_1_77' title='bbox 621 1308 766 1347; x_wconf 90' lang='lat' dir='ltr'>suos</span> <span class='ocrx_word' id='word_1_78' title='bbox 785 1292 1109 1361; x_wconf 92' lang='lat' dir='ltr'>abortivos,</span> <span class='ocrx_word' id='word_1_79' title='bbox 1129 1292 1776 1348; x_wconf 87' lang='lat' dir='ltr'>velutexhaereditatos.</span> 
     </span>
    </p>
   </div>
   <div class='ocr_carea' id='block_1_13' title="bbox 220 1381 1779 1437">
    <p class='ocr_par' dir='ltr' id='par_1_13' title="bbox 220 1381 1779 1437">
     <span class='ocr_line' id='line_1_13' title="bbox 220 1381 1779 1437; baseline 0.001 -3"><span class='ocrx_word' id='word_1_80' title='bbox 220 1381 324 1435; x_wconf 91' lang='lat' dir='ltr'>Deo</span> <span class='ocrx_word' id='word_1_81' title='bbox 346 1381 578 1437; x_wconf 84' lang='lat' dir='ltr'>vidente</span> <span class='ocrx_word' id='word_1_82' title='bbox 611 1381 707 1437; x_wconf 91' lang='lat' dir='ltr'>hic</span> <span class='ocrx_word' id='word_1_83' title='bbox 741 1381 886 1436; x_wconf 86' lang='lat' dir='ltr'>nihil</span> <span class='ocrx_word' id='word_1_84' title='bbox 918 1382 1164 1437; x_wconf 87' lang='lat' dir='ltr'>ulterius</span> <span class='ocrx_word' id='word_1_85' title='bbox 1194 1381 1476 1436; x_wconf 86' lang='lat' dir='ltr'>obtinebit</span> <span class='ocrx_word' id='word_1_86' title='bbox 1503 1381 1647 1436; x_wconf 87' lang='lat' dir='ltr'>illud</span> <span class='ocrx_word' id='word_1_87' title='bbox 1691 1381 1779 1435; x_wconf 90' lang='lat' dir='ltr'>eis</span> 
     </span>
    </p>
   </div>
   <div class='ocr_carea' id='block_1_14' title="bbox 158 1468 1781 1542">
    <p class='ocr_par' dir='ltr' id='par_1_14' title="bbox 158 1468 1781 1542">
     <span class='ocr_line' id='line_1_14' title="bbox 158 1468 1781 1542; baseline 0 -20"><span class='ocrx_word' id='word_1_88' title='bbox 158 1468 403 1524; x_wconf 85' lang='lat' dir='ltr'>familiare</span> <span class='ocrx_word' id='word_1_89' title='bbox 450 1471 776 1542; x_wconf 90' lang='lat' dir='ltr'>ingenium,</span> <span class='ocrx_word' id='word_1_90' title='bbox 826 1474 907 1539; x_wconf 90' lang='lat' dir='ltr'>ut,</span> <span class='ocrx_word' id='word_1_91' title='bbox 961 1471 1115 1525; x_wconf 88' lang='lat' dir='ltr'>sicut</span> <span class='ocrx_word' id='word_1_92' title='bbox 1169 1471 1247 1523; x_wconf 87' lang='lat' dir='ltr'>ait</span> <span class='ocrx_word' id='word_1_93' title='bbox 1304 1470 1608 1539; x_wconf 82' lang='lat' dir='ltr'>propheta,</span> <span class='ocrx_word' id='word_1_94' title='bbox 1670 1486 1781 1523; x_wconf 87' lang='lat' dir='ltr'>ova</span> 
     </span>
    </p>
   </div>
   <div class='ocr_carea' id='block_1_15' title="bbox 156 1557 1780 1629">
    <p class='ocr_par' dir='ltr' id='par_1_15' title="bbox 156 1557 1780 1629">
     <span class='ocr_line' id='line_1_15' title="bbox 156 1557 1780 1629; baseline -0.001 -18"><span class='ocrx_word' id='word_1_95' title='bbox 156 1557 409 1627; x_wconf 86' lang='lat' dir='ltr'>aspidum,</span> <span class='ocrx_word' id='word_1_96' title='bbox 467 1563 526 1612; x_wconf 89' lang='lat' dir='ltr'>et</span> <span class='ocrx_word' id='word_1_97' title='bbox 583 1558 739 1629; x_wconf 90' lang='lat' dir='ltr'>quod</span> <span class='ocrx_word' id='word_1_98' title='bbox 790 1558 1087 1613; x_wconf 88' lang='lat' dir='ltr'>confotum</span> <span class='ocrx_word' id='word_1_99' title='bbox 1131 1558 1384 1628; x_wconf 78' lang='lat' dir='ltr'>erumpit</span> <span class='ocrx_word' id='word_1_100' title='bbox 1414 1558 1472 1611; x_wconf 90' lang='lat' dir='ltr'>in</span> <span class='ocrx_word' id='word_1_101' title='bbox 1504 1557 1780 1629; x_wconf 83' lang='lat' dir='ltr'>regulum</span> 
     </span>
    </p>
   </div>
   <div class='ocr_carea' id='block_1_16' title="bbox 155 1644 1778 1718">
    <p class='ocr_par' dir='ltr' id='par_1_16' title="bbox 155 1644 1778 1718">
     <span class='ocr_line' id='line_1_16' title="bbox 155 1644 1778 1718; baseline -0.001 -19"><span class='ocrx_word' id='word_1_102' title='bbox 155 1644 288 1711; x_wconf 83' lang='lat' dir='ltr'>(Isai.</span> <span class='ocrx_word' id='word_1_103' title='bbox 333 1646 467 1716; x_wconf 79' lang='lat' dir='ltr'>mx),</span> <span class='ocrx_word' id='word_1_104' title='bbox 510 1647 788 1718; x_wconf 81' lang='lat' dir='ltr'>ingerent</span> <span class='ocrx_word' id='word_1_105' title='bbox 818 1650 874 1701; x_wconf 90' lang='lat' dir='ltr'>et</span> <span class='ocrx_word' id='word_1_106' title='bbox 922 1646 1281 1701; x_wconf 85' lang='lat' dir='ltr'>committant</span> <span class='ocrx_word' id='word_1_107' title='bbox 1318 1646 1433 1717; x_wconf 90' lang='lat' dir='ltr'>piis</span> <span class='ocrx_word' id='word_1_108' title='bbox 1457 1650 1514 1701; x_wconf 91' lang='lat' dir='ltr'>et</span> <span class='ocrx_word' id='word_1_109' title='bbox 1535 1646 1656 1701; x_wconf 90' lang='lat' dir='ltr'>Deo</span> <span class='ocrx_word' id='word_1_110' title='bbox 1689 1646 1778 1700; x_wconf 89' lang='lat' dir='ltr'>di-</span> 
     </span>
    </p>
   </div>
   <div class='ocr_carea' id='block_1_17' title="bbox 151 1734 1783 1806">
    <p class='ocr_par' dir='ltr' id='par_1_17' title="bbox 151 1734 1783 1806">
     <span class='ocr_line' id='line_1_17' title="bbox 151 1734 1783 1806; baseline 0 -18"><span class='ocrx_word' id='word_1_111' title='bbox 151 1736 272 1788; x_wconf 85' lang='lat' dir='ltr'>catis</span> <span class='ocrx_word' id='word_1_112' title='bbox 289 1734 723 1805; x_wconf 87' lang='lat' dir='ltr'>animabus,eis</span> <span class='ocrx_word' id='word_1_113' title='bbox 742 1735 979 1806; x_wconf 89' lang='lat' dir='ltr'>quidem</span> <span class='ocrx_word' id='word_1_114' title='bbox 1001 1740 1277 1806; x_wconf 87' lang='lat' dir='ltr'>tanquam</span> <span class='ocrx_word' id='word_1_115' title='bbox 1305 1734 1537 1789; x_wconf 86' lang='lat' dir='ltr'>ancillis</span> <span class='ocrx_word' id='word_1_116' title='bbox 1569 1734 1698 1788; x_wconf 92' lang='lat' dir='ltr'>suis</span> <span class='ocrx_word' id='word_1_117' title='bbox 1727 1737 1783 1788; x_wconf 93' lang='lat' dir='ltr'>et</span> 
     </span>
    </p>
   </div>
   <div class='ocr_carea' id='block_1_18' title="bbox 1896 584 3560 664">
    <p class='ocr_par' dir='ltr' id='par_1_18' title="bbox 1896 584 3560 664">
     <span class='ocr_line' id='line_1_18' title="bbox 1896 584 3560 664; baseline 0.008 -27"><span class='ocrx_word' id='word_1_118' title='bbox 1896 586 2130 639; x_wconf 88' lang='lat' dir='ltr'>nomine</span> <span class='ocrx_word' id='word_1_119' title='bbox 2152 584 2385 641; x_wconf 84' lang='lat' dir='ltr'>Sanctae</span> <span class='ocrx_word' id='word_1_120' title='bbox 2409 586 2609 642; x_wconf 75' lang='lat' dir='ltr'>Mariae</span> <span class='ocrx_word' id='word_1_121' title='bbox 2632 588 2701 641; x_wconf 90' lang='lat' dir='ltr'>ad</span> <span class='ocrx_word' id='word_1_122' title='bbox 2723 587 3095 659; x_wconf 87' lang='lat' dir='ltr'>Charitatem,</span> <span class='ocrx_word' id='word_1_123' title='bbox 3135 595 3290 664; x_wconf 89' lang='lat' dir='ltr'>quia,</span> <span class='ocrx_word' id='word_1_124' title='bbox 3318 610 3451 649; x_wconf 92' lang='lat' dir='ltr'>cum</span> <span class='ocrx_word' id='word_1_125' title='bbox 3482 596 3560 650; x_wconf 90' lang='lat' dir='ltr'>sit</span> 
     </span>
    </p>
   </div>
   <div class='ocr_carea' id='block_1_19' title="bbox 1892 673 3557 752">
    <p class='ocr_par' dir='ltr' id='par_1_19' title="bbox 1892 673 3557 752">
     <span class='ocr_line' id='line_1_19' title="bbox 1892 673 3557 752; baseline 0.008 -27"><span class='ocrx_word' id='word_1_126' title='bbox 1892 673 1951 726; x_wconf 92' lang='lat' dir='ltr'>in</span> <span class='ocrx_word' id='word_1_127' title='bbox 1981 674 2072 727; x_wconf 89' lang='lat' dir='ltr'>via</span> <span class='ocrx_word' id='word_1_128' title='bbox 2101 673 2355 745; x_wconf 90' lang='lat' dir='ltr'>publica,</span> <span class='ocrx_word' id='word_1_129' title='bbox 2384 675 2582 730; x_wconf 91' lang='lat' dir='ltr'>nullus</span> <span class='ocrx_word' id='word_1_130' title='bbox 2613 677 2945 732; x_wconf 82' lang='lat' dir='ltr'>mortalium</span> <span class='ocrx_word' id='word_1_131' title='bbox 2976 681 3204 749; x_wconf 86' lang='lat' dir='ltr'>transit,</span> <span class='ocrx_word' id='word_1_132' title='bbox 3240 684 3338 752; x_wconf 85' lang='lat' dir='ltr'>qui</span> <span class='ocrx_word' id='word_1_133' title='bbox 3362 684 3433 737; x_wconf 90' lang='lat' dir='ltr'>de</span> <span class='ocrx_word' id='word_1_134' title='bbox 3466 685 3557 739; x_wconf 90' lang='lat' dir='ltr'>in-</span> 
     </span>
    </p>
   </div>
   <div class='ocr_carea' id='block_1_20' title="bbox 1893 761 3558 841">
    <p class='ocr_par' dir='ltr' id='par_1_20' title="bbox 1893 761 3558 841">
     <span class='ocr_line' id='line_1_20' title="bbox 1893 761 3558 841; baseline 0.008 -27"><span class='ocrx_word' id='word_1_135' title='bbox 1893 761 2123 816; x_wconf 89' lang='lat' dir='ltr'>dustria</span> <span class='ocrx_word' id='word_1_136' title='bbox 2153 778 2411 833; x_wconf 86' lang='lat' dir='ltr'>unquam</span> <span class='ocrx_word' id='word_1_137' title='bbox 2454 763 2881 835; x_wconf 87' lang='lat' dir='ltr'>dissimuletur,</span> <span class='ocrx_word' id='word_1_138' title='bbox 2916 771 2972 821; x_wconf 92' lang='lat' dir='ltr'>et</span> <span class='ocrx_word' id='word_1_139' title='bbox 3003 783 3120 822; x_wconf 92' lang='lat' dir='ltr'>non</span> <span class='ocrx_word' id='word_1_140' title='bbox 3149 770 3346 838; x_wconf 89' lang='lat' dir='ltr'>potius</span> <span class='ocrx_word' id='word_1_141' title='bbox 3375 787 3558 841; x_wconf 82' lang='lat' dir='ltr'>expe-</span> 
     </span>
    </p>
   </div>
   <div class='ocr_carea' id='block_1_21' title="bbox 1897 849 3560 926">
    <p class='ocr_par' dir='ltr' id='par_1_21' title="bbox 1897 849 3560 926">
     <span class='ocr_line' id='line_1_21' title="bbox 1897 849 3560 926; baseline 0.007 -23"><span class='ocrx_word' id='word_1_142' title='bbox 1897 850 2083 904; x_wconf 89' lang='lat' dir='ltr'>riatur</span> <span class='ocrx_word' id='word_1_143' title='bbox 2112 850 2254 905; x_wconf 92' lang='lat' dir='ltr'>illud</span> <span class='ocrx_word' id='word_1_144' title='bbox 2285 849 2736 923; x_wconf 86' lang='lat' dir='ltr'>Gregorianum,</span> <span class='ocrx_word' id='word_1_145' title='bbox 2760 855 2916 925; x_wconf 91' lang='lat' dir='ltr'>quod</span> <span class='ocrx_word' id='word_1_146' title='bbox 2939 854 3207 926; x_wconf 88' lang='lat' dir='ltr'>hospites</span> <span class='ocrx_word' id='word_1_147' title='bbox 3230 874 3344 913; x_wconf 92' lang='lat' dir='ltr'>non</span> <span class='ocrx_word' id='word_1_148' title='bbox 3369 860 3560 914; x_wconf 91' lang='lat' dir='ltr'>solum</span> 
     </span>
    </p>
   </div>
   <div class='ocr_carea' id='block_1_22' title="bbox 1898 938 3556 1018">
    <p class='ocr_par' dir='ltr' id='par_1_22' title="bbox 1898 938 3556 1018">
     <span class='ocr_line' id='line_1_22' title="bbox 1898 938 3556 1018; baseline 0.006 -27"><span class='ocrx_word' id='word_1_149' title='bbox 1898 942 2035 992; x_wconf 82' lang='lat' dir='ltr'>sunt</span> <span class='ocrx_word' id='word_1_150' title='bbox 2069 938 2374 1009; x_wconf 86' lang='lat' dir='ltr'>invitandi,</span> <span class='ocrx_word' id='word_1_151' title='bbox 2402 940 2509 994; x_wconf 92' lang='lat' dir='ltr'>sed</span> <span class='ocrx_word' id='word_1_152' title='bbox 2532 942 2702 995; x_wconf 89' lang='lat' dir='ltr'>etiam</span> <span class='ocrx_word' id='word_1_153' title='bbox 2725 943 2992 997; x_wconf 83' lang='lat' dir='ltr'>trahendi</span> <span class='ocrx_word' id='word_1_154' title='bbox 3015 944 3226 1013; x_wconf 73' lang='lat' dir='ltr'>(Gneo.</span> <span class='ocrx_word' id='word_1_155' title='bbox 3249 947 3447 1002; x_wconf 70' lang='lat' dir='ltr'>[rami].</span> <span class='ocrx_word' id='word_1_156' title='bbox 3476 965 3556 1018; x_wconf 80' lang='grc' dir='ltr'>ιιι,</span> 
     </span>
    </p>
   </div>
   <div class='ocr_carea' id='block_1_23' title="bbox 1897 1026 3560 1107">
    <p class='ocr_par' dir='ltr' id='par_1_23' title="bbox 1897 1026 3560 1107">
     <span class='ocr_line' id='line_1_23' title="bbox 1897 1026 3560 1107; baseline 0.008 -29"><span class='ocrx_word' id='word_1_157' title='bbox 1897 1028 1959 1079; x_wconf 79' lang='lat' dir='ltr'>in</span> <span class='ocrx_word' id='word_1_158' title='bbox 1976 1026 2255 1097; x_wconf 84' lang='lat' dir='ltr'>Evang.).</span> <span class='ocrx_word' id='word_1_159' title='bbox 2285 1028 2347 1081; x_wconf 92' lang='lat' dir='ltr'>In</span> <span class='ocrx_word' id='word_1_160' title='bbox 2378 1028 2636 1083; x_wconf 88' lang='lat' dir='ltr'>claustro</span> <span class='ocrx_word' id='word_1_161' title='bbox 2662 1034 2852 1085; x_wconf 89' lang='lat' dir='ltr'>autem</span> <span class='ocrx_word' id='word_1_162' title='bbox 2876 1032 2947 1086; x_wconf 90' lang='lat' dir='ltr'>ad</span> <span class='ocrx_word' id='word_1_163' title='bbox 2969 1049 3242 1103; x_wconf 85' lang='lat' dir='ltr'>praesens</span> <span class='ocrx_word' id='word_1_164' title='bbox 3259 1051 3560 1107; x_wconf 90' lang='lat' dir='ltr'>nunquam</span> 
     </span>
    </p>
   </div>
   <div class='ocr_carea' id='block_1_24' title="bbox 1895 1114 3561 1194">
    <p class='ocr_par' dir='ltr' id='par_1_24' title="bbox 1895 1114 3561 1194">
     <span class='ocr_line' id='line_1_24' title="bbox 1895 1114 3561 1194; baseline 0.007 -27"><span class='ocrx_word' id='word_1_165' title='bbox 1895 1114 2183 1185; x_wconf 88' lang='lat' dir='ltr'>contingit</span> <span class='ocrx_word' id='word_1_166' title='bbox 2204 1119 2266 1169; x_wconf 89' lang='lat' dir='ltr'>ut</span> <span class='ocrx_word' id='word_1_167' title='bbox 2283 1132 2401 1170; x_wconf 92' lang='lat' dir='ltr'>non</span> <span class='ocrx_word' id='word_1_168' title='bbox 2417 1116 2699 1187; x_wconf 88' lang='lat' dir='ltr'>aliquanti</span> <span class='ocrx_word' id='word_1_169' title='bbox 2723 1135 2904 1189; x_wconf 89' lang='lat' dir='ltr'>super</span> <span class='ocrx_word' id='word_1_170' title='bbox 2922 1123 3155 1175; x_wconf 91' lang='lat' dir='ltr'>centum</span> <span class='ocrx_word' id='word_1_171' title='bbox 3179 1122 3399 1178; x_wconf 82' lang='lat' dir='ltr'>fratres</span> <span class='ocrx_word' id='word_1_172' title='bbox 3421 1140 3561 1194; x_wconf 87' lang='lat' dir='ltr'>quo-</span> 
     </span>
    </p>
   </div>
   <div class='ocr_carea' id='block_1_25' title="bbox 1894 1200 3559 1278">
    <p class='ocr_par' dir='ltr' id='par_1_25' title="bbox 1894 1200 3559 1278">
     <span class='ocr_line' id='line_1_25' title="bbox 1894 1200 3559 1278; baseline 0.008 -23"><span class='ocrx_word' id='word_1_173' title='bbox 1894 1200 2032 1256; x_wconf 89' lang='lat' dir='ltr'>tidie</span> <span class='ocrx_word' id='word_1_174' title='bbox 2055 1202 2446 1259; x_wconf 90' lang='lat' dir='ltr'>inveniantur.</span> <span class='ocrx_word' id='word_1_175' title='bbox 2471 1203 2628 1259; x_wconf 87' lang='lat' dir='ltr'>Infra</span> <span class='ocrx_word' id='word_1_176' title='bbox 2658 1222 2807 1275; x_wconf 89' lang='lat' dir='ltr'>pene</span> <span class='ocrx_word' id='word_1_177' title='bbox 2826 1208 3277 1278; x_wconf 85' lang='lat' dir='ltr'>quadriennium</span> <span class='ocrx_word' id='word_1_178' title='bbox 3293 1228 3411 1267; x_wconf 89' lang='lat' dir='ltr'>non</span> <span class='ocrx_word' id='word_1_179' title='bbox 3434 1216 3559 1268; x_wconf 88' lang='lat' dir='ltr'>erat</span> 
     </span>
    </p>
   </div>
   <div class='ocr_carea' id='block_1_26' title="bbox 1895 1293 3556 1361">
    <p class='ocr_par' dir='ltr' id='par_1_26' title="bbox 1895 1293 3556 1361">
     <span class='ocr_line' id='line_1_26' title="bbox 1895 1293 3556 1361; baseline 0.008 -17"><span class='ocrx_word' id='word_1_180' title='bbox 1895 1293 2287 1361; x_wconf 90' lang='lat' dir='ltr'>opportunum</span> <span class='ocrx_word' id='word_1_181' title='bbox 2333 1293 2546 1348; x_wconf 90' lang='lat' dir='ltr'>domno</span> <span class='ocrx_word' id='word_1_182' title='bbox 2602 1294 2797 1349; x_wconf 89' lang='lat' dir='ltr'>abbati</span> <span class='ocrx_word' id='word_1_183' title='bbox 2858 1299 2917 1350; x_wconf 92' lang='lat' dir='ltr'>ut</span> <span class='ocrx_word' id='word_1_184' title='bbox 2962 1297 3249 1354; x_wconf 89' lang='lat' dir='ltr'>inviseret</span> <span class='ocrx_word' id='word_1_185' title='bbox 3290 1302 3556 1357; x_wconf 90' lang='lat' dir='ltr'>eamdem</span> 
     </span>
    </p>
   </div>
   <div class='ocr_carea' id='block_1_27' title="bbox 1896 1378 3555 1457">
    <p class='ocr_par' dir='ltr' id='par_1_27' title="bbox 1896 1378 3555 1457">
     <span class='ocr_line' id='line_1_27' title="bbox 1896 1378 3555 1457; baseline 0.007 -24"><span class='ocrx_word' id='word_1_186' title='bbox 1896 1378 2123 1434; x_wconf 89' lang='lat' dir='ltr'>cellam.</span> <span class='ocrx_word' id='word_1_187' title='bbox 2159 1380 2285 1435; x_wconf 90' lang='lat' dir='ltr'>Hoc</span> <span class='ocrx_word' id='word_1_188' title='bbox 2318 1396 2471 1437; x_wconf 90' lang='lat' dir='ltr'>anno</span> <span class='ocrx_word' id='word_1_189' title='bbox 2502 1383 2679 1447; x_wconf 85' lang='lat' dir='ltr'>venit,</span> <span class='ocrx_word' id='word_1_190' title='bbox 2716 1387 2772 1438; x_wconf 91' lang='lat' dir='ltr'>et</span> <span class='ocrx_word' id='word_1_191' title='bbox 2804 1399 2919 1439; x_wconf 89' lang='lat' dir='ltr'>uno</span> <span class='ocrx_word' id='word_1_192' title='bbox 2948 1385 3041 1457; x_wconf 79' lang='lat' dir='ltr'>die</span> <span class='ocrx_word' id='word_1_193' title='bbox 3071 1403 3146 1440; x_wconf 84' lang='lat' dir='ltr'>LV</span> <span class='ocrx_word' id='word_1_194' title='bbox 3174 1388 3416 1444; x_wconf 90' lang='lat' dir='ltr'>novitiis</span> <span class='ocrx_word' id='word_1_195' title='bbox 3449 1391 3555 1445; x_wconf 87' lang='lat' dir='ltr'>ha-</span> 
     </span>
    </p>
   </div>
   <div class='ocr_carea' id='block_1_28' title="bbox 1893 1466 3556 1549">
    <p class='ocr_par' dir='ltr' id='par_1_28' title="bbox 1893 1466 3556 1549">
     <span class='ocr_line' id='line_1_28' title="bbox 1893 1466 3556 1549; baseline 0.007 -29"><span class='ocrx_word' id='word_1_196' title='bbox 1893 1466 2079 1521; x_wconf 90' lang='lat' dir='ltr'>bitum</span> <span class='ocrx_word' id='word_1_197' title='bbox 2110 1471 2379 1523; x_wconf 87' lang='lat' dir='ltr'>nostrum</span> <span class='ocrx_word' id='word_1_198' title='bbox 2409 1470 2504 1525; x_wconf 89' lang='lat' dir='ltr'>vel</span> <span class='ocrx_word' id='word_1_199' title='bbox 2526 1471 2997 1527; x_wconf 85' lang='lat' dir='ltr'>benedictionem</span> <span class='ocrx_word' id='word_1_200' title='bbox 3020 1474 3196 1544; x_wconf 89' lang='lat' dir='ltr'>dedit,</span> <span class='ocrx_word' id='word_1_201' title='bbox 3223 1492 3556 1549; x_wconf 88' lang='lat' dir='ltr'>quanquam</span> 
     </span>
    </p>
   </div>
   <div class='ocr_carea' id='block_1_29' title="bbox 1892 1555 3556 1637">
    <p class='ocr_par' dir='ltr' id='par_1_29' title="bbox 1892 1555 3556 1637">
     <span class='ocr_line' id='line_1_29' title="bbox 1892 1555 3556 1637; baseline 0.008 -29"><span class='ocrx_word' id='word_1_202' title='bbox 1892 1555 2055 1625; x_wconf 90' lang='lat' dir='ltr'>prior</span> <span class='ocrx_word' id='word_1_203' title='bbox 2084 1555 2341 1627; x_wconf 78' lang='lat' dir='ltr'>singulis</span> <span class='ocrx_word' id='word_1_204' title='bbox 2372 1558 2545 1612; x_wconf 89' lang='lat' dir='ltr'>annis</span> <span class='ocrx_word' id='word_1_205' title='bbox 2575 1560 2648 1612; x_wconf 90' lang='lat' dir='ltr'>ad</span> <span class='ocrx_word' id='word_1_206' title='bbox 2679 1562 3021 1617; x_wconf 88' lang='lat' dir='ltr'>memoriam</span> <span class='ocrx_word' id='word_1_207' title='bbox 3053 1567 3393 1620; x_wconf 87' lang='lat' dir='ltr'>sanctorum</span> <span class='ocrx_word' id='word_1_208' title='bbox 3422 1582 3556 1637; x_wconf 87' lang='lat' dir='ltr'>apo-</span> 
     </span>
    </p>
   </div>
   <div class='ocr_carea' id='block_1_30' title="bbox 1893 1643 3550 1721">
    <p class='ocr_par' dir='ltr' id='par_1_30' title="bbox 1893 1643 3550 1721">
     <span class='ocr_line' id='line_1_30' title="bbox 1893 1643 3550 1721; baseline 0.008 -25"><span class='ocrx_word' id='word_1_209' title='bbox 1893 1643 2177 1698; x_wconf 89' lang='lat' dir='ltr'>stolorum</span> <span class='ocrx_word' id='word_1_210' title='bbox 2207 1661 2317 1716; x_wconf 91' lang='lat' dir='ltr'>pro</span> <span class='ocrx_word' id='word_1_211' title='bbox 2339 1646 2746 1702; x_wconf 90' lang='lat' dir='ltr'>benedictione</span> <span class='ocrx_word' id='word_1_212' title='bbox 2765 1653 3017 1720; x_wconf 89' lang='lat' dir='ltr'>quantos</span> <span class='ocrx_word' id='word_1_213' title='bbox 3047 1652 3234 1721; x_wconf 81' lang='lat' dir='ltr'>potuit</span> <span class='ocrx_word' id='word_1_214' title='bbox 3263 1653 3550 1709; x_wconf 83' lang='lat' dir='ltr'>misisset.</span> 
     </span>
    </p>
   </div>
   <div class='ocr_carea' id='block_1_31' title="bbox 1892 1730 3549 1812">
    <p class='ocr_par' dir='ltr' id='par_1_31' title="bbox 1892 1730 3549 1812">
     <span class='ocr_line' id='line_1_31' title="bbox 1892 1730 3549 1812; baseline 0.007 -29"><span class='ocrx_word' id='word_1_215' title='bbox 1892 1730 1999 1795; x_wconf 91' lang='lat' dir='ltr'>Qui</span> <span class='ocrx_word' id='word_1_216' title='bbox 2032 1732 2207 1787; x_wconf 88' lang='lat' dir='ltr'>etiam</span> <span class='ocrx_word' id='word_1_217' title='bbox 2239 1749 2307 1788; x_wconf 90' lang='lat' dir='ltr'>ea</span> <span class='ocrx_word' id='word_1_218' title='bbox 2324 1734 2454 1789; x_wconf 89' lang='lat' dir='ltr'>vice</span> <span class='ocrx_word' id='word_1_219' title='bbox 2486 1751 2622 1806; x_wconf 89' lang='lat' dir='ltr'>quoe</span> <span class='ocrx_word' id='word_1_220' title='bbox 2654 1736 2933 1792; x_wconf 84' lang='lat' dir='ltr'>domuum</span> <span class='ocrx_word' id='word_1_221' title='bbox 2961 1739 3234 1795; x_wconf 89' lang='lat' dir='ltr'>abbatem</span> <span class='ocrx_word' id='word_1_222' title='bbox 3264 1741 3549 1812; x_wconf 87' lang='lat' dir='ltr'>invitavit,</span> 
     </span>
    </p>
   </div>
   <div class='ocr_carea' id='block_1_32' title="bbox 147 1820 3543 1917">
    <p class='ocr_par' dir='ltr' id='par_1_32' title="bbox 147 1820 3543 1917">
     <span class='ocr_line' id='line_1_32' title="bbox 147 1820 3543 1917; baseline 0.003 -42"><span class='ocrx_word' id='word_1_223' title='bbox 147 1824 438 1879; x_wconf 86' lang='lat' dir='ltr'>nutricibus</span> <span class='ocrx_word' id='word_1_224' title='bbox 502 1824 836 1879; x_wconf 91' lang='lat' dir='ltr'>abutentes.</span> <span class='ocrx_word' id='word_1_225' title='bbox 896 1824 979 1878; x_wconf 91' lang='lat' dir='ltr'>De</span> <span class='ocrx_word' id='word_1_226' title='bbox 1008 1840 1123 1895; x_wconf 90' lang='lat' dir='ltr'>qua</span> <span class='ocrx_word' id='word_1_227' title='bbox 1160 1838 1223 1878; x_wconf 91' lang='lat' dir='ltr'>re</span> <span class='ocrx_word' id='word_1_228' title='bbox 1254 1825 1467 1878; x_wconf 88' lang='lat' dir='ltr'>sentiat</span> <span class='ocrx_word' id='word_1_229' title='bbox 1527 1823 1779 1894; x_wconf 91' lang='lat' dir='ltr'>quisque</span> <span class='ocrx_word' id='word_1_230' title='bbox 1819 1858 1865 1917; x_wconf 77' lang='grc' dir='ltr'>Β</span> <span class='ocrx_word' id='word_1_231' title='bbox 1891 1834 2065 1917; x_wconf 79' lang='lat' dir='ltr'>quam</span> <span class='ocrx_word' id='word_1_232' title='bbox 2096 1836 2302 1890; x_wconf 87' lang='lat' dir='ltr'>parum</span> <span class='ocrx_word' id='word_1_233' title='bbox 2333 1820 2627 1917; x_wconf 84' lang='lat' dir='ltr'>frumenta</span> <span class='ocrx_word' id='word_1_234' title='bbox 2658 1823 2947 1896; x_wconf 88' lang='lat' dir='ltr'>habuerit,</span> <span class='ocrx_word' id='word_1_235' title='bbox 2974 1831 3030 1882; x_wconf 93' lang='lat' dir='ltr'>et</span> <span class='ocrx_word' id='word_1_236' title='bbox 3056 1831 3251 1884; x_wconf 89' lang='lat' dir='ltr'>tamen</span> <span class='ocrx_word' id='word_1_237' title='bbox 3280 1845 3385 1899; x_wconf 87' lang='lat' dir='ltr'>per</span> <span class='ocrx_word' id='word_1_238' title='bbox 3415 1871 3427 1883; x_wconf 94' lang='lat'>.</span> <span class='ocrx_word' id='word_1_239' title='bbox 3477 1873 3489 1884; x_wconf 94' lang='lat'>.</span> <span class='ocrx_word' id='word_1_240' title='bbox 3530 1872 3543 1884; x_wconf 89' lang='lat'>.</span> 
     </span>
    </p>
   </div>
   <div class='ocr_carea' id='block_1_33' title="bbox 146 1911 1778 1983">
    <p class='ocr_par' dir='ltr' id='par_1_33' title="bbox 146 1911 1778 1983">
     <span class='ocr_line' id='line_1_33' title="bbox 146 1911 1778 1983; baseline -0.001 -18"><span class='ocrx_word' id='word_1_241' title='bbox 146 1912 274 1981; x_wconf 87' lang='lat' dir='ltr'>quod</span> <span class='ocrx_word' id='word_1_242' title='bbox 293 1912 576 1978; x_wconf 86' lang='lat' dir='ltr'>voluerit;</span> <span class='ocrx_word' id='word_1_243' title='bbox 611 1928 722 1983; x_wconf 85' lang='lat' dir='ltr'>ego</span> <span class='ocrx_word' id='word_1_244' title='bbox 745 1915 945 1967; x_wconf 89' lang='lat' dir='ltr'>autum</span> <span class='ocrx_word' id='word_1_245' title='bbox 962 1915 1162 1967; x_wconf 90' lang='lat' dir='ltr'>certus</span> <span class='ocrx_word' id='word_1_246' title='bbox 1197 1928 1329 1966; x_wconf 90' lang='lat' dir='ltr'>sum</span> <span class='ocrx_word' id='word_1_247' title='bbox 1357 1912 1516 1966; x_wconf 89' lang='lat' dir='ltr'>illam</span> <span class='ocrx_word' id='word_1_248' title='bbox 1539 1916 1593 1965; x_wconf 91' lang='lat' dir='ltr'>te</span> <span class='ocrx_word' id='word_1_249' title='bbox 1625 1911 1778 1965; x_wconf 87' lang='lat' dir='ltr'>radi-</span> 
     </span>
    </p>
   </div>
   <div class='ocr_carea' id='block_1_34' title="bbox 147 2000 1778 2072">
    <p class='ocr_par' dir='ltr' id='par_1_34' title="bbox 147 2000 1778 2072">
     <span class='ocr_line' id='line_1_34' title="bbox 147 2000 1778 2072; baseline 0.002 -20"><span class='ocrx_word' id='word_1_250' title='bbox 147 2014 250 2053; x_wconf 88' lang='lat' dir='ltr'>cem</span> <span class='ocrx_word' id='word_1_251' title='bbox 292 2000 558 2056; x_wconf 81' lang='lat' dir='ltr'>funditus</span> <span class='ocrx_word' id='word_1_252' title='bbox 604 2002 998 2071; x_wconf 78' lang='lat' dir='ltr'>exstirpasse,</span> <span class='ocrx_word' id='word_1_253' title='bbox 1041 2017 1116 2056; x_wconf 83' lang='lat' dir='ltr'>ex</span> <span class='ocrx_word' id='word_1_254' title='bbox 1164 2016 1277 2072; x_wconf 91' lang='lat' dir='ltr'>qua</span> <span class='ocrx_word' id='word_1_255' title='bbox 1325 2001 1451 2055; x_wconf 91' lang='lat' dir='ltr'>sola</span> <span class='ocrx_word' id='word_1_256' title='bbox 1480 2000 1778 2070; x_wconf 83' lang='lat' dir='ltr'>praecipue</span> 
     </span>
    </p>
   </div>
   <div class='ocr_carea' id='block_1_35' title="bbox 145 2089 1776 2161">
    <p class='ocr_par' dir='ltr' id='par_1_35' title="bbox 145 2089 1776 2161">
     <span class='ocr_line' id='line_1_35' title="bbox 145 2089 1776 2161; baseline 0 -21"><span class='ocrx_word' id='word_1_257' title='bbox 145 2090 308 2142; x_wconf 83' lang='lat' dir='ltr'>omnia</span> <span class='ocrx_word' id='word_1_258' title='bbox 337 2094 482 2144; x_wconf 87' lang='lat' dir='ltr'>sunt</span> <span class='ocrx_word' id='word_1_259' title='bbox 517 2090 878 2146; x_wconf 88' lang='lat' dir='ltr'>monasteria</span> <span class='ocrx_word' id='word_1_260' title='bbox 937 2089 1237 2145; x_wconf 90' lang='lat' dir='ltr'>destructa</span> <span class='ocrx_word' id='word_1_261' title='bbox 1287 2105 1421 2161; x_wconf 86' lang='lat' dir='ltr'>quae</span> <span class='ocrx_word' id='word_1_262' title='bbox 1478 2089 1776 2143; x_wconf 87' lang='lat' dir='ltr'>destructa</span> 
     </span>
    </p>
   </div>
   <div class='ocr_carea' id='block_1_36' title="bbox 145 2177 1561 2249">
    <p class='ocr_par' dir='ltr' id='par_1_36' title="bbox 145 2177 1561 2249">
     <span class='ocr_line' id='line_1_36' title="bbox 145 2177 1561 2249; baseline 0.001 -20"><span class='ocrx_word' id='word_1_263' title='bbox 145 2180 259 2231; x_wconf 89' lang='lat' dir='ltr'>sunt</span> <span class='ocrx_word' id='word_1_264' title='bbox 275 2177 363 2232; x_wconf 88' lang='lat' dir='ltr'>vel</span> <span class='ocrx_word' id='word_1_265' title='bbox 388 2179 447 2233; x_wconf 91' lang='lat' dir='ltr'>in</span> <span class='ocrx_word' id='word_1_266' title='bbox 487 2177 805 2234; x_wconf 87' lang='lat' dir='ltr'>Teutonica</span> <span class='ocrx_word' id='word_1_267' title='bbox 835 2178 930 2233; x_wconf 92' lang='lat' dir='ltr'>vel</span> <span class='ocrx_word' id='word_1_268' title='bbox 956 2178 1015 2232; x_wconf 90' lang='lat' dir='ltr'>in</span> <span class='ocrx_word' id='word_1_269' title='bbox 1049 2179 1311 2233; x_wconf 83' lang='lat' dir='ltr'>Romana</span> <span class='ocrx_word' id='word_1_270' title='bbox 1342 2178 1561 2249; x_wconf 85' lang='lat' dir='ltr'>lingua.</span> 
     </span>
    </p>
   </div>
   <div class='ocr_carea' id='block_1_37' title="bbox 201 2265 1778 2339">
    <p class='ocr_par' dir='ltr' id='par_1_37' title="bbox 201 2265 1778 2339">
     <span class='ocr_line' id='line_1_37' title="bbox 201 2265 1778 2339; baseline -0.001 -19"><span class='ocrx_word' id='word_1_271' title='bbox 201 2265 370 2336; x_wconf 89' lang='lat' dir='ltr'>Unde,</span> <span class='ocrx_word' id='word_1_272' title='bbox 404 2271 472 2322; x_wconf 91' lang='lat' dir='ltr'>ut</span> <span class='ocrx_word' id='word_1_273' title='bbox 508 2268 690 2322; x_wconf 88' lang='lat' dir='ltr'>fatear</span> <span class='ocrx_word' id='word_1_274' title='bbox 736 2268 891 2339; x_wconf 91' lang='lat' dir='ltr'>quod</span> <span class='ocrx_word' id='word_1_275' title='bbox 925 2283 1132 2323; x_wconf 91' lang='lat' dir='ltr'>verum</span> <span class='ocrx_word' id='word_1_276' title='bbox 1163 2271 1273 2333; x_wconf 91' lang='lat' dir='ltr'>est,</span> <span class='ocrx_word' id='word_1_277' title='bbox 1310 2267 1445 2337; x_wconf 88' lang='lat' dir='ltr'>quia</span> <span class='ocrx_word' id='word_1_278' title='bbox 1475 2269 1529 2320; x_wconf 92' lang='lat' dir='ltr'>te</span> <span class='ocrx_word' id='word_1_279' title='bbox 1562 2266 1680 2319; x_wconf 88' lang='lat' dir='ltr'>vidi</span> <span class='ocrx_word' id='word_1_280' title='bbox 1711 2280 1778 2319; x_wconf 89' lang='lat' dir='ltr'>ea</span> 
     </span>
    </p>
   </div>
   <div class='ocr_carea' id='block_1_38' title="bbox 141 2354 1779 2428">
    <p class='ocr_par' dir='ltr' id='par_1_38' title="bbox 141 2354 1779 2428">
     <span class='ocr_line' id='line_1_38' title="bbox 141 2354 1779 2428; baseline 0 -21"><span class='ocrx_word' id='word_1_281' title='bbox 141 2355 233 2423; x_wconf 71' lang='lat' dir='ltr'>pits</span> <span class='ocrx_word' id='word_1_282' title='bbox 250 2356 665 2411; x_wconf 86' lang='lat' dir='ltr'>sollicitudinis</span> <span class='ocrx_word' id='word_1_283' title='bbox 682 2358 1077 2428; x_wconf 66' lang='lat' dir='ltr'>praerogativa</span> <span class='ocrx_word' id='word_1_284' title='bbox 1092 2359 1347 2423; x_wconf 89' lang='lat' dir='ltr'>cautum,</span> <span class='ocrx_word' id='word_1_285' title='bbox 1367 2357 1425 2409; x_wconf 91' lang='lat' dir='ltr'>et</span> <span class='ocrx_word' id='word_1_286' title='bbox 1447 2354 1779 2409; x_wconf 89' lang='lat' dir='ltr'>studiosum</span> 
     </span>
    </p>
   </div>
   <div class='ocr_carea' id='block_1_39' title="bbox 139 2442 1781 2516">
    <p class='ocr_par' dir='ltr' id='par_1_39' title="bbox 139 2442 1781 2516">
     <span class='ocr_line' id='line_1_39' title="bbox 139 2442 1781 2516; baseline -0.001 -20"><span class='ocrx_word' id='word_1_287' title='bbox 139 2442 434 2513; x_wconf 88' lang='lat' dir='ltr'>disciplinae</span> <span class='ocrx_word' id='word_1_288' title='bbox 459 2445 783 2516; x_wconf 84' lang='lat' dir='ltr'>regularis,</span> <span class='ocrx_word' id='word_1_289' title='bbox 806 2461 1161 2516; x_wconf 86' lang='lat' dir='ltr'>quanquam,</span> <span class='ocrx_word' id='word_1_290' title='bbox 1195 2444 1248 2499; x_wconf 87' lang='lat' dir='ltr'>si</span> <span class='ocrx_word' id='word_1_291' title='bbox 1281 2445 1429 2499; x_wconf 90' lang='lat' dir='ltr'>bene</span> <span class='ocrx_word' id='word_1_292' title='bbox 1454 2443 1555 2496; x_wconf 90' lang='lat' dir='ltr'>tibi</span> <span class='ocrx_word' id='word_1_293' title='bbox 1590 2442 1781 2496; x_wconf 82' lang='lat' dir='ltr'>volue-</span> 
     </span>
    </p>
   </div>
   <div class='ocr_carea' id='block_1_40' title="bbox 140 2532 1778 2605">
    <p class='ocr_par' dir='ltr' id='par_1_40' title="bbox 140 2532 1778 2605">
     <span class='ocr_line' id='line_1_40' title="bbox 140 2532 1778 2605; baseline 0 -21"><span class='ocrx_word' id='word_1_294' title='bbox 140 2532 248 2600; x_wconf 88' lang='lat' dir='ltr'>rim,</span> <span class='ocrx_word' id='word_1_295' title='bbox 304 2533 444 2587; x_wconf 87' lang='lat' dir='ltr'>nihil</span> <span class='ocrx_word' id='word_1_296' title='bbox 515 2533 763 2587; x_wconf 87' lang='lat' dir='ltr'>ulterius</span> <span class='ocrx_word' id='word_1_297' title='bbox 810 2534 969 2604; x_wconf 90' lang='lat' dir='ltr'>quod</span> <span class='ocrx_word' id='word_1_298' title='bbox 1016 2533 1236 2605; x_wconf 87' lang='lat' dir='ltr'>aliquid</span> <span class='ocrx_word' id='word_1_299' title='bbox 1292 2533 1481 2586; x_wconf 89' lang='lat' dir='ltr'>valeat</span> <span class='ocrx_word' id='word_1_300' title='bbox 1529 2532 1778 2602; x_wconf 88' lang='lat' dir='ltr'>possim,</span> 
     </span>
    </p>
   </div>
   <div class='ocr_carea' id='block_1_41' title="bbox 138 2620 1779 2693">
    <p class='ocr_par' dir='ltr' id='par_1_41' title="bbox 138 2620 1779 2693">
     <span class='ocr_line' id='line_1_41' title="bbox 138 2620 1779 2693; baseline 0.001 -21"><span class='ocrx_word' id='word_1_301' title='bbox 138 2623 299 2675; x_wconf 83' lang='lat' dir='ltr'>tamen</span> <span class='ocrx_word' id='word_1_302' title='bbox 329 2621 457 2676; x_wconf 89' lang='lat' dir='ltr'>solo</span> <span class='ocrx_word' id='word_1_303' title='bbox 488 2628 759 2692; x_wconf 83' lang='lat' dir='ltr'>excepto,</span> <span class='ocrx_word' id='word_1_304' title='bbox 780 2627 841 2677; x_wconf 87' lang='lat' dir='ltr'>ut</span> <span class='ocrx_word' id='word_1_305' title='bbox 875 2622 1118 2693; x_wconf 82' lang='lat' dir='ltr'>dignum</span> <span class='ocrx_word' id='word_1_306' title='bbox 1151 2626 1264 2690; x_wconf 93' lang='lat' dir='ltr'>cst,</span> <span class='ocrx_word' id='word_1_307' title='bbox 1295 2620 1472 2692; x_wconf 82' lang='lat' dir='ltr'>cujus</span> <span class='ocrx_word' id='word_1_308' title='bbox 1492 2637 1522 2674; x_wconf 94' lang='lat' dir='ltr'>s</span> <span class='ocrx_word' id='word_1_309' title='bbox 1550 2634 1779 2690; x_wconf 84' lang='lat' dir='ltr'>:mpro—</span> 
     </span>
    </p>
   </div>
   <div class='ocr_carea' id='block_1_42' title="bbox 138 2707 1781 2781">
    <p class='ocr_par' dir='ltr' id='par_1_42' title="bbox 138 2707 1781 2781">
     <span class='ocr_line' id='line_1_42' title="bbox 138 2707 1781 2781; baseline 0.001 -21"><span class='ocrx_word' id='word_1_310' title='bbox 138 2707 311 2764; x_wconf 87' lang='lat' dir='ltr'>fessus</span> <span class='ocrx_word' id='word_1_311' title='bbox 338 2725 557 2766; x_wconf 83' lang='lat' dir='ltr'>revera</span> <span class='ocrx_word' id='word_1_312' title='bbox 588 2725 832 2781; x_wconf 89' lang='lat' dir='ltr'>nomen,</span> <span class='ocrx_word' id='word_1_313' title='bbox 879 2710 1030 2764; x_wconf 81' lang='lat' dir='ltr'>alius</span> <span class='ocrx_word' id='word_1_314' title='bbox 1067 2711 1381 2781; x_wconf 86' lang='lat' dir='ltr'>quisquam</span> <span class='ocrx_word' id='word_1_315' title='bbox 1414 2709 1493 2763; x_wconf 90' lang='lat' dir='ltr'>tui</span> <span class='ocrx_word' id='word_1_316' title='bbox 1525 2709 1781 2763; x_wconf 89' lang='lat' dir='ltr'>nominis</span> 
     </span>
    </p>
   </div>
   <div class='ocr_carea' id='block_1_43' title="bbox 138 2796 1779 2869">
    <p class='ocr_par' dir='ltr' id='par_1_43' title="bbox 138 2796 1779 2869">
     <span class='ocr_line' id='line_1_43' title="bbox 138 2796 1779 2869; baseline -0.001 -20"><span class='ocrx_word' id='word_1_317' title='bbox 138 2800 183 2850; x_wconf 86' lang='lat' dir='ltr'>et</span> <span class='ocrx_word' id='word_1_318' title='bbox 211 2796 397 2867; x_wconf 82' lang='lat' dir='ltr'>ofﬁcii,</span> <span class='ocrx_word' id='word_1_319' title='bbox 433 2798 539 2853; x_wconf 90' lang='lat' dir='ltr'>cui</span> <span class='ocrx_word' id='word_1_320' title='bbox 570 2799 761 2869; x_wconf 90' lang='lat' dir='ltr'>magis</span> <span class='ocrx_word' id='word_1_321' title='bbox 790 2799 983 2868; x_wconf 91' lang='lat' dir='ltr'>possit</span> <span class='ocrx_word' id='word_1_322' title='bbox 1029 2815 1059 2851; x_wconf 92' lang='lat' dir='ltr'>a</span> <span class='ocrx_word' id='word_1_323' title='bbox 1105 2798 1389 2867; x_wconf 88' lang='lat' dir='ltr'>parvitate</span> <span class='ocrx_word' id='word_1_324' title='bbox 1428 2812 1556 2851; x_wconf 88' lang='lat' dir='ltr'>mea</span> <span class='ocrx_word' id='word_1_325' title='bbox 1587 2797 1779 2850; x_wconf 88' lang='lat' dir='ltr'>modis</span> 
     </span>
    </p>
   </div>
   <div class='ocr_carea' id='block_1_44' title="bbox 135 2884 1782 2956">
    <p class='ocr_par' dir='ltr' id='par_1_44' title="bbox 135 2884 1782 2956">
     <span class='ocr_line' id='line_1_44' title="bbox 135 2884 1782 2956; baseline 0.001 -20"><span class='ocrx_word' id='word_1_326' title='bbox 135 2886 381 2941; x_wconf 87' lang='lat' dir='ltr'>omnibus</span> <span class='ocrx_word' id='word_1_327' title='bbox 403 2892 460 2941; x_wconf 88' lang='lat' dir='ltr'>et</span> <span class='ocrx_word' id='word_1_328' title='bbox 488 2886 679 2940; x_wconf 85' lang='lat' dir='ltr'>faveri</span> <span class='ocrx_word' id='word_1_329' title='bbox 701 2892 757 2941; x_wconf 88' lang='lat' dir='ltr'>et</span> <span class='ocrx_word' id='word_1_330' title='bbox 778 2886 997 2941; x_wconf 78' lang='lat' dir='ltr'>deferri</span> <span class='ocrx_word' id='word_1_331' title='bbox 1022 2903 1036 2956; x_wconf 83' lang='lat'><strong>;</strong></span> <span class='ocrx_word' id='word_1_332' title='bbox 1069 2902 1204 2940; x_wconf 91' lang='lat' dir='ltr'>nam</span> <span class='ocrx_word' id='word_1_333' title='bbox 1223 2890 1280 2940; x_wconf 91' lang='lat' dir='ltr'>et</span> <span class='ocrx_word' id='word_1_334' title='bbox 1300 2885 1569 2940; x_wconf 87' lang='lat' dir='ltr'>alia-sunt</span> <span class='ocrx_word' id='word_1_335' title='bbox 1589 2884 1782 2939; x_wconf 90' lang='lat' dir='ltr'>adhuc</span> 
     </span>
    </p>
   </div>
   <div class='ocr_carea' id='block_1_45' title="bbox 136 2974 1781 3046">
    <p class='ocr_par' dir='ltr' id='par_1_45' title="bbox 136 2974 1781 3046">
     <span class='ocr_line' id='line_1_45' title="bbox 136 2974 1781 3046; baseline -0.001 -19"><span class='ocrx_word' id='word_1_336' title='bbox 136 2988 247 3043; x_wconf 80' lang='lat' dir='ltr'>qua:</span> <span class='ocrx_word' id='word_1_337' title='bbox 278 2989 391 3029; x_wconf 92' lang='lat' dir='ltr'>non</span> <span class='ocrx_word' id='word_1_338' title='bbox 420 2975 726 3030; x_wconf 86' lang='lat' dir='ltr'>immerito</span> <span class='ocrx_word' id='word_1_339' title='bbox 757 2975 1075 3046; x_wconf 88' lang='lat' dir='ltr'>plurimum</span> <span class='ocrx_word' id='word_1_340' title='bbox 1106 2978 1161 3029; x_wconf 84' lang='lat' dir='ltr'>et</span> <span class='ocrx_word' id='word_1_341' title='bbox 1191 2978 1246 3029; x_wconf 92' lang='lat' dir='ltr'>te</span> <span class='ocrx_word' id='word_1_342' title='bbox 1278 2978 1334 3029; x_wconf 88' lang='lat' dir='ltr'>et</span> <span class='ocrx_word' id='word_1_343' title='bbox 1366 2974 1513 3029; x_wconf 90' lang='lat' dir='ltr'>hanc</span> <span class='ocrx_word' id='word_1_344' title='bbox 1545 2974 1781 3028; x_wconf 86' lang='lat' dir='ltr'>domum</span> 
     </span>
    </p>
   </div>
   <div class='ocr_carea' id='block_1_46' title="bbox 136 3061 1778 3134">
    <p class='ocr_par' dir='ltr' id='par_1_46' title="bbox 136 3061 1778 3134">
     <span class='ocr_line' id='line_1_46' title="bbox 136 3061 1778 3134; baseline -0.001 -18"><span class='ocrx_word' id='word_1_345' title='bbox 136 3061 223 3116; x_wconf 86' lang='lat' dir='ltr'>Dei</span> <span class='ocrx_word' id='word_1_346' title='bbox 239 3064 673 3119; x_wconf 87' lang='lat' dir='ltr'>commendant.</span> <span class='ocrx_word' id='word_1_347' title='bbox 689 3064 972 3134; x_wconf 89' lang='lat' dir='ltr'>Primum,</span> <span class='ocrx_word' id='word_1_348' title='bbox 993 3063 1128 3134; x_wconf 88' lang='lat' dir='ltr'>quia</span> <span class='ocrx_word' id='word_1_349' title='bbox 1143 3063 1526 3117; x_wconf 86' lang='lat' dir='ltr'>inﬁrmiorem</span> <span class='ocrx_word' id='word_1_350' title='bbox 1551 3078 1778 3129; x_wconf 85' lang='lat' dir='ltr'>sexum,</span> 
     </span>
    </p>
   </div>
   <div class='ocr_carea' id='block_1_47' title="bbox 136 3151 1781 3223">
    <p class='ocr_par' dir='ltr' id='par_1_47' title="bbox 136 3151 1781 3223">
     <span class='ocr_line' id='line_1_47' title="bbox 136 3151 1781 3223; baseline 0.001 -20"><span class='ocrx_word' id='word_1_351' title='bbox 136 3152 268 3220; x_wconf 87' lang='lat' dir='ltr'>quod</span> <span class='ocrx_word' id='word_1_352' title='bbox 288 3155 453 3223; x_wconf 90' lang='lat' dir='ltr'>prius</span> <span class='ocrx_word' id='word_1_353' title='bbox 486 3168 610 3207; x_wconf 84' lang='lat' dir='ltr'>non</span> <span class='ocrx_word' id='word_1_354' title='bbox 641 3156 786 3222; x_wconf 89' lang='lat' dir='ltr'>erat,</span> <span class='ocrx_word' id='word_1_355' title='bbox 821 3153 892 3207; x_wconf 91' lang='lat' dir='ltr'>de</span> <span class='ocrx_word' id='word_1_356' title='bbox 924 3151 1282 3206; x_wconf 88' lang='lat' dir='ltr'>habitatione</span> <span class='ocrx_word' id='word_1_357' title='bbox 1314 3155 1511 3207; x_wconf 89' lang='lat' dir='ltr'>vestra</span> <span class='ocrx_word' id='word_1_358' title='bbox 1541 3151 1781 3223; x_wconf 90' lang='lat' dir='ltr'>longius</span> 
     </span>
    </p>
   </div>
   <div class='ocr_carea' id='block_1_48' title="bbox 1892 1908 3554 1990">
    <p class='ocr_par' dir='ltr' id='par_1_48' title="bbox 1892 1908 3554 1990">
     <span class='ocr_line' id='line_1_48' title="bbox 1892 1908 3554 1990; baseline 0.009 -29"><span class='ocrx_word' id='word_1_359' title='bbox 1892 1908 2254 1977; x_wconf 85' lang='lat' dir='ltr'>septimanae</span> <span class='ocrx_word' id='word_1_360' title='bbox 2301 1914 2516 1981; x_wconf 87' lang='lat' dir='ltr'>quanta</span> <span class='ocrx_word' id='word_1_361' title='bbox 2564 1911 2910 1969; x_wconf 88' lang='lat' dir='ltr'>liberalitate</span> <span class='ocrx_word' id='word_1_362' title='bbox 2954 1916 3403 1990; x_wconf 89' lang='lat' dir='ltr'>ministraverit,</span> <span class='ocrx_word' id='word_1_363' title='bbox 3437 1936 3554 1976; x_wconf 88' lang='lat' dir='ltr'>non</span> 
     </span>
    </p>
   </div>
   <div class='ocr_carea' id='block_1_49' title="bbox 1892 1996 3554 2076">
    <p class='ocr_par' dir='ltr' id='par_1_49' title="bbox 1892 1996 3554 2076">
     <span class='ocr_line' id='line_1_49' title="bbox 1892 1996 3554 2076; baseline 0.008 -26"><span class='ocrx_word' id='word_1_364' title='bbox 1892 1996 2065 2052; x_wconf 90' lang='lat' dir='ltr'>modo</span> <span class='ocrx_word' id='word_1_365' title='bbox 2086 1998 2282 2067; x_wconf 90' lang='lat' dir='ltr'>nobis,</span> <span class='ocrx_word' id='word_1_366' title='bbox 2298 1999 2404 2053; x_wconf 91' lang='lat' dir='ltr'>sed</span> <span class='ocrx_word' id='word_1_367' title='bbox 2423 2001 2598 2054; x_wconf 90' lang='lat' dir='ltr'>etiam</span> <span class='ocrx_word' id='word_1_368' title='bbox 2621 2003 2851 2056; x_wconf 90' lang='lat' dir='ltr'>cunctis</span> <span class='ocrx_word' id='word_1_369' title='bbox 2882 2003 3118 2058; x_wconf 89' lang='lat' dir='ltr'>interim</span> <span class='ocrx_word' id='word_1_370' title='bbox 3136 2009 3554 2076; x_wconf 87' lang='lat' dir='ltr'>supervenien-</span> 
     </span>
    </p>
   </div>
   <div class='ocr_carea' id='block_1_50' title="bbox 1892 2084 3643 2167">
    <p class='ocr_par' dir='ltr' id='par_1_50' title="bbox 1892 2084 3643 2167">
     <span class='ocr_line' id='line_1_50' title="bbox 1892 2084 3643 2167; baseline 0.008 -29"><span class='ocrx_word' id='word_1_371' title='bbox 1892 2084 2080 2155; x_wconf 90' lang='lat' dir='ltr'>tibus,</span> <span class='ocrx_word' id='word_1_372' title='bbox 2116 2091 2170 2141; x_wconf 90' lang='lat' dir='ltr'>et</span> <span class='ocrx_word' id='word_1_373' title='bbox 2216 2088 2289 2141; x_wconf 89' lang='lat' dir='ltr'>ad</span> <span class='ocrx_word' id='word_1_374' title='bbox 2329 2087 2526 2142; x_wconf 90' lang='lat' dir='ltr'>domni</span> <span class='ocrx_word' id='word_1_375' title='bbox 2572 2089 2803 2144; x_wconf 89' lang='lat' dir='ltr'>abbatis</span> <span class='ocrx_word' id='word_1_376' title='bbox 2853 2092 3235 2163; x_wconf 88' lang='lat' dir='ltr'>audientiam,</span> <span class='ocrx_word' id='word_1_377' title='bbox 3270 2097 3443 2167; x_wconf 89' lang='lat' dir='ltr'>quasi</span> <span class='ocrx_word' id='word_1_378' title='bbox 3480 2097 3554 2151; x_wconf 87' lang='lat' dir='ltr'>ad</span> <span class='ocrx_word' id='word_1_379' title='bbox 3632 2107 3643 2113; x_wconf 84' lang='lat'><strong><em>’</em></strong></span> 
     </span>
    </p>
   </div>
   <div class='ocr_carea' id='block_1_51' title="bbox 1891 2174 3553 2254">
    <p class='ocr_par' dir='ltr' id='par_1_51' title="bbox 1891 2174 3553 2254">
     <span class='ocr_line' id='line_1_51' title="bbox 1891 2174 3553 2254; baseline 0.007 -27"><span class='ocrx_word' id='word_1_380' title='bbox 1891 2174 2185 2244; x_wconf 89' lang='lat' dir='ltr'>quoddam</span> <span class='ocrx_word' id='word_1_381' title='bbox 2232 2178 2665 2249; x_wconf 89' lang='lat' dir='ltr'>spectaculum,</span> <span class='ocrx_word' id='word_1_382' title='bbox 2701 2180 2957 2251; x_wconf 89' lang='lat' dir='ltr'>undique</span> <span class='ocrx_word' id='word_1_383' title='bbox 3004 2181 3466 2254; x_wconf 84' lang='lat' dir='ltr'>conﬂuentibus,</span> <span class='ocrx_word' id='word_1_384' title='bbox 3500 2187 3553 2239; x_wconf 89' lang='lat' dir='ltr'>si</span> 
     </span>
    </p>
   </div>
   <div class='ocr_carea' id='block_1_52' title="bbox 1893 2262 3551 2342">
    <p class='ocr_par' dir='ltr' id='par_1_52' title="bbox 1893 2262 3551 2342">
     <span class='ocr_line' id='line_1_52' title="bbox 1893 2262 3551 2342; baseline 0.007 -27"><span class='ocrx_word' id='word_1_385' title='bbox 1893 2262 2163 2317; x_wconf 87' lang='lat' dir='ltr'>charitati</span> <span class='ocrx_word' id='word_1_386' title='bbox 2193 2268 2411 2319; x_wconf 64' lang='lat' dir='ltr'>vestrae</span> <span class='ocrx_word' id='word_1_387' title='bbox 2438 2282 2545 2335; x_wconf 91' lang='lat' dir='ltr'>pro</span> <span class='ocrx_word' id='word_1_388' title='bbox 2570 2282 2633 2321; x_wconf 87' lang='lat' dir='ltr'>re</span> <span class='ocrx_word' id='word_1_389' title='bbox 2651 2271 2821 2339; x_wconf 87' lang='lat' dir='ltr'>gesta</span> <span class='ocrx_word' id='word_1_390' title='bbox 2843 2283 3220 2339; x_wconf 88' lang='lat' dir='ltr'>enarravero,</span> <span class='ocrx_word' id='word_1_391' title='bbox 3244 2276 3551 2342; x_wconf 90' lang='lat' dir='ltr'>quantum-</span> 
     </span>
    </p>
   </div>
   <div class='ocr_carea' id='block_1_53' title="bbox 1890 2350 3553 2425">
    <p class='ocr_par' dir='ltr' id='par_1_53' title="bbox 1890 2350 3553 2425">
     <span class='ocr_line' id='line_1_53' title="bbox 1890 2350 3553 2425; baseline 0.006 -20"><span class='ocrx_word' id='word_1_392' title='bbox 1890 2350 2034 2406; x_wconf 89' lang='lat' dir='ltr'>libet</span> <span class='ocrx_word' id='word_1_393' title='bbox 2054 2352 2227 2406; x_wconf 85' lang='lat' dir='ltr'>ﬁdem</span> <span class='ocrx_word' id='word_1_394' title='bbox 2247 2354 2388 2407; x_wconf 89' lang='lat' dir='ltr'>mihi</span> <span class='ocrx_word' id='word_1_395' title='bbox 2411 2353 2699 2425; x_wconf 88' lang='lat' dir='ltr'>habeatis,</span> <span class='ocrx_word' id='word_1_396' title='bbox 2718 2360 2909 2410; x_wconf 91' lang='lat' dir='ltr'>tamen</span> <span class='ocrx_word' id='word_1_397' title='bbox 2932 2358 3136 2411; x_wconf 89' lang='lat' dir='ltr'>nescio</span> <span class='ocrx_word' id='word_1_398' title='bbox 3160 2359 3211 2411; x_wconf 92' lang='lat' dir='ltr'>si</span> <span class='ocrx_word' id='word_1_399' title='bbox 3236 2358 3348 2414; x_wconf 91' lang='lat' dir='ltr'>hoc</span> <span class='ocrx_word' id='word_1_400' title='bbox 3370 2363 3553 2415; x_wconf 91' lang='lat' dir='ltr'>totum</span> 
     </span>
    </p>
   </div>
   <div class='ocr_carea' id='block_1_54' title="bbox 1891 2440 3552 2519">
    <p class='ocr_par' dir='ltr' id='par_1_54' title="bbox 1891 2440 3552 2519">
     <span class='ocr_line' id='line_1_54' title="bbox 1891 2440 3552 2519; baseline 0.006 -25"><span class='ocrx_word' id='word_1_401' title='bbox 1891 2441 2042 2495; x_wconf 89' lang='lat' dir='ltr'>bene</span> <span class='ocrx_word' id='word_1_402' title='bbox 2070 2440 2313 2496; x_wconf 89' lang='lat' dir='ltr'>credere</span> <span class='ocrx_word' id='word_1_403' title='bbox 2345 2442 2611 2497; x_wconf 91' lang='lat' dir='ltr'>valeatis.</span> <span class='ocrx_word' id='word_1_404' title='bbox 2635 2443 2761 2499; x_wconf 85' lang='lat' dir='ltr'>Hoc</span> <span class='ocrx_word' id='word_1_405' title='bbox 2784 2448 2974 2499; x_wconf 90' lang='lat' dir='ltr'>autem</span> <span class='ocrx_word' id='word_1_406' title='bbox 2994 2452 3152 2501; x_wconf 89' lang='lat' dir='ltr'>certe</span> <span class='ocrx_word' id='word_1_407' title='bbox 3182 2462 3552 2519; x_wconf 87' lang='lat' dir='ltr'>nequaquam</span> 
     </span>
    </p>
   </div>
   <div class='ocr_carea' id='block_1_55' title="bbox 1891 2530 3542 2608">
    <p class='ocr_par' dir='ltr' id='par_1_55' title="bbox 1891 2530 3542 2608">
     <span class='ocr_line' id='line_1_55' title="bbox 1891 2530 3542 2608; baseline 0.005 -26"><span class='ocrx_word' id='word_1_408' title='bbox 1891 2530 2160 2599; x_wconf 88' lang='lat' dir='ltr'>mentior,</span> <span class='ocrx_word' id='word_1_409' title='bbox 2186 2530 2343 2600; x_wconf 90' lang='lat' dir='ltr'>quia,</span> <span class='ocrx_word' id='word_1_410' title='bbox 2367 2537 2648 2602; x_wconf 87' lang='lat' dir='ltr'>quantum</span> <span class='ocrx_word' id='word_1_411' title='bbox 2678 2531 2749 2587; x_wconf 91' lang='lat' dir='ltr'>de</span> <span class='ocrx_word' id='word_1_412' title='bbox 2781 2536 3027 2605; x_wconf 90' lang='lat' dir='ltr'>utroque</span> <span class='ocrx_word' id='word_1_413' title='bbox 3059 2535 3190 2591; x_wconf 93' lang='lat' dir='ltr'>loco</span> <span class='ocrx_word' id='word_1_414' title='bbox 3212 2538 3440 2608; x_wconf 89' lang='lat' dir='ltr'>accepi.</span> <span class='ocrx_word' id='word_1_415' title='bbox 3476 2578 3488 2591; x_wconf 96' lang='lat'>.</span> <span class='ocrx_word' id='word_1_416' title='bbox 3530 2579 3542 2591; x_wconf 91' lang='lat'>.</span> 
     </span>
    </p>
   </div>
   <div class='ocr_carea' id='block_1_56' title="bbox 1893 2616 3551 2696">
    <p class='ocr_par' dir='ltr' id='par_1_56' title="bbox 1893 2616 3551 2696">
     <span class='ocr_line' id='line_1_56' title="bbox 1893 2616 3551 2696; baseline 0.007 -26"><span class='ocrx_word' id='word_1_417' title='bbox 1893 2616 2144 2672; x_wconf 67' lang='lat' dir='ltr'>abbatiae</span> <span class='ocrx_word' id='word_1_418' title='bbox 2172 2620 2621 2689; x_wconf 88' lang='lat' dir='ltr'>possessiones,</span> <span class='ocrx_word' id='word_1_419' title='bbox 2646 2620 2795 2675; x_wconf 91' lang='lat' dir='ltr'>solis</span> <span class='ocrx_word' id='word_1_420' title='bbox 2824 2622 3016 2677; x_wconf 89' lang='lat' dir='ltr'>vineis</span> <span class='ocrx_word' id='word_1_421' title='bbox 3046 2626 3342 2695; x_wconf 82' lang='lat' dir='ltr'>exceptis,</span> <span class='ocrx_word' id='word_1_422' title='bbox 3376 2626 3551 2696; x_wconf 89' lang='lat' dir='ltr'>duplo</span> 
     </span>
    </p>
   </div>
   <div class='ocr_carea' id='block_1_57' title="bbox 1897 2706 3554 2786">
    <p class='ocr_par' dir='ltr' id='par_1_57' title="bbox 1897 2706 3554 2786">
     <span class='ocr_line' id='line_1_57' title="bbox 1897 2706 3554 2786; baseline 0.006 -26"><span class='ocrx_word' id='word_1_423' title='bbox 1897 2706 2126 2760; x_wconf 89' lang='lat' dir='ltr'>scilicet</span> <span class='ocrx_word' id='word_1_424' title='bbox 2153 2707 2490 2777; x_wconf 87' lang='lat' dir='ltr'>ampliores.</span> <span class='ocrx_word' id='word_1_425' title='bbox 2516 2707 2630 2763; x_wconf 86' lang='lat' dir='ltr'>Sed</span> <span class='ocrx_word' id='word_1_426' title='bbox 2652 2710 2712 2763; x_wconf 91' lang='lat' dir='ltr'>D.</span> <span class='ocrx_word' id='word_1_427' title='bbox 2741 2709 2808 2764; x_wconf 89' lang='lat' dir='ltr'>G.</span> <span class='ocrx_word' id='word_1_428' title='bbox 2831 2717 2922 2765; x_wconf 89' lang='lat' dir='ltr'>est</span> <span class='ocrx_word' id='word_1_429' title='bbox 2950 2711 3084 2766; x_wconf 89' lang='lat' dir='ltr'>talis</span> <span class='ocrx_word' id='word_1_430' title='bbox 3118 2713 3312 2783; x_wconf 91' lang='lat' dir='ltr'>homo,</span> <span class='ocrx_word' id='word_1_431' title='bbox 3347 2715 3468 2786; x_wconf 92' lang='lat' dir='ltr'>qui,</span> <span class='ocrx_word' id='word_1_432' title='bbox 3502 2716 3554 2770; x_wconf 90' lang='lat' dir='ltr'>si</span> 
     </span>
    </p>
   </div>
   <div class='ocr_carea' id='block_1_58' title="bbox 1895 2796 3553 2872">
    <p class='ocr_par' dir='ltr' id='par_1_58' title="bbox 1895 2796 3553 2872">
     <span class='ocr_line' id='line_1_58' title="bbox 1895 2796 3553 2872; baseline 0.006 -24"><span class='ocrx_word' id='word_1_433' title='bbox 1895 2810 2046 2864; x_wconf 91' lang='lat' dir='ltr'>opus</span> <span class='ocrx_word' id='word_1_434' title='bbox 2080 2810 2217 2849; x_wconf 90' lang='lat' dir='ltr'>esse</span> <span class='ocrx_word' id='word_1_435' title='bbox 2250 2796 2481 2864; x_wconf 90' lang='lat' dir='ltr'>viderit,</span> <span class='ocrx_word' id='word_1_436' title='bbox 2507 2798 2745 2853; x_wconf 89' lang='lat' dir='ltr'>minime</span> <span class='ocrx_word' id='word_1_437' title='bbox 2763 2804 3003 2855; x_wconf 88' lang='lat' dir='ltr'>veretur</span> <span class='ocrx_word' id='word_1_438' title='bbox 3027 2817 3218 2872; x_wconf 89' lang='lat' dir='ltr'>usque</span> <span class='ocrx_word' id='word_1_439' title='bbox 3237 2803 3308 2857; x_wconf 89' lang='lat' dir='ltr'>ad</span> <span class='ocrx_word' id='word_1_440' title='bbox 3332 2805 3439 2858; x_wconf 89' lang='lat' dir='ltr'>tria</span> <span class='ocrx_word' id='word_1_441' title='bbox 3461 2804 3553 2860; x_wconf 90' lang='lat' dir='ltr'>vel</span> 
     </span>
    </p>
   </div>
   <div class='ocr_carea' id='block_1_59' title="bbox 1894 2883 3555 2955">
    <p class='ocr_par' dir='ltr' id='par_1_59' title="bbox 1894 2883 3555 2955">
     <span class='ocr_line' id='line_1_59' title="bbox 1894 2883 3555 2955; baseline 0.007 -19"><span class='ocrx_word' id='word_1_442' title='bbox 1894 2884 2146 2955; x_wconf 89' lang='lat' dir='ltr'>quatuor</span> <span class='ocrx_word' id='word_1_443' title='bbox 2189 2883 2368 2938; x_wconf 91' lang='lat' dir='ltr'>millia</span> <span class='ocrx_word' id='word_1_444' title='bbox 2418 2885 2741 2941; x_wconf 91' lang='lat' dir='ltr'>solidorum</span> <span class='ocrx_word' id='word_1_445' title='bbox 2786 2889 3057 2944; x_wconf 87' lang='lat' dir='ltr'>mutuari.</span> <span class='ocrx_word' id='word_1_446' title='bbox 3097 2888 3168 2945; x_wconf 89' lang='lat' dir='ltr'>Et</span> <span class='ocrx_word' id='word_1_447' title='bbox 3197 2890 3393 2946; x_wconf 87' lang='lat' dir='ltr'>divina</span> <span class='ocrx_word' id='word_1_448' title='bbox 3433 2893 3555 2948; x_wconf 90' lang='lat' dir='ltr'>cle-</span> 
     </span>
    </p>
   </div>
   <div class='ocr_carea' id='block_1_60' title="bbox 1894 2972 3556 3048">
    <p class='ocr_par' dir='ltr' id='par_1_60' title="bbox 1894 2972 3556 3048">
     <span class='ocr_line' id='line_1_60' title="bbox 1894 2972 3556 3048; baseline 0.006 -23"><span class='ocrx_word' id='word_1_449' title='bbox 1894 2972 2105 3026; x_wconf 89' lang='lat' dir='ltr'>mentia</span> <span class='ocrx_word' id='word_1_450' title='bbox 2135 2974 2234 3043; x_wconf 91' lang='lat' dir='ltr'>qui</span> <span class='ocrx_word' id='word_1_451' title='bbox 2257 2973 2381 3027; x_wconf 84' lang='lat' dir='ltr'>fieri</span> <span class='ocrx_word' id='word_1_452' title='bbox 2410 2977 2615 3043; x_wconf 89' lang='lat' dir='ltr'>posset</span> <span class='ocrx_word' id='word_1_453' title='bbox 2646 2980 2707 3029; x_wconf 94' lang='lat' dir='ltr'>ut</span> <span class='ocrx_word' id='word_1_454' title='bbox 2750 2992 3005 3048; x_wconf 86' lang='lat' dir='ltr'>unquam</span> <span class='ocrx_word' id='word_1_455' title='bbox 3048 2978 3353 3033; x_wconf 89' lang='lat' dir='ltr'>desereret</span> <span class='ocrx_word' id='word_1_456' title='bbox 3386 2980 3457 3035; x_wconf 90' lang='lat' dir='ltr'>de</span> <span class='ocrx_word' id='word_1_457' title='bbox 3489 2979 3556 3035; x_wconf 80' lang='lat' dir='ltr'>s&#39;e</span> 
     </span>
    </p>
   </div>
   <div class='ocr_carea' id='block_1_61' title="bbox 1893 3064 3555 3133">
    <p class='ocr_par' dir='ltr' id='par_1_61' title="bbox 1893 3064 3555 3133">
     <span class='ocr_line' id='line_1_61' title="bbox 1893 3064 3555 3133; baseline 0.006 -20"><span class='ocrx_word' id='word_1_458' title='bbox 1893 3064 2372 3131; x_wconf 87' lang='lat' dir='ltr'>praesumentem,</span> <span class='ocrx_word' id='word_1_459' title='bbox 2405 3077 2538 3133; x_wconf 91' lang='lat' dir='ltr'>quae</span> <span class='ocrx_word' id='word_1_460' title='bbox 2581 3064 2789 3118; x_wconf 86' lang='lat' dir='ltr'>iterum</span> <span class='ocrx_word' id='word_1_461' title='bbox 2835 3064 3004 3133; x_wconf 90' lang='lat' dir='ltr'>plane</span> <span class='ocrx_word' id='word_1_462' title='bbox 3035 3081 3251 3121; x_wconf 91' lang='lat' dir='ltr'>corvos</span> <span class='ocrx_word' id='word_1_463' title='bbox 3282 3068 3460 3123; x_wconf 85' lang='lat' dir='ltr'>mittit</span> <span class='ocrx_word' id='word_1_464' title='bbox 3483 3070 3555 3123; x_wconf 91' lang='lat' dir='ltr'>ad</span> 
     </span>
    </p>
   </div>
   <div class='ocr_carea' id='block_1_62' title="bbox 1894 3148 3557 3219">
    <p class='ocr_par' dir='ltr' id='par_1_62' title="bbox 1894 3148 3557 3219">
     <span class='ocr_line' id='line_1_62' title="bbox 1894 3148 3557 3219; baseline 0.006 -17"><span class='ocrx_word' id='word_1_465' title='bbox 1894 3148 2082 3203; x_wconf 85' lang='lat' dir='ltr'>Eliam</span> <span class='ocrx_word' id='word_1_466' title='bbox 2126 3150 2470 3219; x_wconf 89' lang='lat' dir='ltr'>temporalis</span> <span class='ocrx_word' id='word_1_467' title='bbox 2529 3152 2665 3206; x_wconf 88' lang='lat' dir='ltr'>vitae</span> <span class='ocrx_word' id='word_1_468' title='bbox 2718 3153 3054 3209; x_wconf 89' lang='lat' dir='ltr'>subsidium</span> <span class='ocrx_word' id='word_1_469' title='bbox 3104 3156 3557 3211; x_wconf 78' lang='lat' dir='ltr'>ministrantes?</span> 
     </span>
    </p>
   </div>
   <div class='ocr_carea' id='block_1_63' title="bbox 135 3213 3553 3321">
    <p class='ocr_par' dir='ltr' id='par_1_63' title="bbox 135 3213 3553 3321">
     <span class='ocr_line' id='line_1_63' title="bbox 135 3213 3553 3321; baseline 0.002 -28"><span class='ocrx_word' id='word_1_470' title='bbox 135 3213 391 3321; x_wconf 69' lang='lat' dir='ltr'>remotum</span> <span class='ocrx_word' id='word_1_471' title='bbox 440 3213 821 3310; x_wconf 81' lang='lat' dir='ltr'>exclusistis,</span> <span class='ocrx_word' id='word_1_472' title='bbox 871 3241 962 3295; x_wconf 88' lang='lat' dir='ltr'>vel</span> <span class='ocrx_word' id='word_1_473' title='bbox 1013 3241 1074 3295; x_wconf 89' lang='lat' dir='ltr'>in</span> <span class='ocrx_word' id='word_1_474' title='bbox 1120 3241 1408 3312; x_wconf 92' lang='lat' dir='ltr'>obsequio</span> <span class='ocrx_word' id='word_1_475' title='bbox 1444 3213 1782 3311; x_wconf 69' lang='lat' dir='ltr'>quotidiano</span> <span class='ocrx_word' id='word_1_476' title='bbox 1815 3213 1865 3277; x_wconf 70' lang='grc' dir='ltr'><strong>ο</strong></span> <span class='ocrx_word' id='word_1_477' title='bbox 1894 3237 2013 3306; x_wconf 89' lang='lat' dir='ltr'>(IlI</span> <span class='ocrx_word' id='word_1_478' title='bbox 2038 3237 2185 3309; x_wconf 79' lang='lat' dir='ltr'>Reg.</span> <span class='ocrx_word' id='word_1_479' title='bbox 2211 3213 2377 3308; x_wconf 64' lang='lat' dir='ltr'>xvii.)</span> <span class='ocrx_word' id='word_1_480' title='bbox 2401 3237 2550 3303; x_wconf 91' lang='lat' dir='ltr'>Quid</span> <span class='ocrx_word' id='word_1_481' title='bbox 2582 3240 2735 3295; x_wconf 88' lang='lat' dir='ltr'>enim</span> <span class='ocrx_word' id='word_1_482' title='bbox 2768 3240 3168 3315; x_wconf 88' lang='lat' dir='ltr'>Francigenas</span> <span class='ocrx_word' id='word_1_483' title='bbox 3200 3244 3357 3299; x_wconf 89' lang='lat' dir='ltr'>aliud</span> <span class='ocrx_word' id='word_1_484' title='bbox 3388 3245 3553 3301; x_wconf 81' lang='lat' dir='ltr'>dixe-</span> 
     </span>
    </p>
   </div>
   <div class='ocr_carea' id='block_1_64' title="bbox 134 3327 1780 3401">
    <p class='ocr_par' dir='ltr' id='par_1_64' title="bbox 134 3327 1780 3401">
     <span class='ocr_line' id='line_1_64' title="bbox 134 3327 1780 3401; baseline 0.002 -20"><span class='ocrx_word' id='word_1_485' title='bbox 134 3327 259 3383; x_wconf 84' lang='lat' dir='ltr'>tales</span> <span class='ocrx_word' id='word_1_486' title='bbox 286 3329 553 3386; x_wconf 85' lang='lat' dir='ltr'>famulos</span> <span class='ocrx_word' id='word_1_487' title='bbox 585 3329 805 3385; x_wconf 88' lang='lat' dir='ltr'>habere</span> <span class='ocrx_word' id='word_1_488' title='bbox 834 3330 1141 3384; x_wconf 88' lang='lat' dir='ltr'>meruistis</span> <span class='ocrx_word' id='word_1_489' title='bbox 1172 3330 1271 3401; x_wconf 89' lang='lat' dir='ltr'>qui</span> <span class='ocrx_word' id='word_1_490' title='bbox 1296 3345 1367 3384; x_wconf 78' lang='lat' dir='ltr'>ex</span> <span class='ocrx_word' id='word_1_491' title='bbox 1388 3328 1594 3383; x_wconf 87' lang='lat' dir='ltr'>liberis</span> <span class='ocrx_word' id='word_1_492' title='bbox 1618 3329 1780 3400; x_wconf 83' lang='lat' dir='ltr'>inge-</span> 
     </span>
    </p>
   </div>
   <div class='ocr_carea' id='block_1_65' title="bbox 131 3417 1782 3490">
    <p class='ocr_par' dir='ltr' id='par_1_65' title="bbox 131 3417 1782 3490">
     <span class='ocr_line' id='line_1_65' title="bbox 131 3417 1782 3490; baseline 0.001 -20"><span class='ocrx_word' id='word_1_493' title='bbox 131 3417 246 3472; x_wconf 84' lang='lat' dir='ltr'>nuis</span> <span class='ocrx_word' id='word_1_494' title='bbox 266 3418 415 3474; x_wconf 89' lang='lat' dir='ltr'>ultro</span> <span class='ocrx_word' id='word_1_495' title='bbox 433 3435 512 3475; x_wconf 87' lang='lat' dir='ltr'>se</span> <span class='ocrx_word' id='word_1_496' title='bbox 536 3419 933 3488; x_wconf 90' lang='lat' dir='ltr'>humiliantes,</span> <span class='ocrx_word' id='word_1_497' title='bbox 967 3418 1257 3490; x_wconf 90' lang='lat' dir='ltr'>vobisque</span> <span class='ocrx_word' id='word_1_498' title='bbox 1288 3420 1641 3488; x_wconf 88' lang='lat' dir='ltr'>servientes,</span> <span class='ocrx_word' id='word_1_499' title='bbox 1668 3433 1782 3472; x_wconf 90' lang='lat' dir='ltr'>non</span> 
     </span>
    </p>
   </div>
   <div class='ocr_carea' id='block_1_66' title="bbox 134 3504 1781 3580">
    <p class='ocr_par' dir='ltr' id='par_1_66' title="bbox 134 3504 1781 3580">
     <span class='ocr_line' id='line_1_66' title="bbox 134 3504 1781 3580; baseline 0.002 -23"><span class='ocrx_word' id='word_1_500' title='bbox 134 3504 282 3560; x_wconf 82' lang='lat' dir='ltr'>aliam</span> <span class='ocrx_word' id='word_1_501' title='bbox 310 3510 489 3563; x_wconf 87' lang='lat' dir='ltr'>vitam</span> <span class='ocrx_word' id='word_1_502' title='bbox 532 3523 704 3580; x_wconf 89' lang='lat' dir='ltr'>quam</span> <span class='ocrx_word' id='word_1_503' title='bbox 737 3508 895 3562; x_wconf 90' lang='lat' dir='ltr'>illam</span> <span class='ocrx_word' id='word_1_504' title='bbox 927 3523 1060 3578; x_wconf 83' lang='lat' dir='ltr'>quae</span> <span class='ocrx_word' id='word_1_505' title='bbox 1093 3511 1186 3562; x_wconf 92' lang='lat' dir='ltr'>est</span> <span class='ocrx_word' id='word_1_506' title='bbox 1216 3507 1479 3563; x_wconf 82' lang='lat' dir='ltr'>caelestis</span> <span class='ocrx_word' id='word_1_507' title='bbox 1496 3509 1552 3561; x_wconf 92' lang='lat' dir='ltr'>et</span> <span class='ocrx_word' id='word_1_508' title='bbox 1573 3520 1781 3576; x_wconf 87' lang='lat' dir='ltr'>perpe-</span> 
     </span>
    </p>
   </div>
   <div class='ocr_carea' id='block_1_67' title="bbox 131 3593 1785 3668">
    <p class='ocr_par' dir='ltr' id='par_1_67' title="bbox 131 3593 1785 3668">
     <span class='ocr_line' id='line_1_67' title="bbox 131 3593 1785 3668; baseline 0.002 -23"><span class='ocrx_word' id='word_1_509' title='bbox 131 3595 210 3647; x_wconf 89' lang='lat' dir='ltr'>tua</span> <span class='ocrx_word' id='word_1_510' title='bbox 250 3601 623 3667; x_wconf 81' lang='lat' dir='ltr'>exspectant.</span> <span class='ocrx_word' id='word_1_511' title='bbox 673 3598 754 3652; x_wconf 93' lang='lat' dir='ltr'>De</span> <span class='ocrx_word' id='word_1_512' title='bbox 799 3597 1016 3668; x_wconf 90' lang='lat' dir='ltr'>quibus</span> <span class='ocrx_word' id='word_1_513' title='bbox 1061 3600 1253 3651; x_wconf 90' lang='lat' dir='ltr'>tamen</span> <span class='ocrx_word' id='word_1_514' title='bbox 1300 3612 1509 3666; x_wconf 89' lang='lat' dir='ltr'>unum,</span> <span class='ocrx_word' id='word_1_515' title='bbox 1543 3593 1698 3667; x_wconf 91' lang='lat' dir='ltr'>quod</span> <span class='ocrx_word' id='word_1_516' title='bbox 1732 3594 1785 3649; x_wconf 92' lang='lat' dir='ltr'>si</span> 
     </span>
    </p>
   </div>
   <div class='ocr_carea' id='block_1_68' title="bbox 132 3680 1784 3757">
    <p class='ocr_par' dir='ltr' id='par_1_68' title="bbox 132 3680 1784 3757">
     <span class='ocr_line' id='line_1_68' title="bbox 132 3680 1784 3757; baseline 0.001 -22"><span class='ocrx_word' id='word_1_517' title='bbox 132 3680 549 3741; x_wconf 82' lang='lat' dir='ltr'>benevolentiae</span> <span class='ocrx_word' id='word_1_518' title='bbox 578 3691 797 3741; x_wconf 69' lang='lat' dir='ltr'>vestrae</span> <span class='ocrx_word' id='word_1_519' title='bbox 828 3686 1150 3757; x_wconf 88' lang='lat' dir='ltr'>videretur,</span> <span class='ocrx_word' id='word_1_520' title='bbox 1179 3688 1240 3740; x_wconf 89' lang='lat' dir='ltr'>in</span> <span class='ocrx_word' id='word_1_521' title='bbox 1268 3685 1540 3756; x_wconf 81' lang='lat' dir='ltr'>proximo</span> <span class='ocrx_word' id='word_1_522' title='bbox 1571 3682 1784 3738; x_wconf 89' lang='lat' dir='ltr'>mutari</span> 
     </span>
    </p>
   </div>
   <div class='ocr_carea' id='block_1_69' title="bbox 133 3770 1779 3846">
    <p class='ocr_par' dir='ltr' id='par_1_69' title="bbox 133 3770 1779 3846">
     <span class='ocr_line' id='line_1_69' title="bbox 133 3770 1779 3846; baseline 0.002 -23"><span class='ocrx_word' id='word_1_523' title='bbox 133 3770 337 3829; x_wconf 87' lang='lat' dir='ltr'>vellem.</span> <span class='ocrx_word' id='word_1_524' title='bbox 356 3774 593 3830; x_wconf 80' lang='lat' dir='ltr'>Vellem</span> <span class='ocrx_word' id='word_1_525' title='bbox 614 3775 820 3846; x_wconf 87' lang='lat' dir='ltr'>utique</span> <span class='ocrx_word' id='word_1_526' title='bbox 847 3780 908 3828; x_wconf 80' lang='lat' dir='ltr'>ut</span> <span class='ocrx_word' id='word_1_527' title='bbox 938 3791 1056 3830; x_wconf 90' lang='lat' dir='ltr'>non</span> <span class='ocrx_word' id='word_1_528' title='bbox 1088 3774 1341 3845; x_wconf 87' lang='lat' dir='ltr'>amplius</span> <span class='ocrx_word' id='word_1_529' title='bbox 1372 3774 1779 3845; x_wconf 88' lang='lat' dir='ltr'>permitteren-</span> 
     </span>
    </p>
   </div>
   <div class='ocr_carea' id='block_1_70' title="bbox 128 3861 1780 3928">
    <p class='ocr_par' dir='ltr' id='par_1_70' title="bbox 128 3861 1780 3928">
     <span class='ocr_line' id='line_1_70' title="bbox 128 3861 1780 3928; baseline 0.002 -17"><span class='ocrx_word' id='word_1_530' title='bbox 128 3863 208 3913; x_wconf 92' lang='lat' dir='ltr'>tur</span> <span class='ocrx_word' id='word_1_531' title='bbox 225 3866 384 3917; x_wconf 78' lang='lat' dir='ltr'>extra</span> <span class='ocrx_word' id='word_1_532' title='bbox 402 3865 739 3918; x_wconf 81' lang='lat' dir='ltr'>claustrum</span> <span class='ocrx_word' id='word_1_533' title='bbox 763 3864 1110 3918; x_wconf 90' lang='lat' dir='ltr'>commorari</span> <span class='ocrx_word' id='word_1_534' title='bbox 1130 3880 1144 3928; x_wconf 91' lang='lat'>;</span> <span class='ocrx_word' id='word_1_535' title='bbox 1170 3863 1389 3917; x_wconf 88' lang='lat' dir='ltr'>daretis</span> <span class='ocrx_word' id='word_1_536' title='bbox 1408 3862 1494 3917; x_wconf 90' lang='lat' dir='ltr'>eis</span> <span class='ocrx_word' id='word_1_537' title='bbox 1519 3861 1780 3915; x_wconf 88' lang='lat' dir='ltr'>habitum</span> 
     </span>
    </p>
   </div>
   <div class='ocr_carea' id='block_1_71' title="bbox 129 3951 1782 4022">
    <p class='ocr_par' dir='ltr' id='par_1_71' title="bbox 129 3951 1782 4022">
     <span class='ocr_line' id='line_1_71' title="bbox 129 3951 1782 4022; baseline 0.004 -24"><span class='ocrx_word' id='word_1_538' title='bbox 129 3952 392 4004; x_wconf 88' lang='lat' dir='ltr'>nostrum.</span> <span class='ocrx_word' id='word_1_539' title='bbox 422 3951 499 4006; x_wconf 87' lang='lat' dir='ltr'>Et</span> <span class='ocrx_word' id='word_1_540' title='bbox 524 3951 661 4022; x_wconf 88' lang='lat' dir='ltr'>quia</span> <span class='ocrx_word' id='word_1_541' title='bbox 685 3967 801 4006; x_wconf 91' lang='lat' dir='ltr'>non</span> <span class='ocrx_word' id='word_1_542' title='bbox 822 3952 893 4005; x_wconf 89' lang='lat' dir='ltr'>ad</span> <span class='ocrx_word' id='word_1_543' title='bbox 922 3952 1031 4006; x_wconf 91' lang='lat' dir='ltr'>hoc</span> <span class='ocrx_word' id='word_1_544' title='bbox 1063 3951 1257 4005; x_wconf 87' lang='lat' dir='ltr'>valent</span> <span class='ocrx_word' id='word_1_545' title='bbox 1287 3953 1348 4005; x_wconf 92' lang='lat' dir='ltr'>ut</span> <span class='ocrx_word' id='word_1_546' title='bbox 1378 3951 1493 4003; x_wconf 90' lang='lat' dir='ltr'>sint</span> <span class='ocrx_word' id='word_1_547' title='bbox 1526 3951 1782 4004; x_wconf 88' lang='lat' dir='ltr'>lectores</span> 
     </span>
    </p>
   </div>
   <div class='ocr_carea' id='block_1_72' title="bbox 132 4036 1782 4111">
    <p class='ocr_par' dir='ltr' id='par_1_72' title="bbox 132 4036 1782 4111">
     <span class='ocr_line' id='line_1_72' title="bbox 132 4036 1782 4111; baseline 0.001 -21"><span class='ocrx_word' id='word_1_548' title='bbox 132 4036 207 4090; x_wconf 76' lang='lat' dir='ltr'>vel</span> <span class='ocrx_word' id='word_1_549' title='bbox 237 4044 521 4095; x_wconf 89' lang='lat' dir='ltr'>cantores</span> <span class='ocrx_word' id='word_1_550' title='bbox 554 4056 687 4094; x_wconf 91' lang='lat' dir='ltr'>cum</span> <span class='ocrx_word' id='word_1_551' title='bbox 708 4040 1001 4111; x_wconf 90' lang='lat' dir='ltr'>litteratis,</span> <span class='ocrx_word' id='word_1_552' title='bbox 1025 4041 1163 4093; x_wconf 89' lang='lat' dir='ltr'>ulmi</span> <span class='ocrx_word' id='word_1_553' title='bbox 1179 4040 1333 4093; x_wconf 88' lang='lat' dir='ltr'>vivae</span> <span class='ocrx_word' id='word_1_554' title='bbox 1354 4040 1522 4093; x_wconf 91' lang='lat' dir='ltr'>vivas</span> <span class='ocrx_word' id='word_1_555' title='bbox 1546 4054 1782 4110; x_wconf 89' lang='lat' dir='ltr'>quoque</span> 
     </span>
    </p>
   </div>
   <div class='ocr_carea' id='block_1_73' title="bbox 133 4125 1785 4199">
    <p class='ocr_par' dir='ltr' id='par_1_73' title="bbox 133 4125 1785 4199">
     <span class='ocr_line' id='line_1_73' title="bbox 133 4125 1785 4199; baseline 0.004 -25"><span class='ocrx_word' id='word_1_556' title='bbox 133 4125 285 4196; x_wconf 82' lang='lat' dir='ltr'>vites,</span> <span class='ocrx_word' id='word_1_557' title='bbox 311 4127 489 4199; x_wconf 78' lang='lat' dir='ltr'>juxta</span> <span class='ocrx_word' id='word_1_558' title='bbox 515 4129 946 4199; x_wconf 90' lang='lat' dir='ltr'>quadamtenus</span> <span class='ocrx_word' id='word_1_559' title='bbox 977 4130 1194 4183; x_wconf 89' lang='lat' dir='ltr'>dictum</span> <span class='ocrx_word' id='word_1_560' title='bbox 1226 4130 1337 4197; x_wconf 89' lang='lat' dir='ltr'>est,</span> <span class='ocrx_word' id='word_1_561' title='bbox 1370 4131 1688 4198; x_wconf 90' lang='lat' dir='ltr'>portarent,</span> <span class='ocrx_word' id='word_1_562' title='bbox 1723 4129 1785 4181; x_wconf 92' lang='lat' dir='ltr'>ut</span> 
     </span>
    </p>
   </div>
   <div class='ocr_carea' id='block_1_74' title="bbox 129 4214 1778 4289">
    <p class='ocr_par' dir='ltr' id='par_1_74' title="bbox 129 4214 1778 4289">
     <span class='ocr_line' id='line_1_74' title="bbox 129 4214 1778 4289; baseline 0.003 -25"><span class='ocrx_word' id='word_1_563' title='bbox 129 4214 310 4269; x_wconf 87' lang='lat' dir='ltr'>eodem</span> <span class='ocrx_word' id='word_1_564' title='bbox 340 4217 526 4271; x_wconf 89' lang='lat' dir='ltr'>modo</span> <span class='ocrx_word' id='word_1_565' title='bbox 562 4233 676 4289; x_wconf 91' lang='lat' dir='ltr'>quo</span> <span class='ocrx_word' id='word_1_566' title='bbox 726 4218 840 4272; x_wconf 92' lang='lat' dir='ltr'>huc</span> <span class='ocrx_word' id='word_1_567' title='bbox 892 4233 1081 4289; x_wconf 91' lang='lat' dir='ltr'>usque</span> <span class='ocrx_word' id='word_1_568' title='bbox 1129 4218 1444 4271; x_wconf 90' lang='lat' dir='ltr'>serviendo</span> <span class='ocrx_word' id='word_1_569' title='bbox 1484 4216 1778 4281; x_wconf 87' lang='lat' dir='ltr'>lttteratis,</span> 
     </span>
    </p>
   </div>
   <div class='ocr_carea' id='block_1_75' title="bbox 130 4298 1776 4377">
    <p class='ocr_par' dir='ltr' id='par_1_75' title="bbox 130 4298 1776 4377">
     <span class='ocr_line' id='line_1_75' title="bbox 130 4298 1776 4377; baseline 0.004 -25"><span class='ocrx_word' id='word_1_570' title='bbox 130 4298 497 4360; x_wconf 86' lang='lat' dir='ltr'>litteratorum</span> <span class='ocrx_word' id='word_1_571' title='bbox 532 4306 867 4361; x_wconf 87' lang='lat' dir='ltr'>mercedem</span> <span class='ocrx_word' id='word_1_572' title='bbox 890 4308 1416 4377; x_wconf 90' lang='lat' dir='ltr'>consequerentur.</span> <span class='ocrx_word' id='word_1_573' title='bbox 1452 4305 1600 4357; x_wconf 86' lang='lat' dir='ltr'>Nam</span> <span class='ocrx_word' id='word_1_574' title='bbox 1629 4305 1681 4358; x_wconf 91' lang='lat' dir='ltr'>si</span> <span class='ocrx_word' id='word_1_575' title='bbox 1711 4304 1776 4360; x_wconf 89' lang='grc' dir='ltr'>Β.</span> 
     </span>
    </p>
   </div>
   <div class='ocr_carea' id='block_1_76' title="bbox 130 4387 1782 4464">
    <p class='ocr_par' dir='ltr' id='par_1_76' title="bbox 130 4387 1782 4464">
     <span class='ocr_line' id='line_1_76' title="bbox 130 4387 1782 4464; baseline 0.002 -21"><span class='ocrx_word' id='word_1_576' title='bbox 130 4387 427 4449; x_wconf 86' lang='lat' dir='ltr'>Benedicto</span> <span class='ocrx_word' id='word_1_577' title='bbox 460 4394 781 4448; x_wconf 77' lang='lat' dir='ltr'>videbatur</span> <span class='ocrx_word' id='word_1_578' title='bbox 828 4400 889 4449; x_wconf 89' lang='lat' dir='ltr'>ut</span> <span class='ocrx_word' id='word_1_579' title='bbox 938 4395 1156 4450; x_wconf 84' lang='lat' dir='ltr'>fratres</span> <span class='ocrx_word' id='word_1_580' title='bbox 1204 4394 1472 4448; x_wconf 87' lang='lat' dir='ltr'>vicissim</span> <span class='ocrx_word' id='word_1_581' title='bbox 1513 4393 1782 4464; x_wconf 89' lang='lat' dir='ltr'>coquinae</span> 
     </span>
    </p>
   </div>
   <div class='ocr_carea' id='block_1_77' title="bbox 129 4482 1779 4555">
    <p class='ocr_par' dir='ltr' id='par_1_77' title="bbox 129 4482 1779 4555">
     <span class='ocr_line' id='line_1_77' title="bbox 129 4482 1779 4555; baseline 0.004 -25"><span class='ocrx_word' id='word_1_582' title='bbox 129 4492 320 4535; x_wconf 87' lang='lat' dir='ltr'>munus</span> <span class='ocrx_word' id='word_1_583' title='bbox 352 4483 631 4547; x_wconf 90' lang='lat' dir='ltr'>obirent;</span> <span class='ocrx_word' id='word_1_584' title='bbox 684 4498 900 4538; x_wconf 86' lang='lat' dir='ltr'>munus</span> <span class='ocrx_word' id='word_1_585' title='bbox 944 4484 1056 4537; x_wconf 91' lang='lat' dir='ltr'>hoc</span> <span class='ocrx_word' id='word_1_586' title='bbox 1088 4498 1323 4555; x_wconf 87' lang='lat' dir='ltr'>quoque</span> <span class='ocrx_word' id='word_1_587' title='bbox 1354 4482 1506 4554; x_wconf 81' lang='lat' dir='ltr'>apud</span> <span class='ocrx_word' id='word_1_588' title='bbox 1539 4486 1779 4536; x_wconf 90' lang='lat' dir='ltr'>sanctos</span> 
     </span>
    </p>
   </div>
   <div class='ocr_carea' id='block_1_78' title="bbox 1893 3326 3557 3401">
    <p class='ocr_par' dir='ltr' id='par_1_78' title="bbox 1893 3326 3557 3401">
     <span class='ocr_line' id='line_1_78' title="bbox 1893 3326 3557 3401; baseline 0.005 -21"><span class='ocrx_word' id='word_1_589' title='bbox 1893 3326 2005 3380; x_wconf 89' lang='lat' dir='ltr'>rim</span> <span class='ocrx_word' id='word_1_590' title='bbox 2036 3342 2166 3382; x_wconf 91' lang='lat' dir='ltr'>cum</span> <span class='ocrx_word' id='word_1_591' title='bbox 2200 3328 2319 3381; x_wconf 90' lang='lat' dir='ltr'>sint</span> <span class='ocrx_word' id='word_1_592' title='bbox 2348 3331 2463 3382; x_wconf 89' lang='lat' dir='ltr'>tam</span> <span class='ocrx_word' id='word_1_593' title='bbox 2493 3329 2767 3401; x_wconf 90' lang='lat' dir='ltr'>inquieti,</span> <span class='ocrx_word' id='word_1_594' title='bbox 2809 3335 3079 3401; x_wconf 90' lang='lat' dir='ltr'>raptores</span> <span class='ocrx_word' id='word_1_595' title='bbox 3113 3337 3168 3387; x_wconf 89' lang='lat' dir='ltr'>et</span> <span class='ocrx_word' id='word_1_596' title='bbox 3199 3333 3271 3387; x_wconf 93' lang='lat' dir='ltr'>de</span> <span class='ocrx_word' id='word_1_597' title='bbox 3302 3335 3557 3390; x_wconf 86' lang='lat' dir='ltr'>candore</span> 
     </span>
    </p>
   </div>
   <div class='ocr_carea' id='block_1_79' title="bbox 1895 3416 3557 3492">
    <p class='ocr_par' dir='ltr' id='par_1_79' title="bbox 1895 3416 3557 3492">
     <span class='ocr_line' id='line_1_79' title="bbox 1895 3416 3557 3492; baseline 0.005 -23"><span class='ocrx_word' id='word_1_598' title='bbox 1895 3416 2174 3470; x_wconf 85' lang='lat' dir='ltr'>virtutum</span> <span class='ocrx_word' id='word_1_599' title='bbox 2218 3416 2359 3470; x_wconf 90' lang='lat' dir='ltr'>nihil</span> <span class='ocrx_word' id='word_1_600' title='bbox 2411 3417 2736 3487; x_wconf 88' lang='lat' dir='ltr'>habentes;</span> <span class='ocrx_word' id='word_1_601' title='bbox 2791 3420 2943 3474; x_wconf 90' lang='lat' dir='ltr'>inter</span> <span class='ocrx_word' id='word_1_602' title='bbox 2985 3436 3136 3492; x_wconf 87' lang='lat' dir='ltr'>quos</span> <span class='ocrx_word' id='word_1_603' title='bbox 3177 3427 3370 3477; x_wconf 88' lang='lat' dir='ltr'>tamen</span> <span class='ocrx_word' id='word_1_604' title='bbox 3421 3428 3557 3478; x_wconf 91' lang='lat' dir='ltr'>sunt</span> 
     </span>
    </p>
   </div>
   <div class='ocr_carea' id='block_1_80' title="bbox 1893 3503 3555 3583">
    <p class='ocr_par' dir='ltr' id='par_1_80' title="bbox 1893 3503 3555 3583">
     <span class='ocr_line' id='line_1_80' title="bbox 1893 3503 3555 3583; baseline 0.006 -27"><span class='ocrx_word' id='word_1_605' title='bbox 1893 3503 2042 3559; x_wconf 83' lang='lat' dir='ltr'>tales</span> <span class='ocrx_word' id='word_1_606' title='bbox 2065 3504 2376 3575; x_wconf 88' lang='lat' dir='ltr'>aliquando</span> <span class='ocrx_word' id='word_1_607' title='bbox 2398 3506 2499 3576; x_wconf 91' lang='lat' dir='ltr'>qui</span> <span class='ocrx_word' id='word_1_608' title='bbox 2521 3506 2679 3561; x_wconf 84' lang='lat' dir='ltr'>fideli</span> <span class='ocrx_word' id='word_1_609' title='bbox 2697 3507 2803 3561; x_wconf 89' lang='lat' dir='ltr'>Dei</span> <span class='ocrx_word' id='word_1_610' title='bbox 2824 3523 3000 3563; x_wconf 90' lang='lat' dir='ltr'>servo</span> <span class='ocrx_word' id='word_1_611' title='bbox 3021 3512 3176 3564; x_wconf 89' lang='lat' dir='ltr'>tanta</span> <span class='ocrx_word' id='word_1_612' title='bbox 3206 3510 3555 3583; x_wconf 89' lang='lat' dir='ltr'>largiuntur,</span> 
     </span>
    </p>
   </div>
   <div class='ocr_carea' id='block_1_81' title="bbox 1895 3592 3555 3668">
    <p class='ocr_par' dir='ltr' id='par_1_81' title="bbox 1895 3592 3555 3668">
     <span class='ocr_line' id='line_1_81' title="bbox 1895 3592 3555 3668; baseline 0.005 -21"><span class='ocrx_word' id='word_1_613' title='bbox 1895 3595 1957 3647; x_wconf 90' lang='lat' dir='ltr'>ut</span> <span class='ocrx_word' id='word_1_614' title='bbox 1986 3592 2042 3646; x_wconf 91' lang='lat' dir='ltr'>in</span> <span class='ocrx_word' id='word_1_615' title='bbox 2075 3593 2434 3664; x_wconf 80' lang='lat' dir='ltr'>parvissima</span> <span class='ocrx_word' id='word_1_616' title='bbox 2466 3597 2728 3665; x_wconf 90' lang='lat' dir='ltr'>tempore</span> <span class='ocrx_word' id='word_1_617' title='bbox 2760 3596 3045 3668; x_wconf 91' lang='lat' dir='ltr'>quidquid</span> <span class='ocrx_word' id='word_1_618' title='bbox 3070 3598 3243 3654; x_wconf 90' lang='lat' dir='ltr'>debet</span> <span class='ocrx_word' id='word_1_619' title='bbox 3273 3599 3555 3655; x_wconf 86' lang='lat' dir='ltr'>resolvat.</span> 
     </span>
    </p>
   </div>
   <div class='ocr_carea' id='block_1_82' title="bbox 1893 3679 3561 3758">
    <p class='ocr_par' dir='ltr' id='par_1_82' title="bbox 1893 3679 3561 3758">
     <span class='ocr_line' id='line_1_82' title="bbox 1893 3679 3561 3758; baseline 0.005 -23"><span class='ocrx_word' id='word_1_620' title='bbox 1893 3679 2002 3758; x_wconf 84' lang='lat' dir='ltr'>Gui</span> <span class='ocrx_word' id='word_1_621' title='bbox 2032 3682 2205 3736; x_wconf 90' lang='lat' dir='ltr'>etiam</span> <span class='ocrx_word' id='word_1_622' title='bbox 2237 3681 2350 3737; x_wconf 89' lang='lat' dir='ltr'>hoc</span> <span class='ocrx_word' id='word_1_623' title='bbox 2379 3684 2474 3737; x_wconf 87' lang='lat' dir='ltr'>est</span> <span class='ocrx_word' id='word_1_624' title='bbox 2501 3682 2816 3754; x_wconf 86' lang='lat' dir='ltr'>familiare,</span> <span class='ocrx_word' id='word_1_625' title='bbox 2850 3689 2907 3740; x_wconf 91' lang='lat' dir='ltr'>et</span> <span class='ocrx_word' id='word_1_626' title='bbox 2947 3686 3121 3758; x_wconf 88' lang='lat' dir='ltr'>quasi</span> <span class='ocrx_word' id='word_1_627' title='bbox 3148 3703 3255 3757; x_wconf 89' lang='lat' dir='ltr'>pro</span> <span class='ocrx_word' id='word_1_628' title='bbox 3288 3687 3463 3757; x_wconf 90' lang='lat' dir='ltr'>ludo,</span> <span class='ocrx_word' id='word_1_629' title='bbox 3500 3692 3561 3744; x_wconf 89' lang='lat' dir='ltr'>ut</span> 
     </span>
    </p>
   </div>
   <div class='ocr_carea' id='block_1_83' title="bbox 1896 3755 3559 3844">
    <p class='ocr_par' dir='ltr' id='par_1_83' title="bbox 1896 3755 3559 3844">
     <span class='ocr_line' id='line_1_83' title="bbox 1896 3755 3559 3844; baseline 0.005 -21"><span class='ocrx_word' id='word_1_630' title='bbox 1896 3755 2053 3839; x_wconf 66' lang='lat' dir='ltr'>optet</span> <span class='ocrx_word' id='word_1_631' title='bbox 2082 3785 2381 3841; x_wconf 90' lang='lat' dir='ltr'>nunquam</span> <span class='ocrx_word' id='word_1_632' title='bbox 2433 3771 2549 3825; x_wconf 90' lang='lat' dir='ltr'>sibi</span> <span class='ocrx_word' id='word_1_633' title='bbox 2596 3773 2939 3844; x_wconf 88' lang='lat' dir='ltr'>contingere</span> <span class='ocrx_word' id='word_1_634' title='bbox 2965 3755 3226 3829; x_wconf 67' lang='lat' dir='ltr'>multum</span> <span class='ocrx_word' id='word_1_635' title='bbox 3259 3755 3559 3832; x_wconf 88' lang='lat' dir='ltr'>abundare</span> 
     </span>
    </p>
   </div>
   <div class='ocr_carea' id='block_1_84' title="bbox 1895 3857 3561 3929">
    <p class='ocr_par' dir='ltr' id='par_1_84' title="bbox 1895 3857 3561 3929">
     <span class='ocr_line' id='line_1_84' title="bbox 1895 3857 3561 3929; baseline 0.006 -17"><span class='ocrx_word' id='word_1_636' title='bbox 1895 3858 1966 3913; x_wconf 92' lang='lat' dir='ltr'>de</span> <span class='ocrx_word' id='word_1_637' title='bbox 1997 3859 2219 3914; x_wconf 88' lang='lat' dir='ltr'>divitiis</span> <span class='ocrx_word' id='word_1_638' title='bbox 2242 3857 2425 3929; x_wconf 84' lang='lat' dir='ltr'>hujus</span> <span class='ocrx_word' id='word_1_639' title='bbox 2448 3860 2668 3914; x_wconf 93' lang='lat' dir='ltr'>mundi.</span> <span class='ocrx_word' id='word_1_640' title='bbox 2692 3860 2857 3925; x_wconf 89' lang='lat' dir='ltr'>Quod</span> <span class='ocrx_word' id='word_1_641' title='bbox 2881 3863 2933 3917; x_wconf 90' lang='lat' dir='ltr'>si</span> <span class='ocrx_word' id='word_1_642' title='bbox 2958 3878 3159 3918; x_wconf 89' lang='lat' dir='ltr'>comes</span> <span class='ocrx_word' id='word_1_643' title='bbox 3191 3869 3247 3919; x_wconf 90' lang='lat' dir='ltr'>et</span> <span class='ocrx_word' id='word_1_644' title='bbox 3277 3864 3561 3922; x_wconf 89' lang='lat' dir='ltr'>defensor</span> 
     </span>
    </p>
   </div>
   <div class='ocr_carea' id='block_1_85' title="bbox 1894 3946 3563 4020">
    <p class='ocr_par' dir='ltr' id='par_1_85' title="bbox 1894 3946 3563 4020">
     <span class='ocr_line' id='line_1_85' title="bbox 1894 3946 3563 4020; baseline 0.006 -20"><span class='ocrx_word' id='word_1_645' title='bbox 1894 3946 2008 4001; x_wconf 92' lang='lat' dir='ltr'>loci</span> <span class='ocrx_word' id='word_1_646' title='bbox 2040 3947 2223 4002; x_wconf 90' lang='lat' dir='ltr'>vestri</span> <span class='ocrx_word' id='word_1_647' title='bbox 2256 3948 2439 4002; x_wconf 90' lang='lat' dir='ltr'>sciret</span> <span class='ocrx_word' id='word_1_648' title='bbox 2459 3964 2568 4001; x_wconf 73' lang='lat' dir='ltr'>vos</span> <span class='ocrx_word' id='word_1_649' title='bbox 2593 3948 2731 4002; x_wconf 88' lang='lat' dir='ltr'>tanti</span> <span class='ocrx_word' id='word_1_650' title='bbox 2756 3949 3076 4020; x_wconf 87' lang='lat' dir='ltr'>debitores,</span> <span class='ocrx_word' id='word_1_651' title='bbox 3104 3969 3219 4007; x_wconf 90' lang='lat' dir='ltr'>non</span> <span class='ocrx_word' id='word_1_652' title='bbox 3246 3954 3476 4009; x_wconf 68' lang='grc' dir='ltr'>ωε.ιίωο</span> <span class='ocrx_word' id='word_1_653' title='bbox 3502 3958 3563 4010; x_wconf 84' lang='lat' dir='ltr'>ut</span> 
     </span>
    </p>
   </div>
   <div class='ocr_carea' id='block_1_86' title="bbox 1896 4035 3560 4111">
    <p class='ocr_par' dir='ltr' id='par_1_86' title="bbox 1896 4035 3560 4111">
     <span class='ocr_line' id='line_1_86' title="bbox 1896 4035 3560 4111; baseline 0.005 -23"><span class='ocrx_word' id='word_1_654' title='bbox 1896 4036 2090 4107; x_wconf 90' lang='lat' dir='ltr'>aliquo</span> <span class='ocrx_word' id='word_1_655' title='bbox 2115 4035 2285 4090; x_wconf 92' lang='lat' dir='ltr'>modo</span> <span class='ocrx_word' id='word_1_656' title='bbox 2308 4035 2549 4089; x_wconf 85' lang='lat' dir='ltr'>auderet</span> <span class='ocrx_word' id='word_1_657' title='bbox 2572 4036 2743 4090; x_wconf 85' lang='lat' dir='ltr'>vobis</span> <span class='ocrx_word' id='word_1_658' title='bbox 2775 4038 3145 4107; x_wconf 90' lang='lat' dir='ltr'>importunus</span> <span class='ocrx_word' id='word_1_659' title='bbox 3177 4055 3336 4111; x_wconf 89' lang='lat' dir='ltr'>esse,</span> <span class='ocrx_word' id='word_1_660' title='bbox 3363 4049 3439 4111; x_wconf 87' lang='lat' dir='ltr'>et,</span> <span class='ocrx_word' id='word_1_661' title='bbox 3465 4060 3560 4097; x_wconf 85' lang='lat' dir='ltr'>ac-</span> 
     </span>
    </p>
   </div>
   <div class='ocr_carea' id='block_1_87' title="bbox 1896 4123 3560 4200">
    <p class='ocr_par' dir='ltr' id='par_1_87' title="bbox 1896 4123 3560 4200">
     <span class='ocr_line' id='line_1_87' title="bbox 1896 4123 3560 4200; baseline 0.003 -22"><span class='ocrx_word' id='word_1_662' title='bbox 1896 4124 2137 4178; x_wconf 89' lang='lat' dir='ltr'>cedente</span> <span class='ocrx_word' id='word_1_663' title='bbox 2169 4124 2281 4194; x_wconf 89' lang='lat' dir='ltr'>piae</span> <span class='ocrx_word' id='word_1_664' title='bbox 2312 4128 2368 4177; x_wconf 90' lang='lat' dir='ltr'>et</span> <span class='ocrx_word' id='word_1_665' title='bbox 2400 4123 2698 4195; x_wconf 79' lang='lat' dir='ltr'>religiosae</span> <span class='ocrx_word' id='word_1_666' title='bbox 2746 4125 3026 4198; x_wconf 75' lang='lat' dir='ltr'>conjugis</span> <span class='ocrx_word' id='word_1_667' title='bbox 3059 4131 3471 4200; x_wconf 88' lang='lat' dir='ltr'>suggestione,</span> <span class='ocrx_word' id='word_1_668' title='bbox 3506 4132 3560 4185; x_wconf 90' lang='lat' dir='ltr'>si</span> 
     </span>
    </p>
   </div>
   <div class='ocr_carea' id='block_1_88' title="bbox 1896 4211 3560 4283">
    <p class='ocr_par' dir='ltr' id='par_1_88' title="bbox 1896 4211 3560 4283">
     <span class='ocr_line' id='line_1_88' title="bbox 1896 4211 3560 4283; baseline 0.004 -17"><span class='ocrx_word' id='word_1_669' title='bbox 1896 4211 2038 4266; x_wconf 90' lang='lat' dir='ltr'>nihil</span> <span class='ocrx_word' id='word_1_670' title='bbox 2071 4212 2236 4266; x_wconf 89' lang='lat' dir='ltr'>daret</span> <span class='ocrx_word' id='word_1_671' title='bbox 2264 4211 2458 4281; x_wconf 91' lang='lat' dir='ltr'>vobis,</span> <span class='ocrx_word' id='word_1_672' title='bbox 2476 4211 2620 4265; x_wconf 88' lang='lat' dir='ltr'>nihil</span> <span class='ocrx_word' id='word_1_673' title='bbox 2643 4213 2815 4266; x_wconf 90' lang='lat' dir='ltr'>etiam</span> <span class='ocrx_word' id='word_1_674' title='bbox 2839 4214 3153 4283; x_wconf 88' lang='lat' dir='ltr'>acciperet.</span> <span class='ocrx_word' id='word_1_675' title='bbox 3173 4216 3345 4270; x_wconf 84' lang='lat' dir='ltr'>Absit</span> <span class='ocrx_word' id='word_1_676' title='bbox 3365 4223 3560 4272; x_wconf 90' lang='lat' dir='ltr'>autem</span> 
     </span>
    </p>
   </div>
   <div class='ocr_carea' id='block_1_89' title="bbox 1894 4299 3559 4375">
    <p class='ocr_par' dir='ltr' id='par_1_89' title="bbox 1894 4299 3559 4375">
     <span class='ocr_line' id='line_1_89' title="bbox 1894 4299 3559 4375; baseline 0.004 -22"><span class='ocrx_word' id='word_1_677' title='bbox 1894 4303 1955 4353; x_wconf 91' lang='lat' dir='ltr'>ut</span> <span class='ocrx_word' id='word_1_678' title='bbox 1984 4300 2299 4372; x_wconf 90' lang='lat' dir='ltr'>quisquam</span> <span class='ocrx_word' id='word_1_679' title='bbox 2340 4299 2539 4354; x_wconf 88' lang='lat' dir='ltr'>credat</span> <span class='ocrx_word' id='word_1_680' title='bbox 2581 4301 2767 4354; x_wconf 91' lang='lat' dir='ltr'>Deum</span> <span class='ocrx_word' id='word_1_681' title='bbox 2811 4317 2949 4356; x_wconf 91' lang='lat' dir='ltr'>esse</span> <span class='ocrx_word' id='word_1_682' title='bbox 2999 4301 3276 4372; x_wconf 91' lang='lat' dir='ltr'>localem,</span> <span class='ocrx_word' id='word_1_683' title='bbox 3309 4308 3372 4358; x_wconf 92' lang='lat' dir='ltr'>ut</span> <span class='ocrx_word' id='word_1_684' title='bbox 3402 4304 3559 4375; x_wconf 89' lang='lat' dir='ltr'>quod</span> 
     </span>
    </p>
   </div>
   <div class='ocr_carea' id='block_1_90' title="bbox 1894 4388 3559 4459">
    <p class='ocr_par' dir='ltr' id='par_1_90' title="bbox 1894 4388 3559 4459">
     <span class='ocr_line' id='line_1_90' title="bbox 1894 4388 3559 4459; baseline 0.004 -17"><span class='ocrx_word' id='word_1_685' title='bbox 1894 4388 2032 4443; x_wconf 89' lang='lat' dir='ltr'>facit</span> <span class='ocrx_word' id='word_1_686' title='bbox 2053 4389 2112 4443; x_wconf 89' lang='lat' dir='ltr'>in</span> <span class='ocrx_word' id='word_1_687' title='bbox 2134 4388 2382 4443; x_wconf 87' lang='lat' dir='ltr'>Francia</span> <span class='ocrx_word' id='word_1_688' title='bbox 2406 4404 2524 4443; x_wconf 91' lang='lat' dir='ltr'>non</span> <span class='ocrx_word' id='word_1_689' title='bbox 2545 4391 2719 4443; x_wconf 89' lang='lat' dir='ltr'>etiam</span> <span class='ocrx_word' id='word_1_690' title='bbox 2742 4389 2939 4444; x_wconf 89' lang='lat' dir='ltr'>facere</span> <span class='ocrx_word' id='word_1_691' title='bbox 2961 4392 3155 4459; x_wconf 89' lang='lat' dir='ltr'>possit</span> <span class='ocrx_word' id='word_1_692' title='bbox 3176 4392 3234 4446; x_wconf 91' lang='lat' dir='ltr'>in</span> <span class='ocrx_word' id='word_1_693' title='bbox 3255 4393 3559 4448; x_wconf 84' lang='lat' dir='ltr'>territorio</span> 
     </span>
    </p>
   </div>
   <div class='ocr_carea' id='block_1_91' title="bbox 1894 4476 3556 4552">
    <p class='ocr_par' dir='ltr' id='par_1_91' title="bbox 1894 4476 3556 4552">
     <span class='ocr_line' id='line_1_91' title="bbox 1894 4476 3556 4552; baseline 0.002 -20"><span class='ocrx_word' id='word_1_694' title='bbox 1894 4476 2191 4546; x_wconf 88' lang='lat' dir='ltr'>Spirensi!</span> <span class='ocrx_word' id='word_1_695' title='bbox 2228 4478 2476 4531; x_wconf 90' lang='lat' dir='ltr'>Tantum</span> <span class='ocrx_word' id='word_1_696' title='bbox 2507 4477 2642 4549; x_wconf 92' lang='lat' dir='ltr'>ejus</span> <span class='ocrx_word' id='word_1_697' title='bbox 2673 4479 3084 4533; x_wconf 89' lang='lat' dir='ltr'>misericordia</span> <span class='ocrx_word' id='word_1_698' title='bbox 3118 4482 3196 4534; x_wconf 93' lang='lat' dir='ltr'>sit</span> <span class='ocrx_word' id='word_1_699' title='bbox 3223 4481 3556 4552; x_wconf 88' lang='lat' dir='ltr'>vobiscum,</span> 
     </span>
    </p>
   </div>
   <div class='ocr_carea' id='block_1_92' title="bbox 127 4564 3560 4643">
    <p class='ocr_par' dir='ltr' id='par_1_92' title="bbox 127 4564 3560 4643">
     <span class='ocr_line' id='line_1_92' title="bbox 127 4564 3560 4643; baseline 0.002 -26"><span class='ocrx_word' id='word_1_700' title='bbox 127 4564 311 4623; x_wconf 87' lang='lat' dir='ltr'>Patres</span> <span class='ocrx_word' id='word_1_701' title='bbox 342 4571 672 4639; x_wconf 87' lang='lat' dir='ltr'>invenitur,</span> <span class='ocrx_word' id='word_1_702' title='bbox 706 4571 862 4641; x_wconf 91' lang='lat' dir='ltr'>quod</span> <span class='ocrx_word' id='word_1_703' title='bbox 886 4571 1067 4626; x_wconf 91' lang='lat' dir='ltr'>semel</span> <span class='ocrx_word' id='word_1_704' title='bbox 1091 4572 1355 4643; x_wconf 81' lang='lat' dir='ltr'>ingressi</span> <span class='ocrx_word' id='word_1_705' title='bbox 1377 4572 1686 4641; x_wconf 87' lang='lat' dir='ltr'>coquinam</span> <span class='ocrx_word' id='word_1_706' title='bbox 1710 4571 1780 4624; x_wconf 92' lang='lat' dir='ltr'>de</span> <span class='ocrx_word' id='word_1_707' title='bbox 1808 4570 1857 4630; x_wconf 90' lang='lat' dir='ltr'><strong>D</strong></span> <span class='ocrx_word' id='word_1_708' title='bbox 1896 4569 1954 4620; x_wconf 89' lang='lat' dir='ltr'>ut</span> <span class='ocrx_word' id='word_1_709' title='bbox 1984 4566 2111 4637; x_wconf 92' lang='lat' dir='ltr'>ipse</span> <span class='ocrx_word' id='word_1_710' title='bbox 2144 4567 2244 4637; x_wconf 91' lang='lat' dir='ltr'>qui</span> <span class='ocrx_word' id='word_1_711' title='bbox 2272 4566 2482 4636; x_wconf 91' lang='lat' dir='ltr'>probat</span> <span class='ocrx_word' id='word_1_712' title='bbox 2508 4581 2686 4621; x_wconf 90' lang='lat' dir='ltr'>renes</span> <span class='ocrx_word' id='word_1_713' title='bbox 2725 4572 2784 4622; x_wconf 87' lang='lat' dir='ltr'>et</span> <span class='ocrx_word' id='word_1_714' title='bbox 2825 4569 3001 4622; x_wconf 85' lang='lat' dir='ltr'>corda</span> <span class='ocrx_word' id='word_1_715' title='bbox 3032 4568 3128 4623; x_wconf 87' lang='lat' dir='ltr'>hic</span> <span class='ocrx_word' id='word_1_716' title='bbox 3160 4570 3334 4624; x_wconf 89' lang='lat' dir='ltr'>etiam</span> <span class='ocrx_word' id='word_1_717' title='bbox 3364 4570 3560 4625; x_wconf 87' lang='lat' dir='ltr'>videat</span> 
     </span>
    </p>
   </div>
   <div class='ocr_carea' id='block_1_93' title="bbox 128 4658 1780 4730">
    <p class='ocr_par' dir='ltr' id='par_1_93' title="bbox 128 4658 1780 4730">
     <span class='ocr_line' id='line_1_93' title="bbox 128 4658 1780 4730; baseline 0.001 -21"><span class='ocrx_word' id='word_1_718' title='bbox 128 4660 323 4713; x_wconf 74' lang='lat' dir='ltr'>caetero</span> <span class='ocrx_word' id='word_1_719' title='bbox 356 4661 418 4714; x_wconf 91' lang='lat' dir='ltr'>in</span> <span class='ocrx_word' id='word_1_720' title='bbox 448 4658 660 4713; x_wconf 87' lang='lat' dir='ltr'>eadem</span> <span class='ocrx_word' id='word_1_721' title='bbox 708 4659 1039 4714; x_wconf 87' lang='lat' dir='ltr'>obedientia</span> <span class='ocrx_word' id='word_1_722' title='bbox 1084 4660 1570 4730; x_wconf 89' lang='lat' dir='ltr'>perduraverunt.</span> <span class='ocrx_word' id='word_1_723' title='bbox 1620 4660 1694 4712; x_wconf 86' lang='lat' dir='ltr'>At</span> <span class='ocrx_word' id='word_1_724' title='bbox 1729 4660 1780 4711; x_wconf 90' lang='lat' dir='ltr'>si</span> 
     </span>
    </p>
   </div>
   <div class='ocr_carea' id='block_1_94' title="bbox 125 4744 1783 4815">
    <p class='ocr_par' dir='ltr' id='par_1_94' title="bbox 125 4744 1783 4815">
     <span class='ocr_line' id='line_1_94' title="bbox 125 4744 1783 4815; baseline 0.003 -19"><span class='ocrx_word' id='word_1_725' title='bbox 125 4744 245 4812; x_wconf 89' lang='lat' dir='ltr'>quis</span> <span class='ocrx_word' id='word_1_726' title='bbox 273 4746 531 4803; x_wconf 84' lang='lat' dir='ltr'>fratrum</span> <span class='ocrx_word' id='word_1_727' title='bbox 565 4746 872 4815; x_wconf 86' lang='lat' dir='ltr'>fortassis,</span> <span class='ocrx_word' id='word_1_728' title='bbox 906 4749 1079 4802; x_wconf 89' lang='lat' dir='ltr'>talem</span> <span class='ocrx_word' id='word_1_729' title='bbox 1110 4764 1227 4803; x_wconf 88' lang='lat' dir='ltr'>non</span> <span class='ocrx_word' id='word_1_730' title='bbox 1260 4748 1485 4803; x_wconf 90' lang='lat' dir='ltr'>habens</span> <span class='ocrx_word' id='word_1_731' title='bbox 1517 4748 1693 4803; x_wconf 81' lang='lat' dir='ltr'>fidem</span> <span class='ocrx_word' id='word_1_732' title='bbox 1723 4751 1783 4802; x_wconf 89' lang='lat' dir='ltr'>ut</span> 
     </span>
    </p>
   </div>
   <div class='ocr_carea' id='block_1_95' title="bbox 128 4835 1779 4905">
    <p class='ocr_par' dir='ltr' id='par_1_95' title="bbox 128 4835 1779 4905">
     <span class='ocr_line' id='line_1_95' title="bbox 128 4835 1779 4905; baseline 0.004 -23"><span class='ocrx_word' id='word_1_733' title='bbox 128 4839 336 4890; x_wconf 88' lang='lat' dir='ltr'>montes</span> <span class='ocrx_word' id='word_1_734' title='bbox 366 4836 668 4891; x_wconf 83' lang='lat' dir='ltr'>tranferat</span> <span class='ocrx_word' id='word_1_735' title='bbox 699 4836 766 4901; x_wconf 90' lang='grc' dir='ltr'>(Ι.</span> <span class='ocrx_word' id='word_1_736' title='bbox 821 4835 956 4890; x_wconf 80' lang='lat' dir='ltr'>Cor.</span> <span class='ocrx_word' id='word_1_737' title='bbox 1006 4838 1126 4905; x_wconf 77' lang='lat' dir='ltr'>xu),</span> <span class='ocrx_word' id='word_1_738' title='bbox 1181 4841 1457 4891; x_wconf 92' lang='lat' dir='ltr'>causatur</span> <span class='ocrx_word' id='word_1_739' title='bbox 1496 4851 1611 4890; x_wconf 92' lang='lat' dir='ltr'>non</span> <span class='ocrx_word' id='word_1_740' title='bbox 1641 4851 1779 4889; x_wconf 89' lang='lat' dir='ltr'>esse</span> 
     </span>
    </p>
   </div>
   <div class='ocr_carea' id='block_1_96' title="bbox 128 4920 1782 4995">
    <p class='ocr_par' dir='ltr' id='par_1_96' title="bbox 128 4920 1782 4995">
     <span class='ocr_line' id='line_1_96' title="bbox 128 4920 1782 4995; baseline 0.002 -22"><span class='ocrx_word' id='word_1_741' title='bbox 128 4920 279 4977; x_wconf 78' lang='lat' dir='ltr'>vobis</span> <span class='ocrx_word' id='word_1_742' title='bbox 307 4926 511 4980; x_wconf 88' lang='lat' dir='ltr'>tantas</span> <span class='ocrx_word' id='word_1_743' title='bbox 545 4939 690 4995; x_wconf 83' lang='lat' dir='ltr'>Opes</span> <span class='ocrx_word' id='word_1_744' title='bbox 722 4928 783 4978; x_wconf 90' lang='lat' dir='ltr'>ut</span> <span class='ocrx_word' id='word_1_745' title='bbox 809 4927 1003 4979; x_wconf 88' lang='lat' dir='ltr'>tantos</span> <span class='ocrx_word' id='word_1_746' title='bbox 1035 4925 1360 4979; x_wconf 90' lang='lat' dir='ltr'>monachos</span> <span class='ocrx_word' id='word_1_747' title='bbox 1389 4925 1657 4995; x_wconf 83' lang='lat' dir='ltr'>expediat</span> <span class='ocrx_word' id='word_1_748' title='bbox 1685 4939 1782 4995; x_wconf 86' lang='lat' dir='ltr'>ag-</span> 
     </span>
    </p>
   </div>
   <div class='ocr_carea' id='block_1_97' title="bbox 129 5012 1780 5084">
    <p class='ocr_par' dir='ltr' id='par_1_97' title="bbox 129 5012 1780 5084">
     <span class='ocr_line' id='line_1_97' title="bbox 129 5012 1780 5084; baseline 0 -18"><span class='ocrx_word' id='word_1_749' title='bbox 129 5022 382 5081; x_wconf 72' lang='lat' dir='ltr'>gregare,</span> <span class='ocrx_word' id='word_1_750' title='bbox 416 5013 620 5067; x_wconf 88' lang='lat' dir='ltr'>videte</span> <span class='ocrx_word' id='word_1_751' title='bbox 650 5012 790 5083; x_wconf 90' lang='lat' dir='ltr'>quid</span> <span class='ocrx_word' id='word_1_752' title='bbox 822 5013 983 5067; x_wconf 92' lang='lat' dir='ltr'>Deus</span> <span class='ocrx_word' id='word_1_753' title='bbox 1014 5013 1189 5067; x_wconf 90' lang='lat' dir='ltr'>faciat</span> <span class='ocrx_word' id='word_1_754' title='bbox 1208 5014 1279 5068; x_wconf 91' lang='lat' dir='ltr'>de</span> <span class='ocrx_word' id='word_1_755' title='bbox 1302 5013 1553 5084; x_wconf 89' lang='lat' dir='ltr'>quodam</span> <span class='ocrx_word' id='word_1_756' title='bbox 1576 5016 1780 5067; x_wconf 88' lang='lat' dir='ltr'>nostro</span> 
     </span>
    </p>
   </div>
   <div class='ocr_carea' id='block_1_98' title="bbox 128 5092 1781 5171">
    <p class='ocr_par' dir='ltr' id='par_1_98' title="bbox 128 5092 1781 5171">
     <span class='ocr_line' id='line_1_98' title="bbox 128 5092 1781 5171; baseline 0.004 -23"><span class='ocrx_word' id='word_1_757' title='bbox 128 5092 383 5161; x_wconf 84' lang='lat' dir='ltr'>Gerardo.</span> <span class='ocrx_word' id='word_1_758' title='bbox 415 5105 558 5156; x_wconf 80' lang='lat' dir='ltr'>nato</span> <span class='ocrx_word' id='word_1_759' title='bbox 580 5101 816 5171; x_wconf 89' lang='lat' dir='ltr'>quidem</span> <span class='ocrx_word' id='word_1_760' title='bbox 841 5102 912 5155; x_wconf 91' lang='lat' dir='ltr'>de</span> <span class='ocrx_word' id='word_1_761' title='bbox 931 5101 1148 5156; x_wconf 90' lang='lat' dir='ltr'>talibus</span> <span class='ocrx_word' id='word_1_762' title='bbox 1170 5102 1512 5171; x_wconf 90' lang='lat' dir='ltr'>parentibus</span> <span class='ocrx_word' id='word_1_763' title='bbox 1535 5101 1635 5170; x_wconf 90' lang='lat' dir='ltr'>qui</span> <span class='ocrx_word' id='word_1_764' title='bbox 1665 5117 1781 5155; x_wconf 91' lang='lat' dir='ltr'>non</span> 
     </span>
    </p>
   </div>
   <div class='ocr_carea' id='block_1_99' title="bbox 128 5190 1781 5260">
    <p class='ocr_par' dir='ltr' id='par_1_99' title="bbox 128 5190 1781 5260">
     <span class='ocr_line' id='line_1_99' title="bbox 128 5190 1781 5260; baseline 0.005 -26"><span class='ocrx_word' id='word_1_765' title='bbox 128 5191 273 5241; x_wconf 87' lang='lat' dir='ltr'>erant</span> <span class='ocrx_word' id='word_1_766' title='bbox 304 5191 766 5259; x_wconf 58' lang='lat' dir='ltr'>quummaxime:</span> <span class='ocrx_word' id='word_1_767' title='bbox 812 5191 1155 5257; x_wconf 85' lang='lat' dir='ltr'>nobilitatis,</span> <span class='ocrx_word' id='word_1_768' title='bbox 1204 5191 1275 5244; x_wconf 88' lang='lat' dir='ltr'>de</span> <span class='ocrx_word' id='word_1_769' title='bbox 1304 5190 1514 5244; x_wconf 86' lang='lat' dir='ltr'>litteris</span> <span class='ocrx_word' id='word_1_770' title='bbox 1547 5205 1781 5260; x_wconf 88' lang='lat' dir='ltr'>quoque</span> 
     </span>
    </p>
   </div>
   <div class='ocr_carea' id='block_1_100' title="bbox 127 5277 1778 5348">
    <p class='ocr_par' dir='ltr' id='par_1_100' title="bbox 127 5277 1778 5348">
     <span class='ocr_line' id='line_1_100' title="bbox 127 5277 1778 5348; baseline 0.005 -25"><span class='ocrx_word' id='word_1_771' title='bbox 127 5285 227 5326; x_wconf 91' lang='lat' dir='ltr'>non</span> <span class='ocrx_word' id='word_1_772' title='bbox 255 5277 403 5331; x_wconf 88' lang='lat' dir='ltr'>adeo</span> <span class='ocrx_word' id='word_1_773' title='bbox 435 5277 664 5332; x_wconf 89' lang='lat' dir='ltr'>imbuto</span> <span class='ocrx_word' id='word_1_774' title='bbox 698 5284 759 5333; x_wconf 88' lang='lat' dir='ltr'>ut</span> <span class='ocrx_word' id='word_1_775' title='bbox 790 5294 908 5333; x_wconf 90' lang='lat' dir='ltr'>non</span> <span class='ocrx_word' id='word_1_776' title='bbox 938 5279 1098 5333; x_wconf 88' lang='lat' dir='ltr'>multi</span> <span class='ocrx_word' id='word_1_777' title='bbox 1152 5279 1270 5333; x_wconf 90' lang='lat' dir='ltr'>sint</span> <span class='ocrx_word' id='word_1_778' title='bbox 1308 5280 1406 5332; x_wconf 87' lang='lat' dir='ltr'>illo</span> <span class='ocrx_word' id='word_1_779' title='bbox 1442 5279 1778 5348; x_wconf 81' lang='lat' dir='ltr'>doctiores;</span> 
     </span>
    </p>
   </div>
   <div class='ocr_carea' id='block_1_101' title="bbox 128 5362 1781 5438">
    <p class='ocr_par' dir='ltr' id='par_1_101' title="bbox 128 5362 1781 5438">
     <span class='ocr_line' id='line_1_101' title="bbox 128 5362 1781 5438; baseline 0.004 -25"><span class='ocrx_word' id='word_1_780' title='bbox 128 5362 221 5415; x_wconf 86' lang='lat' dir='ltr'>sed</span> <span class='ocrx_word' id='word_1_781' title='bbox 248 5363 438 5436; x_wconf 85' lang='lat' dir='ltr'>hujus</span> <span class='ocrx_word' id='word_1_782' title='bbox 471 5365 609 5420; x_wconf 86' lang='lat' dir='ltr'>ﬁdei</span> <span class='ocrx_word' id='word_1_783' title='bbox 641 5367 937 5422; x_wconf 87' lang='lat' dir='ltr'>hominem</span> <span class='ocrx_word' id='word_1_784' title='bbox 968 5383 1083 5422; x_wconf 90' lang='lat' dir='ltr'>non</span> <span class='ocrx_word' id='word_1_785' title='bbox 1118 5382 1440 5438; x_wconf 81' lang='lat' dir='ltr'>cognosco.</span> <span class='ocrx_word' id='word_1_786' title='bbox 1474 5367 1600 5421; x_wconf 89' lang='lat' dir='ltr'>Nec</span> <span class='ocrx_word' id='word_1_787' title='bbox 1624 5366 1781 5421; x_wconf 78' lang='lat' dir='ltr'>aesti-</span> 
     </span>
    </p>
   </div>
   <div class='ocr_carea' id='block_1_102' title="bbox 127 5453 1777 5528">
    <p class='ocr_par' dir='ltr' id='par_1_102' title="bbox 127 5453 1777 5528">
     <span class='ocr_line' id='line_1_102' title="bbox 127 5453 1777 5528; baseline 0.004 -26"><span class='ocrx_word' id='word_1_788' title='bbox 127 5454 393 5505; x_wconf 86' lang='lat' dir='ltr'>maverim</span> <span class='ocrx_word' id='word_1_789' title='bbox 430 5453 605 5509; x_wconf 88' lang='lat' dir='ltr'>facile</span> <span class='ocrx_word' id='word_1_790' title='bbox 626 5471 810 5525; x_wconf 88' lang='lat' dir='ltr'>posse</span> <span class='ocrx_word' id='word_1_791' title='bbox 831 5455 1173 5528; x_wconf 88' lang='lat' dir='ltr'>contingere</span> <span class='ocrx_word' id='word_1_792' title='bbox 1193 5454 1389 5526; x_wconf 80' lang='lat' dir='ltr'>majus</span> <span class='ocrx_word' id='word_1_793' title='bbox 1411 5455 1777 5527; x_wconf 73' lang='lat' dir='ltr'>miraculum,</span> 
     </span>
    </p>
   </div>
   <div class='ocr_carea' id='block_1_103' title="bbox 127 5542 1779 5616">
    <p class='ocr_par' dir='ltr' id='par_1_103' title="bbox 127 5542 1779 5616">
     <span class='ocr_line' id='line_1_103' title="bbox 127 5542 1779 5616; baseline 0.004 -23"><span class='ocrx_word' id='word_1_794' title='bbox 127 5551 286 5607; x_wconf 80' lang='lat' dir='ltr'>quam</span> <span class='ocrx_word' id='word_1_795' title='bbox 313 5542 484 5613; x_wconf 88' lang='lat' dir='ltr'>quod</span> <span class='ocrx_word' id='word_1_796' title='bbox 522 5542 677 5599; x_wconf 90' lang='lat' dir='ltr'>Deus</span> <span class='ocrx_word' id='word_1_797' title='bbox 706 5558 811 5613; x_wconf 89' lang='lat' dir='ltr'>per</span> <span class='ocrx_word' id='word_1_798' title='bbox 840 5543 1003 5599; x_wconf 90' lang='lat' dir='ltr'>illum</span> <span class='ocrx_word' id='word_1_799' title='bbox 1027 5543 1254 5616; x_wconf 86' lang='lat' dir='ltr'>jugiter</span> <span class='ocrx_word' id='word_1_800' title='bbox 1283 5547 1577 5615; x_wconf 90' lang='lat' dir='ltr'>operatur.</span> <span class='ocrx_word' id='word_1_801' title='bbox 1612 5544 1779 5599; x_wconf 87' lang='lat' dir='ltr'>Non—</span> 
     </span>
    </p>
   </div>
   <div class='ocr_carea' id='block_1_104' title="bbox 129 5623 1777 5706">
    <p class='ocr_par' dir='ltr' id='par_1_104' title="bbox 129 5623 1777 5706">
     <span class='ocr_line' id='line_1_104' title="bbox 129 5623 1777 5706; baseline 0.005 -26"><span class='ocrx_word' id='word_1_802' title='bbox 129 5623 249 5683; x_wconf 88' lang='lat' dir='ltr'>dum</span> <span class='ocrx_word' id='word_1_803' title='bbox 278 5634 601 5703; x_wconf 35' lang='lat' dir='ltr'>est.annus</span> <span class='ocrx_word' id='word_1_804' title='bbox 629 5633 999 5705; x_wconf 86' lang='lat' dir='ltr'>trigesimus,</span> <span class='ocrx_word' id='word_1_805' title='bbox 1033 5650 1105 5688; x_wconf 83' lang='lat' dir='ltr'>ex</span> <span class='ocrx_word' id='word_1_806' title='bbox 1133 5648 1249 5705; x_wconf 90' lang='lat' dir='ltr'>quo</span> <span class='ocrx_word' id='word_1_807' title='bbox 1272 5634 1331 5688; x_wconf 90' lang='lat' dir='ltr'>in</span> <span class='ocrx_word' id='word_1_808' title='bbox 1354 5633 1484 5703; x_wconf 89' lang='lat' dir='ltr'>ipso</span> <span class='ocrx_word' id='word_1_809' title='bbox 1504 5645 1657 5706; x_wconf 87' lang='lat' dir='ltr'>pago</span> <span class='ocrx_word' id='word_1_810' title='bbox 1679 5648 1777 5688; x_wconf 89' lang='lat' dir='ltr'>na-</span> 
     </span>
    </p>
   </div>
   <div class='ocr_carea' id='block_1_105' title="bbox 1893 4654 3672 4739">
    <p class='ocr_par' dir='ltr' id='par_1_105' title="bbox 1893 4654 3672 4739">
     <span class='ocr_line' id='line_1_105' title="bbox 1893 4654 3672 4739; baseline 0.003 -30"><span class='ocrx_word' id='word_1_811' title='bbox 1893 4669 1960 4709; x_wconf 88' lang='lat' dir='ltr'>ea</span> <span class='ocrx_word' id='word_1_812' title='bbox 1990 4654 2106 4709; x_wconf 91' lang='lat' dir='ltr'>sibi</span> <span class='ocrx_word' id='word_1_813' title='bbox 2140 4654 2511 4724; x_wconf 89' lang='lat' dir='ltr'>simplicitate</span> <span class='ocrx_word' id='word_1_814' title='bbox 2558 4658 2615 4709; x_wconf 92' lang='lat' dir='ltr'>et</span> <span class='ocrx_word' id='word_1_815' title='bbox 2664 4671 2781 4710; x_wconf 90' lang='lat' dir='ltr'>non</span> <span class='ocrx_word' id='word_1_816' title='bbox 2826 4656 3050 4712; x_wconf 91' lang='lat' dir='ltr'>minore</span> <span class='ocrx_word' id='word_1_817' title='bbox 3096 4659 3289 4714; x_wconf 90' lang='lat' dir='ltr'>studio</span> <span class='ocrx_word' id='word_1_818' title='bbox 3321 4659 3393 4713; x_wconf 85' lang='lat' dir='ltr'>ad</span> <span class='ocrx_word' id='word_1_819' title='bbox 3424 4658 3558 4729; x_wconf 84' lang='lat' dir='ltr'>ejus</span> <span class='ocrx_word' id='word_1_820' title='bbox 3666 4733 3672 4739; x_wconf 28' lang='grc' dir='ltr'><strong>Ι</strong></span> 
     </span>
    </p>
   </div>
   <div class='ocr_carea' id='block_1_106' title="bbox 1893 4742 2987 4814">
    <p class='ocr_par' dir='ltr' id='par_1_106' title="bbox 1893 4742 2987 4814">
     <span class='ocr_line' id='line_1_106' title="bbox 1893 4742 2987 4814; baseline 0.005 -19"><span class='ocrx_word' id='word_1_821' title='bbox 1893 4742 2252 4797; x_wconf 88' lang='lat' dir='ltr'>voluntatem</span> <span class='ocrx_word' id='word_1_822' title='bbox 2282 4747 2340 4797; x_wconf 93' lang='lat' dir='ltr'>et</span> <span class='ocrx_word' id='word_1_823' title='bbox 2372 4747 2666 4814; x_wconf 86' lang='lat' dir='ltr'>praecepta</span> <span class='ocrx_word' id='word_1_824' title='bbox 2696 4744 2987 4800; x_wconf 90' lang='lat' dir='ltr'>obaudiri.</span> 
     </span>
    </p>
   </div>
   <div class='ocr_carea' id='block_1_107' title="bbox 1962 4831 3556 4904">
    <p class='ocr_par' dir='ltr' id='par_1_107' title="bbox 1962 4831 3556 4904">
     <span class='ocr_line' id='line_1_107' title="bbox 1962 4831 3556 4904; baseline 0.003 -19"><span class='ocrx_word' id='word_1_825' title='bbox 1962 4832 2126 4896; x_wconf 88' lang='lat' dir='ltr'>Quod</span> <span class='ocrx_word' id='word_1_826' title='bbox 2173 4831 2441 4901; x_wconf 87' lang='lat' dir='ltr'>parvitati</span> <span class='ocrx_word' id='word_1_827' title='bbox 2489 4848 2635 4886; x_wconf 65' lang='lat' dir='ltr'>meae</span> <span class='ocrx_word' id='word_1_828' title='bbox 2682 4831 3065 4904; x_wconf 84' lang='lat' dir='ltr'>injunxistis,</span> <span class='ocrx_word' id='word_1_829' title='bbox 3108 4834 3179 4888; x_wconf 91' lang='lat' dir='ltr'>de</span> <span class='ocrx_word' id='word_1_830' title='bbox 3210 4834 3323 4889; x_wconf 90' lang='lat' dir='ltr'>hoc</span> <span class='ocrx_word' id='word_1_831' title='bbox 3352 4835 3556 4890; x_wconf 88' lang='lat' dir='ltr'>videre</span> 
     </span>
    </p>
   </div>
   <div class='ocr_carea' id='block_1_108' title="bbox 1894 4920 3557 4992">
    <p class='ocr_par' dir='ltr' id='par_1_108' title="bbox 1894 4920 3557 4992">
     <span class='ocr_line' id='line_1_108' title="bbox 1894 4920 3557 4992; baseline 0.002 -18"><span class='ocrx_word' id='word_1_832' title='bbox 1894 4920 2142 4990; x_wconf 88' lang='lat' dir='ltr'>potestis</span> <span class='ocrx_word' id='word_1_833' title='bbox 2174 4935 2267 4974; x_wconf 91' lang='lat' dir='ltr'>me</span> <span class='ocrx_word' id='word_1_834' title='bbox 2299 4936 2415 4975; x_wconf 89' lang='lat' dir='ltr'>non</span> <span class='ocrx_word' id='word_1_835' title='bbox 2446 4920 2637 4976; x_wconf 90' lang='lat' dir='ltr'>fuisse</span> <span class='ocrx_word' id='word_1_836' title='bbox 2668 4921 3099 4992; x_wconf 87' lang='lat' dir='ltr'>negligentem;</span> <span class='ocrx_word' id='word_1_837' title='bbox 3132 4922 3365 4978; x_wconf 90' lang='lat' dir='ltr'>habetis</span> <span class='ocrx_word' id='word_1_838' title='bbox 3397 4924 3557 4978; x_wconf 90' lang='lat' dir='ltr'>enim</span> 
     </span>
    </p>
   </div>
   <div class='ocr_carea' id='block_1_109' title="bbox 1894 5008 3557 5080">
    <p class='ocr_par' dir='ltr' id='par_1_109' title="bbox 1894 5008 3557 5080">
     <span class='ocr_line' id='line_1_109' title="bbox 1894 5008 3557 5080; baseline 0.003 -18"><span class='ocrx_word' id='word_1_839' title='bbox 1894 5008 2355 5063; x_wconf 89' lang='lat' dir='ltr'>consuetudines</span> <span class='ocrx_word' id='word_1_840' title='bbox 2386 5009 2729 5063; x_wconf 90' lang='lat' dir='ltr'>monasterii</span> <span class='ocrx_word' id='word_1_841' title='bbox 2758 5009 2966 5078; x_wconf 88' lang='lat' dir='ltr'>nostri,</span> <span class='ocrx_word' id='word_1_842' title='bbox 2991 5025 3140 5080; x_wconf 92' lang='lat' dir='ltr'>quas</span> <span class='ocrx_word' id='word_1_843' title='bbox 3163 5011 3441 5067; x_wconf 86' lang='lat' dir='ltr'>collectas</span> <span class='ocrx_word' id='word_1_844' title='bbox 3474 5015 3557 5067; x_wconf 86' lang='lat' dir='ltr'>ut-</span> 
     </span>
    </p>
   </div>
   <div class='ocr_carea' id='block_1_110' title="bbox 1895 5098 3553 5168">
    <p class='ocr_par' dir='ltr' id='par_1_110' title="bbox 1895 5098 3553 5168">
     <span class='ocr_line' id='line_1_110' title="bbox 1895 5098 3553 5168; baseline 0.002 -18"><span class='ocrx_word' id='word_1_845' title='bbox 1895 5112 2126 5168; x_wconf 89' lang='lat' dir='ltr'>cunque</span> <span class='ocrx_word' id='word_1_846' title='bbox 2166 5098 2391 5165; x_wconf 91' lang='lat' dir='ltr'>notavi,</span> <span class='ocrx_word' id='word_1_847' title='bbox 2428 5101 2707 5167; x_wconf 91' lang='lat' dir='ltr'>quantum</span> <span class='ocrx_word' id='word_1_848' title='bbox 2736 5112 2850 5168; x_wconf 90' lang='lat' dir='ltr'>ego</span> <span class='ocrx_word' id='word_1_849' title='bbox 2880 5100 3039 5151; x_wconf 88' lang='lat' dir='ltr'>scire</span> <span class='ocrx_word' id='word_1_850' title='bbox 3068 5100 3230 5167; x_wconf 91' lang='lat' dir='ltr'>potui</span> <span class='ocrx_word' id='word_1_851' title='bbox 3257 5102 3316 5154; x_wconf 87' lang='lat' dir='ltr'>et</span> <span class='ocrx_word' id='word_1_852' title='bbox 3346 5114 3553 5156; x_wconf 89' lang='lat' dir='ltr'>recor-</span> 
     </span>
    </p>
   </div>
   <div class='ocr_carea' id='block_1_111' title="bbox 1894 5184 3553 5258">
    <p class='ocr_par' dir='ltr' id='par_1_111' title="bbox 1894 5184 3553 5258">
     <span class='ocr_line' id='line_1_111' title="bbox 1894 5184 3553 5258; baseline 0.004 -21"><span class='ocrx_word' id='word_1_853' title='bbox 1894 5184 2038 5238; x_wconf 87' lang='lat' dir='ltr'>dari.</span> <span class='ocrx_word' id='word_1_854' title='bbox 2054 5184 2280 5249; x_wconf 90' lang='lat' dir='ltr'>Quibus</span> <span class='ocrx_word' id='word_1_855' title='bbox 2295 5185 2478 5240; x_wconf 87' lang='lat' dir='ltr'>semel</span> <span class='ocrx_word' id='word_1_856' title='bbox 2500 5186 2668 5254; x_wconf 90' lang='lat' dir='ltr'>visis,</span> <span class='ocrx_word' id='word_1_857' title='bbox 2687 5187 2737 5238; x_wconf 91' lang='lat' dir='ltr'>si</span> <span class='ocrx_word' id='word_1_858' title='bbox 2754 5188 2959 5254; x_wconf 89' lang='lat' dir='ltr'>postea</span> <span class='ocrx_word' id='word_1_859' title='bbox 2982 5186 3238 5241; x_wconf 86' lang='lat' dir='ltr'>schedas</span> <span class='ocrx_word' id='word_1_860' title='bbox 3258 5188 3553 5258; x_wconf 88' lang='lat' dir='ltr'>deponitis</span> 
     </span>
    </p>
   </div>
   <div class='ocr_carea' id='block_1_112' title="bbox 1891 5272 3553 5344">
    <p class='ocr_par' dir='ltr' id='par_1_112' title="bbox 1891 5272 3553 5344">
     <span class='ocr_line' id='line_1_112' title="bbox 1891 5272 3553 5344; baseline 0.004 -18"><span class='ocrx_word' id='word_1_861' title='bbox 1891 5279 1947 5327; x_wconf 90' lang='lat' dir='ltr'>et</span> <span class='ocrx_word' id='word_1_862' title='bbox 1978 5274 2049 5328; x_wconf 88' lang='lat' dir='ltr'>de</span> <span class='ocrx_word' id='word_1_863' title='bbox 2080 5279 2294 5329; x_wconf 86' lang='lat' dir='ltr'>caetero</span> <span class='ocrx_word' id='word_1_864' title='bbox 2337 5291 2452 5329; x_wconf 90' lang='lat' dir='ltr'>non</span> <span class='ocrx_word' id='word_1_865' title='bbox 2503 5273 2807 5341; x_wconf 89' lang='lat' dir='ltr'>curabitis,</span> <span class='ocrx_word' id='word_1_866' title='bbox 2855 5272 2927 5327; x_wconf 92' lang='lat' dir='ltr'>ad</span> <span class='ocrx_word' id='word_1_867' title='bbox 2973 5274 3114 5344; x_wconf 87' lang='lat' dir='ltr'>quid</span> <span class='ocrx_word' id='word_1_868' title='bbox 3161 5278 3299 5330; x_wconf 89' lang='lat' dir='ltr'>tunc</span> <span class='ocrx_word' id='word_1_869' title='bbox 3332 5280 3553 5332; x_wconf 87' lang='lat' dir='ltr'>tantum</span> 
     </span>
    </p>
   </div>
   <div class='ocr_carea' id='block_1_113' title="bbox 1892 5359 3551 5436">
    <p class='ocr_par' dir='ltr' id='par_1_113' title="bbox 1892 5359 3551 5436">
     <span class='ocr_line' id='line_1_113' title="bbox 1892 5359 3551 5436; baseline 0.004 -22"><span class='ocrx_word' id='word_1_870' title='bbox 1892 5362 2032 5415; x_wconf 89' lang='lat' dir='ltr'>mihi</span> <span class='ocrx_word' id='word_1_871' title='bbox 2054 5363 2275 5417; x_wconf 89' lang='lat' dir='ltr'>laboris</span> <span class='ocrx_word' id='word_1_872' title='bbox 2297 5362 2713 5432; x_wconf 84' lang='lat' dir='ltr'>imposuistis?</span> <span class='ocrx_word' id='word_1_873' title='bbox 2741 5359 2908 5426; x_wconf 89' lang='lat' dir='ltr'>Quod</span> <span class='ocrx_word' id='word_1_874' title='bbox 2938 5378 3010 5417; x_wconf 90' lang='lat' dir='ltr'>ne</span> <span class='ocrx_word' id='word_1_875' title='bbox 3041 5365 3315 5436; x_wconf 89' lang='lat' dir='ltr'>tacerem,</span> <span class='ocrx_word' id='word_1_876' title='bbox 3341 5367 3412 5419; x_wconf 90' lang='lat' dir='ltr'>ad</span> <span class='ocrx_word' id='word_1_877' title='bbox 3438 5366 3551 5422; x_wconf 91' lang='lat' dir='ltr'>hoc</span> 
     </span>
    </p>
   </div>
   <div class='ocr_carea' id='block_1_114' title="bbox 1890 5451 3551 5525">
    <p class='ocr_par' dir='ltr' id='par_1_114' title="bbox 1890 5451 3551 5525">
     <span class='ocr_line' id='line_1_114' title="bbox 1890 5451 3551 5525; baseline 0.003 -21"><span class='ocrx_word' id='word_1_878' title='bbox 1890 5462 1983 5505; x_wconf 86' lang='lat' dir='ltr'>me</span> <span class='ocrx_word' id='word_1_879' title='bbox 2014 5451 2292 5521; x_wconf 89' lang='lat' dir='ltr'>compulit</span> <span class='ocrx_word' id='word_1_880' title='bbox 2316 5452 2581 5522; x_wconf 64' lang='lat' dir='ltr'>,aliorum</span> <span class='ocrx_word' id='word_1_881' title='bbox 2629 5451 3019 5522; x_wconf 86' lang='lat' dir='ltr'>negligentia,</span> <span class='ocrx_word' id='word_1_882' title='bbox 3069 5468 3221 5523; x_wconf 89' lang='lat' dir='ltr'>quos</span> <span class='ocrx_word' id='word_1_883' title='bbox 3251 5454 3312 5508; x_wconf 92' lang='lat' dir='ltr'>in</span> <span class='ocrx_word' id='word_1_884' title='bbox 3342 5456 3551 5525; x_wconf 89' lang='lat' dir='ltr'>primis</span> 
     </span>
    </p>
   </div>
   <div class='ocr_carea' id='block_1_115' title="bbox 1891 5538 3549 5615">
    <p class='ocr_par' dir='ltr' id='par_1_115' title="bbox 1891 5538 3549 5615">
     <span class='ocr_line' id='line_1_115' title="bbox 1891 5538 3549 5615; baseline 0.004 -22"><span class='ocrx_word' id='word_1_885' title='bbox 1891 5540 2136 5594; x_wconf 88' lang='lat' dir='ltr'>multum</span> <span class='ocrx_word' id='word_1_886' title='bbox 2169 5539 2443 5594; x_wconf 90' lang='lat' dir='ltr'>curiosos</span> <span class='ocrx_word' id='word_1_887' title='bbox 2485 5539 2557 5593; x_wconf 89' lang='lat' dir='ltr'>ad</span> <span class='ocrx_word' id='word_1_888' title='bbox 2600 5538 2865 5595; x_wconf 89' lang='lat' dir='ltr'>ultimum</span> <span class='ocrx_word' id='word_1_889' title='bbox 2906 5540 2983 5593; x_wconf 87' lang='lat' dir='ltr'>ita</span> <span class='ocrx_word' id='word_1_890' title='bbox 3021 5539 3243 5596; x_wconf 87' lang='lat' dir='ltr'>fecisse</span> <span class='ocrx_word' id='word_1_891' title='bbox 3274 5544 3549 5615; x_wconf 90' lang='lat' dir='ltr'>cognovi.</span> 
     </span>
    </p>
   </div>
   <div class='ocr_carea' id='block_1_116' title="bbox 1890 5629 3549 5706">
    <p class='ocr_par' dir='ltr' id='par_1_116' title="bbox 1890 5629 3549 5706">
     <span class='ocr_line' id='line_1_116' title="bbox 1890 5629 3549 5706; baseline 0.002 -22"><span class='ocrx_word' id='word_1_892' title='bbox 1890 5630 2180 5702; x_wconf 90' lang='lat' dir='ltr'>Pleraque</span> <span class='ocrx_word' id='word_1_893' title='bbox 2202 5632 2358 5700; x_wconf 84' lang='lat' dir='ltr'>sunt,</span> <span class='ocrx_word' id='word_1_894' title='bbox 2386 5644 2518 5700; x_wconf 84' lang='lat' dir='ltr'>quae</span> <span class='ocrx_word' id='word_1_895' title='bbox 2548 5630 2789 5700; x_wconf 90' lang='lat' dir='ltr'>propter</span> <span class='ocrx_word' id='word_1_896' title='bbox 2811 5629 3291 5706; x_wconf 86' lang='lat' dir='ltr'>consequentiam</span> <span class='ocrx_word' id='word_1_897' title='bbox 3314 5632 3452 5706; x_wconf 85' lang='lat' dir='ltr'>dixi,</span> <span class='ocrx_word' id='word_1_898' title='bbox 3478 5630 3549 5695; x_wconf 82' lang='lat' dir='ltr'>de</span> 
     </span>
    </p>
   </div>
  </div>
