3956 6176
520 287 640 350 639

519 488 747 555 Quibus
778 503 895 543 non
924 489 1016 542 est
1045 497 1298 540 necesse
1326 487 1392 539 ut
1421 483 1635 539 mentio
1675 478 1774 538 fiat
1803 483 1861 538 in
1891 486 2183 539 conventu

519 576 786 633 fratrum.
808 576 892 631 De
922 575 1019 629 his
1050 576 1244 629 autem
1266 572 1339 628 de
1368 571 1586 644 quibus
1618 571 1902 627 aediﬁcari
1930 575 2184 643 possunt

520 666 731 721 animae
762 667 820 720 et
847 664 1209 719 incrementa
1256 661 1385 716 fieri
1432 660 1805 730 meritorum,
1848 661 1919 716 de
1964 661 2059 716 his
2094 665 2181 720 tu.

520 753 712 822 Pater,
747 751 996 807 habebis
1028 766 1162 806 cum
1191 749 1476 806 fratribus
1509 748 1897 805 collationem.
1918 751 2183 821 Perpen-

518 840 658 897 dant
677 856 823 895 suas
842 841 1111 911 antiquas
1134 837 1615 907 consuetudines,
1639 839 2004 909 perpendant
2025 842 2179 907 tuas,

520 944 654 983 cum
674 929 893 1000 quibus
914 930 970 983 te
992 928 1206 982 nutriri
1236 926 1514 998 contigit;
1543 927 1909 997 perpendant
1932 930 1989 982 et
2008 928 2180 997 istas,

519 1018 575 1071 et
605 1014 677 1070 de
709 1014 984 1071 omnibus
1032 1029 1166 1085 quae
1213 1013 1457 1068 meliora
1503 1012 1809 1083 videntur,
1843 1014 1914 1068 de
1960 1013 2054 1068 his
2086 1013 2185 1070 ﬂat

518 1119 700 1158 unum
741 1118 959 1174 corpus
987 1101 1148 1173 quod
1191 1101 1264 1156 de
1311 1103 1527 1156 emt-ero
1558 1103 1843 1156 teneatur.
1886 1101 1958 1157 Et
1987 1102 2040 1157 si
2072 1103 2184 1157 hoc

518 1192 777 1248 volueris
809 1206 948 1247 esse
981 1194 1201 1261 ratum,
1248 1190 1485 1261 expedit
1514 1193 1577 1245 ut
1607 1191 1903 1246 communi
1936 1190 2182 1247 fratrum

517 1296 819 1337 consensu
847 1280 1265 1351 prmveniatur,
1297 1293 1371 1334 ne
1401 1277 1560 1350 quod
1590 1278 1727 1333 inde
1764 1317 1778 1331 .
1828 1318 1841 1331 .
1891 1320 1905 1332 .
1946 1282 2045 1335 aut
2071 1280 2183 1334 ali-

515 1368 655 1440 quid
679 1383 799 1425 non
829 1369 1002 1425 bonae
1031 1368 1349 1424 voluntatis
1367 1367 1560 1438 possit
1589 1367 1753 1423 oriri.
1771 1367 1841 1421 Et
1859 1368 1996 1439 quia
2022 1368 2182 1425 Deus

515 1457 822 1528 imperavit
850 1458 1064 1513 domno
1099 1456 1165 1512 P.
1199 1457 1300 1528 qui
1332 1458 1595 1511 moratur
1623 1455 1799 1511 modo
1830 1456 2177 1524 nobiscum,

514 1561 633 1602 non
662 1549 756 1602 est
781 1546 889 1602 abs
912 1560 976 1602 re
999 1546 1196 1600 virum
1215 1543 1401 1617 hujus
1425 1544 1714 1613 scientiae,
1731 1544 2033 1616 hujusque
2053 1545 2182 1602 reli-

514 1635 732 1708 gionis,
765 1635 904 1691 huic
935 1634 1174 1707 negotio
1206 1634 1521 1703 interesse,
1546 1636 1622 1701 et,
1653 1632 1706 1687 si
1734 1649 1847 1705 ego
1880 1632 2177 1704 adessem,

514 1737 709 1780 meum
756 1737 992 1795 quoque
1020 1736 1236 1779 nomen
1266 1736 1382 1777 non
1412 1724 1645 1792 paterer
1675 1722 1870 1777 omnia
1916 1720 2000 1795 [η
2051 1738 2178 1778 om-

513 1810 684 1884 nino]
705 1811 905 1876 celari,
930 1810 1203 1882 quamvis
1224 1809 1415 1865 adhuc
1438 1809 1767 1880 neophytus
1789 1825 1929 1865 esse
1951 1811 2175 1868 videar.

584 1898 926 1955 Memineris
945 1902 1136 1954 autem
1157 1898 1315 1970 quod
1331 1899 1388 1952 in
1407 1897 1557 1969 ipsis
1579 1898 1780 1954 verbis
1802 1913 1935 1971 quas
1956 1901 2174 1969 notavi,

514 2001 627 2042 nos
649 1986 801 2042 duos
818 1987 896 2041 ita
918 1985 1033 2041 feci
1050 1985 1475 2058 colloquentes,
1493 1984 1649 2057 quia,
1667 1985 1721 2040 si
1741 1986 1981 2057 recolis,
1998 1987 2178 2044 multa

514 2089 724 2131 sumus
746 2075 820 2129 ad
842 2074 1096 2130 invicem
1120 2074 1255 2130 inde
1282 2071 1483 2130 locuti.
1517 2073 1589 2129 Et
1610 2074 1662 2128 si
1684 2073 1826 2145 quid
1843 2074 2049 2130 videor
2070 2075 2175 2131 ad-

513 2162 762 2231 didisse,
780 2162 893 2218 hoc
914 2176 1150 2235 quoque
1181 2177 1297 2219 non
1337 2162 1453 2218 nisi
1493 2177 1562 2218 os
1592 2165 1756 2217 tuum
1779 2165 1836 2218 et
1856 2165 1952 2217 tua
1975 2162 2177 2236 lingua

511 2251 713 2322 edidit,
739 2252 875 2324 quia
907 2267 1025 2307 non
1056 2251 1231 2307 modo
1260 2251 1462 2325 lingua
1488 2254 1715 2322 nostra,
1741 2250 1849 2307 sed
1876 2253 2034 2307 totus
2066 2267 2179 2326 ego

511 2355 645 2396 sum
674 2345 833 2411 tuus,
866 2344 928 2397 ut
958 2356 1076 2397 non
1106 2340 1296 2396 dicam
1335 2341 1493 2412 quod
1520 2340 1800 2397 Christus
1831 2340 1908 2395 ita
1940 2355 2050 2397 nos
2081 2339 2181 2397 foe-

510 2429 741 2484 deravit
771 2430 832 2485 in
861 2430 1080 2486 unitate
1111 2429 1397 2501 Spiritus,
1444 2429 1504 2485 in
1546 2444 1663 2486 uno
1711 2445 1989 2502 corpore,
2021 2431 2179 2503 quod

508 2521 602 2574 est
631 2515 921 2586 Ecclesia,
947 2517 1061 2573 sub
1092 2532 1209 2574 uno
1232 2518 1441 2588 capite,
1466 2517 1622 2588 quod
1653 2521 1747 2573 est
1776 2518 1925 2588 ipse.
1960 2517 2179 2573 Verum

509 2620 765 2675 persona
814 2620 942 2661 mea
988 2620 1125 2661 cum
1173 2605 1252 2661 sit
1292 2604 1488 2661 tenuis
1533 2608 1589 2660 et
1633 2606 1921 2676 obscura,
1964 2620 2177 2663 nomen

1487 281 1896 346 UDALRICI
1944 244 2556 347 CLUNIACENSIS
2602 283 2996 347 MONACHI

3745 294 3830 360 640

2211 466 2261 527 Α
2288 480 2626 551 barbarum,
2651 482 2842 555 stylus
2873 485 3155 556 agrestis,
3198 485 3485 559 indignum
3513 490 3633 544 mihi
3657 492 3833 548 videba-

2288 572 2383 626 tur
2426 574 2488 626 ut
2534 570 2880 644 hujusmodi
2922 573 3179 629 nominis
3210 589 3452 646 unquam
3493 579 3831 647 meminissem,

2289 662 2385 713 aut
2427 657 2606 713 ullam
2648 658 3084 729 prmfationem,
3131 663 3195 715 ut
3240 662 3411 717 moris
3455 667 3562 731 est,
3590 668 3835 735 praetitula-

2286 759 2432 799 rem.
2456 742 2738 809 Quamvis
2770 749 2894 800 tres
2927 746 3045 800 sint
3072 750 3266 816 partes
3297 749 3475 819 ipsius
3504 751 3835 823 qualiscunque

2288 831 2652 903 collectanei,
2676 833 2896 904 quibus
2928 834 3187 906 singulis
3217 835 3499 893 clausulas
3524 838 3728 909 aliquas,
3745 853 3836 910 quae

2285 921 2637 990 prommium
2655 921 2952 991 simulant,
2991 923 3512 995 praemisi,propter
3543 928 3592 980 te
3630 927 3832 997 maxime,

2288 1008 2557 1081 aliosque
2587 1009 2802 1065 fratres
2834 1015 3100 1081 nostros,
3145 1011 3205 1066 in
3232 1012 3441 1083 quibus
3469 1013 3605 1069 bona
3630 1030 3736 1087 quae
3757 1017 3838 1071 vidi

2290 1098 2557 1168 exempla
2588 1098 2842 1154 libenter
2869 1098 3121 1154 reticere
3150 1113 3267 1155 non
3296 1101 3467 1171 potui.

2358 1187 2506 1242 Pars
2536 1189 2729 1242 autem
2759 1188 2949 1259 prima
2992 1190 3083 1244 est
3126 1189 3198 1243 de
3247 1204 3418 1258 opere
3445 1188 3638 1259 divino,
3666 1192 3840 1263 etquod

2288 1277 2538 1331 maxime
2568 1276 2633 1330 fit
2661 1276 2721 1331 in
2753 1273 3021 1332 Ecclesia
3046 1293 3154 1348 per
3181 1293 3393 1335 annum
3422 1278 3750 1347 universum;
3773 1293 3840 1333 se-

2289 1365 2499 1433 cunda,
2543 1364 2613 1419 de
2658 1364 2986 1420 eruditione
3027 1366 3419 1433 novitiorum;
3464 1368 3631 1429 tertia,
3661 1367 3719 1421 de
3741 1366 3841 1421 obe-

2288 1453 2546 1521 dientiis,
2581 1453 2800 1525 quibus
2823 1456 2878 1509 et
2900 1454 3100 1509 ultima
3123 1443 3449 1510 obedientia
3476 1458 3559 1509 est
3584 1454 3841 1525 subjuncta.

2286 1557 2402 1613 qua
2430 1542 2700 1614 iquisque
2750 1543 2997 1599 fratrum
3044 1543 3118 1598 ab
3163 1544 3275 1599 hoc
3319 1545 3529 1599 saeculo
3568 1544 3844 1615 migraturus

2286 1634 2532 1687 vocatur
2558 1630 2632 1685 ad
2662 1628 2986 1686 Christum.

2356 1718 2492 1775 Sola
2539 1718 2791 1789 capitula
2848 1720 3217 1793 singularum
3280 1721 3666 1776 sententiarum
3704 1720 3846 1775 curavi

2285 1811 2616 1879 praenotare
2647 1813 2892 1879 propter
2912 1809 3217 1865 utilitatem
3249 1809 3573 1883 legenlium,
3601 1813 3654 1864 ut
3678 1806 3846 1862 facilius

2205 1908 2259 1972 Β
2287 1897 2445 1969 quod
2495 1897 2750 1969 quisque
2796 1896 3077 1968 voluerit,
3123 1900 3318 1969 possit
3359 1898 3621 1959 invenire.
3648 1896 3847 1953 Sanctam

2285 1984 2505 2041 Christi
2535 1984 2844 2055 familiam,
2889 1986 2984 2044 cui
3029 2002 3299 2058 prmesse
3342 1988 3578 2057 videris,
3610 1986 3846 2057 plurimum

2283 2073 2502 2145 saluto,
2537 2078 2594 2131 et
2633 2089 2778 2144 non,
2810 2079 2872 2130 ut
2913 2075 3132 2146 fertur,
3164 2077 3225 2131 in
3256 2077 3384 2145 via,
3416 2076 3517 2132 sed
3545 2090 3665 2131 vere
3688 2076 3790 2129 voto
3810 2075 3847 2127 et

2282 2162 2582 2219 desiderio
2628 2164 2841 2220 salutis
2898 2166 3168 2235 aeternae,
3220 2179 3396 2237 quam
3451 2167 3536 2221 eis
3586 2162 3847 2219 fidelissime

2282 2254 2438 2324 opto.
2471 2250 2820 2323 Specialiter
2847 2257 3042 2313 autem
3073 2230 3371 2325 speciales
3401 2268 3616 2327 quoque
3641 2264 3846 2307 necessa-
3924 2230 3925 2279 ἶ

2281 2341 2406 2396 rios
2434 2341 2744 2413 parvitatis
2776 2356 2944 2412 mem,
2976 2341 3206 2398 scilicet
3236 2343 3393 2399 dom.
3427 2347 3481 2399 et
3511 2354 3647 2414 mag.
3674 2343 3715 2395 Α
3738 2339 3844 2393 dom.

2279 2429 2341 2486 S.
2374 2431 2530 2487 dom.
2554 2428 2621 2486 Ο.
2654 2431 2810 2486 dom.
2831 2430 2899 2486 G.
2924 2433 2982 2486 et
3012 2431 3206 2487 adhuc
3238 2435 3502 2504 tyronem
3530 2429 3718 2485 Christi
3738 2427 3846 2482 dom.
3924 2422 3925 2437 ‘

2280 2517 2347 2575 E.
2381 2518 2576 2575 Gratia
2608 2519 2711 2576 Dei
2744 2519 3161 2590 omnipotentis
3186 2520 3265 2575 sit
3287 2532 3419 2576 cum
3443 2519 3688 2576 omnibus
3711 2515 3846 2571 vobis.
3924 2524 3925 2581 ξ

2282 2609 2487 2664 Amen.

1609 2881 2083 3013 INDEX
2160 2882 2852 3015 GAPI'I‘UM

682 3161 1076 3222 INCIPIUNT
1114 3161 1392 3219 CAPITA
1430 3161 1734 3218 LIBELLI
1770 3161 1988 3219 PRIMI

503 3271 645 3329 CAP.
717 3271 763 3328 Ι.
834 3271 921 3328 De
978 3286 1047 3328 eo
1100 3268 1380 3343 quomodo
1443 3267 1877 3326 Testamentum
1934 3268 2172 3342 legatur

577 3368 902 3434 utrumque.

504 3448 572 3504 II.
607 3449 696 3505 De
724 3447 1035 3504 nocturnis
1064 3451 1124 3502 et
1155 3446 1324 3502 horis
1361 3444 1632 3501 omnibus
1660 3444 2083 3518 regularibus;
2113 3447 2170 3502 si

573 3535 715 3608 quid
746 3536 837 3592 eis
859 3535 995 3608 plus
1033 3534 1115 3590 sit
1158 3533 1422 3590 additum
1472 3550 1639 3606 quam
1680 3534 1829 3608 quod
1857 3534 1922 3592 S.
1957 3538 2168 3593 statuit

571 3624 957 3681 Benedictus.

501 3711 597 3768 III.
651 3711 742 3769 De
782 3710 1109 3784 psalmodia
1153 3728 1284 3785 qum
1325 3711 1477 3769 solet
1507 3711 1630 3768 dici
1671 3717 1807 3785 post
1851 3712 2167 3786 regulares

571 3801 770 3856 horas.

499 3886 596 3943 IV.
629 3886 719 3943 De
749 3902 816 3943 eo
849 3885 1061 3960 quibus
1090 3901 1169 3944 ex
1195 3889 1421 3959 causis,
1460 3894 1521 3944 et
1552 3887 1832 3962 quomodo
1853 3904 1969 3961 per
2004 3890 2167 3946 vices

563 3975 892 4049 psalmodia
930 3976 1247 4032 minuatur.

500 4063 569 4122 V.
601 4064 692 4121 De
720 4063 988 4121 collectis
1036 4071 1095 4122 et
1149 4065 1466 4122 versiculis
1494 4082 1621 4140 quas
1643 4065 2030 4140 psalmodiam
2061 4082 2161 4122 se-

568 4159 842 4227 quuntur,
877 4159 937 4210 et
966 4154 1297 4228 quantitate
1329 4155 1585 4211 letaniae.

496 4242 593 4297 VI.
627 4242 716 4299 De
744 4243 1061 4298 missarum
1095 4242 1424 4313 solemniis,
1459 4250 1519 4301 et
1550 4244 1576 4299 1
1612 4245 1686 4301 de
1716 4245 1941 4318 majore
1970 4245 2160 4302 Missa

565 4332 627 4385 in
654 4332 916 4403 privatis
947 4330 1180 4387 diebus.

495 4419 617 4475 VII.
649 4419 737 4474 De
768 4420 950 4475 missa
975 4435 1086 4491 pro
1116 4419 1436 4477 defunctis.

494 4507 641 4562 VIII.
676 4507 765 4563 De
794 4507 1018 4580 majore
1046 4509 1230 4563 missa
1259 4509 1322 4563 in
1351 4509 1681 4565 Dominicis
1710 4510 1941 4567 diebus.

491 4596 596 4652 IX.
630 4595 777 4650 Item
811 4595 885 4651 de
912 4596 1249 4651 matutinali
1277 4597 1460 4652 missa
1482 4599 1543 4651 in
1566 4598 1892 4654 Dominicis
1920 4599 2151 4656 diebus.

494 4685 564 4740 X.
599 4685 685 4739 De
707 4685 1096 4756 processione
1125 4684 1497 4740 Dominicah.

491 4772 592 4829 XI.
625 4772 713 4829 De
743 4773 1107 4828 diversitate
1137 4773 1594 4829 solemnitatum.

490 4862 616 4918 XII.
650 4862 737 4918 De
773 4862 945 4918 Csena
977 4862 1231 4918 Domini.

491 4951 643 5007 XIII.
679 4951 769 5008 De
798 4952 1063 5007 Parasce
1074 4967 1159 5007 ve.

490 5039 651 5093 XIV.
683 5040 771 5095 De
802 5040 1068 5096 Sabbato
1097 5046 1323 5095 sancto.

489 5126 616 5181 XV.
640 5128 730 5183 De
746 5129 872 5199 ipsa
888 5136 1056 5185 nocte
1076 5128 1172 5184 vel
1187 5129 1287 5184 die
1305 5128 1628 5185 Dominicec
1645 5130 2152 5189 Resurrectionis.

493 5212 648 5269 XVI.
681 5215 770 5270 De
813 5215 971 5271 feria
1018 5217 1080 5286 2,
1132 5222 1193 5273 et
1238 5216 1454 5273 diebus
1491 5216 1631 5272 aliis
1670 5219 1918 5291 majoris
1966 5221 2155 5292 septi-

562 5318 767 5357 manas.

489 5390 666 5445 XVII.
699 5389 788 5446 De
819 5398 1023 5447 octavo
1053 5392 1186 5449 dies
1213 5392 1485 5461 Paschae,
1522 5401 1582 5451 et
1618 5394 1896 5468 quomodo
1925 5395 2002 5453 ad
2032 5412 2153 5453 om-

561 5493 670 5534 nes
699 5478 880 5535 horas
910 5485 1183 5537 cantetur
1200 5480 1482 5539 Alleluia.

489 5566 695 5624 XVIII.
754 5567 839 5623 De
887 5568 989 5623 illa
1033 5568 1190 5627 feria
1228 5568 1283 5643 2,
1316 5578 1453 5644 post
1497 5577 1739 5628 octavas
1767 5572 2046 5646 Paschaa,
2096 5580 2155 5630 et

561 5657 712 5737 quod
742 5661 878 5714 tunc
905 5659 1196 5715 nonnullae
1220 5662 1679 5718 consuetudines
1707 5661 2080 5718 inchoantur.

2201 3161 2252 3223 (ἶ
2280 3177 2421 3235 CAP.
2455 3178 2609 3235 XIX.
2643 3178 2731 3235 De
2764 3181 2942 3237 tertia
2974 3182 3305 3254 septimana
3330 3190 3465 3256 post
3493 3180 3714 3247 Pascha,
3739 3173 3852 3232 etde
3924 3166 3925 3231 ξ

2351 3268 2595 3324 caeteris
2625 3283 2805 3341 usque
2834 3268 2911 3325 ad
2938 3271 3373 3328 Ascensionem
3406 3270 3640 3330 Domini.

2279 3356 2412 3412 XX.
2450 3356 2534 3412 De
2564 3338 3003 3416 festivitatibus
3039 3366 3383 3417 sanctorum
3431 3377 3550 3434 qum
3590 3357 3813 3415 eveniunt
3832 3364 3852 3401 ε

2348 3445 2585 3502 Pascha
2616 3462 2796 3521 usque
2824 3447 2900 3504 ad
2927 3447 3351 3507 Pentecosten.

2277 3534 2434 3591 XXI.
2469 3534 2557 3591 De
2586 3535 3036 3609 Rogationibus.

2279 3622 2458 3679 XXII.
2491 3623 2580 3681 De
2607 3625 2980 3682 Ascensione
3008 3626 3262 3682 Domini.

2278 3711 2490 3767 XXIII.
2522 3712 2612 3768 De
2648 3712 2851 3786 vigilia
2881 3713 3296 3771 Pentecostes.

2277 3800 2489 3856 XXIV.
2523 3801 2613 3857 De
2642 3802 2771 3874 ipso
2798 3802 2918 3872 die,
2952 3809 3013 3859 et
3043 3818 3109 3860 ea
3141 3821 3267 3877 quae
3290 3807 3559 3878 sequitur
3587 3800 3854 3874 septimana.
3924 3788 3925 3859 ξ

2272 3888 2458 3945 XXV.
2491 3889 2582 3946 De
2601 3896 2730 3947 octa
2742 3906 2810 3947 vo
2838 3892 2938 3948 die
2969 3891 3385 3949 Pentecostes.

2272 3976 2486 4034 XXVI.
2518 3978 2608 4035 De
2628 3981 2957 4052 septimana
2988 3986 3276 4054 sequente
3299 3988 3438 4053 post
3468 3986 3702 4038 octavas.

2268 4066 2505 4123 XXVII.
2515 4067 2635 4141 Dej
2639 4069 2697 4140 ej
2701 4069 2801 4123 uni
2804 4067 3102 4135 oQuatuor
3112 4069 3456 4143 Temporum
3468 4072 3529 4126 in
3540 4059 3855 4125 menseJunio.

2267 4155 2530 4211 XXVIII.
2548 4157 2632 4212 De
2653 4156 2834 4213 festis
2845 4157 2958 4213 SS.
2968 4163 3106 4230 post
3117 4158 3521 4216 Pentecosten
3539 4147 3855 4213 venientibus.
3924 4174 3925 4177 η

2266 4243 2484 4301 XXIX.
2521 4244 2608 4302 De
2634 4245 2883 4317 ieiuniis
2904 4262 3029 4318 quae
3052 4246 3274 4304 debent
3293 4247 3435 4304 fieri
3463 4248 3524 4302 in
3550 4248 3736 4303 aestate
3749 4235 3859 4293 feria
3924 4312 3925 4315 η

2265 4334 2461 4478 XXX}?
2604 4439 2785 4496 opere
2812 4439 3099 4479 manuum.

2266 4512 2480 4567 XXXI.
2500 4511 2586 4569 De
2600 4512 2770 4567 Domi
2776 4513 2904 4567 nica
2917 4511 2951 4567 3
2957 4512 3499 4584 postPentecosten
3513 4517 3570 4568 et
3581 4507 3857 4580 septimana.
3924 4500 3925 4503 “

2263 4600 2503 4656 XXXII.
2529 4599 2615 4655 De
2643 4600 2790 4655 Nati
2801 4601 2981 4655 vitate
3011 4599 3075 4655 S.
3105 4600 3354 4657 Joannis
3384 4602 3676 4673 Baptistae.

2181 4709 2236 4771 D
2262 4688 2532 4745 XXXIII.
2554 4688 2644 4744 De
2665 4688 2871 4744 Natali
2901 4686 3013 4744 SS.
3038 4695 3223 4761 apost.
3250 4689 3431 4744 Petri
3446 4694 3505 4745 et
3525 4682 3701 4742 Pauli.

2267 4776 2539 4832 XXXIV.
2564 4775 2654 4833 De
2680 4776 3089 4834 Translatione
3111 4777 3176 4833 S.
3201 4777 3538 4835 Benedicti.

2262 4866 2500 4921 XXXV.
2541 4865 2630 4922 De
2674 4864 3093 4924 benedictione
3133 4882 3378 4922 uvarum
3420 4872 3480 4922 et
3522 4865 3745 4920 aliorum
3769 4856 3860 4909 Iru-

2334 4961 2548 5010 ctuum.

2260 5043 2530 5099 XXXVI.
2565 5043 2653 5098 De
2683 5043 3103 5116 Assumptione
3133 5043 3198 5099 S.
3235 5043 3471 5099 Mariae.

2259 5132 2547 5188 XXXVII.
2580 5132 2668 5187 De
2699 5147 2767 5187 eo
2797 5132 2936 5206 quid
2966 5139 3241 5189 cantetur
3264 5135 3327 5188 in
3351 5127 3700 5206 Septembri.

2261 5220 2579 5276 XXXVIII.
2604 5221 2693 5277 De
2722 5222 3085 5278 exaltatioue
3117 5222 3181 5278 S.
3211 5223 3430 5279 crucis.

2261 5309 2532 5366 XXXIX.
2564 5310 2651 5366 De
2683 5325 2752 5366 eo
2794 5310 2944 5383 quod
2982 5310 3058 5366 ab
3098 5310 3303 5366 Idibus
3332 5303 3700 5381 Septembris
3725 5286 3865 5353 semel

2336 5399 2564 5454 comedi
2571 5406 2691 5453 tur.
3814 5466 3842 5473 __

2262 5484 2386 5541 XL.
2417 5485 2507 5541 De
2541 5484 3073 5542 consuetudinibus
3093 5502 3218 5560 quae
3238 5486 3529 5559 incipiunt
3564 5499 3595 5538 a
3634 5466 3865 5535 Kalendis

2336 5572 2617 5631 Octobris
2648 5590 2829 5648 usque
2860 5572 2936 5631 ad
2967 5574 3272 5632 Kalendas
3300 5571 3675 5633 Novembris.

2261 5663 2410 5719 XLI.
2447 5663 2535 5719 De
2566 5665 3032 5721 consuetunibus
3060 5666 3123 5720 in
3148 5663 3500 5723 Novembri.
