3956 6176
131 347 220 414 641
667 337 1266 404 CONSUETUDIN
1274 338 1370 401 ES
1408 337 2072 404 CLUNIACENSES.
2099 372 2175 386 —
2203 337 2470 403 INDEX
2493 339 2902 406 CAPITUM.
3388 346 3510 410 642

131 503 246 600 (ὶλρ.
277 541 438 598 XLII.
472 542 556 596 De
603 541 938 595 festivitate
987 539 1250 594 Omnium
1294 538 1407 592 SS.
1450 544 1507 592 et
1537 553 1733 592 recor-
1763 520 1810 580 Α
1843 537 1984 593 CAP.
2024 537 2243 592 XXIX.
2289 537 2378 593 De
2423 539 2886 596 hebdomadario
2925 550 3186 611 cantare,
3229 553 3286 599 et
3321 545 3394 600 de
3435 562 3505 600 eo

182 632 388 686 datioue
416 631 656 684 omnium
688 627 948 682 fidelium
980 627 1410 683 defunctorum.
1917 626 2015 700 qui
2043 631 2278 680 notatus
2309 631 2401 680 est
2430 625 2506 681 ad
2539 628 2968 696 invitatoriam,
3018 629 3115 684 vel
3142 631 3216 686 ad
3255 631 3506 704 aliquam

127 719 292 776 XLIII.
316 718 394 772 De
415 718 743 772 festivitate
757 717 820 771 S.
840 717 1112 785 Martini,
1131 721 1187 769 et
1208 715 1735 770 consuetudinibus
1912 713 2244 782 lectionem,
2285 713 2381 768 vel
2408 714 2642 786 aliquod
2669 718 3134 787 responsorium.

180 827 283 880 quae
312 817 436 861 tunc
465 806 828 860 inchoantur.
1840 802 2026 857 XXX.
2059 801 2148 857 De
2177 801 2491 858 sacerdote
2521 801 3006 860 hebdomadario.

124 896 293 952 XLIV.
324 895 405 950 De
432 895 708 950 Adventu
736 894 992 949 Domini.
1839 889 2052 945 XXXI.
2086 889 2175 945 De
2205 889 2583 960 subdiacono,
2616 897 2675 946 et
2715 891 2788 947 de
2819 893 3164 948 cantoribus
3194 897 3507 966 gradualis

122 985 264 1040 XLV.
294 984 374 1039 De
401 984 720 1054 septimana
734 983 959 1055 jejunii
995 981 1252 1047 Quatuor
1293 981 1652 1053 Temporum.
1917 978 2015 1034 vel
2039 977 2294 1043 alleluia,
2340 984 2397 1032 et
2437 986 2682 1034 tractus.

120 1071 282 1128 XLVI.
313 1071 394 1126 De
427 1071 646 1142 vigilia,
679 1078 738 1124 et
769 1070 843 1126 de
876 1070 974 1125 die
1011 1069 1252 1124 Natalis
1285 1069 1541 1124 Domini.
1838 1067 2084 1124 XXXII.
2126 1067 2215 1122 De
2245 1067 2514 1123 diacono.

118 1160 305 1215 XLVII.
351 1159 433 1214 De
462 1160 688 1214 octavis
729 1158 970 1214 Natalis
1001 1157 1255 1227 Domini,
1286 1165 1345 1212 et
1373 1157 1726 1230 Epiphania.
1836 1155 2108 1214 XXXIII.
2143 1155 2231 1211 De
2258 1155 2668 1212 servituribus
2717 1157 3004 1227 ecclesiae,
3041 1168 3098 1213 ct
3129 1160 3202 1214 de
3235 1161 3332 1215 his
3365 1177 3504 1232 quos

111 1246 318 1302 XLVIII.
348 1246 431 1301 De
459 1245 889 1302 Puriﬁcatione
902 1251 1124 1300 sancte
1157 1245 1390 1301 Mariae.
1907 1244 2264 1317 appellamus
2291 1245 2604 1300 ministros
2626 1245 2854 1311 altaris,

117 1335 283 1390 XLIX.
314 1334 396 1390 De
416 1334 884 1406 Septuagesima,
915 1340 973 1390 et
1009 1333 1522 1407 Quinquagesima.
1834 1333 2104 1388 XXXIV.
2139 1333 2226 1389 De
2256 1333 2482 1390 lectore
2513 1334 2588 1388 ad
2615 1350 2897 1389 mensam.

115 1426 164 1478 L.
197 1423 272 1478 De
298 1423 478 1494 capite
498 1422 721 1494 jejunii
761 1429 819 1478 et
855 1421 1340 1494 Quadragesima.
1833 1422 2074 1478 XXXV.
2108 1421 2196 1477 De
2229 1422 2406 1478 cocis.

113 1513 182 1567 LI.
203 1511 278 1567 De
305 1511 508 1567 diebus
534 1511 864 1567 Dominicis
907 1511 1407 1582 Quadragesimm.
1831 1511 2092 1568 XXXVI.
2128 1511 2216 1567 De
2249 1509 2604 1566 utensilibus
2623 1516 2901 1584 coquinae.

112 1600 204 1655 LII.
237 1601 314 1656 De
348 1600 602 1656 secunda
633 1600 791 1656 feria
825 1599 1326 1672 Quadragesimte.
1827 1600 2126 1657 XXXVII.
2161 1601 2249 1656 De
2305 1601 2403 1656 his
2435 1601 2532 1674 qui
2561 1601 2787 1656 faciunt
2812 1605 3171 1659 mandatum.

109 1865 199 1920 LV.
227 1865 304 1920 De
339 1865 778 1921 festivitatibus
808 1882 932 1938 quae
961 1867 1022 1920 in
1071 1865 1536 1938 Quadragesima
1578 1882 1671 1923 eve

1933 1849 2120 1907 efatio
2177 1852 2252 1907 de
2316 1850 2605 1907 electione
2660 1851 2928 1924 speciali,
2994 1859 3053 1908 et
3120 1853 3495 1910 ordinatione

159 1955 316 2010 aiunt.
820 1937 828 1938 ί
1314 1937 1325 1938 7

1314 1937 1325 1938 ί
1900 1939 2099 1996 domui
2133 1937 2404 2010 Hugouis
2434 1937 2689 1994 abbatis.

1826 2027 1967 2084 CAP.
2001 2026 2136 2082 IDe
2167 2025 2457 2082 electione
2488 2026 2744 2082 abbatis.

185 2087 544 2145 INCIPIUNT
581 2088 858 2144 ΟᾹΡῙΤΑ
899 2088 1206 2145 LIBELLI
1254 2089 1604 2147 SECUNDI'
1825 2115 1896 2172 II.
1931 2117 2020 2172 De
2047 2114 2323 2188 generali
2351 2114 2548 2171 officio
2577 2115 2776 2171 domui
2805 2115 3063 2173 abbatis.

103 2201 208 2257 Cu.
237 2201 274 2256 Ι.
305 2201 387 2258 De
415 2203 782 2264 diversitate
813 2205 1191 2262 novitiorum.
1822 2205 1924 2261 III.
1957 2205 2048 2261 De
2076 2204 2243 2278 culpa
2292 2205 2599 2276 graviore,
2640 2211 2700 2259 et
2739 2203 2813 2259 de
2843 2204 2983 2262 aliis
3008 2207 3338 2277 generibus
3368 2208 3492 2263 cul-

102 2290 152 2344 II.
188 2289 450 2358 Quomodo
479 2308 549 2348 se
581 2293 841 2349 habeant
870 2295 934 2349 in
966 2293 1117 2350 cella
1150 2296 1528 2352 novitiorum.
1885 2310 2116 2368 parum.

103 2377 172 2433 III.
197 2379 274 2435 De
297 2380 552 2447 silentio,
592 2387 653 2438 et
677 2383 739 2437 in
770 2381 982 2456 quibus
1003 2382 1282 2440 ofﬁcinis.
1821 2382 1919 2438 IV.
1953 2382 2044 2439 De
2075 2384 2285 2455 priore
2317 2382 2562 2454 majore.

102 2466 170 2522 IV.
197 2467 272 2524 De
298 2471 484 2542 signis
520 2469 822 2543 loquendi.
1821 2472 1889 2526 V.
1923 2471 2014 2528 De
2053 2471 2300 2527 decauis
2330 2471 2428 2542 qui
2458 2475 2596 2526 sunt
2633 2469 2906 2526 villarum
2937 2472 3308 2544 provisuros.

102 2555 150 2609 V.
181 2555 443 2621 Quomodo
465 2574 536 2616 se
565 2558 768 2614 frater
786 2559 843 2615 le
856 2567 949 2614 vet
977 2560 1053 2616 ad
1075 2568 1414 2617 nocturnos.
1821 2559 1916 2616 VI.
1975 2559 2064 2616 De
2092 2558 2401 2615 claustra]:
2429 2560 2657 2631 priore.

101 2642 250 2702 VI.De
283 2647 631 2704 excessibus
674 2663 784 2720 pro
829 2649 1042 2721 quibus
1079 2649 1142 2704 in
1181 2649 1436 2721 capitulo
1482 2654 1710 2707 veniam
1821 2648 1946 2703 VII.
1982 2648 2072 2704 De
2101 2646 2518 2704 circatoribus.

148 2738 290 2805 petit.
1820 2737 1970 2792 VIII.
2007 2735 2093 2793 De
2108 2737 2336 2810 pueris.
2377 2742 2436 2792 et
2467 2751 2667 2792 eorum
2699 2739 3031 2809 magistris.

101 2823 191 2877 VII.
222 2822 489 2889 Quomodo
518 2841 594 2881 se
621 2826 838 2881 habeat
865 2826 940 2882 ad
970 2827 1153 2882 horas
1179 2827 1514 2900 regulares.
1820 2825 1921 2882 IX.
1955 2825 2044 2882 De
2075 2825 2340 2882 custodia
2356 2825 2665 2898 juvenum.

103 2911 215 2966 \‘III.
247 2913 519 2978 Quomodo
540 2913 838 2970 laternam
859 2914 1116 2988 ligneam
1130 2923 1381 2987 portare
1398 2917 1614 2973 debeat
1637 2919 1712 2973 ad
1819 2915 1892 2970 X.
1927 2914 2016 2970 De
2041 2921 2419 2988 praecentore
2447 2920 2504 2970 et
2527 2917 2808 2970 armario.

151 3007 447 3060 nocturnos.
1821 3003 1922 3059 XI.
1954 3003 2044 3059 De
2075 3005 2428 3060 camerario.

98 3089 166 3143 IX.
191 3089 290 3155 Qua
318 3092 636 3166 disciplina
668 3093 1059 3149 recollocatus
1075 3095 1280 3166 jaceat
1309 3096 1370 3150 in
1404 3094 1578 3151 lecto.
1823 3091 1952 3147 XII.
1986 3091 2074 3148 De
2107 3093 2496 3164 apocrisiario

175 3178 432 3280 Quomodo
469 3189 687 3254 surgat
715 3197 903 3248 mane,
955 3182 1051 3238 vel
1086 3183 1226 3256 quid
1271 3184 1474 3239 statim
1505 3184 1706 3241 faciat.
1743 3217 1794 3280 ο
2011 3181 2100 3280 De
2139 3181 2546 3280 corporalibus
2576 3180 2914 3236 abluendis.

99 3265 152 3320 XI
179 3266 438 3333 Quomodo
463 3271 681 3328 sedeat
717 3270 814 3328 vel
845 3271 1102 3328 incedat.
1747 3265 1793 3280 ν
1820 3269 1974 3325 XIV.
2007 3269 2095 3325 De
2126 3269 2404 3342 reliquiis
2445 3275 2781 3325 sanctorum
2824 3269 3100 3340 quomodo
3123 3283 3486 3342 prosequan-

99 3354 192 3409 XII.
222 3355 490 3422 Quomodo
529 3361 733 3415 veniat
755 3360 830 3416 ad
868 3359 1320 3416 confessionem.
1899 3367 2014 3430 tur,
2046 3361 2179 3416 sive
2209 3361 2598 3432 recipiantur.

99 3441 212 3500 XIII.
245 3445 520 3512 Quomodo
566 3447 669 3503 vel
692 3448 919 3520 quando
944 3465 1174 3522 pannos
1206 3465 1344 3505 suos
1366 3452 1591 3518 induat.
1820 3449 1946 3505 XV.
1988 3449 2078 3506 De
2105 3465 2318 3504 rasura
2356 3449 2632 3505 fratrum.

102 3531 211 3586 XIV.
247 3538 308 3589 Si
335 3543 532 3592 coctus
569 3552 677 3609 qua
709 3537 854 3592 hora
895 3539 1218 3594 coctionem
1249 3554 1412 3594 suam
1451 3540 1670 3596 videat.
1818 3539 1973 3594 XVI.
2007 3539 2096 3594 De
2124 3537 2360 3594 balneis
2390 3538 2665 3594 fratrum.

97 3619 189 3675 XV.
216 3621 482 3689 Quomodo
505 3641 742 3699 pannos
771 3642 909 3682 suos
940 3626 1120 3681 lavet.
1820 3629 2004 3685 XVII.
2035 3629 2125 3684 De
2157 3627 2492 3684 cellerario.

98 3707 213 3763 XVI.
237 3712 513 3777 Quomodo
548 3715 625 3770 de
646 3713 917 3786 regulari
943 3715 1088 3771 hora
1109 3732 1222 3772 non
1253 3724 1426 3772 exeat
1459 3719 1579 3772 nisi
1599 3734 1710 3788 pro
1819 3717 2025 3774 XVIII.
2059 3717 2146 3773 De
2176 3717 2417 3772 custode
2454 3719 2594 3772 vini.

147 3799 447 3857 iuevitabili
478 3805 868 3859 necessitate.
1819 3805 1979 3862 XIX.
2010 3807 2098 3862 De
2130 3806 2456 3861 hortulano.

96 3884 233 3942 XVII.
265 3889 548 3955 Quomodo
577 3907 644 3946 se
670 3899 956 3964 preparat
985 3894 1060 3948 ad
1080 3895 1416 3964 capitulum,
1454 3895 1549 3950 vel
1571 3896 1708 3967 quid
1820 3895 1947 3950 XX.
1982 3896 2071 3951 De
2108 3894 2550 3951 refectoriario.

148 3975 297 4032 faciat
321 3981 373 4035 si
402 3989 492 4036 est
526 3980 655 4036 sibi
691 3983 963 4037 conscius
995 3981 1188 4037 ullius.
1815 3983 1975 4040 XXI.
2018 3983 2106 4040 De
2139 3983 2382 4038 custode
2412 3983 2677 4054 hospitii.

96 4061 253 4120 XVIII.
283 4068 362 4124 De
398 4069 569 4142 culpa
602 4069 850 4125 leviore.
1817 4072 1999 4128 XXII.
2032 4072 2120 4127 De
2150 4070 2502 4127 stabulario.

96 4148 213 4208 XIX.
239 4154 570 4232 Ubicunque
601 4160 866 4228 steterit,
895 4159 1173 4233 quomodo
1196 4165 1363 4215 stare
1393 4161 1630 4217 debeat.
1814 4160 2028 4215 XXIII.
2052 4160 2140 4214 De
2172 4158 2665 4232 eleemosynario.

96 4235 193 4296 XX.
235 4243 313 4300 De
346 4247 442 4302 bis
491 4263 621 4320 quae
668 4261 779 4302 non
822 4246 965 4304 licet
995 4246 1198 4304 facere
1235 4249 1356 4303 nisi
1396 4248 1471 4304 ad
1501 4249 1704 4306 horam
1814 4248 2023 4304 XXIV.
2057 4248 2144 4303 De
2174 4246 2526 4302 infirmario.

148 4329 404 4402 loquendi.
1815 4337 1996 4393 XXV.
2031 4337 2118 4394 De
2147 4335 2386 4392 famulis
2416 4336 2491 4392 ad
2512 4335 2738 4391 domum
2768 4333 3134 4391 iufirmorum
3159 4337 3477 4407 pertinen-

96 4412 209 4471 XXI.
237 4419 314 4477 De
340 4425 666 4480 minutione
697 4426 1027 4498 sanguinis.
1889 4425 2068 4481 tibus.

96 4501 236 4560 XXII.
267 4508 376 4574 Qua
406 4513 727 4585 disciplina
759 4515 820 4569 in
853 4513 1107 4570 ecclesia
1137 4523 1372 4570 maneat
1391 4517 1468 4572 ad
1495 4517 1701 4573 solem-
1726 4567 1779 4585 _
1813 4515 2026 4572 XXVI.
2059 4515 2149 4571 De
2179 4513 2456 4570 infirmis.

148 4596 224 4650 nia
258 4567 611 4658 eam;
855 4567 873 4570 ⁷
895 4567 905 4569 ⁷
929 4567 942 4569 ⁷
964 4567 970 4568 ⁷
992 4567 1001 4568 “
1394 4567 1461 4572 ﬂ
1725 4567 1784 4634 Ῑ)
1813 4567 2477 4662 ΞξᾷξνῇΪιᾶθᾶᾗὲὶῖὁέιρ
2507 4602 2898 4675 cujuscunque
2924 4601 3162 4658 fratris.

98 4678 264 4766 XXIII.
299 4688 410 4755 Qua
441 4691 763 4763 disciplina
792 4698 1025 4748 maneat
1053 4693 1116 4748 in
1145 4692 1490 4749 refectorio.
1810 4694 2078 4750 XXVIII.
2117 4693 2269 4760 Quid
2297 4692 2587 4766 agendum
2619 4697 2710 4748 est
2741 4691 2801 4749 in
2833 4690 2950 4747 ﬁne
2980 4692 3200 4747 exitus.

97 4765 259 4829 XXIV.
301 4776 384 4833 De
414 4780 786 4834 habitatione
825 4796 929 4836 sua
980 4786 1037 4836 et
1079 4788 1214 4854 post
1255 4784 1594 4855 prandium,
1639 4791 1699 4839 et
1809 4783 2020 4839 XXIX.
2054 4783 2124 4838 Si
2156 4783 2288 4856 quis
2317 4765 2540 4837 abierit
2556 4781 2620 4836 in
2641 4780 2833 4853 aliqua
2865 4779 3034 4836 cella.

146 4869 251 4926 Post
285 4880 518 4923 omnem.
1808 4872 1994 4928 XXX.
2041 4871 2192 4937 Quid
2220 4876 2433 4942 agatur
2455 4884 2568 4942 pro
2607 4868 2867 4942 quolibet
2896 4867 3095 4923 fratre
3124 4869 3186 4921 in
3219 4867 3476 4940 singulis

98 4940 238 5003 XXV.
271 4951 380 5018 Qua
428 4956 744 5030 disciplina
795 4972 860 5013 se
909 4965 1044 5030 post
1101 4959 1543 5032 completorium
1606 4969 1697 5017 est
1878 4960 2260 5016 obedientiis.

148 5037 518 5100 collocaturus.
1807 5050 2024 5110 XXXI.
2060 5049 2145 5104 De
2176 5048 2338 5104 obitu
2372 5047 2570 5103 damni
2604 5044 2861 5101 abbatis.

291 5129 371 5186 De
410 5134 804 5204 confessione,
839 5143 897 5190 et
930 5138 1222 5208 petitione
1265 5139 1641 5194 novitiorum.
1805 5139 2044 5196 XXXII.
2083 5139 2168 5193 De
2200 5153 2268 5192 eo
2297 5137 2395 5210 qui
2430 5137 2493 5190 in
2530 5132 2995 5206 Quadragesima
3041 5133 3282 5204 abierit,
3322 5140 3381 5189 et
3411 5135 3472 5189 iu

315 5219 397 5275 De
431 5222 844 5281 benedictione
872 5205 1251 5284 novitiorum.
1883 5228 1964 5283 12
1995 5205 2351 5284 lectionibus
2383 5230 2474 5280 est
2506 5205 2903 5295 sepeliendus.

100 5293 312 5388 XXVIII.
344 5309 428 5365 De
456 5311 824 5370 habitatione
845 5313 1080 5372 illorum
1111 5315 1174 5371 in
1202 5314 1308 5372 illo
1338 5315 1538 5373 triduo
1560 5324 1696 5388 post

150 5386 598 5457 benedictionem.
