  <div class='ocr_page' id='page_1' title='image "/cluster/home/n/w/nwhite01/storage/ocr_20150623/149/hvd.32044054760079/327.png"; bbox 0 0 3956 6176; ppageno 0'>
   <div class='ocr_carea' id='block_1_1' title="bbox 418 336 533 397">
    <p class='ocr_par' dir='ltr' id='par_1_1' title="bbox 418 336 533 397">
     <span class='ocr_line' id='line_1_1' title="bbox 418 336 533 397; baseline -0.017 0"><span class='ocrx_word' id='word_1_1' title='bbox 418 336 533 397; x_wconf 85' lang='grc'>643</span> 
     </span>
    </p>
   </div>
   <div class='ocr_carea' id='block_1_2' title="bbox 1378 320 3803 396">
    <p class='ocr_par' dir='ltr' id='par_1_2' title="bbox 1378 320 3803 396">
     <span class='ocr_line' id='line_1_2' title="bbox 1378 320 3803 396; baseline -0.004 -1"><span class='ocrx_word' id='word_1_2' title='bbox 1378 331 1789 396; x_wconf 86' lang='lat' dir='ltr'><strong>UDALRICI</strong></span> <span class='ocrx_word' id='word_1_3' title='bbox 1847 320 2463 394; x_wconf 13' lang='lat' dir='ltr'>CLUNIACENS‘IS</span> <span class='ocrx_word' id='word_1_4' title='bbox 2498 330 2889 394; x_wconf 86' lang='lat' dir='ltr'>MONACHI</span> <span class='ocrx_word' id='word_1_5' title='bbox 3216 322 3221 323; x_wconf 23' lang='grc' dir='ltr'>ί</span> <span class='ocrx_word' id='word_1_6' title='bbox 3708 331 3803 396; x_wconf 75' lang='grc'>644</span> 
     </span>
    </p>
   </div>
   <div class='ocr_carea' id='block_1_3' title="bbox 1722 652 2535 768">
    <p class='ocr_par' dir='ltr' id='par_1_3' title="bbox 1722 652 2535 768">
     <span class='ocr_line' id='line_1_3' title="bbox 1722 652 2535 768; baseline 0 -2"><span class='ocrx_word' id='word_1_7' title='bbox 1722 652 2535 768; x_wconf 81' lang='lat' dir='ltr'>PROOEMIUM</span> 
     </span>
    </p>
   </div>
   <div class='ocr_carea' id='block_1_4' title="bbox 423 1008 3816 1112">
    <p class='ocr_par' dir='ltr' id='par_1_4' title="bbox 423 1008 3816 1112">
     <span class='ocr_line' id='line_1_4' title="bbox 423 1008 3816 1112; baseline -0.003 -31"><span class='ocrx_word' id='word_1_8' title='bbox 423 1027 801 1081; x_wconf 81' lang='lat' dir='ltr'>Occasionem</span> <span class='ocrx_word' id='word_1_9' title='bbox 849 1025 1304 1080; x_wconf 85' lang='lat' dir='ltr'>scribendarum</span> <span class='ocrx_word' id='word_1_10' title='bbox 1354 1022 1838 1079; x_wconf 75' lang='lat' dir='ltr'>consuetudinum</span> <span class='ocrx_word' id='word_1_11' title='bbox 1887 1022 2086 1078; x_wconf 79' lang='lat' dir='ltr'>refert</span> <span class='ocrx_word' id='word_1_12' title='bbox 2112 1008 2154 1065; x_wconf 78' lang='grc' dir='ltr'><strong>Α</strong></span> <span class='ocrx_word' id='word_1_13' title='bbox 2186 1042 2524 1112; x_wconf 57' lang='lat' dir='ltr'>pertingere</span> <span class='ocrx_word' id='word_1_14' title='bbox 2558 1044 2888 1111; x_wconf 51' lang='lat' dir='ltr'>potuerunt,</span> <span class='ocrx_word' id='word_1_15' title='bbox 2937 1057 3052 1096; x_wconf 70' lang='lat' dir='ltr'>non</span> <span class='ocrx_word' id='word_1_16' title='bbox 3094 1044 3171 1096; x_wconf 58' lang='lat' dir='ltr'>sit</span> <span class='ocrx_word' id='word_1_17' title='bbox 3201 1044 3249 1096; x_wconf 63' lang='lat' dir='ltr'>ei</span> <span class='ocrx_word' id='word_1_18' title='bbox 3298 1044 3516 1097; x_wconf 64' lang='lat' dir='ltr'>similis</span> <span class='ocrx_word' id='word_1_19' title='bbox 3547 1045 3602 1097; x_wconf 66' lang='lat' dir='ltr'>in</span> <span class='ocrx_word' id='word_1_20' title='bbox 3648 1044 3749 1097; x_wconf 51' lang='lat' dir='ltr'>vim</span> <span class='ocrx_word' id='word_1_21' title='bbox 3775 1054 3816 1099; x_wconf 61' lang='grc' dir='ltr'>ει</span> 
     </span>
    </p>
   </div>
   <div class='ocr_carea' id='block_1_5' title="bbox 1136 1120 1343 1166">
    <p class='ocr_par' dir='ltr' id='par_1_5' title="bbox 1136 1120 1343 1166">
     <span class='ocr_line' id='line_1_5' title="bbox 1136 1120 1343 1166; baseline 0 -1"><span class='ocrx_word' id='word_1_22' title='bbox 1136 1120 1343 1166; x_wconf 85' lang='lat' dir='ltr'>auctor</span> 
     </span>
    </p>
   </div>
   <div class='ocr_carea' id='block_1_6' title="bbox 489 1218 2081 1274">
    <p class='ocr_par' dir='ltr' id='par_1_6' title="bbox 489 1218 2081 1274">
     <span class='ocr_line' id='line_1_6' title="bbox 489 1218 2081 1274; baseline -0.003 0"><span class='ocrx_word' id='word_1_23' title='bbox 489 1221 636 1274; x_wconf 82' lang='lat' dir='ltr'>Ante</span> <span class='ocrx_word' id='word_1_24' title='bbox 661 1221 769 1273; x_wconf 90' lang='lat' dir='ltr'>hos</span> <span class='ocrx_word' id='word_1_25' title='bbox 790 1220 915 1273; x_wconf 90' lang='lat' dir='ltr'>dies</span> <span class='ocrx_word' id='word_1_26' title='bbox 949 1220 1150 1272; x_wconf 87' lang='lat' dir='ltr'>senior</span> <span class='ocrx_word' id='word_1_27' title='bbox 1162 1223 1366 1273; x_wconf 87' lang='lat' dir='ltr'>noster</span> <span class='ocrx_word' id='word_1_28' title='bbox 1386 1218 1661 1271; x_wconf 91' lang='lat' dir='ltr'>dominus</span> <span class='ocrx_word' id='word_1_29' title='bbox 1679 1218 1864 1271; x_wconf 81' lang='lat' dir='ltr'>abbas</span> <span class='ocrx_word' id='word_1_30' title='bbox 1883 1218 2081 1271; x_wconf 89' lang='lat' dir='ltr'>humi-</span> 
     </span>
    </p>
   </div>
   <div class='ocr_carea' id='block_1_7' title="bbox 417 1306 2081 1376">
    <p class='ocr_par' dir='ltr' id='par_1_7' title="bbox 417 1306 2081 1376">
     <span class='ocr_line' id='line_1_7' title="bbox 417 1306 2081 1376; baseline -0.003 -13"><span class='ocrx_word' id='word_1_31' title='bbox 417 1310 636 1364; x_wconf 90' lang='lat' dir='ltr'>litatem</span> <span class='ocrx_word' id='word_1_32' title='bbox 668 1323 855 1362; x_wconf 83' lang='lat' dir='ltr'>meam</span> <span class='ocrx_word' id='word_1_33' title='bbox 887 1309 944 1360; x_wconf 90' lang='lat' dir='ltr'>in</span> <span class='ocrx_word' id='word_1_34' title='bbox 994 1307 1365 1361; x_wconf 80' lang='lat' dir='ltr'>Germaniam</span> <span class='ocrx_word' id='word_1_35' title='bbox 1412 1306 1646 1373; x_wconf 80' lang='lat' dir='ltr'>direxit,</span> <span class='ocrx_word' id='word_1_36' title='bbox 1678 1311 1922 1375; x_wconf 86' lang='lat' dir='ltr'>prepter</span> <span class='ocrx_word' id='word_1_37' title='bbox 1941 1306 2081 1376; x_wconf 89' lang='lat' dir='ltr'>quid</span> 
     </span>
    </p>
   </div>
   <div class='ocr_carea' id='block_1_8' title="bbox 418 1393 2082 1463">
    <p class='ocr_par' dir='ltr' id='par_1_8' title="bbox 418 1393 2082 1463">
     <span class='ocr_line' id='line_1_8' title="bbox 418 1393 2082 1463; baseline -0.002 -12"><span class='ocrx_word' id='word_1_38' title='bbox 418 1413 531 1451; x_wconf 91' lang='lat' dir='ltr'>non</span> <span class='ocrx_word' id='word_1_39' title='bbox 577 1397 820 1450; x_wconf 89' lang='lat' dir='ltr'>multum</span> <span class='ocrx_word' id='word_1_40' title='bbox 853 1396 1098 1449; x_wconf 86' lang='lat' dir='ltr'>interest</span> <span class='ocrx_word' id='word_1_41' title='bbox 1138 1396 1311 1449; x_wconf 89' lang='lat' dir='ltr'>modo</span> <span class='ocrx_word' id='word_1_42' title='bbox 1362 1395 1615 1461; x_wconf 84' lang='lat' dir='ltr'>referre;</span> <span class='ocrx_word' id='word_1_43' title='bbox 1657 1394 1812 1463; x_wconf 92' lang='lat' dir='ltr'>quod</span> <span class='ocrx_word' id='word_1_44' title='bbox 1857 1393 1930 1447; x_wconf 88' lang='lat' dir='ltr'>ad</span> <span class='ocrx_word' id='word_1_45' title='bbox 1960 1409 2082 1447; x_wconf 84' lang='lat' dir='ltr'>rem</span> 
     </span>
    </p>
   </div>
   <div class='ocr_carea' id='block_1_9' title="bbox 415 1483 2083 1556">
    <p class='ocr_par' dir='ltr' id='par_1_9' title="bbox 415 1483 2083 1556">
     <span class='ocr_line' id='line_1_9' title="bbox 415 1483 2083 1556; baseline -0.001 -17"><span class='ocrx_word' id='word_1_46' title='bbox 415 1485 683 1556; x_wconf 81' lang='lat' dir='ltr'>pertinet,</span> <span class='ocrx_word' id='word_1_47' title='bbox 736 1499 842 1553; x_wconf 88' lang='lat' dir='ltr'>per</span> <span class='ocrx_word' id='word_1_48' title='bbox 888 1484 1036 1538; x_wconf 90' lang='lat' dir='ltr'>hanc</span> <span class='ocrx_word' id='word_1_49' title='bbox 1068 1486 1443 1538; x_wconf 84' lang='lat' dir='ltr'>occasionem</span> <span class='ocrx_word' id='word_1_50' title='bbox 1499 1483 1712 1536; x_wconf 78' lang='lat' dir='ltr'>diverti</span> <span class='ocrx_word' id='word_1_51' title='bbox 1763 1483 1835 1536; x_wconf 88' lang='lat' dir='ltr'>ad</span> <span class='ocrx_word' id='word_1_52' title='bbox 1888 1483 2083 1537; x_wconf 89' lang='lat' dir='ltr'>virum</span> 
     </span>
    </p>
   </div>
   <div class='ocr_carea' id='block_1_10' title="bbox 414 1571 2084 1641">
    <p class='ocr_par' dir='ltr' id='par_1_10' title="bbox 414 1571 2084 1641">
     <span class='ocr_line' id='line_1_10' title="bbox 414 1571 2084 1641; baseline -0.001 -15"><span class='ocrx_word' id='word_1_53' title='bbox 414 1573 815 1628; x_wconf 79' lang='lat' dir='ltr'>venerabilem</span> <span class='ocrx_word' id='word_1_54' title='bbox 851 1572 1150 1627; x_wconf 88' lang='lat' dir='ltr'>dominum</span> <span class='ocrx_word' id='word_1_55' title='bbox 1185 1572 1547 1626; x_wconf 91' lang='lat' dir='ltr'>Willelmum</span> <span class='ocrx_word' id='word_1_56' title='bbox 1580 1571 1872 1635; x_wconf 84' lang='lat' dir='ltr'>abbatem,</span> <span class='ocrx_word' id='word_1_57' title='bbox 1907 1571 2084 1641; x_wconf 77' lang='lat' dir='ltr'>cujus</span> 
     </span>
    </p>
   </div>
   <div class='ocr_carea' id='block_1_11' title="bbox 416 1658 2083 1731">
    <p class='ocr_par' dir='ltr' id='par_1_11' title="bbox 416 1658 2083 1731">
     <span class='ocr_line' id='line_1_11' title="bbox 416 1658 2083 1731; baseline -0.003 -15"><span class='ocrx_word' id='word_1_58' title='bbox 416 1661 842 1716; x_wconf 81' lang='lat' dir='ltr'>monasterium</span> <span class='ocrx_word' id='word_1_59' title='bbox 866 1662 1041 1714; x_wconf 89' lang='lat' dir='ltr'>situm</span> <span class='ocrx_word' id='word_1_60' title='bbox 1062 1663 1153 1714; x_wconf 90' lang='lat' dir='ltr'>est</span> <span class='ocrx_word' id='word_1_61' title='bbox 1183 1661 1241 1714; x_wconf 87' lang='lat' dir='ltr'>in</span> <span class='ocrx_word' id='word_1_62' title='bbox 1273 1675 1425 1731; x_wconf 88' lang='lat' dir='ltr'>pago</span> <span class='ocrx_word' id='word_1_63' title='bbox 1456 1658 1721 1729; x_wconf 82' lang='lat' dir='ltr'>Spirensi</span> <span class='ocrx_word' id='word_1_64' title='bbox 1754 1662 1809 1712; x_wconf 89' lang='lat' dir='ltr'>et</span> <span class='ocrx_word' id='word_1_65' title='bbox 1836 1658 1897 1712; x_wconf 91' lang='lat' dir='ltr'>in</span> <span class='ocrx_word' id='word_1_66' title='bbox 1926 1658 2083 1712; x_wconf 85' lang='lat' dir='ltr'>Silva</span> 
     </span>
    </p>
   </div>
   <div class='ocr_carea' id='block_1_12' title="bbox 417 1746 2086 1821">
    <p class='ocr_par' dir='ltr' id='par_1_12' title="bbox 417 1746 2086 1821">
     <span class='ocr_line' id='line_1_12' title="bbox 417 1746 2086 1821; baseline -0.003 -18"><span class='ocrx_word' id='word_1_67' title='bbox 417 1750 807 1821; x_wconf 86' lang='lat' dir='ltr'>cognomento</span> <span class='ocrx_word' id='word_1_68' title='bbox 854 1748 1058 1818; x_wconf 89' lang='lat' dir='ltr'>Nigra.</span> <span class='ocrx_word' id='word_1_69' title='bbox 1109 1748 1300 1801; x_wconf 86' lang='lat' dir='ltr'>Isdem</span> <span class='ocrx_word' id='word_1_70' title='bbox 1334 1749 1525 1801; x_wconf 83' lang='lat' dir='ltr'>autem</span> <span class='ocrx_word' id='word_1_71' title='bbox 1571 1746 1762 1814; x_wconf 86' lang='lat' dir='ltr'>Pater,</span> <span class='ocrx_word' id='word_1_72' title='bbox 1806 1750 1865 1798; x_wconf 90' lang='lat' dir='ltr'>ut</span> <span class='ocrx_word' id='word_1_73' title='bbox 1898 1749 2021 1799; x_wconf 89' lang='lat' dir='ltr'>erat</span> <span class='ocrx_word' id='word_1_74' title='bbox 2054 1762 2086 1799; x_wconf 89' lang='lat' dir='ltr'>a</span> 
     </span>
    </p>
   </div>
   <div class='ocr_carea' id='block_1_13' title="bbox 418 1834 2084 1907">
    <p class='ocr_par' dir='ltr' id='par_1_13' title="bbox 418 1834 2084 1907">
     <span class='ocr_line' id='line_1_13' title="bbox 418 1834 2084 1907; baseline -0.002 -15"><span class='ocrx_word' id='word_1_75' title='bbox 418 1853 602 1907; x_wconf 90' lang='lat' dir='ltr'>puero</span> <span class='ocrx_word' id='word_1_76' title='bbox 624 1841 800 1892; x_wconf 91' lang='lat' dir='ltr'>notus</span> <span class='ocrx_word' id='word_1_77' title='bbox 829 1839 883 1890; x_wconf 88' lang='lat' dir='ltr'>et</span> <span class='ocrx_word' id='word_1_78' title='bbox 908 1836 1330 1901; x_wconf 85' lang='lat' dir='ltr'>amicissimus,</span> <span class='ocrx_word' id='word_1_79' title='bbox 1360 1849 1452 1888; x_wconf 91' lang='lat' dir='ltr'>me</span> <span class='ocrx_word' id='word_1_80' title='bbox 1484 1835 1691 1889; x_wconf 90' lang='lat' dir='ltr'>videns</span> <span class='ocrx_word' id='word_1_81' title='bbox 1716 1834 2084 1889; x_wconf 77' lang='lat' dir='ltr'>laetabundus</span> 
     </span>
    </p>
   </div>
   <div class='ocr_carea' id='block_1_14' title="bbox 419 1921 2083 1997">
    <p class='ocr_par' dir='ltr' id='par_1_14' title="bbox 419 1921 2083 1997">
     <span class='ocr_line' id='line_1_14' title="bbox 419 1921 2083 1997; baseline -0.002 -18"><span class='ocrx_word' id='word_1_82' title='bbox 419 1925 689 1997; x_wconf 50' lang='lat' dir='ltr'>collegit;</span> <span class='ocrx_word' id='word_1_83' title='bbox 722 1927 778 1978; x_wconf 90' lang='lat' dir='ltr'>et</span> <span class='ocrx_word' id='word_1_84' title='bbox 807 1925 952 1978; x_wconf 86' lang='lat' dir='ltr'>alter</span> <span class='ocrx_word' id='word_1_85' title='bbox 972 1923 1112 1977; x_wconf 88' lang='lat' dir='ltr'>mihi</span> <span class='ocrx_word' id='word_1_86' title='bbox 1139 1921 1432 1993; x_wconf 87' lang='lat' dir='ltr'>Cleophas</span> <span class='ocrx_word' id='word_1_87' title='bbox 1453 1923 1596 1991; x_wconf 89' lang='lat' dir='ltr'>(Luc</span> <span class='ocrx_word' id='word_1_88' title='bbox 1625 1922 1788 1993; x_wconf 68' lang='lat' dir='ltr'>xxxv)</span> <span class='ocrx_word' id='word_1_89' title='bbox 1818 1923 1932 1976; x_wconf 89' lang='lat' dir='ltr'>alio</span> <span class='ocrx_word' id='word_1_90' title='bbox 1953 1925 2083 1976; x_wconf 91' lang='lat' dir='ltr'>ten-</span> 
     </span>
    </p>
   </div>
   <div class='ocr_carea' id='block_1_15' title="bbox 418 2011 2083 2081">
    <p class='ocr_par' dir='ltr' id='par_1_15' title="bbox 418 2011 2083 2081">
     <span class='ocr_line' id='line_1_15' title="bbox 418 2011 2083 2081; baseline -0.001 -15"><span class='ocrx_word' id='word_1_91' title='bbox 418 2014 573 2067; x_wconf 64' lang='lat' dir='ltr'>dent.</span> <span class='ocrx_word' id='word_1_92' title='bbox 600 2028 671 2081; x_wconf 74' lang='grc' dir='ltr'>τη,</span> <span class='ocrx_word' id='word_1_93' title='bbox 716 2017 906 2066; x_wconf 90' lang='lat' dir='ltr'>tamen</span> <span class='ocrx_word' id='word_1_94' title='bbox 938 2012 1270 2081; x_wconf 88' lang='lat' dir='ltr'>aliquantos</span> <span class='ocrx_word' id='word_1_95' title='bbox 1302 2011 1431 2065; x_wconf 91' lang='lat' dir='ltr'>dies</span> <span class='ocrx_word' id='word_1_96' title='bbox 1465 2025 1669 2065; x_wconf 88' lang='lat' dir='ltr'>secum</span> <span class='ocrx_word' id='word_1_97' title='bbox 1700 2025 1940 2065; x_wconf 89' lang='lat' dir='ltr'>manere</span> <span class='ocrx_word' id='word_1_98' title='bbox 1981 2026 2083 2064; x_wconf 84' lang='lat' dir='ltr'>co~</span> 
     </span>
    </p>
   </div>
   <div class='ocr_carea' id='block_1_16' title="bbox 418 2099 2080 2173">
    <p class='ocr_par' dir='ltr' id='par_1_16' title="bbox 418 2099 2080 2173">
     <span class='ocr_line' id='line_1_16' title="bbox 418 2099 2080 2173; baseline -0.002 -18"><span class='ocrx_word' id='word_1_99' title='bbox 418 2102 559 2173; x_wconf 90' lang='lat' dir='ltr'>egit.</span> <span class='ocrx_word' id='word_1_100' title='bbox 595 2101 830 2155; x_wconf 86' lang='lat' dir='ltr'>Interim</span> <span class='ocrx_word' id='word_1_101' title='bbox 860 2103 983 2154; x_wconf 90' lang='lat' dir='ltr'>erat</span> <span class='ocrx_word' id='word_1_102' title='bbox 1014 2101 1064 2154; x_wconf 91' lang='lat' dir='ltr'>ei</span> <span class='ocrx_word' id='word_1_103' title='bbox 1099 2114 1325 2153; x_wconf 89' lang='lat' dir='ltr'>mecum</span> <span class='ocrx_word' id='word_1_104' title='bbox 1358 2115 1558 2154; x_wconf 92' lang='lat' dir='ltr'>sermo</span> <span class='ocrx_word' id='word_1_105' title='bbox 1604 2099 1911 2165; x_wconf 88' lang='lat' dir='ltr'>assiduus,</span> <span class='ocrx_word' id='word_1_106' title='bbox 1944 2099 2080 2165; x_wconf 91' lang='lat' dir='ltr'>imo,</span> 
     </span>
    </p>
   </div>
   <div class='ocr_carea' id='block_1_17' title="bbox 419 2187 2083 2261">
    <p class='ocr_par' dir='ltr' id='par_1_17' title="bbox 419 2187 2083 2261">
     <span class='ocr_line' id='line_1_17' title="bbox 419 2187 2083 2261; baseline -0.002 -17"><span class='ocrx_word' id='word_1_107' title='bbox 419 2192 698 2261; x_wconf 91' lang='lat' dir='ltr'>quantum</span> <span class='ocrx_word' id='word_1_108' title='bbox 716 2189 845 2243; x_wconf 86' lang='lat' dir='ltr'>ﬁeri</span> <span class='ocrx_word' id='word_1_109' title='bbox 862 2189 1066 2259; x_wconf 90' lang='lat' dir='ltr'>potuit,</span> <span class='ocrx_word' id='word_1_110' title='bbox 1091 2203 1240 2257; x_wconf 92' lang='lat' dir='ltr'>pene</span> <span class='ocrx_word' id='word_1_111' title='bbox 1260 2188 1596 2253; x_wconf 86' lang='lat' dir='ltr'>continuus,</span> <span class='ocrx_word' id='word_1_112' title='bbox 1618 2187 1688 2242; x_wconf 90' lang='lat' dir='ltr'>de</span> <span class='ocrx_word' id='word_1_113' title='bbox 1708 2188 2083 2241; x_wconf 88' lang='lat' dir='ltr'>consuetudi-</span> 
     </span>
    </p>
   </div>
   <div class='ocr_carea' id='block_1_18' title="bbox 416 2276 2083 2346">
    <p class='ocr_par' dir='ltr' id='par_1_18' title="bbox 416 2276 2083 2346">
     <span class='ocr_line' id='line_1_18' title="bbox 416 2276 2083 2346; baseline -0.001 -15"><span class='ocrx_word' id='word_1_114' title='bbox 416 2278 595 2332; x_wconf 89' lang='lat' dir='ltr'>nibus</span> <span class='ocrx_word' id='word_1_115' title='bbox 611 2277 920 2344; x_wconf 69' lang='lat' dir='ltr'>Ecclesite,</span> <span class='ocrx_word' id='word_1_116' title='bbox 938 2282 1182 2345; x_wconf 86' lang='lat' dir='ltr'>nostrae,</span> <span class='ocrx_word' id='word_1_117' title='bbox 1199 2276 1269 2329; x_wconf 88' lang='lat' dir='ltr'>de</span> <span class='ocrx_word' id='word_1_118' title='bbox 1287 2276 1503 2346; x_wconf 84' lang='lat' dir='ltr'>quibus</span> <span class='ocrx_word' id='word_1_119' title='bbox 1516 2276 1792 2330; x_wconf 89' lang='lat' dir='ltr'>nimirum</span> <span class='ocrx_word' id='word_1_120' title='bbox 1806 2276 1895 2329; x_wconf 91' lang='lat' dir='ltr'>sic</span> <span class='ocrx_word' id='word_1_121' title='bbox 1906 2289 2083 2330; x_wconf 84' lang='lat' dir='ltr'>orsus</span> 
     </span>
    </p>
   </div>
   <div class='ocr_carea' id='block_1_19' title="bbox 2188 1129 3817 1201">
    <p class='ocr_par' dir='ltr' id='par_1_19' title="bbox 2188 1129 3817 1201">
     <span class='ocr_line' id='line_1_19' title="bbox 2188 1129 3817 1201; baseline 0.003 -19"><span class='ocrx_word' id='word_1_122' title='bbox 2188 1129 2500 1199; x_wconf 86' lang='lat' dir='ltr'>disciplina</span> <span class='ocrx_word' id='word_1_123' title='bbox 2532 1129 2822 1201; x_wconf 82' lang='lat' dir='ltr'>regulari;</span> <span class='ocrx_word' id='word_1_124' title='bbox 2849 1130 3002 1185; x_wconf 91' lang='lat' dir='ltr'>unde</span> <span class='ocrx_word' id='word_1_125' title='bbox 3024 1147 3140 1186; x_wconf 92' lang='lat' dir='ltr'>non</span> <span class='ocrx_word' id='word_1_126' title='bbox 3161 1147 3368 1201; x_wconf 88' lang='lat' dir='ltr'>parum</span> <span class='ocrx_word' id='word_1_127' title='bbox 3391 1131 3543 1186; x_wconf 87' lang='lat' dir='ltr'>facis</span> <span class='ocrx_word' id='word_1_128' title='bbox 3563 1133 3632 1186; x_wconf 89' lang='lat' dir='ltr'>ad</span> <span class='ocrx_word' id='word_1_129' title='bbox 3650 1136 3817 1187; x_wconf 87' lang='lat' dir='ltr'>votum</span> 
     </span>
    </p>
   </div>
   <div class='ocr_carea' id='block_1_20' title="bbox 2189 1219 3818 1288">
    <p class='ocr_par' dir='ltr' id='par_1_20' title="bbox 2189 1219 3818 1288">
     <span class='ocr_line' id='line_1_20' title="bbox 2189 1219 3818 1288; baseline 0.003 -18"><span class='ocrx_word' id='word_1_130' title='bbox 2189 1221 2476 1285; x_wconf 89' lang='lat' dir='ltr'>nostrum,</span> <span class='ocrx_word' id='word_1_131' title='bbox 2526 1220 2579 1272; x_wconf 90' lang='lat' dir='ltr'>si</span> <span class='ocrx_word' id='word_1_132' title='bbox 2612 1234 2727 1288; x_wconf 90' lang='lat' dir='ltr'>qua</span> <span class='ocrx_word' id='word_1_133' title='bbox 2762 1221 2816 1272; x_wconf 89' lang='lat' dir='ltr'>te</span> <span class='ocrx_word' id='word_1_134' title='bbox 2848 1219 3138 1273; x_wconf 83' lang='lat' dir='ltr'>referente</span> <span class='ocrx_word' id='word_1_135' title='bbox 3187 1235 3489 1275; x_wconf 89' lang='lat' dir='ltr'>meremur</span> <span class='ocrx_word' id='word_1_136' title='bbox 3535 1220 3724 1274; x_wconf 86' lang='lat' dir='ltr'>audire</span> <span class='ocrx_word' id='word_1_137' title='bbox 3762 1223 3818 1275; x_wconf 90' lang='lat' dir='ltr'>de</span> 
     </span>
    </p>
   </div>
   <div class='ocr_carea' id='block_1_21' title="bbox 2189 1306 3822 1378">
    <p class='ocr_par' dir='ltr' id='par_1_21' title="bbox 2189 1306 3822 1378">
     <span class='ocr_line' id='line_1_21' title="bbox 2189 1306 3822 1378; baseline 0.002 -20"><span class='ocrx_word' id='word_1_138' title='bbox 2189 1306 2401 1359; x_wconf 84' lang='lat' dir='ltr'>usibus</span> <span class='ocrx_word' id='word_1_139' title='bbox 2421 1309 2475 1360; x_wconf 90' lang='lat' dir='ltr'>et</span> <span class='ocrx_word' id='word_1_140' title='bbox 2494 1306 2775 1360; x_wconf 86' lang='lat' dir='ltr'>institutis</span> <span class='ocrx_word' id='word_1_141' title='bbox 2789 1306 3081 1378; x_wconf 85' lang='lat' dir='ltr'>majorum</span> <span class='ocrx_word' id='word_1_142' title='bbox 3097 1310 3460 1363; x_wconf 85' lang='lat' dir='ltr'>vestrorum.</span> <span class='ocrx_word' id='word_1_143' title='bbox 3473 1308 3613 1374; x_wconf 61' lang='lat' dir='ltr'>Quae</span> <span class='ocrx_word' id='word_1_144' title='bbox 3625 1309 3822 1363; x_wconf 84' lang='lat' dir='ltr'>etiamsi</span> 
     </span>
    </p>
   </div>
   <div class='ocr_carea' id='block_1_22' title="bbox 2188 1394 3820 1467">
    <p class='ocr_par' dir='ltr' id='par_1_22' title="bbox 2188 1394 3820 1467">
     <span class='ocr_line' id='line_1_22' title="bbox 2188 1394 3820 1467; baseline 0.002 -21"><span class='ocrx_word' id='word_1_145' title='bbox 2188 1409 2306 1447; x_wconf 92' lang='lat' dir='ltr'>non</span> <span class='ocrx_word' id='word_1_146' title='bbox 2337 1397 2624 1464; x_wconf 89' lang='lat' dir='ltr'>geruntur</span> <span class='ocrx_word' id='word_1_147' title='bbox 2652 1409 2685 1447; x_wconf 91' lang='lat' dir='ltr'>a</span> <span class='ocrx_word' id='word_1_148' title='bbox 2716 1394 2912 1465; x_wconf 88' lang='lat' dir='ltr'>nobis,</span> <span class='ocrx_word' id='word_1_149' title='bbox 2937 1400 3130 1449; x_wconf 88' lang='lat' dir='ltr'>tamen</span> <span class='ocrx_word' id='word_1_150' title='bbox 3157 1395 3269 1450; x_wconf 91' lang='lat' dir='ltr'>hoc</span> <span class='ocrx_word' id='word_1_151' title='bbox 3294 1397 3498 1467; x_wconf 89' lang='lat' dir='ltr'>ipsum</span> <span class='ocrx_word' id='word_1_152' title='bbox 3524 1397 3595 1450; x_wconf 89' lang='lat' dir='ltr'>ad</span> <span class='ocrx_word' id='word_1_153' title='bbox 3619 1397 3820 1451; x_wconf 87' lang='lat' dir='ltr'>humili-</span> 
     </span>
    </p>
   </div>
   <div class='ocr_carea' id='block_1_23' title="bbox 2187 1482 3823 1549">
    <p class='ocr_par' dir='ltr' id='par_1_23' title="bbox 2187 1482 3823 1549">
     <span class='ocr_line' id='line_1_23' title="bbox 2187 1482 3823 1549; baseline 0.003 -15"><span class='ocrx_word' id='word_1_154' title='bbox 2187 1484 2363 1536; x_wconf 89' lang='lat' dir='ltr'>tatem</span> <span class='ocrx_word' id='word_1_155' title='bbox 2405 1482 2673 1549; x_wconf 82' lang='lat' dir='ltr'>aediﬂcat,</span> <span class='ocrx_word' id='word_1_156' title='bbox 2706 1482 2758 1536; x_wconf 89' lang='lat' dir='ltr'>si</span> <span class='ocrx_word' id='word_1_157' title='bbox 2798 1498 2908 1537; x_wconf 87' lang='lat' dir='ltr'>nos</span> <span class='ocrx_word' id='word_1_158' title='bbox 2958 1498 3073 1538; x_wconf 91' lang='lat' dir='ltr'>non</span> <span class='ocrx_word' id='word_1_159' title='bbox 3119 1484 3255 1538; x_wconf 86' lang='lat' dir='ltr'>latet</span> <span class='ocrx_word' id='word_1_160' title='bbox 3303 1486 3386 1540; x_wconf 88' lang='lat' dir='ltr'>ita</span> <span class='ocrx_word' id='word_1_161' title='bbox 3433 1500 3544 1539; x_wconf 92' lang='lat' dir='ltr'>vos</span> <span class='ocrx_word' id='word_1_162' title='bbox 3572 1485 3755 1539; x_wconf 84' lang='lat' dir='ltr'>vivere</span> <span class='ocrx_word' id='word_1_163' title='bbox 3779 1490 3823 1539; x_wconf 89' lang='lat' dir='ltr'>et</span> 
     </span>
    </p>
   </div>
   <div class='ocr_carea' id='block_1_24' title="bbox 2190 1570 3823 1637">
    <p class='ocr_par' dir='ltr' id='par_1_24' title="bbox 2190 1570 3823 1637">
     <span class='ocr_line' id='line_1_24' title="bbox 2190 1570 3823 1637; baseline 0.002 -14"><span class='ocrx_word' id='word_1_164' title='bbox 2190 1570 2559 1637; x_wconf 86' lang='lat' dir='ltr'>conversari,</span> <span class='ocrx_word' id='word_1_165' title='bbox 2592 1572 2655 1625; x_wconf 89' lang='lat' dir='ltr'>ut</span> <span class='ocrx_word' id='word_1_166' title='bbox 2673 1574 2877 1625; x_wconf 87' lang='lat' dir='ltr'>nostra</span> <span class='ocrx_word' id='word_1_167' title='bbox 2908 1571 3219 1627; x_wconf 79' lang='lat' dir='ltr'>infirmitas</span> <span class='ocrx_word' id='word_1_168' title='bbox 3240 1578 3340 1627; x_wconf 88' lang='lat' dir='ltr'>aut</span> <span class='ocrx_word' id='word_1_169' title='bbox 3362 1573 3615 1628; x_wconf 86' lang='lat' dir='ltr'>noluerit</span> <span class='ocrx_word' id='word_1_170' title='bbox 3636 1577 3724 1627; x_wconf 88' lang='lat' dir='ltr'>aut</span> <span class='ocrx_word' id='word_1_171' title='bbox 3749 1589 3823 1627; x_wconf 52' lang='lat' dir='ltr'>ne.</span> 
     </span>
    </p>
   </div>
   <div class='ocr_carea' id='block_1_25' title="bbox 2189 1657 3823 1732">
    <p class='ocr_par' dir='ltr' id='par_1_25' title="bbox 2189 1657 3823 1732">
     <span class='ocr_line' id='line_1_25' title="bbox 2189 1657 3823 1732; baseline 0.001 -20"><span class='ocrx_word' id='word_1_172' title='bbox 2189 1657 2562 1728; x_wconf 85' lang='lat' dir='ltr'>quiverit.Ad</span> <span class='ocrx_word' id='word_1_173' title='bbox 2587 1659 2744 1730; x_wconf 90' lang='lat' dir='ltr'>quod</span> <span class='ocrx_word' id='word_1_174' title='bbox 2769 1674 2881 1730; x_wconf 89' lang='lat' dir='ltr'>ego</span> <span class='ocrx_word' id='word_1_175' title='bbox 2899 1675 2911 1713; x_wconf 87' lang='lat'><strong>:</strong></span> <span class='ocrx_word' id='word_1_176' title='bbox 2929 1675 3158 1731; x_wconf 90' lang='lat' dir='ltr'>panem,</span> <span class='ocrx_word' id='word_1_177' title='bbox 3174 1660 3438 1732; x_wconf 88' lang='lat' dir='ltr'>inquam,</span> <span class='ocrx_word' id='word_1_178' title='bbox 3454 1664 3704 1716; x_wconf 87' lang='lat' dir='ltr'>vestrum</span> <span class='ocrx_word' id='word_1_179' title='bbox 3716 1676 3823 1714; x_wconf 88' lang='lat' dir='ltr'>sum</span> 
     </span>
    </p>
   </div>
   <div class='ocr_carea' id='block_1_26' title="bbox 2190 1747 3823 1819">
    <p class='ocr_par' dir='ltr' id='par_1_26' title="bbox 2190 1747 3823 1819">
     <span class='ocr_line' id='line_1_26' title="bbox 2190 1747 3823 1819; baseline 0.001 -20"><span class='ocrx_word' id='word_1_180' title='bbox 2190 1761 2659 1814; x_wconf 89' lang='lat' dir='ltr'>commessurus,</span> <span class='ocrx_word' id='word_1_181' title='bbox 2681 1747 2925 1819; x_wconf 88' lang='lat' dir='ltr'>dignum</span> <span class='ocrx_word' id='word_1_182' title='bbox 2944 1753 3035 1803; x_wconf 90' lang='lat' dir='ltr'>est</span> <span class='ocrx_word' id='word_1_183' title='bbox 3051 1750 3227 1803; x_wconf 89' lang='lat' dir='ltr'>etiam</span> <span class='ocrx_word' id='word_1_184' title='bbox 3243 1752 3305 1804; x_wconf 91' lang='lat' dir='ltr'>ut</span> <span class='ocrx_word' id='word_1_185' title='bbox 3320 1750 3560 1804; x_wconf 87' lang='lat' dir='ltr'>interim</span> <span class='ocrx_word' id='word_1_186' title='bbox 3576 1749 3823 1803; x_wconf 78' lang='lat' dir='ltr'>voluntati</span> 
     </span>
    </p>
   </div>
   <div class='ocr_carea' id='block_1_27' title="bbox 2190 1834 3821 1907">
    <p class='ocr_par' dir='ltr' id='par_1_27' title="bbox 2190 1834 3821 1907">
     <span class='ocr_line' id='line_1_27' title="bbox 2190 1834 3821 1907; baseline 0.001 -20"><span class='ocrx_word' id='word_1_187' title='bbox 2190 1839 2408 1889; x_wconf 62' lang='lat' dir='ltr'>vestrae</span> <span class='ocrx_word' id='word_1_188' title='bbox 2441 1834 2681 1890; x_wconf 89' lang='lat' dir='ltr'>obedire</span> <span class='ocrx_word' id='word_1_189' title='bbox 2713 1851 2829 1890; x_wconf 90' lang='lat' dir='ltr'>non</span> <span class='ocrx_word' id='word_1_190' title='bbox 2861 1837 2974 1890; x_wconf 92' lang='lat' dir='ltr'>sim</span> <span class='ocrx_word' id='word_1_191' title='bbox 3020 1839 3369 1907; x_wconf 88' lang='lat' dir='ltr'>imparatus.</span> <span class='ocrx_word' id='word_1_192' title='bbox 3408 1836 3528 1892; x_wconf 90' lang='lat' dir='ltr'>Sed</span> <span class='ocrx_word' id='word_1_193' title='bbox 3555 1839 3651 1907; x_wconf 92' lang='lat' dir='ltr'>qui</span> <span class='ocrx_word' id='word_1_194' title='bbox 3677 1837 3821 1890; x_wconf 84' lang='lat' dir='ltr'>estin</span> 
     </span>
    </p>
   </div>
   <div class='ocr_carea' id='block_1_28' title="bbox 2189 1922 3821 1998">
    <p class='ocr_par' dir='ltr' id='par_1_28' title="bbox 2189 1922 3821 1998">
     <span class='ocr_line' id='line_1_28' title="bbox 2189 1922 3821 1998; baseline 0.001 -21"><span class='ocrx_word' id='word_1_195' title='bbox 2189 1924 2319 1977; x_wconf 92' lang='lat' dir='ltr'>loco</span> <span class='ocrx_word' id='word_1_196' title='bbox 2344 1922 2444 1976; x_wconf 87' lang='lat' dir='ltr'>tali</span> <span class='ocrx_word' id='word_1_197' title='bbox 2475 1939 2580 1993; x_wconf 92' lang='lat' dir='ltr'>pro</span> <span class='ocrx_word' id='word_1_198' title='bbox 2605 1923 2946 1979; x_wconf 88' lang='lat' dir='ltr'>diversitate</span> <span class='ocrx_word' id='word_1_199' title='bbox 2972 1926 3190 1998; x_wconf 62' lang='lat' dir='ltr'>lingua:</span> <span class='ocrx_word' id='word_1_200' title='bbox 3212 1925 3389 1997; x_wconf 88' lang='lat' dir='ltr'>quasi</span> <span class='ocrx_word' id='word_1_201' title='bbox 3414 1924 3716 1993; x_wconf 88' lang='lat' dir='ltr'>barbarus,</span> <span class='ocrx_word' id='word_1_202' title='bbox 3737 1940 3821 1979; x_wconf 85' lang='lat' dir='ltr'>nec</span> 
     </span>
    </p>
   </div>
   <div class='ocr_carea' id='block_1_29' title="bbox 2187 2011 3820 2084">
    <p class='ocr_par' dir='ltr' id='par_1_29' title="bbox 2187 2011 3820 2084">
     <span class='ocr_line' id='line_1_29' title="bbox 2187 2011 3820 2084; baseline 0 -19"><span class='ocrx_word' id='word_1_203' title='bbox 2187 2026 2221 2065; x_wconf 92' lang='lat' dir='ltr'>a</span> <span class='ocrx_word' id='word_1_204' title='bbox 2267 2011 2513 2080; x_wconf 84' lang='lat' dir='ltr'>pueritia</span> <span class='ocrx_word' id='word_1_205' title='bbox 2564 2012 2819 2067; x_wconf 89' lang='lat' dir='ltr'>nutritus</span> <span class='ocrx_word' id='word_1_206' title='bbox 2870 2028 2988 2068; x_wconf 87' lang='lat' dir='ltr'>non</span> <span class='ocrx_word' id='word_1_207' title='bbox 3031 2013 3202 2068; x_wconf 85' lang='lat' dir='ltr'>facile</span> <span class='ocrx_word' id='word_1_208' title='bbox 3247 2014 3376 2069; x_wconf 82' lang='lat' dir='ltr'>ﬁeri</span> <span class='ocrx_word' id='word_1_209' title='bbox 3428 2017 3620 2084; x_wconf 86' lang='lat' dir='ltr'>potest</span> <span class='ocrx_word' id='word_1_210' title='bbox 3661 2018 3715 2066; x_wconf 87' lang='lat' dir='ltr'>ut</span> <span class='ocrx_word' id='word_1_211' title='bbox 3762 2014 3820 2065; x_wconf 80' lang='lat' dir='ltr'>ita</span> 
     </span>
    </p>
   </div>
   <div class='ocr_carea' id='block_1_30' title="bbox 2188 2099 3820 2174">
    <p class='ocr_par' dir='ltr' id='par_1_30' title="bbox 2188 2099 3820 2174">
     <span class='ocr_line' id='line_1_30' title="bbox 2188 2099 3820 2174; baseline -0.001 -20"><span class='ocrx_word' id='word_1_212' title='bbox 2188 2099 2337 2154; x_wconf 89' lang='lat' dir='ltr'>sciat</span> <span class='ocrx_word' id='word_1_213' title='bbox 2380 2100 2572 2153; x_wconf 86' lang='lat' dir='ltr'>omnia</span> <span class='ocrx_word' id='word_1_214' title='bbox 2617 2100 2771 2154; x_wconf 87' lang='lat' dir='ltr'>sicut</span> <span class='ocrx_word' id='word_1_215' title='bbox 2800 2100 2896 2155; x_wconf 90' lang='lat' dir='ltr'>ille</span> <span class='ocrx_word' id='word_1_216' title='bbox 2944 2102 3044 2171; x_wconf 85' lang='lat' dir='ltr'>qui</span> <span class='ocrx_word' id='word_1_217' title='bbox 3075 2104 3167 2156; x_wconf 89' lang='lat' dir='ltr'>est</span> <span class='ocrx_word' id='word_1_218' title='bbox 3196 2102 3501 2174; x_wconf 87' lang='lat' dir='ltr'>indigena,</span> <span class='ocrx_word' id='word_1_219' title='bbox 3553 2105 3607 2157; x_wconf 86' lang='lat' dir='ltr'>et</span> <span class='ocrx_word' id='word_1_220' title='bbox 3645 2102 3733 2173; x_wconf 89' lang='lat' dir='ltr'>qui</span> <span class='ocrx_word' id='word_1_221' title='bbox 3764 2102 3820 2153; x_wconf 85' lang='lat' dir='ltr'>ab</span> 
     </span>
    </p>
   </div>
   <div class='ocr_carea' id='block_1_31' title="bbox 2188 2187 3819 2260">
    <p class='ocr_par' dir='ltr' id='par_1_31' title="bbox 2188 2187 3819 2260">
     <span class='ocr_line' id='line_1_31' title="bbox 2188 2187 3819 2260; baseline 0 -20"><span class='ocrx_word' id='word_1_222' title='bbox 2188 2187 2431 2241; x_wconf 86' lang='lat' dir='ltr'>infantia</span> <span class='ocrx_word' id='word_1_223' title='bbox 2456 2188 2607 2242; x_wconf 90' lang='lat' dir='ltr'>inter</span> <span class='ocrx_word' id='word_1_224' title='bbox 2625 2189 2759 2242; x_wconf 88' lang='lat' dir='ltr'>talia</span> <span class='ocrx_word' id='word_1_225' title='bbox 2791 2190 3005 2255; x_wconf 88' lang='lat' dir='ltr'>crevit;</span> <span class='ocrx_word' id='word_1_226' title='bbox 3029 2190 3278 2260; x_wconf 88' lang='lat' dir='ltr'>ideoque</span> <span class='ocrx_word' id='word_1_227' title='bbox 3306 2206 3431 2246; x_wconf 92' lang='lat' dir='ltr'>non</span> <span class='ocrx_word' id='word_1_228' title='bbox 3464 2194 3557 2246; x_wconf 88' lang='lat' dir='ltr'>est</span> <span class='ocrx_word' id='word_1_229' title='bbox 3575 2190 3762 2244; x_wconf 85' lang='lat' dir='ltr'>mirum</span> <span class='ocrx_word' id='word_1_230' title='bbox 3780 2191 3819 2241; x_wconf 89' lang='lat' dir='ltr'>si</span> 
     </span>
    </p>
   </div>
   <div class='ocr_carea' id='block_1_32' title="bbox 2192 2278 3819 2351">
    <p class='ocr_par' dir='ltr' id='par_1_32' title="bbox 2192 2278 3819 2351">
     <span class='ocr_line' id='line_1_32' title="bbox 2192 2278 3819 2351; baseline 0 -21"><span class='ocrx_word' id='word_1_231' title='bbox 2192 2281 2247 2330; x_wconf 90' lang='lat' dir='ltr'>et</span> <span class='ocrx_word' id='word_1_232' title='bbox 2289 2291 2403 2347; x_wconf 86' lang='lat' dir='ltr'>ego</span> <span class='ocrx_word' id='word_1_233' title='bbox 2447 2291 2564 2330; x_wconf 91' lang='lat' dir='ltr'>non</span> <span class='ocrx_word' id='word_1_234' title='bbox 2612 2278 2856 2331; x_wconf 90' lang='lat' dir='ltr'>multum</span> <span class='ocrx_word' id='word_1_235' title='bbox 2902 2278 3028 2332; x_wconf 89' lang='lat' dir='ltr'>scio</span> <span class='ocrx_word' id='word_1_236' title='bbox 3058 2278 3130 2333; x_wconf 89' lang='lat' dir='ltr'>de</span> <span class='ocrx_word' id='word_1_237' title='bbox 3161 2279 3529 2351; x_wconf 82' lang='lat' dir='ltr'>hujusmodi,</span> <span class='ocrx_word' id='word_1_238' title='bbox 3580 2280 3672 2350; x_wconf 89' lang='lat' dir='ltr'>qui</span> <span class='ocrx_word' id='word_1_239' title='bbox 3702 2293 3819 2348; x_wconf 79' lang='lat' dir='ltr'>pene</span> 
     </span>
    </p>
   </div>
   <div class='ocr_carea' id='block_1_33' title="bbox 417 2353 3818 2436">
    <p class='ocr_par' dir='ltr' id='par_1_33' title="bbox 417 2353 3818 2436">
     <span class='ocr_line' id='line_1_33' title="bbox 417 2353 3818 2436; baseline -0 -18"><span class='ocrx_word' id='word_1_240' title='bbox 417 2370 508 2419; x_wconf 88' lang='lat' dir='ltr'>est</span> <span class='ocrx_word' id='word_1_241' title='bbox 534 2366 693 2436; x_wconf 92' lang='lat' dir='ltr'>loqui</span> <span class='ocrx_word' id='word_1_242' title='bbox 718 2383 728 2419; x_wconf 91' lang='lat'>:</span> <span class='ocrx_word' id='word_1_243' title='bbox 763 2365 1028 2420; x_wconf 86' lang='lat' dir='ltr'>Ecclesia</span> <span class='ocrx_word' id='word_1_244' title='bbox 1051 2369 1268 2432; x_wconf 88' lang='lat' dir='ltr'>vestra,</span> <span class='ocrx_word' id='word_1_245' title='bbox 1296 2365 1700 2433; x_wconf 86' lang='lat' dir='ltr'>dilectissime,</span> <span class='ocrx_word' id='word_1_246' title='bbox 1725 2380 1832 2434; x_wconf 89' lang='lat' dir='ltr'>per</span> <span class='ocrx_word' id='word_1_247' title='bbox 1855 2365 2083 2418; x_wconf 90' lang='lat' dir='ltr'>miseri-</span> <span class='ocrx_word' id='word_1_248' title='bbox 2113 2353 2164 2414; x_wconf 87' lang='grc' dir='ltr'>Β</span> <span class='ocrx_word' id='word_1_249' title='bbox 2194 2379 2385 2434; x_wconf 91' lang='lat' dir='ltr'>usque</span> <span class='ocrx_word' id='word_1_250' title='bbox 2417 2364 2488 2418; x_wconf 90' lang='lat' dir='ltr'>ad</span> <span class='ocrx_word' id='word_1_251' title='bbox 2520 2366 2882 2420; x_wconf 89' lang='lat' dir='ltr'>tricesimum</span> <span class='ocrx_word' id='word_1_252' title='bbox 2906 2368 3094 2423; x_wconf 66' lang='lat' dir='ltr'>aetatis</span> <span class='ocrx_word' id='word_1_253' title='bbox 3117 2374 3342 2423; x_wconf 84' lang='lat' dir='ltr'>nostrae</span> <span class='ocrx_word' id='word_1_254' title='bbox 3367 2384 3587 2423; x_wconf 89' lang='lat' dir='ltr'>annum</span> <span class='ocrx_word' id='word_1_255' title='bbox 3608 2382 3708 2421; x_wconf 91' lang='lat' dir='ltr'>non</span> <span class='ocrx_word' id='word_1_256' title='bbox 3730 2366 3818 2419; x_wconf 85' lang='lat' dir='ltr'>nisi</span> 
     </span>
    </p>
   </div>
   <div class='ocr_carea' id='block_1_34' title="bbox 416 2452 2081 2523">
    <p class='ocr_par' dir='ltr' id='par_1_34' title="bbox 416 2452 2081 2523">
     <span class='ocr_line' id='line_1_34' title="bbox 416 2452 2081 2523; baseline 0 -16"><span class='ocrx_word' id='word_1_257' title='bbox 416 2452 677 2507; x_wconf 89' lang='lat' dir='ltr'>cordiam</span> <span class='ocrx_word' id='word_1_258' title='bbox 699 2454 805 2508; x_wconf 90' lang='lat' dir='ltr'>Dei</span> <span class='ocrx_word' id='word_1_259' title='bbox 826 2470 943 2508; x_wconf 92' lang='lat' dir='ltr'>non</span> <span class='ocrx_word' id='word_1_260' title='bbox 969 2469 1209 2523; x_wconf 87' lang='lat' dir='ltr'>parvam</span> <span class='ocrx_word' id='word_1_261' title='bbox 1233 2454 1290 2506; x_wconf 90' lang='lat' dir='ltr'>in</span> <span class='ocrx_word' id='word_1_262' title='bbox 1322 2454 1546 2508; x_wconf 88' lang='lat' dir='ltr'>nostris</span> <span class='ocrx_word' id='word_1_263' title='bbox 1569 2453 1836 2522; x_wconf 89' lang='lat' dir='ltr'>partibus</span> <span class='ocrx_word' id='word_1_264' title='bbox 1860 2453 2081 2522; x_wconf 91' lang='lat' dir='ltr'>opinio-</span> 
     </span>
    </p>
   </div>
   <div class='ocr_carea' id='block_1_35' title="bbox 418 2541 2085 2612">
    <p class='ocr_par' dir='ltr' id='par_1_35' title="bbox 418 2541 2085 2612">
     <span class='ocr_line' id='line_1_35' title="bbox 418 2541 2085 2612; baseline 0 -17"><span class='ocrx_word' id='word_1_265' title='bbox 418 2556 549 2595; x_wconf 89' lang='lat' dir='ltr'>nem</span> <span class='ocrx_word' id='word_1_266' title='bbox 572 2541 882 2612; x_wconf 85' lang='lat' dir='ltr'>religionis</span> <span class='ocrx_word' id='word_1_267' title='bbox 906 2542 1175 2609; x_wconf 82' lang='lat' dir='ltr'>obtinuit,</span> <span class='ocrx_word' id='word_1_268' title='bbox 1206 2556 1313 2595; x_wconf 89' lang='lat' dir='ltr'>nec</span> <span class='ocrx_word' id='word_1_269' title='bbox 1337 2541 1491 2596; x_wconf 87' lang='lat' dir='ltr'>aliud</span> <span class='ocrx_word' id='word_1_270' title='bbox 1513 2542 1887 2595; x_wconf 87' lang='lat' dir='ltr'>aestimatura</span> <span class='ocrx_word' id='word_1_271' title='bbox 1909 2541 2085 2595; x_wconf 92' lang='lat' dir='ltr'>nobis</span> 
     </span>
    </p>
   </div>
   <div class='ocr_carea' id='block_1_36' title="bbox 417 2628 2086 2700">
    <p class='ocr_par' dir='ltr' id='par_1_36' title="bbox 417 2628 2086 2700">
     <span class='ocr_line' id='line_1_36' title="bbox 417 2628 2086 2700; baseline -0.001 -18"><span class='ocrx_word' id='word_1_272' title='bbox 417 2643 591 2699; x_wconf 89' lang='lat' dir='ltr'>quam</span> <span class='ocrx_word' id='word_1_273' title='bbox 621 2629 780 2699; x_wconf 89' lang='lat' dir='ltr'>quod</span> <span class='ocrx_word' id='word_1_274' title='bbox 823 2630 881 2683; x_wconf 91' lang='lat' dir='ltr'>in</span> <span class='ocrx_word' id='word_1_275' title='bbox 913 2628 1006 2683; x_wconf 90' lang='lat' dir='ltr'>his</span> <span class='ocrx_word' id='word_1_276' title='bbox 1035 2629 1184 2684; x_wconf 90' lang='lat' dir='ltr'>locis</span> <span class='ocrx_word' id='word_1_277' title='bbox 1229 2645 1362 2700; x_wconf 65' lang='lat' dir='ltr'>quae</span> <span class='ocrx_word' id='word_1_278' title='bbox 1406 2629 1478 2683; x_wconf 93' lang='lat' dir='ltr'>ad</span> <span class='ocrx_word' id='word_1_279' title='bbox 1518 2633 1781 2685; x_wconf 86' lang='lat' dir='ltr'>nostram</span> <span class='ocrx_word' id='word_1_280' title='bbox 1824 2629 2086 2684; x_wconf 90' lang='lat' dir='ltr'>notitiam</span> 
     </span>
    </p>
   </div>
   <div class='ocr_carea' id='block_1_37' title="bbox 2193 2452 3818 2528">
    <p class='ocr_par' dir='ltr' id='par_1_37' title="bbox 2193 2452 3818 2528">
     <span class='ocr_line' id='line_1_37' title="bbox 2193 2452 3818 2528; baseline 0.001 -22"><span class='ocrx_word' id='word_1_281' title='bbox 2193 2452 2264 2506; x_wconf 90' lang='lat' dir='ltr'>de</span> <span class='ocrx_word' id='word_1_282' title='bbox 2285 2453 2468 2507; x_wconf 89' lang='lat' dir='ltr'>rebus</span> <span class='ocrx_word' id='word_1_283' title='bbox 2488 2454 2693 2508; x_wconf 68' lang='lat' dir='ltr'>smculi</span> <span class='ocrx_word' id='word_1_284' title='bbox 2712 2470 3070 2527; x_wconf 81' lang='lat' dir='ltr'>magnOpere</span> <span class='ocrx_word' id='word_1_285' title='bbox 3092 2457 3315 2511; x_wconf 86' lang='lat' dir='ltr'>curavi.</span> <span class='ocrx_word' id='word_1_286' title='bbox 3342 2457 3566 2512; x_wconf 89' lang='lat' dir='ltr'>Tamen</span> <span class='ocrx_word' id='word_1_287' title='bbox 3583 2458 3818 2528; x_wconf 83' lang='lat' dir='ltr'>quantum</span> 
     </span>
    </p>
   </div>
   <div class='ocr_carea' id='block_1_38' title="bbox 2192 2541 3817 2615">
    <p class='ocr_par' dir='ltr' id='par_1_38' title="bbox 2192 2541 3817 2615">
     <span class='ocr_line' id='line_1_38' title="bbox 2192 2541 3817 2615; baseline 0.001 -22"><span class='ocrx_word' id='word_1_288' title='bbox 2192 2544 2283 2594; x_wconf 91' lang='lat' dir='ltr'>est</span> <span class='ocrx_word' id='word_1_289' title='bbox 2312 2541 2469 2611; x_wconf 87' lang='lat' dir='ltr'>quod</span> <span class='ocrx_word' id='word_1_290' title='bbox 2499 2543 2644 2611; x_wconf 89' lang='lat' dir='ltr'>scio,</span> <span class='ocrx_word' id='word_1_291' title='bbox 2677 2541 2736 2597; x_wconf 92' lang='lat' dir='ltr'>id</span> <span class='ocrx_word' id='word_1_292' title='bbox 2766 2541 2962 2615; x_wconf 90' lang='lat' dir='ltr'>ipsum</span> <span class='ocrx_word' id='word_1_293' title='bbox 2988 2544 3242 2599; x_wconf 87' lang='lat' dir='ltr'>referam</span> <span class='ocrx_word' id='word_1_294' title='bbox 3275 2561 3396 2600; x_wconf 90' lang='lat' dir='ltr'>non</span> <span class='ocrx_word' id='word_1_295' title='bbox 3424 2547 3658 2600; x_wconf 89' lang='lat' dir='ltr'>invitus.</span> <span class='ocrx_word' id='word_1_296' title='bbox 3690 2543 3817 2613; x_wconf 83' lang='lat' dir='ltr'>Ergo</span> 
     </span>
    </p>
   </div>
   <div class='ocr_carea' id='block_1_39' title="bbox 2192 2628 3576 2707">
    <p class='ocr_par' dir='ltr' id='par_1_39' title="bbox 2192 2628 3576 2707">
     <span class='ocr_line' id='line_1_39' title="bbox 2192 2628 3576 2707; baseline 0.005 -27"><span class='ocrx_word' id='word_1_297' title='bbox 2192 2628 2326 2683; x_wconf 87' lang='lat' dir='ltr'>vide</span> <span class='ocrx_word' id='word_1_298' title='bbox 2356 2629 2427 2682; x_wconf 92' lang='lat' dir='ltr'>de</span> <span class='ocrx_word' id='word_1_299' title='bbox 2459 2645 2574 2701; x_wconf 90' lang='lat' dir='ltr'>quo</span> <span class='ocrx_word' id='word_1_300' title='bbox 2604 2632 2867 2687; x_wconf 90' lang='lat' dir='ltr'>volueris</span> <span class='ocrx_word' id='word_1_301' title='bbox 2898 2634 3151 2703; x_wconf 88' lang='lat' dir='ltr'>primum</span> <span class='ocrx_word' id='word_1_302' title='bbox 3177 2633 3576 2707; x_wconf 86' lang='lat' dir='ltr'>interrogare.</span> 
     </span>
    </p>
   </div>
   <div class='ocr_carea' id='block_1_40' title="bbox 1705 2817 2432 2901">
    <p class='ocr_par' dir='ltr' id='par_1_40' title="bbox 1705 2817 2432 2901">
     <span class='ocr_line' id='line_1_40' title="bbox 1705 2817 2432 2901; baseline -0.001 -3"><span class='ocrx_word' id='word_1_303' title='bbox 1705 2818 1994 2901; x_wconf 88' lang='lat' dir='ltr'><strong>LIBER</strong></span> <span class='ocrx_word' id='word_1_304' title='bbox 2050 2817 2432 2901; x_wconf 84' lang='lat' dir='ltr'>PRIMUS.</span> 
     </span>
    </p>
   </div>
   <div class='ocr_carea' id='block_1_41' title="bbox 937 3004 1553 3060">
    <p class='ocr_par' dir='ltr' id='par_1_41' title="bbox 937 3004 1553 3060">
     <span class='ocr_line' id='line_1_41' title="bbox 937 3004 1553 3060; baseline -0.003 0"><span class='ocrx_word' id='word_1_305' title='bbox 937 3005 1189 3060; x_wconf 84' lang='lat' dir='ltr'><strong>CAPUT</strong></span> <span class='ocrx_word' id='word_1_306' title='bbox 1229 3004 1553 3059; x_wconf 79' lang='lat' dir='ltr'><strong>PRIMUM.</strong></span> 
     </span>
    </p>
   </div>
   <div class='ocr_carea' id='block_1_42' title="bbox 553 3099 1941 3173">
    <p class='ocr_par' dir='ltr' id='par_1_42' title="bbox 553 3099 1941 3173">
     <span class='ocr_line' id='line_1_42' title="bbox 553 3099 1941 3173; baseline -0.001 -18"><span class='ocrx_word' id='word_1_307' title='bbox 553 3099 844 3166; x_wconf 80' lang='lat' dir='ltr'>Quomodo</span> <span class='ocrx_word' id='word_1_308' title='bbox 882 3100 1313 3157; x_wconf 84' lang='lat' dir='ltr'>Testamentum</span> <span class='ocrx_word' id='word_1_309' title='bbox 1353 3100 1586 3173; x_wconf 86' lang='lat' dir='ltr'>legatur</span> <span class='ocrx_word' id='word_1_310' title='bbox 1619 3106 1941 3172; x_wconf 87' lang='lat' dir='ltr'>utrumque.</span> 
     </span>
    </p>
   </div>
   <div class='ocr_carea' id='block_1_43' title="bbox 486 3189 2079 3262">
    <p class='ocr_par' dir='ltr' id='par_1_43' title="bbox 486 3189 2079 3262">
     <span class='ocr_line' id='line_1_43' title="bbox 486 3189 2079 3262; baseline -0.001 -19"><span class='ocrx_word' id='word_1_311' title='bbox 486 3189 906 3262; x_wconf 79' lang='lat' dir='ltr'>Interrogatio.</span> <span class='ocrx_word' id='word_1_312' title='bbox 924 3191 1112 3246; x_wconf 82' lang='lat' dir='ltr'>Audio</span> <span class='ocrx_word' id='word_1_313' title='bbox 1130 3190 1414 3246; x_wconf 89' lang='lat' dir='ltr'>lectiones</span> <span class='ocrx_word' id='word_1_314' title='bbox 1429 3195 1662 3245; x_wconf 88' lang='lat' dir='ltr'>vestras</span> <span class='ocrx_word' id='word_1_315' title='bbox 1676 3190 1735 3245; x_wconf 92' lang='lat' dir='ltr'>in</span> <span class='ocrx_word' id='word_1_316' title='bbox 1749 3190 1940 3245; x_wconf 89' lang='lat' dir='ltr'>hieme</span> <span class='ocrx_word' id='word_1_317' title='bbox 1953 3192 2010 3245; x_wconf 91' lang='lat' dir='ltr'>et</span> <span class='ocrx_word' id='word_1_318' title='bbox 2023 3189 2079 3242; x_wconf 92' lang='lat' dir='ltr'>in</span> 
     </span>
    </p>
   </div>
   <div class='ocr_carea' id='block_1_44' title="bbox 414 3278 2077 3350">
    <p class='ocr_par' dir='ltr' id='par_1_44' title="bbox 414 3278 2077 3350">
     <span class='ocr_line' id='line_1_44' title="bbox 414 3278 2077 3350; baseline -0.001 -17"><span class='ocrx_word' id='word_1_319' title='bbox 414 3279 660 3349; x_wconf 87' lang='lat' dir='ltr'>privatis</span> <span class='ocrx_word' id='word_1_320' title='bbox 693 3279 968 3335; x_wconf 89' lang='lat' dir='ltr'>noctibus</span> <span class='ocrx_word' id='word_1_321' title='bbox 992 3280 1233 3335; x_wconf 89' lang='lat' dir='ltr'>multum</span> <span class='ocrx_word' id='word_1_322' title='bbox 1253 3294 1391 3335; x_wconf 89' lang='lat' dir='ltr'>esse</span> <span class='ocrx_word' id='word_1_323' title='bbox 1422 3280 1704 3350; x_wconf 86' lang='lat' dir='ltr'>prolixas.</span> <span class='ocrx_word' id='word_1_324' title='bbox 1730 3278 1792 3334; x_wconf 91' lang='lat' dir='ltr'>Si</span> <span class='ocrx_word' id='word_1_325' title='bbox 1824 3278 2077 3345; x_wconf 91' lang='lat' dir='ltr'>videtur,</span> 
     </span>
    </p>
   </div>
   <div class='ocr_carea' id='block_1_45' title="bbox 416 3365 2082 3439">
    <p class='ocr_par' dir='ltr' id='par_1_45' title="bbox 416 3365 2082 3439">
     <span class='ocr_line' id='line_1_45' title="bbox 416 3365 2082 3439; baseline -0.001 -18"><span class='ocrx_word' id='word_1_326' title='bbox 416 3367 592 3422; x_wconf 90' lang='lat' dir='ltr'>simul</span> <span class='ocrx_word' id='word_1_327' title='bbox 641 3371 698 3422; x_wconf 90' lang='lat' dir='ltr'>et</span> <span class='ocrx_word' id='word_1_328' title='bbox 740 3370 926 3422; x_wconf 89' lang='lat' dir='ltr'>semel</span> <span class='ocrx_word' id='word_1_329' title='bbox 971 3368 1238 3424; x_wconf 88' lang='lat' dir='ltr'>edissere</span> <span class='ocrx_word' id='word_1_330' title='bbox 1283 3368 1577 3439; x_wconf 91' lang='lat' dir='ltr'>quomodo</span> <span class='ocrx_word' id='word_1_331' title='bbox 1635 3383 1751 3422; x_wconf 91' lang='lat' dir='ltr'>non</span> <span class='ocrx_word' id='word_1_332' title='bbox 1807 3367 1978 3421; x_wconf 91' lang='lat' dir='ltr'>modo</span> <span class='ocrx_word' id='word_1_333' title='bbox 2024 3365 2082 3420; x_wconf 90' lang='lat' dir='ltr'>in</span> 
     </span>
    </p>
   </div>
   <div class='ocr_carea' id='block_1_46' title="bbox 415 3453 2085 3526">
    <p class='ocr_par' dir='ltr' id='par_1_46' title="bbox 415 3453 2085 3526">
     <span class='ocr_line' id='line_1_46' title="bbox 415 3453 2085 3526; baseline 0 -18"><span class='ocrx_word' id='word_1_334' title='bbox 415 3453 628 3524; x_wconf 89' lang='lat' dir='ltr'>hieme,</span> <span class='ocrx_word' id='word_1_335' title='bbox 678 3456 786 3510; x_wconf 87' lang='lat' dir='ltr'>sed</span> <span class='ocrx_word' id='word_1_336' title='bbox 829 3457 1000 3510; x_wconf 89' lang='lat' dir='ltr'>etiam</span> <span class='ocrx_word' id='word_1_337' title='bbox 1036 3457 1092 3509; x_wconf 92' lang='lat' dir='ltr'>in</span> <span class='ocrx_word' id='word_1_338' title='bbox 1124 3459 1328 3511; x_wconf 82' lang='lat' dir='ltr'>aestate</span> <span class='ocrx_word' id='word_1_339' title='bbox 1370 3456 1809 3511; x_wconf 89' lang='lat' dir='ltr'>Testamentum</span> <span class='ocrx_word' id='word_1_340' title='bbox 1853 3453 2085 3526; x_wconf 87' lang='lat' dir='ltr'>légatur</span> 
     </span>
    </p>
   </div>
   <div class='ocr_carea' id='block_1_47' title="bbox 417 3546 748 3614">
    <p class='ocr_par' dir='ltr' id='par_1_47' title="bbox 417 3546 748 3614">
     <span class='ocr_line' id='line_1_47' title="bbox 417 3546 748 3614; baseline 0.003 -19"><span class='ocrx_word' id='word_1_341' title='bbox 417 3546 748 3614; x_wconf 87' lang='lat' dir='ltr'>utrumque.</span> 
     </span>
    </p>
   </div>
   <div class='ocr_carea' id='block_1_48' title="bbox 488 3628 2084 3699">
    <p class='ocr_par' dir='ltr' id='par_1_48' title="bbox 488 3628 2084 3699">
     <span class='ocr_line' id='line_1_48' title="bbox 488 3628 2084 3699; baseline 0.001 -17"><span class='ocrx_word' id='word_1_342' title='bbox 488 3628 833 3699; x_wconf 78' lang='lat' dir='ltr'>ReSponsio.</span> <span class='ocrx_word' id='word_1_343' title='bbox 868 3629 943 3683; x_wconf 92' lang='lat' dir='ltr'>Ut</span> <span class='ocrx_word' id='word_1_344' title='bbox 968 3630 1244 3699; x_wconf 81' lang='lat' dir='ltr'>incipiam</span> <span class='ocrx_word' id='word_1_345' title='bbox 1275 3631 1345 3684; x_wconf 90' lang='lat' dir='ltr'>de</span> <span class='ocrx_word' id='word_1_346' title='bbox 1378 3631 1661 3685; x_wconf 89' lang='lat' dir='ltr'>librorum</span> <span class='ocrx_word' id='word_1_347' title='bbox 1689 3631 1947 3685; x_wconf 91' lang='lat' dir='ltr'>omnium</span> <span class='ocrx_word' id='word_1_348' title='bbox 1977 3645 2084 3684; x_wconf 89' lang='lat' dir='ltr'>an-</span> 
     </span>
    </p>
   </div>
   <div class='ocr_carea' id='block_1_49' title="bbox 414 3716 2083 3788">
    <p class='ocr_par' dir='ltr' id='par_1_49' title="bbox 414 3716 2083 3788">
     <span class='ocr_line' id='line_1_49' title="bbox 414 3716 2083 3788; baseline 0.002 -18"><span class='ocrx_word' id='word_1_349' title='bbox 414 3716 772 3788; x_wconf 90' lang='lat' dir='ltr'>tiquissimo,</span> <span class='ocrx_word' id='word_1_350' title='bbox 825 3716 879 3770; x_wconf 73' lang='lat' dir='ltr'>id</span> <span class='ocrx_word' id='word_1_351' title='bbox 940 3722 1027 3772; x_wconf 80' lang='lat' dir='ltr'>est</span> <span class='ocrx_word' id='word_1_352' title='bbox 1060 3718 1435 3786; x_wconf 84' lang='lat' dir='ltr'>Oclateucho,</span> <span class='ocrx_word' id='word_1_353' title='bbox 1473 3718 1564 3772; x_wconf 88' lang='lat' dir='ltr'>hic</span> <span class='ocrx_word' id='word_1_354' title='bbox 1612 3718 1778 3786; x_wconf 86' lang='lat' dir='ltr'>liber,</span> <span class='ocrx_word' id='word_1_355' title='bbox 1846 3724 1907 3773; x_wconf 90' lang='lat' dir='ltr'>ut</span> <span class='ocrx_word' id='word_1_356' title='bbox 1956 3734 2083 3773; x_wconf 85' lang='lat' dir='ltr'>mos</span> 
     </span>
    </p>
   </div>
   <div class='ocr_carea' id='block_1_50' title="bbox 417 3806 2083 3881">
    <p class='ocr_par' dir='ltr' id='par_1_50' title="bbox 417 3806 2083 3881">
     <span class='ocr_line' id='line_1_50' title="bbox 417 3806 2083 3881; baseline 0.001 -21"><span class='ocrx_word' id='word_1_357' title='bbox 417 3808 508 3861; x_wconf 90' lang='lat' dir='ltr'>est</span> <span class='ocrx_word' id='word_1_358' title='bbox 539 3807 858 3878; x_wconf 89' lang='lat' dir='ltr'>generalis,</span> <span class='ocrx_word' id='word_1_359' title='bbox 892 3810 949 3862; x_wconf 91' lang='lat' dir='ltr'>et</span> <span class='ocrx_word' id='word_1_360' title='bbox 978 3807 1036 3861; x_wconf 90' lang='lat' dir='ltr'>in</span> <span class='ocrx_word' id='word_1_361' title='bbox 1067 3806 1199 3861; x_wconf 89' lang='lat' dir='ltr'>aliis</span> <span class='ocrx_word' id='word_1_362' title='bbox 1232 3807 1522 3863; x_wconf 88' lang='lat' dir='ltr'>Ecclesiis</span> <span class='ocrx_word' id='word_1_363' title='bbox 1550 3812 1606 3862; x_wconf 89' lang='lat' dir='ltr'>et</span> <span class='ocrx_word' id='word_1_364' title='bbox 1634 3807 2083 3881; x_wconf 87' lang='lat' dir='ltr'>Septuagesima</span> 
     </span>
    </p>
   </div>
   <div class='ocr_carea' id='block_1_51' title="bbox 416 3895 2082 3968">
    <p class='ocr_par' dir='ltr' id='par_1_51' title="bbox 416 3895 2082 3968">
     <span class='ocr_line' id='line_1_51' title="bbox 416 3895 2082 3968; baseline 0.003 -19"><span class='ocrx_word' id='word_1_365' title='bbox 416 3895 653 3965; x_wconf 89' lang='lat' dir='ltr'>ponitur</span> <span class='ocrx_word' id='word_1_366' title='bbox 669 3896 741 3949; x_wconf 86' lang='lat' dir='ltr'>ad</span> <span class='ocrx_word' id='word_1_367' title='bbox 754 3896 1091 3968; x_wconf 88' lang='lat' dir='ltr'>legendum.</span> <span class='ocrx_word' id='word_1_368' title='bbox 1109 3897 1170 3951; x_wconf 91' lang='lat' dir='ltr'><strong>In</strong></span> <span class='ocrx_word' id='word_1_369' title='bbox 1184 3898 1312 3966; x_wconf 89' lang='lat' dir='ltr'>ipsa</span> <span class='ocrx_word' id='word_1_370' title='bbox 1328 3896 1629 3952; x_wconf 88' lang='lat' dir='ltr'>Dominica</span> <span class='ocrx_word' id='word_1_371' title='bbox 1642 3897 1785 3952; x_wconf 84' lang='lat' dir='ltr'>fiunt</span> <span class='ocrx_word' id='word_1_372' title='bbox 1797 3897 2082 3954; x_wconf 88' lang='lat' dir='ltr'>lectiones</span> 
     </span>
    </p>
   </div>
   <div class='ocr_carea' id='block_1_52' title="bbox 416 3983 2083 4056">
    <p class='ocr_par' dir='ltr' id='par_1_52' title="bbox 416 3983 2083 4056">
     <span class='ocr_line' id='line_1_52' title="bbox 416 3983 2083 4056; baseline 0.003 -19"><span class='ocrx_word' id='word_1_373' title='bbox 416 3983 565 4037; x_wconf 86' lang='lat' dir='ltr'>satis</span> <span class='ocrx_word' id='word_1_374' title='bbox 594 3983 833 4052; x_wconf 89' lang='lat' dir='ltr'>breves,</span> <span class='ocrx_word' id='word_1_375' title='bbox 864 3988 1077 4054; x_wconf 83' lang='lat' dir='ltr'>praeter</span> <span class='ocrx_word' id='word_1_376' title='bbox 1108 3987 1179 4039; x_wconf 89' lang='lat' dir='ltr'>ad</span> <span class='ocrx_word' id='word_1_377' title='bbox 1220 3987 1465 4056; x_wconf 86' lang='lat' dir='ltr'>primam</span> <span class='ocrx_word' id='word_1_378' title='bbox 1511 3986 1840 4055; x_wconf 87' lang='lat' dir='ltr'>lectionem,</span> <span class='ocrx_word' id='word_1_379' title='bbox 1880 3989 2083 4056; x_wconf 86' lang='lat' dir='ltr'>prolo-</span> 
     </span>
    </p>
   </div>
   <div class='ocr_carea' id='block_1_53' title="bbox 417 4070 2083 4144">
    <p class='ocr_par' dir='ltr' id='par_1_53' title="bbox 417 4070 2083 4144">
     <span class='ocr_line' id='line_1_53' title="bbox 417 4070 2083 4144; baseline 0.003 -19"><span class='ocrx_word' id='word_1_380' title='bbox 417 4086 532 4142; x_wconf 90' lang='lat' dir='ltr'>gus</span> <span class='ocrx_word' id='word_1_381' title='bbox 562 4070 659 4126; x_wconf 89' lang='lat' dir='ltr'>ille</span> <span class='ocrx_word' id='word_1_382' title='bbox 708 4071 1016 4128; x_wconf 72' lang='lat' dir='ltr'>Desidet-ii</span> <span class='ocrx_word' id='word_1_383' title='bbox 1059 4076 1175 4129; x_wconf 87' lang='lat' dir='ltr'>mei</span> <span class='ocrx_word' id='word_1_384' title='bbox 1217 4074 1566 4144; x_wconf 86' lang='lat' dir='ltr'>expenditur</span> <span class='ocrx_word' id='word_1_385' title='bbox 1613 4077 1790 4129; x_wconf 90' lang='lat' dir='ltr'>totus.</span> <span class='ocrx_word' id='word_1_386' title='bbox 1839 4075 1952 4130; x_wconf 87' lang='lat' dir='ltr'>Per</span> <span class='ocrx_word' id='word_1_387' title='bbox 1983 4092 2083 4130; x_wconf 88' lang='lat' dir='ltr'>se—</span> 
     </span>
    </p>
   </div>
   <div class='ocr_carea' id='block_1_54' title="bbox 417 4161 2083 4233">
    <p class='ocr_par' dir='ltr' id='par_1_54' title="bbox 417 4161 2083 4233">
     <span class='ocr_line' id='line_1_54' title="bbox 417 4161 2083 4233; baseline 0.002 -18"><span class='ocrx_word' id='word_1_388' title='bbox 417 4164 666 4231; x_wconf 88' lang='lat' dir='ltr'>quentes</span> <span class='ocrx_word' id='word_1_389' title='bbox 690 4164 894 4216; x_wconf 90' lang='lat' dir='ltr'>noctes</span> <span class='ocrx_word' id='word_1_390' title='bbox 918 4161 994 4216; x_wconf 86' lang='lat' dir='ltr'>ita</span> <span class='ocrx_word' id='word_1_391' title='bbox 1015 4162 1446 4232; x_wconf 88' lang='lat' dir='ltr'>protenduntur</span> <span class='ocrx_word' id='word_1_392' title='bbox 1472 4167 1532 4217; x_wconf 92' lang='lat' dir='ltr'>ut</span> <span class='ocrx_word' id='word_1_393' title='bbox 1555 4164 1610 4218; x_wconf 89' lang='lat' dir='ltr'>in</span> <span class='ocrx_word' id='word_1_394' title='bbox 1637 4164 1733 4218; x_wconf 85' lang='lat' dir='ltr'>illa</span> <span class='ocrx_word' id='word_1_395' title='bbox 1765 4180 1880 4218; x_wconf 87' lang='lat' dir='ltr'>una</span> <span class='ocrx_word' id='word_1_396' title='bbox 1898 4165 2083 4233; x_wconf 90' lang='lat' dir='ltr'>septi-</span> 
     </span>
    </p>
   </div>
   <div class='ocr_carea' id='block_1_55' title="bbox 416 4248 2084 4323">
    <p class='ocr_par' dir='ltr' id='par_1_55' title="bbox 416 4248 2084 4323">
     <span class='ocr_line' id='line_1_55' title="bbox 416 4248 2084 4323; baseline 0.003 -20"><span class='ocrx_word' id='word_1_397' title='bbox 416 4265 585 4304; x_wconf 87' lang='lat' dir='ltr'>mana</span> <span class='ocrx_word' id='word_1_398' title='bbox 621 4248 876 4305; x_wconf 82' lang='lat' dir='ltr'>Genesis</span> <span class='ocrx_word' id='word_1_399' title='bbox 906 4252 1268 4323; x_wconf 85' lang='lat' dir='ltr'>perlegatur,</span> <span class='ocrx_word' id='word_1_400' title='bbox 1300 4252 1434 4307; x_wconf 80' lang='lat' dir='ltr'>etin</span> <span class='ocrx_word' id='word_1_401' title='bbox 1466 4254 1722 4306; x_wconf 81' lang='lat' dir='ltr'>ecclesia</span> <span class='ocrx_word' id='word_1_402' title='bbox 1753 4256 1993 4307; x_wconf 87' lang='lat' dir='ltr'>tantum.</span> <span class='ocrx_word' id='word_1_403' title='bbox 2022 4254 2084 4309; x_wconf 94' lang='lat' dir='ltr'>In</span> 
     </span>
    </p>
   </div>
   <div class='ocr_carea' id='block_1_56' title="bbox 415 4338 2084 4411">
    <p class='ocr_par' dir='ltr' id='par_1_56' title="bbox 415 4338 2084 4411">
     <span class='ocr_line' id='line_1_56' title="bbox 415 4338 2084 4411; baseline 0.002 -19"><span class='ocrx_word' id='word_1_404' title='bbox 415 4338 802 4411; x_wconf 82' lang='lat' dir='ltr'>Sexagesima</span> <span class='ocrx_word' id='word_1_405' title='bbox 846 4339 1093 4395; x_wconf 79' lang='lat' dir='ltr'>Exodus</span> <span class='ocrx_word' id='word_1_406' title='bbox 1122 4340 1452 4407; x_wconf 85' lang='lat' dir='ltr'>inchoatur,</span> <span class='ocrx_word' id='word_1_407' title='bbox 1488 4345 1543 4395; x_wconf 91' lang='lat' dir='ltr'>et</span> <span class='ocrx_word' id='word_1_408' title='bbox 1573 4342 1747 4396; x_wconf 89' lang='lat' dir='ltr'>simul</span> <span class='ocrx_word' id='word_1_409' title='bbox 1779 4358 1913 4396; x_wconf 89' lang='lat' dir='ltr'>cum</span> <span class='ocrx_word' id='word_1_410' title='bbox 1952 4342 2084 4397; x_wconf 79' lang='lat' dir='ltr'>aliis</span> 
     </span>
    </p>
   </div>
   <div class='ocr_carea' id='block_1_57' title="bbox 415 4428 2081 4502">
    <p class='ocr_par' dir='ltr' id='par_1_57' title="bbox 415 4428 2081 4502">
     <span class='ocr_line' id='line_1_57' title="bbox 415 4428 2081 4502; baseline 0.002 -21"><span class='ocrx_word' id='word_1_411' title='bbox 415 4428 815 4483; x_wconf 88' lang='lat' dir='ltr'>voluminibus</span> <span class='ocrx_word' id='word_1_412' title='bbox 846 4444 979 4499; x_wconf 82' lang='lat' dir='ltr'>quae</span> <span class='ocrx_word' id='word_1_413' title='bbox 1019 4429 1317 4500; x_wconf 87' lang='lat' dir='ltr'>leguntur,</span> <span class='ocrx_word' id='word_1_414' title='bbox 1360 4431 1577 4501; x_wconf 87' lang='lat' dir='ltr'>legitur</span> <span class='ocrx_word' id='word_1_415' title='bbox 1603 4435 1912 4502; x_wconf 90' lang='lat' dir='ltr'>utrumque</span> <span class='ocrx_word' id='word_1_416' title='bbox 1944 4437 1998 4486; x_wconf 86' lang='lat' dir='ltr'>et</span> <span class='ocrx_word' id='word_1_417' title='bbox 2024 4433 2081 4485; x_wconf 91' lang='lat' dir='ltr'>in</span> 
     </span>
    </p>
   </div>
   <div class='ocr_carea' id='block_1_58' title="bbox 415 4516 2081 4585">
    <p class='ocr_par' dir='ltr' id='par_1_58' title="bbox 415 4516 2081 4585">
     <span class='ocr_line' id='line_1_58' title="bbox 415 4516 2081 4585; baseline 0.002 -14"><span class='ocrx_word' id='word_1_418' title='bbox 415 4517 691 4585; x_wconf 88' lang='lat' dir='ltr'>ecclesia,</span> <span class='ocrx_word' id='word_1_419' title='bbox 725 4521 780 4570; x_wconf 90' lang='lat' dir='ltr'>et</span> <span class='ocrx_word' id='word_1_420' title='bbox 808 4518 864 4569; x_wconf 92' lang='lat' dir='ltr'>in</span> <span class='ocrx_word' id='word_1_421' title='bbox 898 4516 1231 4585; x_wconf 91' lang='lat' dir='ltr'>refectorio,</span> <span class='ocrx_word' id='word_1_422' title='bbox 1265 4518 1341 4571; x_wconf 88' lang='lat' dir='ltr'>ita</span> <span class='ocrx_word' id='word_1_423' title='bbox 1360 4521 1421 4570; x_wconf 90' lang='lat' dir='ltr'>ut</span> <span class='ocrx_word' id='word_1_424' title='bbox 1449 4518 1545 4571; x_wconf 90' lang='lat' dir='ltr'>ubi</span> <span class='ocrx_word' id='word_1_425' title='bbox 1573 4519 1843 4574; x_wconf 90' lang='lat' dir='ltr'>lectionis</span> <span class='ocrx_word' id='word_1_426' title='bbox 1876 4521 2081 4574; x_wconf 89' lang='lat' dir='ltr'>termi-</span> 
     </span>
    </p>
   </div>
   <div class='ocr_carea' id='block_1_59' title="bbox 416 4603 2083 4679">
    <p class='ocr_par' dir='ltr' id='par_1_59' title="bbox 416 4603 2083 4679">
     <span class='ocr_line' id='line_1_59' title="bbox 416 4603 2083 4679; baseline 0.001 -19"><span class='ocrx_word' id='word_1_427' title='bbox 416 4603 735 4679; x_wconf 32' lang='lat' dir='ltr'>nus‘fuerit</span> <span class='ocrx_word' id='word_1_428' title='bbox 756 4604 943 4672; x_wconf 66' lang='lat' dir='ltr'>lector,</span> <span class='ocrx_word' id='word_1_429' title='bbox 969 4603 1051 4657; x_wconf 87' lang='lat' dir='ltr'>ibi</span> <span class='ocrx_word' id='word_1_430' title='bbox 1072 4620 1309 4676; x_wconf 89' lang='lat' dir='ltr'>semper</span> <span class='ocrx_word' id='word_1_431' title='bbox 1331 4605 1557 4660; x_wconf 90' lang='lat' dir='ltr'>initium</span> <span class='ocrx_word' id='word_1_432' title='bbox 1582 4608 1678 4660; x_wconf 83' lang='lat' dir='ltr'>tiat</span> <span class='ocrx_word' id='word_1_433' title='bbox 1700 4608 1966 4679; x_wconf 77' lang='lat' dir='ltr'>legendae</span> <span class='ocrx_word' id='word_1_434' title='bbox 1990 4608 2083 4663; x_wconf 90' lang='lat' dir='ltr'>die</span> 
     </span>
    </p>
   </div>
   <div class='ocr_carea' id='block_1_60' title="bbox 415 4671 2082 4764">
    <p class='ocr_par' dir='ltr' id='par_1_60' title="bbox 415 4671 2082 4764">
     <span class='ocr_line' id='line_1_60' title="bbox 415 4671 2082 4764; baseline 0.002 -17"><span class='ocrx_word' id='word_1_435' title='bbox 415 4671 707 4764; x_wconf 60' lang='lat' dir='ltr'>sequenti,</span> <span class='ocrx_word' id='word_1_436' title='bbox 753 4697 809 4746; x_wconf 88' lang='lat' dir='ltr'>et</span> <span class='ocrx_word' id='word_1_437' title='bbox 855 4693 908 4745; x_wconf 89' lang='lat' dir='ltr'>si</span> <span class='ocrx_word' id='word_1_438' title='bbox 931 4671 1053 4747; x_wconf 83' lang='lat' dir='ltr'>non</span> <span class='ocrx_word' id='word_1_439' title='bbox 1097 4671 1249 4760; x_wconf 79' lang='lat' dir='ltr'>ante,</span> <span class='ocrx_word' id='word_1_440' title='bbox 1294 4698 1486 4748; x_wconf 90' lang='lat' dir='ltr'>tamen</span> <span class='ocrx_word' id='word_1_441' title='bbox 1530 4671 1790 4749; x_wconf 69' lang='lat' dir='ltr'>intrante</span> <span class='ocrx_word' id='word_1_442' title='bbox 1818 4694 2082 4760; x_wconf 88' lang='lat' dir='ltr'>Quadra-</span> 
     </span>
    </p>
   </div>
   <div class='ocr_carea' id='block_1_61' title="bbox 414 4781 2086 4856">
    <p class='ocr_par' dir='ltr' id='par_1_61' title="bbox 414 4781 2086 4856">
     <span class='ocr_line' id='line_1_61' title="bbox 414 4781 2086 4856; baseline 0 -18"><span class='ocrx_word' id='word_1_443' title='bbox 414 4783 643 4855; x_wconf 84' lang='lat' dir='ltr'>gesima</span> <span class='ocrx_word' id='word_1_444' title='bbox 673 4796 746 4835; x_wconf 88' lang='lat' dir='ltr'>ex</span> <span class='ocrx_word' id='word_1_445' title='bbox 788 4783 910 4836; x_wconf 75' lang='lat' dir='ltr'>toto</span> <span class='ocrx_word' id='word_1_446' title='bbox 942 4781 1264 4853; x_wconf 87' lang='lat' dir='ltr'>perlegitur</span> <span class='ocrx_word' id='word_1_447' title='bbox 1292 4782 1716 4851; x_wconf 84' lang='lat' dir='ltr'>Octateuchus;</span> <span class='ocrx_word' id='word_1_448' title='bbox 1752 4800 1825 4839; x_wconf 85' lang='lat' dir='ltr'>ex</span> <span class='ocrx_word' id='word_1_449' title='bbox 1853 4801 1970 4856; x_wconf 92' lang='lat' dir='ltr'>quo</span> <span class='ocrx_word' id='word_1_450' title='bbox 2003 4789 2086 4838; x_wconf 85' lang='lat' dir='ltr'>ta-</span> 
     </span>
    </p>
   </div>
   <div class='ocr_carea' id='block_1_62' title="bbox 414 4870 2085 4942">
    <p class='ocr_par' dir='ltr' id='par_1_62' title="bbox 414 4870 2085 4942">
     <span class='ocr_line' id='line_1_62' title="bbox 414 4870 2085 4942; baseline 0.001 -17"><span class='ocrx_word' id='word_1_451' title='bbox 414 4887 548 4926; x_wconf 89' lang='lat' dir='ltr'>men</span> <span class='ocrx_word' id='word_1_452' title='bbox 576 4872 648 4925; x_wconf 93' lang='lat' dir='ltr'>ad</span> <span class='ocrx_word' id='word_1_453' title='bbox 684 4870 1020 4925; x_wconf 90' lang='lat' dir='ltr'>Dominicas</span> <span class='ocrx_word' id='word_1_454' title='bbox 1055 4873 1192 4925; x_wconf 89' lang='lat' dir='ltr'>sunt</span> <span class='ocrx_word' id='word_1_455' title='bbox 1224 4871 1510 4926; x_wconf 84' lang='lat' dir='ltr'>lectiones</span> <span class='ocrx_word' id='word_1_456' title='bbox 1541 4874 1824 4942; x_wconf 84' lang='lat' dir='ltr'>exceptae.</span> <span class='ocrx_word' id='word_1_457' title='bbox 1858 4872 1922 4928; x_wconf 90' lang='lat' dir='ltr'><strong>In</strong></span> <span class='ocrx_word' id='word_1_458' title='bbox 1952 4873 2085 4927; x_wconf 88' lang='lat' dir='ltr'>aliis</span> 
     </span>
    </p>
   </div>
   <div class='ocr_carea' id='block_1_63' title="bbox 416 4946 2087 5033">
    <p class='ocr_par' dir='ltr' id='par_1_63' title="bbox 416 4946 2087 5033">
     <span class='ocr_line' id='line_1_63' title="bbox 416 4946 2087 5033; baseline 0.001 -18"><span class='ocrx_word' id='word_1_459' title='bbox 416 4960 689 5015; x_wconf 88' lang='lat' dir='ltr'>noctibus</span> <span class='ocrx_word' id='word_1_460' title='bbox 722 4959 1207 5031; x_wconf 67' lang='lat' dir='ltr'>Quadragesimm</span> <span class='ocrx_word' id='word_1_461' title='bbox 1230 4958 1445 5032; x_wconf 87' lang='lat' dir='ltr'>legitur</span> <span class='ocrx_word' id='word_1_462' title='bbox 1467 4961 1758 5031; x_wconf 85' lang='lat' dir='ltr'>expositio</span> <span class='ocrx_word' id='word_1_463' title='bbox 1785 4946 1849 5016; x_wconf 39' lang='lat' dir='ltr'>‘S.</span> <span class='ocrx_word' id='word_1_464' title='bbox 1886 4964 2087 5033; x_wconf 86' lang='lat' dir='ltr'>Augu-</span> 
     </span>
    </p>
   </div>
   <div class='ocr_carea' id='block_1_64' title="bbox 416 5048 2085 5120">
    <p class='ocr_par' dir='ltr' id='par_1_64' title="bbox 416 5048 2085 5120">
     <span class='ocr_line' id='line_1_64' title="bbox 416 5048 2085 5120; baseline 0.002 -19"><span class='ocrx_word' id='word_1_465' title='bbox 416 5048 555 5102; x_wconf 91' lang='lat' dir='ltr'>stini</span> <span class='ocrx_word' id='word_1_466' title='bbox 600 5064 780 5117; x_wconf 89' lang='lat' dir='ltr'>super</span> <span class='ocrx_word' id='word_1_467' title='bbox 825 5048 1214 5118; x_wconf 85' lang='lat' dir='ltr'>Psalterium,</span> <span class='ocrx_word' id='word_1_468' title='bbox 1256 5054 1311 5103; x_wconf 90' lang='lat' dir='ltr'>et</span> <span class='ocrx_word' id='word_1_469' title='bbox 1342 5049 1591 5104; x_wconf 85' lang='lat' dir='ltr'>maxime</span> <span class='ocrx_word' id='word_1_470' title='bbox 1638 5066 1819 5120; x_wconf 88' lang='lat' dir='ltr'>super</span> <span class='ocrx_word' id='word_1_471' title='bbox 1861 5052 2085 5105; x_wconf 88' lang='lat' dir='ltr'>cantica</span> 
     </span>
    </p>
   </div>
   <div class='ocr_carea' id='block_1_65' title="bbox 416 5137 2085 5211">
    <p class='ocr_par' dir='ltr' id='par_1_65' title="bbox 416 5137 2085 5211">
     <span class='ocr_line' id='line_1_65' title="bbox 416 5137 2085 5211; baseline 0.002 -21"><span class='ocrx_word' id='word_1_472' title='bbox 416 5137 735 5208; x_wconf 77' lang='lat' dir='ltr'>graduum;</span> <span class='ocrx_word' id='word_1_473' title='bbox 766 5141 819 5190; x_wconf 88' lang='lat' dir='ltr'>et</span> <span class='ocrx_word' id='word_1_474' title='bbox 852 5139 1006 5193; x_wconf 88' lang='lat' dir='ltr'>sicut</span> <span class='ocrx_word' id='word_1_475' title='bbox 1027 5141 1233 5193; x_wconf 89' lang='lat' dir='ltr'>noctes</span> <span class='ocrx_word' id='word_1_476' title='bbox 1258 5141 1397 5192; x_wconf 90' lang='lat' dir='ltr'>tunc</span> <span class='ocrx_word' id='word_1_477' title='bbox 1423 5140 1613 5211; x_wconf 90' lang='lat' dir='ltr'>magis</span> <span class='ocrx_word' id='word_1_478' title='bbox 1645 5155 1713 5192; x_wconf 89' lang='lat' dir='ltr'>ac</span> <span class='ocrx_word' id='word_1_479' title='bbox 1737 5139 1928 5210; x_wconf 87' lang='lat' dir='ltr'>magis</span> <span class='ocrx_word' id='word_1_480' title='bbox 1957 5156 2085 5194; x_wconf 91' lang='lat' dir='ltr'>cor-</span> 
     </span>
    </p>
   </div>
   <div class='ocr_carea' id='block_1_66' title="bbox 416 5225 2084 5297">
    <p class='ocr_par' dir='ltr' id='par_1_66' title="bbox 416 5225 2084 5297">
     <span class='ocr_line' id='line_1_66' title="bbox 416 5225 2084 5297; baseline 0.003 -19"><span class='ocrx_word' id='word_1_481' title='bbox 416 5225 724 5294; x_wconf 83' lang='lat' dir='ltr'>ripiuntur,</span> <span class='ocrx_word' id='word_1_482' title='bbox 776 5227 848 5279; x_wconf 90' lang='lat' dir='ltr'>ita</span> <span class='ocrx_word' id='word_1_483' title='bbox 898 5243 1132 5297; x_wconf 88' lang='lat' dir='ltr'>quoque</span> <span class='ocrx_word' id='word_1_484' title='bbox 1171 5228 1476 5282; x_wconf 89' lang='lat' dir='ltr'>lectiones.</span> <span class='ocrx_word' id='word_1_485' title='bbox 1526 5226 1861 5283; x_wconf 88' lang='lat' dir='ltr'>Cavendum</span> <span class='ocrx_word' id='word_1_486' title='bbox 1894 5234 2084 5283; x_wconf 88' lang='lat' dir='ltr'>tamen</span> 
     </span>
    </p>
   </div>
   <div class='ocr_carea' id='block_1_67' title="bbox 417 5313 2085 5388">
    <p class='ocr_par' dir='ltr' id='par_1_67' title="bbox 417 5313 2085 5388">
     <span class='ocr_line' id='line_1_67' title="bbox 417 5313 2085 5388; baseline 0.002 -21"><span class='ocrx_word' id='word_1_487' title='bbox 417 5316 509 5367; x_wconf 91' lang='lat' dir='ltr'>est</span> <span class='ocrx_word' id='word_1_488' title='bbox 539 5327 611 5367; x_wconf 91' lang='lat' dir='ltr'>ne</span> <span class='ocrx_word' id='word_1_489' title='bbox 643 5313 954 5383; x_wconf 87' lang='lat' dir='ltr'>aliquando</span> <span class='ocrx_word' id='word_1_490' title='bbox 1001 5315 1140 5369; x_wconf 83' lang='lat' dir='ltr'>flant</span> <span class='ocrx_word' id='word_1_491' title='bbox 1168 5317 1246 5369; x_wconf 91' lang='lat' dir='ltr'>ita</span> <span class='ocrx_word' id='word_1_492' title='bbox 1275 5316 1494 5370; x_wconf 90' lang='lat' dir='ltr'>breves</span> <span class='ocrx_word' id='word_1_493' title='bbox 1527 5321 1585 5369; x_wconf 92' lang='lat' dir='ltr'>ut</span> <span class='ocrx_word' id='word_1_494' title='bbox 1618 5317 1714 5371; x_wconf 90' lang='lat' dir='ltr'>ille</span> <span class='ocrx_word' id='word_1_495' title='bbox 1749 5317 1948 5386; x_wconf 88' lang='lat' dir='ltr'>frater,</span> <span class='ocrx_word' id='word_1_496' title='bbox 1984 5320 2085 5388; x_wconf 88' lang='lat' dir='ltr'>qui</span> 
     </span>
    </p>
   </div>
   <div class='ocr_carea' id='block_1_68' title="bbox 419 5400 2085 5475">
    <p class='ocr_par' dir='ltr' id='par_1_68' title="bbox 419 5400 2085 5475">
     <span class='ocr_line' id='line_1_68' title="bbox 419 5400 2085 5475; baseline 0.003 -22"><span class='ocrx_word' id='word_1_497' title='bbox 419 5401 634 5454; x_wconf 90' lang='lat' dir='ltr'>circam</span> <span class='ocrx_word' id='word_1_498' title='bbox 666 5400 804 5454; x_wconf 85' lang='lat' dir='ltr'>facit</span> <span class='ocrx_word' id='word_1_499' title='bbox 848 5418 979 5456; x_wconf 90' lang='lat' dir='ltr'>cum</span> <span class='ocrx_word' id='word_1_500' title='bbox 1020 5404 1335 5471; x_wconf 90' lang='lat' dir='ltr'>absconsa,</span> <span class='ocrx_word' id='word_1_501' title='bbox 1380 5419 1496 5459; x_wconf 88' lang='lat' dir='ltr'>non</span> <span class='ocrx_word' id='word_1_502' title='bbox 1544 5406 1734 5474; x_wconf 89' lang='lat' dir='ltr'>possit</span> <span class='ocrx_word' id='word_1_503' title='bbox 1765 5421 1871 5475; x_wconf 89' lang='lat' dir='ltr'>per</span> <span class='ocrx_word' id='word_1_504' title='bbox 1902 5410 2085 5461; x_wconf 91' lang='lat' dir='ltr'>totum</span> 
     </span>
    </p>
   </div>
   <div class='ocr_carea' id='block_1_69' title="bbox 420 5488 2084 5562">
    <p class='ocr_par' dir='ltr' id='par_1_69' title="bbox 420 5488 2084 5562">
     <span class='ocr_line' id='line_1_69' title="bbox 420 5488 2084 5562; baseline 0.001 -19"><span class='ocrx_word' id='word_1_505' title='bbox 420 5488 666 5543; x_wconf 87' lang='lat' dir='ltr'>chorum</span> <span class='ocrx_word' id='word_1_506' title='bbox 698 5493 755 5543; x_wconf 91' lang='lat' dir='ltr'>et</span> <span class='ocrx_word' id='word_1_507' title='bbox 786 5492 949 5542; x_wconf 83' lang='lat' dir='ltr'>extra</span> <span class='ocrx_word' id='word_1_508' title='bbox 981 5491 1293 5560; x_wconf 90' lang='lat' dir='ltr'>circuisse,</span> <span class='ocrx_word' id='word_1_509' title='bbox 1329 5492 1744 5562; x_wconf 83' lang='lat' dir='ltr'>exploraturus</span> <span class='ocrx_word' id='word_1_510' title='bbox 1776 5493 2004 5547; x_wconf 88' lang='lat' dir='ltr'>scilicet</span> <span class='ocrx_word' id='word_1_511' title='bbox 2034 5494 2084 5546; x_wconf 91' lang='lat' dir='ltr'>si</span> 
     </span>
    </p>
   </div>
   <div class='ocr_carea' id='block_1_70' title="bbox 419 5576 2085 5651">
    <p class='ocr_par' dir='ltr' id='par_1_70' title="bbox 419 5576 2085 5651">
     <span class='ocr_line' id='line_1_70' title="bbox 419 5576 2085 5651; baseline 0.003 -20"><span class='ocrx_word' id='word_1_512' title='bbox 419 5578 553 5649; x_wconf 89' lang='lat' dir='ltr'>quis</span> <span class='ocrx_word' id='word_1_513' title='bbox 587 5577 738 5631; x_wconf 87' lang='lat' dir='ltr'>forte</span> <span class='ocrx_word' id='word_1_514' title='bbox 766 5576 1147 5632; x_wconf 89' lang='lat' dir='ltr'>obdormierit</span> <span class='ocrx_word' id='word_1_515' title='bbox 1166 5580 1319 5634; x_wconf 88' lang='lat' dir='ltr'>intes</span> <span class='ocrx_word' id='word_1_516' title='bbox 1342 5581 1679 5651; x_wconf 87' lang='lat' dir='ltr'>legendum.</span> <span class='ocrx_word' id='word_1_517' title='bbox 1711 5581 1773 5634; x_wconf 92' lang='lat' dir='ltr'><strong>In</strong></span> <span class='ocrx_word' id='word_1_518' title='bbox 1794 5581 2085 5636; x_wconf 89' lang='lat' dir='ltr'>Passione</span> 
     </span>
    </p>
   </div>
   <div class='ocr_carea' id='block_1_71' title="bbox 417 5666 2088 5741">
    <p class='ocr_par' dir='ltr' id='par_1_71' title="bbox 417 5666 2088 5741">
     <span class='ocr_line' id='line_1_71' title="bbox 417 5666 2088 5741; baseline 0.002 -19"><span class='ocrx_word' id='word_1_519' title='bbox 417 5666 651 5722; x_wconf 89' lang='lat' dir='ltr'>Domini</span> <span class='ocrx_word' id='word_1_520' title='bbox 669 5667 889 5740; x_wconf 90' lang='lat' dir='ltr'>legitur</span> <span class='ocrx_word' id='word_1_521' title='bbox 902 5667 1191 5722; x_wconf 78' lang='lat' dir='ltr'>Jeremins</span> <span class='ocrx_word' id='word_1_522' title='bbox 1206 5668 1513 5739; x_wconf 88' lang='lat' dir='ltr'>propheta,</span> <span class='ocrx_word' id='word_1_523' title='bbox 1529 5668 1625 5741; x_wconf 79' lang='lat' dir='ltr'>cuj</span> <span class='ocrx_word' id='word_1_524' title='bbox 1637 5685 1707 5725; x_wconf 92' lang='lat' dir='ltr'>us</span> <span class='ocrx_word' id='word_1_525' title='bbox 1725 5685 1938 5725; x_wconf 90' lang='lat' dir='ltr'>rursus</span> <span class='ocrx_word' id='word_1_526' title='bbox 1956 5685 2088 5740; x_wconf 88' lang='lat' dir='ltr'>pro-</span> 
     </span>
    </p>
   </div>
   <div class='ocr_carea' id='block_1_72' title="bbox 2113 4559 2164 4619">
    <p class='ocr_par' dir='ltr' id='par_1_72' title="bbox 2113 4559 2164 4619">
     <span class='ocr_line' id='line_1_72' title="bbox 2113 4559 2164 4619; baseline 0 0"><span class='ocrx_word' id='word_1_527' title='bbox 2113 4559 2164 4619; x_wconf 94' lang='lat' dir='ltr'>D</span> 
     </span>
    </p>
   </div>
   <div class='ocr_carea' id='block_1_73' title="bbox 2198 3004 3823 3083">
    <p class='ocr_par' dir='ltr' id='par_1_73' title="bbox 2198 3004 3823 3083">
     <span class='ocr_line' id='line_1_73' title="bbox 2198 3004 3823 3083; baseline -0.002 -23"><span class='ocrx_word' id='word_1_528' title='bbox 2198 3008 2373 3076; x_wconf 83' lang='lat' dir='ltr'>logus</span> <span class='ocrx_word' id='word_1_529' title='bbox 2405 3008 2516 3061; x_wconf 87' lang='lat' dir='ltr'>erit</span> <span class='ocrx_word' id='word_1_530' title='bbox 2548 3008 2617 3062; x_wconf 88' lang='lat' dir='ltr'>ad</span> <span class='ocrx_word' id='word_1_531' title='bbox 2665 3009 2910 3078; x_wconf 89' lang='lat' dir='ltr'>primam</span> <span class='ocrx_word' id='word_1_532' title='bbox 2940 3011 3271 3066; x_wconf 85' lang='lat' dir='ltr'>lectionem.</span> <span class='ocrx_word' id='word_1_533' title='bbox 3300 3012 3553 3083; x_wconf 89' lang='lat' dir='ltr'>Legitur</span> <span class='ocrx_word' id='word_1_534' title='bbox 3581 3012 3752 3062; x_wconf 87' lang='lat' dir='ltr'>autem</span> <span class='ocrx_word' id='word_1_535' title='bbox 3775 3004 3823 3057; x_wconf 91' lang='lat' dir='ltr'>in</span> 
     </span>
    </p>
   </div>
   <div class='ocr_carea' id='block_1_74' title="bbox 2195 3092 3822 3166">
    <p class='ocr_par' dir='ltr' id='par_1_74' title="bbox 2195 3092 3822 3166">
     <span class='ocr_line' id='line_1_74' title="bbox 2195 3092 3822 3166; baseline -0.002 -16"><span class='ocrx_word' id='word_1_536' title='bbox 2195 3095 2450 3150; x_wconf 87' lang='lat' dir='ltr'>ecclesia</span> <span class='ocrx_word' id='word_1_537' title='bbox 2497 3100 2738 3166; x_wconf 85' lang='lat' dir='ltr'>tantum,</span> <span class='ocrx_word' id='word_1_538' title='bbox 2791 3100 2846 3153; x_wconf 84' lang='lat' dir='ltr'>et</span> <span class='ocrx_word' id='word_1_539' title='bbox 2897 3100 2974 3153; x_wconf 88' lang='lat' dir='ltr'>ita</span> <span class='ocrx_word' id='word_1_540' title='bbox 3033 3105 3094 3155; x_wconf 93' lang='lat' dir='ltr'>ut</span> <span class='ocrx_word' id='word_1_541' title='bbox 3151 3103 3284 3155; x_wconf 90' lang='lat' dir='ltr'>ante</span> <span class='ocrx_word' id='word_1_542' title='bbox 3329 3102 3574 3155; x_wconf 64' lang='lat' dir='ltr'>Caenum</span> <span class='ocrx_word' id='word_1_543' title='bbox 3632 3092 3822 3151; x_wconf 89' lang='lat' dir='ltr'>Domini</span> 
     </span>
    </p>
   </div>
   <div class='ocr_carea' id='block_1_75' title="bbox 2196 3180 3821 3257">
    <p class='ocr_par' dir='ltr' id='par_1_75' title="bbox 2196 3180 3821 3257">
     <span class='ocr_line' id='line_1_75' title="bbox 2196 3180 3821 3257; baseline -0.003 -19"><span class='ocrx_word' id='word_1_544' title='bbox 2196 3184 2431 3239; x_wconf 86' lang='lat' dir='ltr'>ﬁniatur</span> <span class='ocrx_word' id='word_1_545' title='bbox 2449 3201 2639 3257; x_wconf 89' lang='lat' dir='ltr'>usque</span> <span class='ocrx_word' id='word_1_546' title='bbox 2662 3187 2733 3241; x_wconf 87' lang='lat' dir='ltr'>ad</span> <span class='ocrx_word' id='word_1_547' title='bbox 2756 3187 3256 3245; x_wconf 81' lang='lat' dir='ltr'>Lamentationes.</span> <span class='ocrx_word' id='word_1_548' title='bbox 3280 3189 3343 3244; x_wconf 92' lang='lat' dir='ltr'><strong>In</strong></span> <span class='ocrx_word' id='word_1_549' title='bbox 3362 3187 3593 3243; x_wconf 85' lang='lat' dir='ltr'>octavis</span> <span class='ocrx_word' id='word_1_550' title='bbox 3612 3180 3821 3239; x_wconf 59' lang='lat' dir='ltr'>Pascha:</span> 
     </span>
    </p>
   </div>
   <div class='ocr_carea' id='block_1_76' title="bbox 2118 3272 3819 3364">
    <p class='ocr_par' dir='ltr' id='par_1_76' title="bbox 2118 3272 3819 3364">
     <span class='ocr_line' id='line_1_76' title="bbox 2118 3272 3819 3364; baseline -0.003 -37"><span class='ocrx_word' id='word_1_551' title='bbox 2118 3302 2167 3364; x_wconf 81' lang='lat' dir='ltr'>C</span> <span class='ocrx_word' id='word_1_552' title='bbox 2195 3272 2467 3345; x_wconf 75' lang='lat' dir='ltr'>legentur</span> <span class='ocrx_word' id='word_1_553' title='bbox 2496 3276 2685 3330; x_wconf 85' lang='lat' dir='ltr'>Actus</span> <span class='ocrx_word' id='word_1_554' title='bbox 2732 3276 3141 3348; x_wconf 87' lang='lat' dir='ltr'>apostolorum,</span> <span class='ocrx_word' id='word_1_555' title='bbox 3189 3280 3247 3332; x_wconf 88' lang='lat' dir='ltr'>et</span> <span class='ocrx_word' id='word_1_556' title='bbox 3286 3280 3517 3332; x_wconf 85' lang='lat' dir='ltr'>tantum</span> <span class='ocrx_word' id='word_1_557' title='bbox 3553 3289 3653 3364; x_wconf 86' lang='lat' dir='ltr'>per</span> <span class='ocrx_word' id='word_1_558' title='bbox 3677 3283 3819 3364; x_wconf 67' lang='lat' dir='ltr'>unum</span> 
     </span>
    </p>
   </div>
   <div class='ocr_carea' id='block_1_77' title="bbox 2196 3356 3820 3437">
    <p class='ocr_par' dir='ltr' id='par_1_77' title="bbox 2196 3356 3820 3437">
     <span class='ocr_line' id='line_1_77' title="bbox 2196 3356 3820 3437; baseline -0.006 -19"><span class='ocrx_word' id='word_1_559' title='bbox 2196 3364 2602 3433; x_wconf 85' lang='lat' dir='ltr'>septimanam,</span> <span class='ocrx_word' id='word_1_560' title='bbox 2636 3365 2708 3419; x_wconf 87' lang='lat' dir='ltr'>de</span> <span class='ocrx_word' id='word_1_561' title='bbox 2736 3365 2954 3437; x_wconf 90' lang='lat' dir='ltr'>quibus</span> <span class='ocrx_word' id='word_1_562' title='bbox 2983 3381 3090 3437; x_wconf 92' lang='lat' dir='ltr'>pro</span> <span class='ocrx_word' id='word_1_563' title='bbox 3131 3365 3389 3421; x_wconf 90' lang='lat' dir='ltr'>noctium</span> <span class='ocrx_word' id='word_1_564' title='bbox 3424 3363 3697 3420; x_wconf 86' lang='lat' dir='ltr'>brevitate</span> <span class='ocrx_word' id='word_1_565' title='bbox 3719 3356 3820 3412; x_wconf 85' lang='lat' dir='ltr'>ﬁeri</span> 
     </span>
    </p>
   </div>
   <div class='ocr_carea' id='block_1_78' title="bbox 2194 3445 3823 3526">
    <p class='ocr_par' dir='ltr' id='par_1_78' title="bbox 2194 3445 3823 3526">
     <span class='ocr_line' id='line_1_78' title="bbox 2194 3445 3823 3526; baseline -0.006 -20"><span class='ocrx_word' id='word_1_566' title='bbox 2194 3467 2311 3506; x_wconf 90' lang='lat' dir='ltr'>non</span> <span class='ocrx_word' id='word_1_567' title='bbox 2328 3456 2521 3522; x_wconf 90' lang='lat' dir='ltr'>potest</span> <span class='ocrx_word' id='word_1_568' title='bbox 2540 3455 2602 3507; x_wconf 91' lang='lat' dir='ltr'>ut</span> <span class='ocrx_word' id='word_1_569' title='bbox 2618 3454 2861 3507; x_wconf 89' lang='lat' dir='ltr'>multum</span> <span class='ocrx_word' id='word_1_570' title='bbox 2884 3453 3133 3526; x_wconf 90' lang='lat' dir='ltr'>legatur.</span> <span class='ocrx_word' id='word_1_571' title='bbox 3157 3454 3369 3508; x_wconf 89' lang='lat' dir='ltr'>Postea</span> <span class='ocrx_word' id='word_1_572' title='bbox 3394 3468 3507 3524; x_wconf 86' lang='lat' dir='ltr'>per</span> <span class='ocrx_word' id='word_1_573' title='bbox 3526 3452 3666 3506; x_wconf 88' lang='lat' dir='ltr'>duas</span> <span class='ocrx_word' id='word_1_574' title='bbox 3681 3445 3823 3516; x_wconf 87' lang='lat' dir='ltr'>septi-</span> 
     </span>
    </p>
   </div>
   <div class='ocr_carea' id='block_1_79' title="bbox 2191 3532 3820 3614">
    <p class='ocr_par' dir='ltr' id='par_1_79' title="bbox 2191 3532 3820 3614">
     <span class='ocr_line' id='line_1_79' title="bbox 2191 3532 3820 3614; baseline -0.003 -19"><span class='ocrx_word' id='word_1_575' title='bbox 2191 3556 2395 3596; x_wconf 86' lang='lat' dir='ltr'>manas</span> <span class='ocrx_word' id='word_1_576' title='bbox 2421 3541 2815 3614; x_wconf 78' lang='lat' dir='ltr'>Apocalypsis</span> <span class='ocrx_word' id='word_1_577' title='bbox 2844 3546 2900 3597; x_wconf 90' lang='lat' dir='ltr'>et</span> <span class='ocrx_word' id='word_1_578' title='bbox 2923 3542 3212 3614; x_wconf 83' lang='lat' dir='ltr'>Epistolce</span> <span class='ocrx_word' id='word_1_579' title='bbox 3242 3543 3550 3597; x_wconf 80' lang='lat' dir='ltr'>canonicce</span> <span class='ocrx_word' id='word_1_580' title='bbox 3570 3552 3740 3610; x_wconf 86' lang='lat' dir='ltr'>usque</span> <span class='ocrx_word' id='word_1_581' title='bbox 3764 3532 3820 3587; x_wconf 84' lang='lat' dir='ltr'>ad</span> 
     </span>
    </p>
   </div>
   <div class='ocr_carea' id='block_1_80' title="bbox 2192 3627 3822 3696">
    <p class='ocr_par' dir='ltr' id='par_1_80' title="bbox 2192 3627 3822 3696">
     <span class='ocr_line' id='line_1_80' title="bbox 2192 3627 3822 3696; baseline -0.004 -13"><span class='ocrx_word' id='word_1_582' title='bbox 2192 3630 2624 3685; x_wconf 87' lang='lat' dir='ltr'>Ascensionem</span> <span class='ocrx_word' id='word_1_583' title='bbox 2639 3631 3201 3686; x_wconf 89' lang='lat' dir='ltr'>Domini.Pouuntur</span> <span class='ocrx_word' id='word_1_584' title='bbox 3213 3632 3616 3687; x_wconf 81' lang='lat' dir='ltr'>iterumActus</span> <span class='ocrx_word' id='word_1_585' title='bbox 3631 3627 3822 3696; x_wconf 80' lang='lat' dir='ltr'>aposto-</span> 
     </span>
    </p>
   </div>
   <div class='ocr_carea' id='block_1_81' title="bbox 2193 3715 3819 3791">
    <p class='ocr_par' dir='ltr' id='par_1_81' title="bbox 2193 3715 3819 3791">
     <span class='ocr_line' id='line_1_81' title="bbox 2193 3715 3819 3791; baseline -0.004 -19"><span class='ocrx_word' id='word_1_586' title='bbox 2193 3719 2402 3787; x_wconf 91' lang='lat' dir='ltr'>lorum,</span> <span class='ocrx_word' id='word_1_587' title='bbox 2439 3720 2769 3789; x_wconf 81' lang='lat' dir='ltr'>iterumque</span> <span class='ocrx_word' id='word_1_588' title='bbox 2810 3721 3091 3791; x_wconf 89' lang='lat' dir='ltr'>leguntur</span> <span class='ocrx_word' id='word_1_589' title='bbox 3120 3720 3293 3790; x_wconf 89' lang='lat' dir='ltr'>quasi</span> <span class='ocrx_word' id='word_1_590' title='bbox 3324 3735 3447 3774; x_wconf 91' lang='lat' dir='ltr'>non</span> <span class='ocrx_word' id='word_1_591' title='bbox 3485 3717 3721 3787; x_wconf 88' lang='lat' dir='ltr'>amplius</span> <span class='ocrx_word' id='word_1_592' title='bbox 3748 3715 3819 3766; x_wconf 88' lang='lat' dir='ltr'>in-</span> 
     </span>
    </p>
   </div>
   <div class='ocr_carea' id='block_1_82' title="bbox 2194 3802 3820 3878">
    <p class='ocr_par' dir='ltr' id='par_1_82' title="bbox 2194 3802 3820 3878">
     <span class='ocr_line' id='line_1_82' title="bbox 2194 3802 3820 3878; baseline -0.004 -18"><span class='ocrx_word' id='word_1_593' title='bbox 2194 3806 2385 3860; x_wconf 88' lang='lat' dir='ltr'>choati</span> <span class='ocrx_word' id='word_1_594' title='bbox 2415 3824 2447 3859; x_wconf 88' lang='lat' dir='ltr'>a</span> <span class='ocrx_word' id='word_1_595' title='bbox 2480 3807 2666 3876; x_wconf 87' lang='lat' dir='ltr'>capite</span> <span class='ocrx_word' id='word_1_596' title='bbox 2693 3822 2884 3878; x_wconf 88' lang='lat' dir='ltr'>usque</span> <span class='ocrx_word' id='word_1_597' title='bbox 2915 3807 2986 3861; x_wconf 89' lang='lat' dir='ltr'>ad</span> <span class='ocrx_word' id='word_1_598' title='bbox 3034 3808 3453 3862; x_wconf 87' lang='lat' dir='ltr'>Pentecosten.</span> <span class='ocrx_word' id='word_1_599' title='bbox 3490 3806 3621 3861; x_wconf 79' lang='lat' dir='ltr'>Non</span> <span class='ocrx_word' id='word_1_600' title='bbox 3659 3802 3820 3855; x_wconf 87' lang='lat' dir='ltr'>minus</span> 
     </span>
    </p>
   </div>
   <div class='ocr_carea' id='block_1_83' title="bbox 2193 3888 3821 3966">
    <p class='ocr_par' dir='ltr' id='par_1_83' title="bbox 2193 3888 3821 3966">
     <span class='ocr_line' id='line_1_83' title="bbox 2193 3888 3821 3966; baseline -0.003 -18"><span class='ocrx_word' id='word_1_601' title='bbox 2193 3902 2385 3949; x_wconf 86' lang='lat' dir='ltr'>tamen</span> <span class='ocrx_word' id='word_1_602' title='bbox 2416 3895 2545 3949; x_wconf 61' lang='lat' dir='ltr'>haec</span> <span class='ocrx_word' id='word_1_603' title='bbox 2594 3896 2723 3966; x_wconf 89' lang='lat' dir='ltr'>ipsa</span> <span class='ocrx_word' id='word_1_604' title='bbox 2763 3896 3061 3950; x_wconf 92' lang='lat' dir='ltr'>volumina</span> <span class='ocrx_word' id='word_1_605' title='bbox 3105 3911 3181 3949; x_wconf 88' lang='lat' dir='ltr'>ex</span> <span class='ocrx_word' id='word_1_606' title='bbox 3225 3897 3343 3951; x_wconf 88' lang='lat' dir='ltr'>toto</span> <span class='ocrx_word' id='word_1_607' title='bbox 3387 3892 3749 3951; x_wconf 85' lang='lat' dir='ltr'>continuatim</span> <span class='ocrx_word' id='word_1_608' title='bbox 3776 3888 3821 3939; x_wconf 89' lang='lat' dir='ltr'>in</span> 
     </span>
    </p>
   </div>
   <div class='ocr_carea' id='block_1_84' title="bbox 2195 3978 3821 4056">
    <p class='ocr_par' dir='ltr' id='par_1_84' title="bbox 2195 3978 3821 4056">
     <span class='ocr_line' id='line_1_84' title="bbox 2195 3978 3821 4056; baseline -0.008 -17"><span class='ocrx_word' id='word_1_609' title='bbox 2195 3984 2512 4039; x_wconf 85' lang='lat' dir='ltr'>refectorio</span> <span class='ocrx_word' id='word_1_610' title='bbox 2542 3984 2853 4056; x_wconf 86' lang='lat' dir='ltr'>leguntur;</span> <span class='ocrx_word' id='word_1_611' title='bbox 2887 3985 3043 4039; x_wconf 89' lang='lat' dir='ltr'>sicut</span> <span class='ocrx_word' id='word_1_612' title='bbox 3069 3986 3243 4038; x_wconf 87' lang='lat' dir='ltr'>etiam</span> <span class='ocrx_word' id='word_1_613' title='bbox 3272 3988 3539 4054; x_wconf 90' lang='lat' dir='ltr'>tempore</span> <span class='ocrx_word' id='word_1_614' title='bbox 3570 3996 3672 4036; x_wconf 92' lang='lat' dir='ltr'>suo</span> <span class='ocrx_word' id='word_1_615' title='bbox 3699 3978 3821 4032; x_wconf 86' lang='lat' dir='ltr'>liber</span> 
     </span>
    </p>
   </div>
   <div class='ocr_carea' id='block_1_85' title="bbox 2196 4064 3819 4145">
    <p class='ocr_par' dir='ltr' id='par_1_85' title="bbox 2196 4064 3819 4145">
     <span class='ocr_line' id='line_1_85' title="bbox 2196 4064 3819 4145; baseline -0.007 -17"><span class='ocrx_word' id='word_1_616' title='bbox 2196 4073 2446 4145; x_wconf 79' lang='lat' dir='ltr'>Regum,</span> <span class='ocrx_word' id='word_1_617' title='bbox 2483 4073 2635 4127; x_wconf 89' lang='lat' dir='ltr'>liber</span> <span class='ocrx_word' id='word_1_618' title='bbox 2663 4072 3018 4140; x_wconf 90' lang='lat' dir='ltr'>Salomonis,</span> <span class='ocrx_word' id='word_1_619' title='bbox 3047 4072 3199 4127; x_wconf 87' lang='lat' dir='ltr'>liber</span> <span class='ocrx_word' id='word_1_620' title='bbox 3227 4073 3361 4139; x_wconf 87' lang='lat' dir='ltr'>Job,</span> <span class='ocrx_word' id='word_1_621' title='bbox 3386 4072 3609 4137; x_wconf 64' lang='lat' dir='ltr'>Tobiae,</span> <span class='ocrx_word' id='word_1_622' title='bbox 3632 4064 3819 4129; x_wconf 81' lang='lat' dir='ltr'>Judith,</span> 
     </span>
    </p>
   </div>
   <div class='ocr_carea' id='block_1_86' title="bbox 2194 4155 3822 4230">
    <p class='ocr_par' dir='ltr' id='par_1_86' title="bbox 2194 4155 3822 4230">
     <span class='ocr_line' id='line_1_86' title="bbox 2194 4155 3822 4230; baseline -0.004 -16"><span class='ocrx_word' id='word_1_623' title='bbox 2194 4159 2431 4230; x_wconf 84' lang='lat' dir='ltr'>Esther,</span> <span class='ocrx_word' id='word_1_624' title='bbox 2454 4160 2681 4230; x_wconf 70' lang='lat' dir='ltr'>Esdraa,</span> <span class='ocrx_word' id='word_1_625' title='bbox 2702 4164 2759 4215; x_wconf 91' lang='lat' dir='ltr'>et</span> <span class='ocrx_word' id='word_1_626' title='bbox 2779 4160 2928 4215; x_wconf 87' lang='lat' dir='ltr'>liber</span> <span class='ocrx_word' id='word_1_627' title='bbox 2943 4160 3441 4227; x_wconf 72' lang='lat' dir='ltr'>Machabaaorum;</span> <span class='ocrx_word' id='word_1_628' title='bbox 3467 4159 3567 4230; x_wconf 90' lang='lat' dir='ltr'>qui</span> <span class='ocrx_word' id='word_1_629' title='bbox 3583 4155 3822 4228; x_wconf 79' lang='lat' dir='ltr'>leguntur</span> 
     </span>
    </p>
   </div>
   <div class='ocr_carea' id='block_1_87' title="bbox 2194 4236 3820 4318">
    <p class='ocr_par' dir='ltr' id='par_1_87' title="bbox 2194 4236 3820 4318">
     <span class='ocr_line' id='line_1_87' title="bbox 2194 4236 3820 4318; baseline -0.006 -12"><span class='ocrx_word' id='word_1_630' title='bbox 2194 4266 2399 4306; x_wconf 91' lang='lat' dir='ltr'>omnes</span> <span class='ocrx_word' id='word_1_631' title='bbox 2425 4250 2481 4304; x_wconf 89' lang='lat' dir='ltr'>in</span> <span class='ocrx_word' id='word_1_632' title='bbox 2504 4248 2816 4305; x_wconf 86' lang='lat' dir='ltr'>refectorio</span> <span class='ocrx_word' id='word_1_633' title='bbox 2838 4252 3079 4318; x_wconf 86' lang='lat' dir='ltr'>tantum,</span> <span class='ocrx_word' id='word_1_634' title='bbox 3105 4250 3165 4303; x_wconf 90' lang='lat' dir='ltr'>in</span> <span class='ocrx_word' id='word_1_635' title='bbox 3186 4249 3441 4304; x_wconf 89' lang='lat' dir='ltr'>ecclesia</span> <span class='ocrx_word' id='word_1_636' title='bbox 3460 4247 3707 4309; x_wconf 87' lang='lat' dir='ltr'>minime,</span> <span class='ocrx_word' id='word_1_637' title='bbox 3729 4236 3820 4293; x_wconf 79' lang='lat' dir='ltr'>nisi</span> 
     </span>
    </p>
   </div>
   <div class='ocr_carea' id='block_1_88' title="bbox 2192 4328 3823 4412">
    <p class='ocr_par' dir='ltr' id='par_1_88' title="bbox 2192 4328 3823 4412">
     <span class='ocr_line' id='line_1_88' title="bbox 2192 4328 3823 4412; baseline -0.011 -17"><span class='ocrx_word' id='word_1_638' title='bbox 2192 4345 2469 4412; x_wconf 89' lang='lat' dir='ltr'>quantum</span> <span class='ocrx_word' id='word_1_639' title='bbox 2488 4339 2560 4393; x_wconf 87' lang='lat' dir='ltr'>de</span> <span class='ocrx_word' id='word_1_640' title='bbox 2582 4340 2669 4393; x_wconf 90' lang='lat' dir='ltr'>eis</span> <span class='ocrx_word' id='word_1_641' title='bbox 2682 4338 2755 4393; x_wconf 91' lang='lat' dir='ltr'>ad</span> <span class='ocrx_word' id='word_1_642' title='bbox 2771 4338 3091 4409; x_wconf 89' lang='lat' dir='ltr'>quamlibet</span> <span class='ocrx_word' id='word_1_643' title='bbox 3104 4338 3470 4392; x_wconf 90' lang='lat' dir='ltr'>Dominicam</span> <span class='ocrx_word' id='word_1_644' title='bbox 3489 4340 3578 4393; x_wconf 87' lang='lat' dir='ltr'>est</span> <span class='ocrx_word' id='word_1_645' title='bbox 3591 4328 3823 4388; x_wconf 83' lang='lat' dir='ltr'>breviter</span> 
     </span>
    </p>
   </div>
   <div class='ocr_carea' id='block_1_89' title="bbox 2194 4412 3818 4499">
    <p class='ocr_par' dir='ltr' id='par_1_89' title="bbox 2194 4412 3818 4499">
     <span class='ocr_line' id='line_1_89' title="bbox 2194 4412 3818 4499; baseline -0.008 -16"><span class='ocrx_word' id='word_1_646' title='bbox 2194 4433 2559 4499; x_wconf 87' lang='lat' dir='ltr'>excerptum.</span> <span class='ocrx_word' id='word_1_647' title='bbox 2614 4429 2663 4480; x_wconf 82' lang='grc' dir='ltr'><strong>Α</strong></span> <span class='ocrx_word' id='word_1_648' title='bbox 2709 4427 2989 4481; x_wconf 86' lang='lat' dir='ltr'>Kalendis</span> <span class='ocrx_word' id='word_1_649' title='bbox 3030 4426 3368 4481; x_wconf 88' lang='lat' dir='ltr'>Novenbris</span> <span class='ocrx_word' id='word_1_650' title='bbox 3410 4425 3739 4495; x_wconf 86' lang='lat' dir='ltr'>repetuntur</span> <span class='ocrx_word' id='word_1_651' title='bbox 3762 4412 3818 4466; x_wconf 86' lang='lat' dir='ltr'>ad</span> 
     </span>
    </p>
   </div>
   <div class='ocr_carea' id='block_1_90' title="bbox 2194 4507 3819 4588">
    <p class='ocr_par' dir='ltr' id='par_1_90' title="bbox 2194 4507 3819 4588">
     <span class='ocr_line' id='line_1_90' title="bbox 2194 4507 3819 4588; baseline -0.006 -16"><span class='ocrx_word' id='word_1_652' title='bbox 2194 4518 2454 4588; x_wconf 86' lang='lat' dir='ltr'>privatas</span> <span class='ocrx_word' id='word_1_653' title='bbox 2468 4519 2673 4571; x_wconf 89' lang='lat' dir='ltr'>noctes</span> <span class='ocrx_word' id='word_1_654' title='bbox 2686 4515 2993 4572; x_wconf 90' lang='lat' dir='ltr'>lectiones.</span> <span class='ocrx_word' id='word_1_655' title='bbox 3010 4515 3254 4569; x_wconf 83' lang='lat' dir='ltr'>Ponitur</span> <span class='ocrx_word' id='word_1_656' title='bbox 3266 4513 3538 4569; x_wconf 87' lang='lat' dir='ltr'>Ezechiel</span> <span class='ocrx_word' id='word_1_657' title='bbox 3552 4507 3819 4582; x_wconf 73' lang='lat' dir='ltr'>propheta.</span> 
     </span>
    </p>
   </div>
   <div class='ocr_carea' id='block_1_91' title="bbox 2195 4597 3819 4676">
    <p class='ocr_par' dir='ltr' id='par_1_91' title="bbox 2195 4597 3819 4676">
     <span class='ocr_line' id='line_1_91' title="bbox 2195 4597 3819 4676; baseline -0.01 -15"><span class='ocrx_word' id='word_1_658' title='bbox 2195 4608 2254 4660; x_wconf 93' lang='lat' dir='ltr'>in</span> <span class='ocrx_word' id='word_1_659' title='bbox 2285 4606 2539 4660; x_wconf 84' lang='lat' dir='ltr'>ecclesia</span> <span class='ocrx_word' id='word_1_660' title='bbox 2561 4607 2783 4659; x_wconf 89' lang='lat' dir='ltr'>tantum</span> <span class='ocrx_word' id='word_1_661' title='bbox 2810 4605 3123 4676; x_wconf 89' lang='lat' dir='ltr'>legendus,</span> <span class='ocrx_word' id='word_1_662' title='bbox 3148 4606 3204 4658; x_wconf 90' lang='lat' dir='ltr'>et</span> <span class='ocrx_word' id='word_1_663' title='bbox 3224 4603 3423 4657; x_wconf 85' lang='lat' dir='ltr'>finitur</span> <span class='ocrx_word' id='word_1_664' title='bbox 3444 4618 3520 4656; x_wconf 84' lang='lat' dir='ltr'>ex</span> <span class='ocrx_word' id='word_1_665' title='bbox 3541 4611 3693 4653; x_wconf 87' lang='lat' dir='ltr'>more</span> <span class='ocrx_word' id='word_1_666' title='bbox 3713 4597 3819 4648; x_wconf 87' lang='lat' dir='ltr'>ante</span> 
     </span>
    </p>
   </div>
   <div class='ocr_carea' id='block_1_92' title="bbox 2195 4680 3821 4764">
    <p class='ocr_par' dir='ltr' id='par_1_92' title="bbox 2195 4680 3821 4764">
     <span class='ocr_line' id='line_1_92' title="bbox 2195 4680 3821 4764; baseline -0.007 -16"><span class='ocrx_word' id='word_1_667' title='bbox 2195 4694 2573 4749; x_wconf 88' lang='lat' dir='ltr'>festivitatem</span> <span class='ocrx_word' id='word_1_668' title='bbox 2595 4692 2654 4747; x_wconf 91' lang='lat' dir='ltr'>S.</span> <span class='ocrx_word' id='word_1_669' title='bbox 2682 4691 2932 4757; x_wconf 85' lang='lat' dir='ltr'>Martini;</span> <span class='ocrx_word' id='word_1_670' title='bbox 2964 4692 3139 4764; x_wconf 79' lang='lat' dir='ltr'>cujus</span> <span class='ocrx_word' id='word_1_671' title='bbox 3165 4692 3279 4747; x_wconf 90' lang='lat' dir='ltr'>etsi</span> <span class='ocrx_word' id='word_1_672' title='bbox 3308 4696 3548 4747; x_wconf 89' lang='lat' dir='ltr'>octavas</span> <span class='ocrx_word' id='word_1_673' title='bbox 3575 4688 3750 4749; x_wconf 88' lang='lat' dir='ltr'>cantu,</span> <span class='ocrx_word' id='word_1_674' title='bbox 3778 4680 3821 4731; x_wconf 78' lang='grc' dir='ltr'>θῐ</span> 
     </span>
    </p>
   </div>
   <div class='ocr_carea' id='block_1_93' title="bbox 2195 4768 3819 4860">
    <p class='ocr_par' dir='ltr' id='par_1_93' title="bbox 2195 4768 3819 4860">
     <span class='ocr_line' id='line_1_93' title="bbox 2195 4768 3819 4860; baseline -0.007 -23"><span class='ocrx_word' id='word_1_675' title='bbox 2195 4784 2326 4837; x_wconf 92' lang='lat' dir='ltr'>aliis</span> <span class='ocrx_word' id='word_1_676' title='bbox 2359 4782 2727 4837; x_wconf 88' lang='lat' dir='ltr'>solemnibus</span> <span class='ocrx_word' id='word_1_677' title='bbox 2756 4781 3148 4850; x_wconf 89' lang='lat' dir='ltr'>celebramus,</span> <span class='ocrx_word' id='word_1_678' title='bbox 3173 4787 3364 4835; x_wconf 88' lang='lat' dir='ltr'>tamen</span> <span class='ocrx_word' id='word_1_679' title='bbox 3389 4776 3731 4850; x_wconf 82' lang='lat' dir='ltr'>prepheticae</span> <span class='ocrx_word' id='word_1_680' title='bbox 3756 4768 3819 4860; x_wconf 42' lang='lat' dir='ltr'>le:</span> 
     </span>
    </p>
   </div>
   <div class='ocr_carea' id='block_1_94' title="bbox 2196 4857 3819 4939">
    <p class='ocr_par' dir='ltr' id='par_1_94' title="bbox 2196 4857 3819 4939">
     <span class='ocr_line' id='line_1_94' title="bbox 2196 4857 3819 4939; baseline -0.009 -14"><span class='ocrx_word' id='word_1_681' title='bbox 2196 4872 2421 4927; x_wconf 89' lang='lat' dir='ltr'>ctiones</span> <span class='ocrx_word' id='word_1_682' title='bbox 2453 4887 2569 4925; x_wconf 91' lang='lat' dir='ltr'>non</span> <span class='ocrx_word' id='word_1_683' title='bbox 2588 4873 2903 4939; x_wconf 88' lang='lat' dir='ltr'>mutantur,</span> <span class='ocrx_word' id='word_1_684' title='bbox 2924 4884 3033 4924; x_wconf 90' lang='lat' dir='ltr'>nec</span> <span class='ocrx_word' id='word_1_685' title='bbox 3051 4870 3223 4924; x_wconf 90' lang='lat' dir='ltr'>etiam</span> <span class='ocrx_word' id='word_1_686' title='bbox 3245 4870 3303 4923; x_wconf 92' lang='lat' dir='ltr'>in</span> <span class='ocrx_word' id='word_1_687' title='bbox 3321 4868 3453 4921; x_wconf 90' lang='lat' dir='ltr'>aliis</span> <span class='ocrx_word' id='word_1_688' title='bbox 3472 4864 3705 4926; x_wconf 85' lang='lat' dir='ltr'>octavis,</span> <span class='ocrx_word' id='word_1_689' title='bbox 3727 4857 3819 4911; x_wconf 79' lang='lat' dir='ltr'>nisi</span> 
     </span>
    </p>
   </div>
   <div class='ocr_carea' id='block_1_95' title="bbox 2195 4948 3817 5023">
    <p class='ocr_par' dir='ltr' id='par_1_95' title="bbox 2195 4948 3817 5023">
     <span class='ocr_line' id='line_1_95' title="bbox 2195 4948 3817 5023; baseline -0.006 -9"><span class='ocrx_word' id='word_1_690' title='bbox 2195 4961 2334 5014; x_wconf 81' lang='lat' dir='ltr'>flant</span> <span class='ocrx_word' id='word_1_691' title='bbox 2364 4960 2673 5014; x_wconf 89' lang='lat' dir='ltr'>duodecim</span> <span class='ocrx_word' id='word_1_692' title='bbox 2703 4958 3011 5012; x_wconf 87' lang='lat' dir='ltr'>lectiones.</span> <span class='ocrx_word' id='word_1_693' title='bbox 3048 4959 3289 5012; x_wconf 85' lang='lat' dir='ltr'>Ponitur</span> <span class='ocrx_word' id='word_1_694' title='bbox 3320 4955 3523 5009; x_wconf 86' lang='lat' dir='ltr'>Daniel</span> <span class='ocrx_word' id='word_1_695' title='bbox 3553 4948 3817 5023; x_wconf 59' lang='lat' dir='ltr'>propheta.</span> 
     </span>
    </p>
   </div>
   <div class='ocr_carea' id='block_1_96' title="bbox 2195 5033 3816 5117">
    <p class='ocr_par' dir='ltr' id='par_1_96' title="bbox 2195 5033 3816 5117">
     <span class='ocr_line' id='line_1_96' title="bbox 2195 5033 3816 5117; baseline -0.007 -14"><span class='ocrx_word' id='word_1_696' title='bbox 2195 5053 2249 5103; x_wconf 88' lang='lat' dir='ltr'>et</span> <span class='ocrx_word' id='word_1_697' title='bbox 2281 5048 2589 5103; x_wconf 90' lang='lat' dir='ltr'>duodecim</span> <span class='ocrx_word' id='word_1_698' title='bbox 2613 5046 2937 5117; x_wconf 89' lang='lat' dir='ltr'>prophetae,</span> <span class='ocrx_word' id='word_1_699' title='bbox 2962 5048 3020 5101; x_wconf 91' lang='lat' dir='ltr'>et</span> <span class='ocrx_word' id='word_1_700' title='bbox 3044 5062 3160 5101; x_wconf 92' lang='lat' dir='ltr'>non</span> <span class='ocrx_word' id='word_1_701' title='bbox 3182 5044 3484 5100; x_wconf 83' lang='lat' dir='ltr'>sufficiunt</span> <span class='ocrx_word' id='word_1_702' title='bbox 3503 5042 3612 5098; x_wconf 90' lang='lat' dir='ltr'>nisi</span> <span class='ocrx_word' id='word_1_703' title='bbox 3643 5033 3816 5092; x_wconf 82' lang='lat' dir='ltr'>novis-</span> 
     </span>
    </p>
   </div>
   <div class='ocr_carea' id='block_1_97' title="bbox 2194 5127 3816 5208">
    <p class='ocr_par' dir='ltr' id='par_1_97' title="bbox 2194 5127 3816 5208">
     <span class='ocr_line' id='line_1_97' title="bbox 2194 5127 3816 5208; baseline -0.007 -17"><span class='ocrx_word' id='word_1_704' title='bbox 2194 5139 2344 5192; x_wconf 90' lang='lat' dir='ltr'>simo</span> <span class='ocrx_word' id='word_1_705' title='bbox 2375 5136 2739 5208; x_wconf 81' lang='lat' dir='ltr'>adjungalur</span> <span class='ocrx_word' id='word_1_706' title='bbox 2768 5134 2841 5189; x_wconf 89' lang='lat' dir='ltr'>de</span> <span class='ocrx_word' id='word_1_707' title='bbox 2892 5135 3149 5190; x_wconf 90' lang='lat' dir='ltr'>homiliis</span> <span class='ocrx_word' id='word_1_708' title='bbox 3192 5134 3347 5189; x_wconf 90' lang='lat' dir='ltr'>beati</span> <span class='ocrx_word' id='word_1_709' title='bbox 3378 5127 3642 5203; x_wconf 89' lang='lat' dir='ltr'>Gregorii</span> <span class='ocrx_word' id='word_1_710' title='bbox 3678 5133 3816 5195; x_wconf 53' lang='lat' dir='ltr'>papa?</span> 
     </span>
    </p>
   </div>
   <div class='ocr_carea' id='block_1_98' title="bbox 2194 5217 3813 5296">
    <p class='ocr_par' dir='ltr' id='par_1_98' title="bbox 2194 5217 3813 5296">
     <span class='ocr_line' id='line_1_98' title="bbox 2194 5217 3813 5296; baseline -0.009 -16"><span class='ocrx_word' id='word_1_711' title='bbox 2194 5241 2376 5296; x_wconf 86' lang='lat' dir='ltr'>super</span> <span class='ocrx_word' id='word_1_712' title='bbox 2408 5224 2795 5279; x_wconf 89' lang='lat' dir='ltr'>Ezechielem.</span> <span class='ocrx_word' id='word_1_713' title='bbox 2824 5224 2888 5277; x_wconf 89' lang='lat' dir='ltr'><strong>In</strong></span> <span class='ocrx_word' id='word_1_714' title='bbox 2912 5223 3180 5278; x_wconf 89' lang='lat' dir='ltr'>Adventu</span> <span class='ocrx_word' id='word_1_715' title='bbox 3213 5222 3442 5277; x_wconf 89' lang='lat' dir='ltr'>Domini</span> <span class='ocrx_word' id='word_1_716' title='bbox 3461 5217 3723 5292; x_wconf 87' lang='lat' dir='ltr'>propheta</span> <span class='ocrx_word' id='word_1_717' title='bbox 3738 5222 3813 5279; x_wconf 87' lang='lat' dir='ltr'>p0-</span> 
     </span>
    </p>
   </div>
   <div class='ocr_carea' id='block_1_99' title="bbox 2193 5302 3813 5384">
    <p class='ocr_par' dir='ltr' id='par_1_99' title="bbox 2193 5302 3813 5384">
     <span class='ocr_line' id='line_1_99' title="bbox 2193 5302 3813 5384; baseline -0.008 -15"><span class='ocrx_word' id='word_1_718' title='bbox 2193 5316 2348 5369; x_wconf 88' lang='lat' dir='ltr'>nitur</span> <span class='ocrx_word' id='word_1_719' title='bbox 2380 5314 2595 5378; x_wconf 85' lang='lat' dir='ltr'>Isaias;</span> <span class='ocrx_word' id='word_1_720' title='bbox 2639 5314 2709 5367; x_wconf 88' lang='lat' dir='ltr'>de</span> <span class='ocrx_word' id='word_1_721' title='bbox 2742 5328 2857 5384; x_wconf 90' lang='lat' dir='ltr'>quo</span> <span class='ocrx_word' id='word_1_722' title='bbox 2892 5312 3028 5367; x_wconf 88' lang='lat' dir='ltr'>dum</span> <span class='ocrx_word' id='word_1_723' title='bbox 3069 5327 3397 5382; x_wconf 89' lang='lat' dir='ltr'>quaererem</span> <span class='ocrx_word' id='word_1_724' title='bbox 3429 5315 3483 5365; x_wconf 87' lang='lat' dir='ltr'>et</span> <span class='ocrx_word' id='word_1_725' title='bbox 3514 5307 3580 5362; x_wconf 88' lang='lat' dir='ltr'>ad</span> <span class='ocrx_word' id='word_1_726' title='bbox 3628 5302 3813 5357; x_wconf 80' lang='lat' dir='ltr'>certum</span> 
     </span>
    </p>
   </div>
   <div class='ocr_carea' id='block_1_100' title="bbox 2193 5396 3810 5474">
    <p class='ocr_par' dir='ltr' id='par_1_100' title="bbox 2193 5396 3810 5474">
     <span class='ocr_line' id='line_1_100' title="bbox 2193 5396 3810 5474; baseline -0.011 -16"><span class='ocrx_word' id='word_1_727' title='bbox 2193 5404 2348 5458; x_wconf 87' lang='lat' dir='ltr'>scire</span> <span class='ocrx_word' id='word_1_728' title='bbox 2380 5404 2590 5456; x_wconf 89' lang='lat' dir='ltr'>vellem</span> <span class='ocrx_word' id='word_1_729' title='bbox 2623 5404 2765 5474; x_wconf 90' lang='lat' dir='ltr'>quot</span> <span class='ocrx_word' id='word_1_730' title='bbox 2793 5401 3069 5456; x_wconf 90' lang='lat' dir='ltr'>noctibus</span> <span class='ocrx_word' id='word_1_731' title='bbox 3100 5405 3156 5455; x_wconf 91' lang='lat' dir='ltr'>et</span> <span class='ocrx_word' id='word_1_732' title='bbox 3190 5401 3318 5471; x_wconf 86' lang='lat' dir='ltr'>ipse</span> <span class='ocrx_word' id='word_1_733' title='bbox 3348 5396 3731 5470; x_wconf 77' lang='lat' dir='ltr'>poi-legeretur</span> <span class='ocrx_word' id='word_1_734' title='bbox 3755 5399 3810 5474; x_wconf 43' lang='lat' dir='ltr'>ea</span> 
     </span>
    </p>
   </div>
   <div class='ocr_carea' id='block_1_101' title="bbox 2192 5468 3807 5567">
    <p class='ocr_par' dir='ltr' id='par_1_101' title="bbox 2192 5468 3807 5567">
     <span class='ocr_line' id='line_1_101' title="bbox 2192 5468 3807 5567; baseline -0.008 -20"><span class='ocrx_word' id='word_1_735' title='bbox 2192 5508 2377 5561; x_wconf 88' lang='lat' dir='ltr'>more,</span> <span class='ocrx_word' id='word_1_736' title='bbox 2413 5508 2530 5546; x_wconf 90' lang='lat' dir='ltr'>non</span> <span class='ocrx_word' id='word_1_737' title='bbox 2561 5491 2721 5561; x_wconf 90' lang='lat' dir='ltr'>potui</span> <span class='ocrx_word' id='word_1_738' title='bbox 2754 5490 2955 5545; x_wconf 90' lang='lat' dir='ltr'>audire</span> <span class='ocrx_word' id='word_1_739' title='bbox 2987 5491 3059 5544; x_wconf 91' lang='lat' dir='ltr'>ab</span> <span class='ocrx_word' id='word_1_740' title='bbox 3093 5489 3308 5567; x_wconf 81' lang='lat' dir='ltr'>aliquo,</span> <span class='ocrx_word' id='word_1_741' title='bbox 3342 5487 3457 5543; x_wconf 93' lang='lat' dir='ltr'>nisi</span> <span class='ocrx_word' id='word_1_742' title='bbox 3478 5486 3654 5539; x_wconf 87' lang='lat' dir='ltr'>dicam</span> <span class='ocrx_word' id='word_1_743' title='bbox 3682 5468 3807 5546; x_wconf 76' lang='lat' dir='ltr'>quod</span> 
     </span>
    </p>
   </div>
   <div class='ocr_carea' id='block_1_102' title="bbox 2194 5570 3806 5652">
    <p class='ocr_par' dir='ltr' id='par_1_102' title="bbox 2194 5570 3806 5652">
     <span class='ocr_line' id='line_1_102' title="bbox 2194 5570 3806 5652; baseline -0.007 -18"><span class='ocrx_word' id='word_1_744' title='bbox 2194 5582 2486 5652; x_wconf 89' lang='lat' dir='ltr'>meipsum</span> <span class='ocrx_word' id='word_1_745' title='bbox 2502 5579 2731 5635; x_wconf 88' lang='lat' dir='ltr'>vidisse</span> <span class='ocrx_word' id='word_1_746' title='bbox 2752 5579 2990 5632; x_wconf 89' lang='lat' dir='ltr'>memini</span> <span class='ocrx_word' id='word_1_747' title='bbox 3012 5582 3068 5632; x_wconf 92' lang='lat' dir='ltr'>et</span> <span class='ocrx_word' id='word_1_748' title='bbox 3089 5578 3352 5641; x_wconf 87' lang='lat' dir='ltr'>audisse;</span> <span class='ocrx_word' id='word_1_749' title='bbox 3384 5591 3474 5631; x_wconf 89' lang='lat' dir='ltr'>me</span> <span class='ocrx_word' id='word_1_750' title='bbox 3496 5570 3709 5645; x_wconf 87' lang='lat' dir='ltr'>quidem</span> <span class='ocrx_word' id='word_1_751' title='bbox 3729 5574 3806 5614; x_wconf 69' lang='grc' dir='ltr'>δυ’</span> 
     </span>
    </p>
   </div>
   <div class='ocr_carea' id='block_1_103' title="bbox 2193 5655 3802 5740">
    <p class='ocr_par' dir='ltr' id='par_1_103' title="bbox 2193 5655 3802 5740">
     <span class='ocr_line' id='line_1_103' title="bbox 2193 5655 3802 5740; baseline -0.013 -16"><span class='ocrx_word' id='word_1_752' title='bbox 2193 5671 2387 5724; x_wconf 80' lang='lat' dir='ltr'>diente</span> <span class='ocrx_word' id='word_1_753' title='bbox 2405 5669 2479 5723; x_wconf 71' lang='lat' dir='ltr'>ali</span> <span class='ocrx_word' id='word_1_754' title='bbox 2486 5669 2719 5740; x_wconf 90' lang='lat' dir='ltr'>quando</span> <span class='ocrx_word' id='word_1_755' title='bbox 2738 5682 2845 5722; x_wconf 83' lang='lat' dir='ltr'>sex</span> <span class='ocrx_word' id='word_1_756' title='bbox 2863 5666 3108 5738; x_wconf 89' lang='lat' dir='ltr'>privatis</span> <span class='ocrx_word' id='word_1_757' title='bbox 3126 5665 3402 5722; x_wconf 85' lang='lat' dir='ltr'>noctibus</span> <span class='ocrx_word' id='word_1_758' title='bbox 3417 5655 3802 5735; x_wconf 74' lang='lat' dir='ltr'>perlegebatur.</span> 
     </span>
    </p>
   </div>
  </div>
