3956 6176
106 326 198 388 645
854 314 1553 378 CONSUETUDINES
1583 314 2241 379 CLUNIACENSES.
2276 350 2354 365 --
2384 317 2541 380 LIB.
2576 320 2623 379 Ι.

3346 322 3468 385 646

102 525 243 588 Quem
267 522 562 590 sequuntur
593 517 858 587 epistolae
882 514 1682 587 Leonisfpapae!de|incarna-
1711 501 1767 564 Ᾱ
1792 518 2103 585 praemissa
2147 518 2408 573 oratione
2457 520 2758 575 Dominica
2798 524 2853 575 et
2900 521 3177 592 Symbolo
3211 529 3453 595 aposto-

102 614 221 666 tione
240 608 457 673 Domini,
491 609 543 660 et
567 605 665 659 alii
698 620 1008 660 sermones
1041 608 1384 659 sanctorum
1417 604 1685 674 Patrum,

102 704 142 754 et
165 698 373 752 maxime
401 693 576 750 sancti
609 694 944 766 Augustini.
996 693 1317 763 Apostolus
1366 693 1603 763 ponitur
1633 693 1689 746 in

102 789 172 841 illa
198 786 461 841 Dominica
484 800 613 854 quas
645 783 834 852 prima
865 782 1124 836 occurrit
1170 786 1305 851 post
1356 782 1561 837 Natale
1593 782 1691 835 In-

100 873 454 942 nocentium;si
476 876 665 926 tamen
686 872 746 924 in
772 871 899 941 ipsa
922 886 1038 924 non
1057 875 1149 924 est
1169 870 1556 925 Circumcisio
1586 871 1695 924 Do-

97 964 228 1028 mini;
270 960 349 1015 vel
395 959 686 1030 Depositio
733 959 952 1013 domini
1000 959 1287 1013 Odilonis.
1322 960 1405 1014 De
1437 975 1553 1030 quo
1599 959 1691 1013 id-

96 1055 245 1122 ipsum
271 1050 449 1104 dicere
478 1058 724 1118 possum
755 1048 912 1119 quod
950 1052 1007 1102 et
1038 1062 1220 1117 supra
1253 1047 1324 1102 de
1358 1047 1647 1117 propheta
1673 1063 1686 1116 ;

94 1156 196 1194 nam
220 1137 415 1192 diversi
435 1137 670 1191 diversa
689 1137 972 1205 sentiunt;
1005 1137 1112 1192 sed
1133 1140 1195 1191 ut
1212 1151 1325 1208 ego
1346 1152 1559 1190 rursus
1579 1136 1691 1190 hoc

92 1224 535 1297 mrhibeaquuod
556 1228 614 1279 et
629 1225 760 1295 ipse
773 1224 914 1290 vidi,
938 1225 1073 1279 talis
1099 1224 1361 1294 Epistola
1384 1224 1577 1295 qualis
1600 1228 1694 1279 est

92 1316 143 1370 ad
182 1315 462 1378 Romanos,
509 1314 568 1368 in
603 1313 835 1368 duabus
866 1313 1112 1382 privatis
1144 1314 1420 1368 noctibus
1452 1316 1571 1367 tota
1606 1313 1693 1367 le-

88 1405 301 1473 gebatur.
330 1401 394 1456 Et
438 1418 572 1457 cum
600 1401 837 1473 quidam
870 1400 1069 1468 frater,
1103 1401 1205 1473 qui
1252 1401 1545 1471 lectiones.
1569 1404 1693 1456 ter-

90 1492 368 1560 minaverat,
399 1491 776 1545 terminasset
802 1489 1135 1558 breviores,
1168 1489 1502 1558 prohibitus
1521 1492 1613 1545 est
1633 1488 1692 1544 in

88 1578 288 1649 capitulo
309 1594 339 1633 a
359 1579 695 1634 senioribus
712 1580 958 1633 nostris.
987 1577 1047 1633 Si
1069 1581 1264 1633 autem
1294 1578 1608 1650 contigerit
1631 1582 1693 1633 ut

87 1668 271 1721 ﬁniatur
295 1668 608 1738 Apostolus
628 1669 762 1721 ante
792 1666 1323 1739 Septuagesimum,
1350 1667 1568 1738 legitur
1588 1682 1691 1721 ex-

85 1755 253 1826 positio
270 1756 502 1811 Joannis
519 1755 937 1825 Chrysostomi
953 1770 1137 1825 super
1159 1754 1482 1826 Epistolam
1495 1754 1568 1809 ad
1584 1754 1692 1810 He-

86 1845 255 1899 braeos.
294 1843 437 1899 Ecce
457 1845 747 1899 circulum
774 1846 913 1898 anni
944 1843 1375 1915 quodammodo
1406 1842 1690 1909 circuivi;
1726 1870 1779 1932 Β

82 1936 120 1987 si
142 1931 319 2003 placet,
345 1933 492 1988 ultra
513 1946 995 2003 promoveamus.

683 2021 934 2076 CAPUT
972 2021 1038 2075 Il.

81 2109 145 2165 De
163 2110 520 2190 nocturnis-et
537 2109 811 2190 omnibus
826 2110 1006 2190 horis
1021 2109 1402 2190 regularibus
1426 2126 1440 2174 ;
1477 2111 1540 2190 si
1554 2110 1694 2190 quid

128 2182 201 2252 eis
235 2182 358 2252 plus
399 2183 481 2235 sit
541 2180 808 2236 additum
855 2180 1006 2252 quod
1070 2180 1327 2234 Sanctus
1372 2180 1686 2235 constituit

139 2251 479 2307 Benedictus.

126 2358 504 2431 Interrogatio.
548 2357 769 2413 Soletis
806 2357 1060 2428 amplius
1091 2357 1232 2429 quid
1272 2356 1541 2412 intexere
1588 2371 1688 2412 no-

80 2447 257 2501 cturnis
292 2448 378 2503 vel
408 2447 539 2502 aliis
578 2448 746 2502 horis
777 2461 950 2517 quam
981 2446 1138 2516 quod
1166 2444 1227 2500 S.
1264 2445 1565 2500 constituit
1585 2444 1694 2501 Be-

76 2536 296 2591 nedictus
312 2538 339 2590 ‘.’

128 2623 434 2694 ReSponsio.
477 2624 777 2688 Quantum
807 2627 923 2694 est,
953 2625 1008 2677 si
1059 2624 1209 2678 bene
1261 2622 1538 2690 memini,
1597 2622 1688 2676 di-

78 2727 186 2767 cam.
240 2713 421 2769 Primo
460 2713 627 2769 nulla
660 2716 753 2769 est
780 2712 1097 2783 antiphona
1127 2715 1245 2765 tam
1294 2726 1473 2783 parva
1513 2720 1722 2783 quam'

76 2816 160 2853 non
185 2803 334 2871 plena
362 2804 482 2857 toni
513 2802 618 2857 sui
647 2801 985 2856 definitione
1017 2799 1311 2855 ﬁinamus.
1341 2798 1691 2871 Ciu'usmodi

75 2904 237 2956 preces
260 2895 383 2962 post
404 2892 780 2947 Dominicam
806 2889 1131 2945 orationem
1160 2892 1404 2943 sanctus
1435 2887 1688 2943 Benedi-

76 2981 172 3031 rtus
211 2981 427 3049 dixerit,
480 2979 774 3047 nescitur,
832 2977 969 3050 quia
1019 2992 1128 3032 nec
1185 2978 1471 3046 scriptum
1522 2977 1689 3030 inve-

76 3066 206 3131 nitur;
233 3069 330 3124 sed
358 3085 493 3140 quae
526 3069 813 3123 dicuntur
841 3083 876 3121 a
902 3066 1078 3121 nobis
1111 3066 1181 3120 ad
1231 3070 1579 3134 nocturnos,
1614 3066 1685 3119 ad

76 3158 348 3227 matutinas,
401 3158 474 3212 ad
505 3157 765 3223 tertiam,
828 3158 1074 3223 sextam,
1108 3170 1346 3224 nonam,
1378 3158 1434 3209 et
1467 3168 1684 3223 vespe-

1794 605 1924 673 lico,
1957 607 2028 658 ad
2071 605 2318 674 primam
2363 610 2500 661 sunt
2540 624 2755 677 preces
2787 608 2850 664 31
2894 612 3348 683 versiculorum,
3403 616 3460 668 et

1794 694 2096 749 confessio
2127 710 2236 749 suo
2259 695 2465 750 inloco
2497 700 2588 750 est
2609 697 3051 767 interponenda.
3087 701 3175 754 Ad
3206 703 3457 771 comple-

1794 781 2006 837 torium
2040 786 2233 838 autem
2273 782 2716 854 septemdecim.
2751 786 2813 840 In
2842 787 3089 857 privatis
3114 788 3324 843 diebus
3346 791 3464 845 Ad-

1797 873 2011 925 ventus
2042 871 2271 927 Domini
2304 876 2359 927 et
2390 874 2895 945 Quadragesimae,
2930 875 3002 929 ad
3035 878 3375 945 matutinas,
3410 882 3465 932 et

1799 959 1871 1013 ad
1889 974 2194 1030 vesperas,
2219 962 2500 1031 usquead
2518 963 2726 1033 viginti
2744 964 3077 1018 versiculos
3098 965 3458 1037 pertingunt.

1800 1048 2020 1102 Verum
2066 1063 2133 1103 ea
2180 1064 2423 1118 precum
2454 1050 2792 1119 diversitas,
2828 1054 2883 1106 ct
2932 1053 2985 1106 si
3017 1068 3150 1123 qua:
3182 1057 3321 1108 sunt
3351 1055 3464 1107 alia

1801 1135 2165 1207 hujusmodi,
2189 1141 2441 1206 possunt
2460 1139 2585 1207 tibi,
2613 1140 2665 1193 si
2684 1140 2962 1209 placeret,
2987 1141 3043 1194 in
3059 1156 3172 1195 una
3195 1142 3464 1197 chartula

1801 1225 2184 1296 singulariter
2212 1226 2495 1295 adnotari,
2522 1230 2582 1280 ut
2612 1243 2729 1281 non
2747 1244 2895 1298 opus
2929 1228 3009 1283 sit
3037 1229 3209 1283 modo
3232 1229 3328 1283 his
3346 1231 3466 1285 lono

1799 1314 1936 1385 gius
1977 1313 2301 1369 immorari.
2334 1314 2468 1369 Non
2499 1318 2691 1371 autem
2722 1318 2922 1372 recolo
2953 1318 3006 1371 si
3035 1317 3175 1387 quid
3205 1319 3461 1389 amplius

1797 1403 2091 1457 inseratur
2138 1402 2209 1456 ad
2251 1403 2572 1474 quamlibet
2617 1404 2820 1460 horam
2872 1406 3207 1478 regularem
3251 1406 3311 1461 in
3340 1406 3459 1462 ullo

1795 1490 2024 1562 privato
2056 1490 2170 1559 die,
2205 1496 2259 1545 et
2304 1492 2405 1562 qui
2449 1508 2564 1547 non
2593 1492 2788 1565 aliquo
2818 1493 2991 1549 modo
3030 1494 3355 1564 appendeat
3388 1496 3460 1550 ad

1796 1578 2051 1649 aliquam
2092 1578 2542 1635 solemnitatem.

2435 1668 2688 1724 CAPUT
2719 1670 2816 1725 III.

1798 1755 2372 1880 Delpsalmodiaquce
2391 1756 2541 1812 solet
2559 1758 2681 1840 dici
2685 1765 2913 1841 praeter
2930 1761 3112 1841 horas
3122 1759 3455 1842 regulares.

1897 1833 2288 1880 nterroautio.
2310 1827 2450 1880 Peto
2470 1832 2531 1880 ut
2548 1828 2789 1880 digeras
2807 1830 3092 1880 quidquid
3113 1830 3455 1880 psalmodia!

1897 1827 2288 1899 nterrogatio.
2310 1827 2450 1883 Peto
2470 1832 2531 1882 ut
2548 1827 2789 1901 digeras
2807 1830 3093 1901 quidquid
3113 1827 3459 1901 psalmodia

1792 1916 1854 1970 in
1884 1920 2179 1971 conventu
2209 1916 2420 1971 dicatis
2450 1920 2666 1988 praeter
2698 1918 3005 1990 regulares
3028 1918 3228 1974 horas.

1865 2002 2212 2076 Responsio.
2239 2004 2383 2060 Haec
2403 2006 2682 2061 nimirum
2704 2007 2988 2078 prolixior
3009 2009 3068 2062 et
3083 2006 3462 2077 multiplicior

1795 2096 1886 2147 est
1915 2092 1975 2147 in
2009 2091 2474 2166 Quadragesima
2498 2110 2671 2166 quam
2702 2096 2760 2149 in
2781 2096 2895 2151 alio
2916 2098 3180 2166 tempore
3204 2111 3220 2165 ;
3251 2099 3308 2150 et
3348 2096 3459 2151 hoc

1792 2180 1950 2251 quod
1980 2196 2137 2235 nunc
2166 2181 2439 2236 dicturus
2462 2198 2616 2252 sum,
2643 2183 2833 2238 dicam
2854 2184 3107 2238 maxime
3131 2184 3459 2238 secundum

1796 2269 1950 2323 hunc
1984 2269 2249 2324 ordinem
2298 2272 2400 2341 qui
2430 2274 2662 2326 tenetur
2707 2273 2767 2326 in
2799 2273 2929 2341 ipsa
2970 2270 3454 2343 Quadregesima.

1794 2356 1858 2411 In
1888 2358 2064 2429 cujus
2096 2359 2371 2414 omnibus
2404 2360 2653 2430 privatis
2674 2360 2948 2415 noctibus
2979 2363 3302 2415 nocturnos
3325 2375 3457 2413 cum

1792 2462 1863 2502 ea
1889 2446 2216 2517 psalmodia
2238 2449 2638 2518 prmvenimus
2669 2449 2741 2503 de
2773 2449 2999 2518 psalmo
3032 2447 3134 2502 119
3165 2462 3355 2520 usque
3384 2447 3457 2501 ad

1798 2536 1974 2591 ﬁnem
2022 2536 2309 2591 Psalterii.
2360 2538 2504 2592 Post
2559 2543 2813 2608 quatuor
2868 2538 3152 2607 psalmos,
3206 2537 3308 2607 qui
3350 2551 3457 2590 no-

1801 2630 2066 2694 cturnos,
2099 2628 2162 2680 ut
2216 2625 2495 2695 superius
2542 2625 2761 2681 dictum
2816 2628 2927 2694 est,
2960 2626 3069 2680 rite
3111 2628 3460 2697 sequuntur,

1803 2713 2062 2786 gerenda
2085 2718 2177 2769 est
2206 2714 2514 2783 processio
2531 2713 2605 2768 ad
2632 2715 2949 2770 ecclesiam
2978 2714 3211 2769 Sanctae
3232 2712 3455 2769 Mariae.

1800 2802 1885 2857 De
1923 2818 2038 2874 qua
2067 2802 2223 2858 inter
2254 2802 2694 2873 procedendum
2739 2803 2948 2874 psalmi
2983 2803 3098 2859 duo
3129 2805 3455 2870 cantantur,

1797 2890 1855 2946 id
1886 2895 1980 2947 est
2034 2890 2103 2946 84
2150 2893 2207 2945 et
2250 2889 2339 2961 86,
2383 2907 2497 2946 una
2543 2895 2827 2964 sequente
2876 2891 3193 2963 antiphona
3238 2895 3295 2946 et
3335 2891 3458 2947 col-

1796 2980 1965 3035 lecta.
2003 2982 2275 3052 Aguntur
2306 2981 2603 3037 matutinae
2626 2981 2698 3036 de
2722 2980 3010 3036 Omnibus
3028 2979 3279 3035 Sanctis.
3316 2978 3458 3034 Item

1798 3069 2094 3124 matutinae
2134 3084 2241 3139 pro
2274 3068 2547 3124 ﬁdelibus
2581 3070 2899 3125 defunctis.
2933 3069 3357 3124 Consideretur
3382 3067 3456 3120 ab

1798 3158 2074 3213 omnibus
2107 3160 2169 3212 ut
2186 3157 2532 3213 decantetur
2548 3157 2877 3229 psalmodia
2891 3156 2988 3212 illa
3006 3156 3186 3226 Deus,
3211 3154 3459 3211 auribus

74 3258 159 3312 ras,
200 3214 640 3317 quatuordecim
694 3214 1009 3300 versiculis
1059 3214 1683 3313 comprehenduntur:
1730 3214 2054 3311 cnostris;
2089 3247 2161 3301 ad
2190 3261 2365 3317 quam
2404 3214 2620 3316 pendet
2660 3247 2926 3318 psalmus
2956 3244 3045 3315 '78,
3078 3214 3184 3299 93.,
3219 3242 3457 3298 Cantica

73 3338 171 3389 etsi
197 3340 277 3391 est
314 3336 442 3391 dies
482 3335 742 3406 privata,
785 3338 841 3388 et
887 3331 1065 3387 nullae
1113 3335 1358 3401 octavae,
1402 3346 1511 3387 nec
1559 3331 1689 3387 dies

74 3425 347 3494 paschales,
380 3422 784 3494 interponitur
814 3422 1079 3492 psalmus
1130 3420 1685 3492 quinquagesimus.

73 3512 387 3582 Adﬁciuntur
425 3513 500 3567 ad
533 3510 856 3566 matutinas
887 3513 943 3563 et
974 3509 1044 3563 ad
1076 3523 1359 3578 vesperas
1390 3508 1560 3562 etiam
1591 3507 1689 3561 alii

74 3606 269 3669 quatuor
286 3602 516 3672 psalmi,
565 3604 628 3655 et
655 3599 729 3653 ad
760 3598 1203 3666 completorium
1249 3597 1388 3651 duo.
1431 3596 1556 3651 Hoc
1586 3612 1686 3649 au-

72 3694 153 3742 tem
172 3707 271 3745 non
301 3698 391 3745 est
423 3690 574 3744 mihi
612 3690 976 3757 compertum
1006 3702 1190 3757 quare
1230 3686 1341 3739 ista
1370 3685 1688 3739 diversitas

72 3792 94 3829 a
115 3779 401 3849 majoribus
420 3777 657 3833 nostris
691 3777 766 3831 sit
806 3777 1060 3829 inventa.
1096 3774 1246 3828 Nam
1276 3789 1411 3827 cum
1441 3774 1691 3844 quatuor

71 3867 231 3933 psalmi
258 3884 289 3922 a
319 3868 639 3924 nocturnis
690 3864 1004 3934 incipiendi
1044 3865 1177 3932 post
1206 3860 1530 3933 quamlibet
1573 3861 1683 3914 ho-

72 3969 179 4025 ram,
207 3964 437 4030 excepto
480 3955 897 4026 completorio,
932 3967 1036 4022 pro
1070 3950 1460 4005 familiaribus
1482 3949 1687 4004 dican-

68 4046 147 4111 tur,
194 4046 257 4101 ad
294 4047 650 4102 matutinum
681 4046 739 4098 et
793 4042 866 4096 ad
896 4056 1183 4112 vesperas
1210 4034 1498 4093 dicuntur
1536 4039 1688 4092 inter

71 4149 231 4199 preces
258 4142 383 4191 ante
405 4133 813 4191 novissimum
835 4129 1220 4199 versiculum,
1252 4128 1595 4200 priusquam
1620 4140 1687 4180 se

71 4218 236 4278 fratres
263 4224 597 4280 levaverint
617 4222 689 4277 de
722 4220 951 4287 formis,
984 4223 1043 4274 et
1073 4218 1315 4274 collecta
1346 4216 1593 4271 dicatur.
1618 4213 1688 4268 Et

70 4308 231 4366 horum
257 4314 631 4383 psalmorum
660 4310 797 4381 quia
828 4308 1013 4363 semel
1044 4306 1300 4375 memini,
1334 4309 1397 4359 ut
1426 4319 1541 4359 non
1568 4302 1687 4357 dif-

72 4395 210 4454 feram
235 4417 464 4475 quoque
498 4416 616 4457 eos
646 4398 985 4455 nominatim
1017 4397 1357 4467 designare,
1378 4393 1564 4463 primo
1593 4407 1690 4447 no-

70 4494 373 4561 cturnorum,
407 4496 472 4545 ut
493 4492 579 4545 ita
599 4489 810 4555 dicam,
837 4487 1236 4558 pedissequus
1258 4486 1351 4538 est
1371 4484 1597 4552 primus
1615 4481 1688 4535 de

1798 3334 2133 3407 quindecim
2189 3336 2482 3406 graduum
2519 3337 2578 3389 et
2618 3337 2755 3406 post
2803 3334 3170 3389 Dominicam
3225 3331 3456 3386 Oratio-

1795 3439 1949 3494 nem,
1984 3426 2042 3478 et
2086 3427 2220 3479 ante
2269 3424 2549 3478 collectas
2597 3426 2930 3494 secuturas,
2982 3421 3250 3493 psalmus
3289 3419 3378 3489 89,
3402 3422 3460 3475 et

1797 3528 1902 3583 pro
1933 3511 2211 3568 fldelibus
2253 3511 2570 3581 defunctis,
2603 3513 2690 3567 22.
2724 3513 2784 3567 Si
2834 3511 3011 3583 cujus
3042 3511 3243 3566 fratris
3272 3522 3461 3579 nuper

1797 3602 2060 3656 defuncti
2101 3602 2441 3656 tricesimus
2472 3602 2686 3673 agitur,
2724 3616 2832 3672 pro
2863 3600 2963 3655 illo
3006 3599 3216 3672 psalmi
3249 3600 3460 3653 dicun-

1800 3693 1916 3761 tur,
1950 3691 2003 3750 5.
2049 3689 2103 3755 6,
2153 3690 2275 3761 114,
2323 3690 2444 3758 115,
2492 3689 2615 3760 129,
2677 3688 2801 3758 141,
2844 3689 2966 3744 142.
3015 3688 3314 3744 Invenitur
3360 3703 3462 3743 au-

1800 3781 1917 3834 tem
1945 3780 2003 3833 in
2037 3781 2243 3851 regula
2292 3780 2448 3851 quod
2490 3784 2736 3834 sanctus
2783 3779 3139 3835 Benedictus
3194 3776 3462 3849 praecipit

1802 3870 1863 3921 ut
1891 3867 1950 3921 in
1977 3867 2482 3939 Quadragesimali
2507 3868 2649 3940 quid
2697 3868 2942 3923 addatur
2971 3867 3044 3921 ad
3075 3881 3327 3937 pensum
3356 3880 3460 3920 so-

1801 3954 1919 4010 litae
1950 3957 2277 4025 servitutis;
2308 3956 2466 4027 quod
2497 3971 2607 4011 nec
2639 3956 3048 4011 dissimulatur
3077 3971 3109 4009 a
3141 3955 3337 4010 nobis.
3371 3954 3459 4008 Ad

1806 4045 2114 4098 matutinas
2154 4050 2211 4098 et
2256 4060 2543 4117 vesperas
2574 4047 2711 4114 post
2764 4043 3049 4115 suffragia
3092 4046 3456 4111 sanctorum,

1800 4132 1869 4185 ad
1903 4132 2079 4186 horas
2112 4138 2305 4187 autem
2326 4132 2586 4203 reliquas
2619 4136 2753 4203 post
2784 4135 3038 4204 quatuor
3066 4131 3331 4201 psalmos
3350 4131 3458 4185 ho-

1799 4236 2017 4288 rarum,
2043 4223 2106 4275 ut
2130 4222 2206 4274 ita
2238 4221 2446 4291 dicam,
2474 4221 2876 4291 appendicios,
2910 4222 3030 4275 toto
3053 4234 3299 4289 corpore
3326 4232 3458 4289 pro-

1797 4310 2139 4375 sternimur,
2172 4314 2234 4364 ut
2265 4310 2417 4364 duos
2453 4310 2720 4380 psalmos
2766 4309 3054 4377 dicamus,
3088 4307 3342 4378 primum
3385 4305 3457 4360 de

1797 4402 2024 4469 septem
2062 4397 2561 4468 poenitentialibus
2593 4398 2859 4469 psalmis,
2893 4397 3138 4453 alterum
3169 4396 3241 4451 de
3271 4394 3457 4449 canti-

1798 4487 1886 4542 cis
1916 4487 2251 4559 quindecim
2282 4487 2593 4559 graduum.
2629 4487 2846 4542 Verum
2874 4487 2949 4542 ad
2989 4501 3276 4558 vesperas
3307 4499 3454 4555 qua-

69 4580 248 4642 septem
272 4577 779 4649 poenitentialibus
812 4575 1079 4645 psalmis,
1117 4578 1172 4628 et
1219 4574 1298 4626 ita
1326 4571 1524 4626 caeteri
1582 4586 1686 4639 pro
1726 4565 1931 4631 Dtuor
1960 4576 2338 4630 continuatim
2392 4576 2685 4645 dicuntur,
2720 4576 2857 4645 quia
2887 4590 3003 4631 non
3059 4577 3152 4629 est
3210 4586 3457 4627 consue-

67 4666 228 4724 ordine
245 4685 347 4724 suo
366 4666 811 4737 divisi,singuli
825 4662 1083 4736 singulis
1108 4662 1273 4717 horis
1295 4661 1684 4731 applicantur,

67 4759 236 4819 praeter
260 4759 327 4811 ad
358 4760 598 4813 tertiam
641 4753 1192 4826 quinquagesimus,
1225 4750 1374 4804 alias
1397 4749 1540 4804 adeo
1564 4749 1687 4803 fre-

68 4849 348 4915 quentatus,
390 4845 901 4919 quinquagesimo
954 4843 1122 4896 sexto
1170 4841 1446 4893 mutatur.
1482 4838 1545 4891 In
1584 4852 1686 4891 se-

70 4933 218 4986 cundo
263 4936 385 4990 loco
417 4934 740 5005 apponitur
784 4931 1049 5001 psalmus
1100 4926 1187 4996 19,
1228 4926 1316 4993 85,
1349 4925 1438 4993 22,
1474 4924 1560 4990 12,
1595 4925 1684 4993 66,

69 5016 130 5079 Ἦ,
156 5020 230 5090 83,
247 5025 330 5077 sic
360 5028 561 5078 autem
585 5020 839 5090 geminis
863 5017 1225 5089 praemissis.
1261 5016 1323 5070 In
1356 5015 1527 5069 tertio
1557 5015 1687 5068 loco

71 5111 281 5170 Psalmus
308 5112 375 5166 69
404 5116 548 5182 post
608 5125 815 5164 omnes
860 5109 1037 5163 horas
1087 5120 1323 5175 semper
1363 5103 1683 5171 concurrit,

71 5200 108 5245 et
137 5213 223 5265 Ι)ῖο
259 5199 535 5256 ﬁdelibus
577 5198 874 5254 defunctis
918 5196 1041 5265 141,
1093 5209 1271 5266 quem
1313 5193 1504 5248 adhuc
1554 5194 1689 5262 post

72 5284 265 5346 Primam
304 5288 370 5342 50
434 5287 802 5360 subjunctus
867 5285 1156 5341 antecedit
1213 5299 1319 5354 pro
1370 5281 1686 5336 abbatibus

73 5375 245 5429 nostris
272 5377 596 5433 defunctis.
620 5377 704 5431 Ad
724 5375 1167 5445 completorium
1188 5374 1339 5428 inter
1357 5385 1591 5442 preces,
1626 5374 1688 5424 ut

75 5464 392 5521 Pmmissum
432 5469 551 5533 est,
603 5466 670 5518 50
726 5464 995 5535 sequitur
1042 5464 1255 5519 iterum
1303 5460 1391 5527 69,
1441 5457 1685 5526 12,120.

74 5542 155 5599 Sed
200 5556 253 5604 ut
298 5552 364 5606 ad
427 5555 543 5608 hoc
617 5554 850 5608 redeam
906 5551 1207 5625 paululum
1259 5549 1571 5618 intermisi,
1633 5551 1687 5601 et

75 5648 265 5696 meum
319 5657 560 5712 quoque
626 5643 824 5711 primae
881 5641 1247 5711 completorii
1297 5640 1683 5706 meminerim,

1795 4664 1955 4731 tudo,
1989 4669 2051 4718 ut
2080 4668 2213 4734 post
2244 4663 2685 4733 completorium
2720 4663 2875 4719 ullus
2924 4679 3179 4735 unquam
3210 4662 3358 4732 psal.
3401 4661 3459 4714 in

1795 4759 1994 4824 aperto
2017 4753 2262 4823 dicatur,
2293 4753 2410 4807 nisi
2441 4753 2540 4824 qui
2562 4753 2828 4823 psalmos
2854 4752 3103 4820 noverit,
3120 4752 3259 4805 dum
3281 4751 3448 4820 pueri

1799 4841 2017 4895 faciunt
2063 4842 2385 4896 orationem
2440 4842 2551 4896 sub
2608 4841 2864 4909 silentio,
2899 4844 2956 4894 et
3004 4840 3144 4893 dicit
3191 4837 3455 4919 psalmos

1803 4929 1887 4999 12,
1918 4930 2007 4998 42,
2058 4930 2143 4994 66,
2194 4930 2314 4997 126,
2380 4929 2501 4984 129.
2552 4931 2774 4985 Textus
2845 4928 3001 4993 fidei,
3056 4926 3283 4982 scilicet
3324 4924 3459 4989 Qui-

1799 5035 2020 5091 cunque
2051 5034 2081 5071 a
2108 5018 2170 5073 S.
2194 5019 2517 5073 Athanasio
2540 5018 2915 5087 conscriptus
2938 5014 3138 5087 (cujus
3161 5013 3458 5069 nonnullae

1799 5107 2071 5161 ecclesiae
2112 5122 2222 5161 nec
2255 5107 2667 5175 meminerunt,
2701 5106 2815 5160 nisi
2857 5105 2915 5158 in
2948 5103 3076 5158 sola
3108 5101 3454 5171 Dominica),

1800 5196 1957 5251 nullo
1990 5196 2082 5250 die
2141 5195 2483 5264 obmittitur,
2528 5197 2587 5248 ut
2620 5209 2736 5249 non
2786 5194 3014 5247 dicatur
3053 5191 3317 5255 anobis;
3352 5190 3457 5244 sed

1796 5288 1853 5340 in
1888 5284 2132 5355 privatis
2164 5284 2376 5339 diebus
2418 5284 2595 5338 simul
2626 5298 2757 5337 cum
2799 5282 2931 5335 aliis
2962 5281 3231 5352 psalmis,
3257 5279 3315 5333 in
3347 5280 3460 5332 Do-

1796 5374 2007 5428 minica
2048 5376 2181 5444 post
2224 5388 2455 5443 preces.
2492 5373 2636 5426 Post
2656 5371 2924 5441 primum,
2960 5368 3458 5441 praeterpsalmos

1796 5479 2045 5534 quorum
2061 5462 2185 5533 jam
2209 5477 2392 5532 supra
2415 5460 2671 5527 memini,
2712 5462 3041 5531 sequuntur
3063 5458 3254 5513 adhuc
3285 5456 3460 5512 etiam

1797 5555 2024 5622 septem
2074 5551 2281 5620 psalmi
2332 5550 2783 5621 pocnitentialcs.
2822 5551 2961 5604 i'cst
3001 5549 3294 5611 letaniam,
3329 5560 3461 5617 quae

1797 5642 1849 5692 in
1884 5639 2091 5693 eodem
2122 5642 2413 5695 momento
2457 5642 2542 5692 est
2596 5639 2863 5708 dicenda,
2909 5642 2964 5693 et
3015 5641 3146 5692 ante
3179 5635 3459 5691 collectas
