3956 6176
430 310 548 378 647

1389 305 1787 370 ULDARICI
1828 306 2441 370 CLUNIACENSIS
2477 308 2889 370 MONACHI.

3691 320 3781 380 648

434 515 766 578 secuturas,
822 508 1032 577 psalmi
1093 509 1342 576 quatuor
1384 506 1848 576 interseruntur,
1896 506 1954 560 id
1998 509 2090 560 est
2121 487 2179 547 Α
2209 504 2267 557 in
2290 503 2403 558 alio
2437 505 2694 575 quolibet
2716 505 2810 560 die
2839 506 3066 576 privato
3099 509 3156 561 et
3183 510 3645 580 quadragesimali
3670 529 3795 584 repe-

431 597 519 666 69,
571 597 694 666 1‘20,
748 597 848 652 122
905 601 963 652 et
1006 610 1116 666 pro
1169 595 1443 649 ﬁdelibus
1491 593 1786 649 defunctis
1823 593 1912 650 4‘2.
1947 595 2093 648 Post

433 686 748 758 capitulum
776 701 882 757 pro
914 683 1230 753 defunctis,
1266 698 1517 754 quorum
1550 682 1998 737 anniversarius
2035 683 2094 736 in

433 779 564 845 ipso
598 774 848 845 capitulo
880 777 970 828 est
1011 773 1289 828 recitatus
1339 772 1495 827 idem
1530 772 1743 842 psalmi
1793 771 2091 835 dicuntur,

434 865 620 936 quiet
663 879 770 934 pro
801 863 1035 934 triginta
1075 863 1150 931 (1)
1203 860 1614 931 cujuscunque
1666 860 1926 914 defuncti
1958 866 2096 914 sunt

434 953 686 1020 dicendi,
709 955 952 1021 excepto
974 950 1095 1018 141,
1122 951 1219 1022 qui
1239 965 1306 1004 ea
1328 949 1456 1004 vice
1488 950 1558 1004 de
1583 949 1772 1004 medio
1797 949 2095 1004 aufertur.

439 1041 583 1096 Post
602 1055 890 1111 vesperas
914 1039 1245 1111 regulares,
1267 1044 1323 1093 et
1347 1041 1481 1109 post
1497 1037 1760 1108 psalmos
1776 1039 1875 1108 qui
1896 1039 2099 1093 dicun-

440 1136 535 1184 tur
564 1147 598 1183 a
625 1129 959 1200 prostratis,
985 1128 1186 1199 agitur
1217 1129 1426 1181 iterum
1459 1128 1767 1195 processio
1799 1127 1872 1182 ad
1903 1126 2099 1182 eccle-

443 1201 588 1273 siam
620 1218 850 1272 Sancta)
886 1217 1085 1270 Marim
1135 1232 1265 1270 cum
1315 1217 1506 1286 ipsius
1558 1229 1792 1286 quoque
1846 1215 2095 1270 cantico.

441 1307 518 1363 Ut
548 1306 701 1360 sicut
731 1306 1017 1372 matutini,
1051 1309 1307 1376 aguntur
1353 1306 1526 1358 etiam
1558 1319 1829 1374 vespera:
1861 1304 1932 1358 de
1961 1304 2099 1359 0m-

439 1396 615 1452 nibus
648 1394 900 1456 Sanctis,
937 1397 992 1449 et
1022 1409 1128 1464 pro
1151 1393 1427 1448 ﬁdelibus
1460 1392 1777 1448 defunctis.
1812 1393 1955 1448 Post
1984 1408 2099 1448 coeo

439 1500 572 1539 nam
614 1499 746 1540 cum
776 1484 1006 1554 psalmo
1051 1483 1141 1551 50,
1173 1482 1232 1536 in
1275 1482 1591 1538 ecclesiam
1638 1482 1886 1550 roditur,
1940 1482 2102 1543 eicut

439 1574 612 1629 etiam
643 1577 777 1643 post
808 1571 1115 1642 prandium
1156 1585 1425 1641 semper;
1478 1570 1876 1626 servitoribus
1907 1573 2101 1625 autem

439 1661 797 1732 exspectatis
828 1677 1019 1732 usque
1052 1660 1187 1714 dum
1221 1663 1277 1715 et
1299 1660 1412 1729 ipsi
1447 1660 1783 1714 surexerint
1812 1675 1843 1712 a
1875 1675 2098 1728 mensa,

441 1751 636 1823 agitur
651 1750 929 1817 ofﬁcium,
956 1749 1047 1804 vel
1067 1749 1224 1820 quod
1247 1765 1279 1802 a
1309 1748 1672 1803 nostratibus
1703 1747 1904 1820 vigilia
1923 1749 2101 1820 vulgo

440 1839 783 1911 appellatur,
807 1838 964 1909 quod
994 1837 1333 1908 aliquando,
1360 1852 1492 1891 cum
1528 1838 1670 1891 tanti
1692 1837 1956 1892 defuncti
1985 1851 2100 1891 non

439 1929 836 1996 haberentur,
862 1925 988 1982 ﬁeri
1036 1927 1265 1982 solebat
1306 1943 1439 1980 cum
1469 1929 1693 1981 tantum
1742 1925 2099 1981 lectionibus

2209 599 2433 661 tomus;
2482 609 2814 664 quanquam
2846 595 2919 649 ad
2947 596 3126 650 horas
3163 598 3279 651 nbn
3307 598 3450 652 alias
3481 599 3793 670 antipbonas,

2209 696 2442 750 versus,
2486 687 2542 736 et
2575 683 2874 752 collectas,
2909 700 3082 754 quam
3097 685 3167 739 de
3199 685 3325 756 ipsa
3357 687 3648 742 festivitate
3672 689 3797 743 dica-

2207 786 2358 825 mus.
2405 771 2690 825 Remanet
2739 787 2973 844 quoque
3031 789 3244 829 rursus
3276 774 3544 845 ofﬁcium,
3582 793 3673 846 pro
3709 794 3798 848 quo

2203 860 2360 930 quod
2391 875 2539 930 pene
2573 860 2792 915 oblitus
2813 877 2966 929 sum,
2989 865 3126 933 post
3153 863 3424 935 cingulas
3444 864 3609 920 horas
3635 867 3804 936 psalmi

2204 947 2326 1016 119,
2359 947 2427 1004 69
2467 952 2522 1002 et
2553 949 2675 1017 141,
2709 951 2941 1005 medius
2974 955 3064 1006 est
3095 953 3377 1007 incertus.
3427 951 3566 1006 Nam
3592 953 3805 1027 Maiores

2203 1038 2411 1103 nostri,
2448 1053 2516 1092 eo
2548 1043 2811 1109 tempore
2838 1055 2955 1110 quo
2988 1041 3045 1094 in
3075 1044 3249 1094 nocte
3278 1057 3394 1097 non
3425 1042 3711 1112 gerebatur
3733 1043 3802 1097 of-

2203 1127 2400 1181 ﬁcium
2441 1128 2596 1182 sicut
2635 1128 2865 1199 geritur
2922 1129 2981 1182 in
3029 1129 3242 1198 hieme,
3293 1132 3484 1202 ipsum
3510 1131 3740 1186 ofﬁcium
3763 1134 3807 1188 in

2206 1216 2416 1271 diebus
2442 1217 2783 1284 Dominicis,
2806 1220 2870 1274 et
2893 1219 3095 1277 iaaliis
3110 1219 3328 1292 quibus
3347 1220 3638 1275 duodecim
3651 1219 3809 1276 lectio-

2207 1320 2316 1360 nes
2347 1305 2584 1375 ﬁebant,
2611 1322 2728 1362 non
2756 1307 3082 1366 omiserunt
3111 1323 3290 1380 agere
3321 1312 3452 1378 post
3480 1306 3725 1373 Cinnam;
3752 1326 3806 1364 ne

2207 1409 2315 1464 pro
2357 1411 2472 1449 una
2501 1395 2595 1450 die
2629 1395 2882 1452 solemni
2912 1396 3026 1452 duo
3057 1396 3254 1451 ofﬁcia
3283 1405 3651 1452 remanerent.
3679 1396 3812 1462 Quod

2210 1497 2462 1538 cernens
2503 1487 2746 1539 sanctus
2785 1485 3040 1557 Majolus
3070 1483 3385 1558 aliquando
3426 1486 3685 1541 fratribus
3703 1501 3812 1541 esse

2208 1573 2460 1627 maxime
2491 1573 2551 1627 in
2580 1573 2680 1628 tali
2711 1574 2804 1628 die
2837 1589 3200 1645 onerosum,,
3226 1590 3334 1645 pro
3357 1575 3486 1646 ipso
3510 1574 3685 1632 ofﬁcio
3711 1591 3812 1630 con-

2213 1661 2397 1716 stituit
2428 1666 2490 1716 ut
2518 1664 2655 1733 post
2677 1662 2948 1734 singulas
2967 1662 3151 1722 horas
3177 1662 3294 1718 duo
3309 1663 3518 1734 psalmi
3535 1663 3816 1718 dicerentur

2213 1750 2315 1804 119
2343 1754 2399 1806 et
2419 1750 2540 1806 141.
2577 1749 2694 1806 Sed
2715 1755 2778 1804 ut
2802 1752 2874 1806 de
2904 1751 3232 1822 psalmodia
3270 1752 3365 1806 hic
3400 1751 3552 1824 quod
3579 1753 3814 1823 proposui

2214 1846 2447 1901 tandem
2481 1847 2848 1914 concludam;
2884 1850 2942 1902 in
2975 1847 3183 1905 dict-us
3217 1847 3549 1916 dominicis,
3579 1851 3630 1902 et
3654 1845 3815 1901 inaliis

2215 1938 2384 1990 extra
2424 1935 2948 2008 Quadragmimam
2979 1936 3402 1992 festivitatibus
3447 1935 3730 1991 duodecim
3752 1934 3817 1989 le-

440 2017 636 2073 tribus
665 2019 723 2071 et
738 2016 1161 2088 responsoriis,
1184 2016 1299 2070 nisi
1318 2014 1574 2087 alicujus
1598 2015 1797 2069 fratris
1828 2015 2100 2069 anniver—
2133 2029 2184 2092 Β
2218 2025 2475 2078 ctionum
2514 2024 2787 2096 agendis,
2839 2025 2910 2080 de
2938 2028 3098 2079 tanta
3127 2023 3490 2095 psalmorum
3531 2025 3818 2079 diversitate

441 2106 601 2162 sario
619 2105 1090 2176 superveniente.
1113 2104 1283 2158 Nunc
1307 2108 1501 2158 autem
1521 2119 1656 2157 cum
1678 2103 1837 2159 nulla
1869 2103 1949 2159 sit
1970 2103 2099 2158 dies

441 2195 542 2266 qui
571 2195 663 2250 vel
695 2194 896 2248 multis
939 2198 1136 2248 careat
1167 2193 1483 2262 defunctis,
1515 2194 1711 2264 ipsum
1741 2207 1978 2264 quoque
2007 2193 2099 2247 of-

439 2283 638 2339 ﬁcium
659 2297 958 2354 nunquam
979 2284 1174 2354 agitur
1202 2281 1396 2351 modo,
1434 2282 1548 2335 nisi
1572 2296 1704 2335 cum
1733 2296 1944 2336 novem
1975 2281 2099 2337 lec-

438 2371 724 2442 tionibus,
769 2374 828 2426 et
865 2372 1267 2442 responsoriis
1307 2374 1364 2425 et
1394 2369 1693 2438 collectis,
1728 2386 1860 2442 qum
1906 2370 2101 2441 ipsum

440 2460 700 2517 ofﬁcium
757 2463 1120 2531 sequuntur;
1153 2460 1266 2513 duo
1298 2460 1507 2529 psalmi
1549 2459 1906 2516 antecedunt
1937 2459 2102 2513 scili-

441 2553 537 2605 cet
563 2548 687 2618 119,
729 2549 784 2618 8,
843 2549 998 2604 sicut
1043 2549 1217 2603 etiam
1259 2548 1330 2602 ad
1379 2549 1818 2619 vesperas145,
1853 2547 1975 2602 123.
2011 2549 2100 2602 Ad

440 2638 778 2707 matutinas,
805 2637 891 2692 De
913 2637 1322 2708 profundis,et
1351 2637 1675 2710 Usquequo.
1701 2635 1883 2709 Ergo,
1913 2653 2102 2708 quan-
2145 2645 2155 2653 '

439 2729 566 2781 tum
590 2725 809 2797 recolo,
833 2725 1178 2796 psalmodiaa
1196 2742 1312 2781 non
1335 2725 1690 2794 estamplius
1709 2740 1884 2797 quam
1906 2725 1962 2779 in
1989 2741 2101 2780 usu

443 2814 790 2870 habeamus.

1079 2920 1331 2977 CAPUT
1364 2923 1460 2977 ιν.

513 3047 600 3103 De
631 3061 698 3103 eo
728 3046 939 3120 quibus
973 3061 1050 3102 ex
1079 3049 1276 3121 causis
1306 3055 1364 3121 et
1409 3049 1691 3120 quomodo
1714 3063 1829 3121 per
1868 3049 2032 3103 vices

931 3117 1257 3190 pse/modia
1274 3117 1594 3174 minuatur.

509 3243 801 3300 Caeterum
830 3243 902 3300 de
947 3243 1082 3315 ejus
1112 3260 1340 3300 summa
1400 3245 1648 3314 decedit,
1675 3260 1830 3299 nunc
1863 3259 1968 3314 pro
2031 3260 2100 3299 eo

440 3333 598 3404 quod
627 3331 1094 3405 Quadragesima
1131 3338 1221 3389 est
1270 3337 1586 3402 transacta,
1620 3349 1775 3388 nunc
1805 3334 1864 3388 in
1897 3336 2101 3388 aestate

441 3435 547 3492 pro
573 3422 853 3488 ,noctium
891 3422 1196 3490 brevitate,
1233 3438 1387 3477 nunc
1418 3437 1525 3493 pro
1556 3422 1768 3476 diebus
1819 3421 2101 3492 paslcha-

442 3508 601 3564 libus
631 3511 689 3565 et
718 3511 966 3577 octavis,
999 3526 1153 3564 nunc
1186 3526 1290 3579 pro
1323 3525 1392 3565 eo
1429 3509 1585 3581 quod
1616 3509 1930 3565 duodecim
1961 3511 2110 3566 ﬁunt

443 3597 749 3653 lectiones.
810 3600 1006 3654 Primo
1053 3614 1304 3670 namque
1367 3599 1448 3654 illi
1499 3599 1612 3654 duo
1653 3598 1886 3669 psalmi,
1932 3601 2032 3670 qui
2078 3617 2108 3654 a

442 3686 757 3758 prostratis
813 3687 1123 3756 dicuntur,
1175 3703 1471 3760 nunquam
1531 3689 1804 3742 dicuntur
1862 3689 1976 3741 nisi
2052 3691 2109 3744 in

442 3775 943 3848 Quadragesima;
975 3791 1008 3830 a
1030 3776 1209 3832 Omna
1239 3793 1473 3848 quoque
1523 3777 1754 3832 Domini
1805 3792 1997 3848 usque
2040 3779 2108 3832 ad

401 3857 740 3920 ~Kalendas
796 3865 1175 3935 Novembris,
1227 3867 1322 3921 vel
1366 3867 1600 3938 quoties
1654 3866 1712 3921 in
1753 3869 1882 3936 ipsa
1915 3867 2105 3922 hieme

441 3953 578 4009 ullae
609 3954 980 4009 celebrantur
1023 3958 1246 4010 octavae
1282 3972 1292 4010 :
1327 3960 1460 4011 ante
1491 3958 1814 4010 nocturnos
1847 3971 1965 4010 non
2011 3955 2103 4008 di-

444 4044 656 4097 cuntur
684 4043 800 4097 nisi
832 4044 957 4098 sola
991 4045 1215 4098 cantica
1249 4045 1584 4117 quindecim
1615 4046 1927 4117 graduum.
1965 4043 2105 4100 Item

442 4142 560 4188 non
601 4132 793 4188 solum
841 4133 901 4187 in
933 4133 1243 4188 duodecim
1277 4109 1649 4202 lectionibus,
1704 4133 1810 4187 sed
1846 4133 2018 4188 etiam
2045 4133 2102 4187 in

442 4220 716 4278 omnibus
739 4221 966 4277 octavis
999 4222 1328 4293 diebusque
1354 4221 1737 4292 paschalibus
1771 4222 1949 4276 horas
1982 4221 2100 4276 sin-

2217 2111 2362 2167 nihil
2401 2118 2496 2168 est
2523 2113 2778 2184 amplius
2826 2113 2982 2184 quod
3013 2113 3262 2182 dicatur,
3296 2119 3513 2185 praeter
3539 2112 3820 2186 quindecim

2218 2202 2465 2270 cantica,
2491 2201 2808 2274 graduum,
2829 2203 3128 2257 matutina
3156 2200 3389 2270 laudes,
3422 2207 3479 2258 et
3505 2216 3745 2272 vesperae
3769 2201 3822 2254 de

2217 2289 2504 2345 Omnibus
2547 2289 2800 2362 Sanctis,
2844 2291 2926 2345 illi
2957 2291 3170 2362 psalmi
3198 2306 3304 2361 pro
3335 2291 3644 2346 tricenario
3670 2292 3716 2345 et
3741 2304 3822 2341 an-

2219 2381 2548 2435 niversario
2605 2378 2852 2434 fratrum
2922 2384 3058 2450 post
3114 2379 3440 2450 quamlibet
3493 2379 3684 2435 horam
3735 2379 3822 2432 duo

2219 2469 2459 2539 psalmi;
2493 2472 2550 2523 et
2607 2469 2659 2523 si
2691 2469 2899 2524 tertius
2947 2469 3257 2539 apponitur
3313 2468 3520 2524 eadem
3546 2469 3612 2522 de
3666 2481 3825 2532 causa,

2219 2573 2350 2629 quae
2381 2557 2694 2626 praemissa
2743 2561 2860 2628 est,
2895 2560 3120 2612 tantum
3152 2559 3212 2613 in
3245 2560 3493 2612 astate:
3526 2572 3649 2613 nam
3687 2572 3714 2610 a
3739 2555 3825 2609 Ka-

2218 2645 2408 2701 lendis
2459 2646 2814 2700 Novembris
2856 2662 3046 2718 usque
3090 2647 3161 2701 ad
3201 2646 3696 2719 Septuagesimam
3742 2643 3822 2697 rite

2217 2735 2452 2789 oﬁcium
2512 2734 2920 2790 defunctorum
2966 2750 3081 2790 non
3128 2735 3322 2807 agitur
3349 2736 3473 2790 nisi
3505 2736 3562 2790 in
3590 2738 3758 2798 nocte,
3781 2737 3823 2785 et

2216 2823 2312 2876 illa
2347 2839 2459 2878 nox
2493 2823 2639 2890 sola,
2675 2840 2806 2894 quae
2845 2824 2918 2879 ad
2959 2825 3324 2879 Dominicam
3377 2823 3637 2895 pertinet,
3665 2819 3820 2877 ofﬁcio

2216 2917 2392 2967 caret.

2866 2983 3119 3040 CAPUT
3149 2983 3216 3039 ν.

2216 3073 2302 3128 De
2315 3073 2580 3128 collectis
2598 3079 2655 3128 et
2675 3073 2993 3153 versiculis
3011 3072 3539 3198 qumlpsalmodiam
3551 3075 3826 3141 sequuntur

2694 3151 2750 3198 et
2781 3149 3109 3198 quantitate
3161 3150 3399 3198 etamée.

2694 3151 2750 3198 et
2781 3149 3109 3216 quantitate
3136 3149 3399 3198 letaniae.

2286 3232 2709 3304 Interrogatio.
2745 3232 2932 3305 Igitur
2961 3232 3156 3288 libens
3185 3233 3382 3294 audio,
3418 3236 3482 3288 ut
3521 3245 3687 3301 supra
3709 3225 3829 3298 psal-

2213 3321 2488 3389 modiam,
2523 3322 2600 3377 ita
2629 3337 2786 3377 nunc
2812 3337 3048 3394 quoque
3078 3337 3186 3392 per
3237 3321 3507 3376 ordinem
3554 3315 3832 3374 innotueris

2214 3413 2269 3464 et
2300 3410 2604 3479 collectas,
2641 3413 2698 3465 et
2727 3410 3066 3465 versiculos
3097 3409 3380 3464 collectas
3430 3407 3831 3480 praevenientes,

2219 3499 2356 3554 sine
2408 3500 2626 3570 quibus
2682 3503 2836 3554 tanta
2870 3499 3196 3570 psalmodia
3263 3500 3320 3552 et
3378 3499 3439 3553 in
3489 3500 3569 3552 tot
3621 3492 3834 3550 membra

2219 3587 2408 3642 divisa
2457 3604 2574 3643 non
2627 3588 2846 3644 ﬁnitur.
2890 3588 3206 3643 Addideris
3262 3601 3502 3659 quoque
3549 3586 3617 3640 de
3664 3583 3832 3638 letania

2219 3691 2351 3746 quae
2381 3678 2624 3746 primam
2675 3678 2966 3748 sequitur,
3005 3676 3182 3746 cujus
3215 3676 3293 3730 sit
3321 3674 3658 3746 quantitatis
3679 3674 3839 3740 etpro-

2217 3765 2478 3823 lixitatis.

2290 3858 2635 3930 Responsio.
2673 3856 2747 3910 Ut
2774 3869 2999 3910 morem
3046 3854 3148 3909 tibi
3191 3869 3421 3926 geram,
3483 3858 3539 3908 et
3558 3846 3834 3907 secundum

2217 3950 2486 4006 eumdem
2535 3947 2806 4002 ordinem
2868 3960 3042 4016 quem
3075 3943 3192 3999 huc
3248 3959 3445 4014 usque
3469 3941 3838 4008 tenui;primo

2215 4044 2346 4096 ante
2391 4038 2712 4091 nocturnos
2765 4034 3040 4088 dicuntur
3097 4032 3226 4087 sola
3274 4032 3612 4102 quindecim
3652 4024 3834 4081 cantica

2215 4129 2542 4202 graduum;
2574 4125 2852 4180 dicuntur
2880 4123 3068 4194 prima
3120 4122 3381 4192 quinque
3433 4136 3542 4190 pro
3600 4114 3836 4172 fratribus

2213 4219 2438 4274 nostris
2461 4219 2516 4271 et
2539 4215 2816 4270 omnibus
2839 4212 3116 4268 ﬁdelibus
3135 4209 3434 4264 defunctis
3462 4226 3474 4278 ;
3501 4209 3608 4263 alia
3627 4204 3840 4278 quinque

440 4310 614 4383 gulas
644 4326 758 4365 non
790 4316 1139 4381 sequuntur,
1166 4312 1282 4366 nisi
1313 4312 1372 4366 hi
1404 4312 1519 4367 duo
1550 4310 1760 4382 psalmi
1791 4310 1860 4365 69
1891 4313 1948 4365 et
1977 4311 2096 4365 141.
2128 4313 2186 4380 Β
2212 4323 2315 4378 pro
2347 4304 2796 4375 nobismetipsis
2823 4320 2836 4372 ;
2870 4301 3199 4357 novissima
3241 4315 3352 4370 pro
3385 4299 3633 4371 regibus
3661 4297 3709 4349 et
3736 4304 3836 4383 oin-

441 4398 651 4469 Inipsa
679 4403 872 4454 autem
901 4399 1386 4470 Quadragesima,
1421 4401 1471 4455 si
1505 4417 1620 4472 qua
1652 4401 1913 4454 evenerit
1944 4399 2105 4454 festi-

439 4487 593 4543 vitas
624 4488 934 4543 duodecim
964 4489 1316 4543 lectionibus
1347 4489 1598 4561 agenda,
1634 4492 1937 4543 remaneat
1969 4490 2103 4560 ipsa

439 4576 770 4650 psalmodia
799 4592 932 4647 quae
971 4578 1029 4630 in
1062 4577 1272 4632 diebus
1302 4577 1697 4648 praedictis,et
1719 4578 1960 4647 insuper
1986 4577 2109 4632 ofﬁ-

441 4667 597 4722 cium
614 4681 720 4736 pro
750 4665 1069 4734 defunctis;
1101 4680 1208 4735 pro
1237 4666 1662 4736 quibustamen
1691 4669 2029 4737 etvesperae
2053 4672 2108 4720 et

440 4753 501 4810 in
529 4760 700 4812 nocte
740 4754 1038 4810 matutinae
1078 4754 1365 4810 lectiones
1394 4754 1696 4810 dicuntur.
1730 4755 1834 4809 Illa
1871 4771 2107 4827 quoque

438 4845 789 4916 psalmodia,
824 4844 1003 4913 Deus,
1036 4843 1305 4913 auribus,
1349 4859 1468 4899 non
1492 4845 1794 4913 omittitur,
1830 4860 1940 4898 nec
1974 4849 2109 4915 post

439 4933 688 5006 primam
717 4937 945 5004 septem
975 4933 1409 5006 posnitentiales
1431 4934 1645 5004 psalmi
1673 4933 1850 4988 simul
1873 4949 2007 4988 cum
2032 4934 2112 4987 le-

442 5025 626 5093 lania;
660 5027 717 5079 et
753 5029 947 5080 tamen
978 5028 1218 5095 propter
1245 5022 1772 5094 Qnadragesimam
1805 5024 1921 5094 ipsi
1944 5024 2111 5094 psal-

444 5110 524 5165 mi
560 5112 662 5183 qui
707 5117 1141 5183 remanserunt,
1195 5117 1331 5184 post
1377 5113 1695 5184 capitulum
1737 5114 2106 5183 supplentur,

446 5201 503 5255 et
529 5215 636 5270 pro
666 5200 754 5255 eis
784 5204 1020 5272 acapite
1051 5203 1346 5272 Psalterii,
1381 5200 1584 5257 Gloria
1613 5200 1793 5256 Patri
1825 5204 1958 5270 post
1987 5205 2108 5255 ter-

445 5289 588 5344 tiam
633 5288 1001 5360 interposito,
1054 5291 1293 5363 triginta
1350 5291 1561 5361 psalmi
1613 5292 1941 5344 cantantur.
1969 5291 2112 5344 Post

444 5377 676 5432 tertiam
705 5392 864 5448 vero,
901 5394 1034 5433 cum
1075 5381 1269 5435 statim
1301 5381 1488 5436 missa
1515 5379 1587 5434 de
1623 5380 1754 5450 ipsa
1785 5379 2112 5433 festivitate

447 5466 749 5537 sequatur,
783 5467 854 5520 ad
885 5471 1131 5538 sextam,
1164 5473 1221 5524 et
1249 5471 1322 5525 de
1353 5473 1572 5524 caetero
1603 5468 1675 5522 ad
1707 5468 1968 5537 reliquas
2004 5468 2112 5521 lio-

447 5570 568 5627 ras,
601 5556 870 5627 petemus
901 5557 1148 5623 veniam,
1202 5563 1497 5630 totamque
1528 5558 1916 5630 psalmodiam
1961 5557 2113 5612 sicut

2209 4397 2386 4452 nibus
2405 4395 2630 4450 nostris
2648 4391 3042 4448 familiaribus
3063 4389 3256 4444 adhuc
3279 4388 3637 4443 viventibus.
3658 4383 3730 4437 Ad
3747 4379 3845 4432 sin-

2212 4486 2385 4558 gulas
2405 4490 2597 4539 autem
2616 4482 2965 4550 incisiones,
2989 4480 3258 4534 oratione
3281 4477 3588 4532 Dominica
3606 4470 3842 4545 praemis-

2214 4591 2300 4644 sa,
2335 4573 2604 4644 sequitur
2635 4570 2706 4625 ad
2746 4571 2995 4640 primam
3018 4583 3235 4623 versus
3269 4570 3324 4622 et
3356 4566 3624 4621 collecta.
3654 4563 3699 4615 A
3726 4571 3841 4630 por—

2217 4671 2272 4717 ta
2305 4661 2514 4728 inferi,
2540 4665 2651 4715 etc.
2677 4658 2967 4727 Absolve,
2999 4657 3268 4725 Domine,
3289 4657 3521 4710 animas
3535 4647 3842 4707 famulorum

2219 4759 2444 4806 tuorum
2467 4749 2723 4804 fratrum
2743 4754 3029 4813 nostrum,
3052 4749 3162 4801 etc.
3185 4745 3274 4799 Ad
3299 4743 3620 4798 secundam
3647 4748 3845 4793 versus.

2215 4841 2511 4896 Memento
2525 4845 2714 4893 nostri
2731 4879 2744 4905 ,
2771 4837 3034 4900 Domine,
3072 4835 3132 4889 in
3154 4833 3526 4904 beneplacita
3545 4821 3840 4902 populitui:

2216 4935 2290 4997 et,
2324 4929 2554 4982 Memor
2585 4933 2732 4994 esto,
2768 4929 2882 4994 etc,
2912 4923 3191 4992 Collecta,
3228 4922 3408 4990 Deus,
3436 4921 3532 4975 cui
3556 4915 3843 4997 proprium.

2215 4996 2306 5072 Ad
2328 5017 2557 5071 tertiam
2586 5030 2825 5082 versus,
2863 5014 3128 5080 Domine,
3161 5010 3361 5066 salvos
3388 5009 3485 5065 {ac
3515 5019 3720 5079 reges;
3748 4996 3844 5054 sal-

2223 5123 2324 5163 vos
2352 5106 2448 5161 [ac
2471 5119 2685 5160 servos
2708 5109 2766 5158 et
2798 5101 3066 5157 ancillas.
3100 5099 3378 5168 Collecta,
3415 5093 3744 5158 Praetende,
3764 5088 3846 5141 DO-

2220 5197 2400 5265 mine,
2434 5199 2544 5248 etc.
2581 5196 2653 5246 At
2681 5192 2730 5248 si
2765 5191 3137 5262 protenditur
3157 5203 3350 5259 usque
3374 5187 3445 5242 ad
3464 5185 3640 5242 finem
3657 5179 3842 5252 psalte-

2220 5287 2314 5353 rii,
2353 5284 2480 5339 sola
2512 5282 2871 5338 incisionum
2911 5282 3041 5336 loca
3099 5283 3415 5344 mutantur,
3447 5291 3566 5330 non
3597 5270 3841 5353 collectae,

2221 5378 2277 5429 et
2304 5350 2446 5429 tunc
2499 5375 2688 5446 prima
2717 5371 2986 5441 pervenit
3015 5369 3090 5423 ad
3139 5368 3290 5438 psal.
3327 5365 3445 5434 1°29,
3499 5360 3748 5419 secunda
3790 5350 3841 5406 ad

2224 5467 2342 5521 139.
2382 5466 2468 5519 Ad
2500 5467 2755 5535 quatuor
2779 5462 3044 5532 psalmos
3076 5459 3176 5531 qui
3207 5455 3529 5529 quamlibet
3557 5453 3746 5506 horam
3774 5457 3843 5496 se-

2221 5560 2498 5629 quuntur,
2560 5555 2838 5609 dicuntur
2869 5566 3109 5620 semper
3140 5549 3200 5602 hi
3249 5543 3530 5602 versiculi
3565 5558 3574 5595 :
3611 5535 3839 5594 Domine.

515 5749 594 5823 (1)
623 5747 750 5806 Pro
784 5749 1052 5821 triginta.
1089 5747 1300 5806 Dicere
1327 5749 1513 5805 voluit
1539 5764 1652 5820 pro
1683 5749 1989 5806 tricesimo
2018 5763 2050 5802 a
2071 5749 2278 5804 morte.
