4028 6176
209 297 322 360 649

819 298 1524 362 CONSUETUDINES
1569 299 2236 363 CLUNIACENSES.
2269 335 2337 345 --
2389 300 2645 362 LIBER
2687 301 3009 366 PRIMUS

3525 304 3646 367 650

211 497 401 552 salvos
427 497 524 551 fac
550 514 761 568 reges;
778 498 981 553 salvos
1000 498 1096 553 fac
1125 515 1344 554 servos
1365 505 1422 553 et
1444 499 1693 554 ancillas
1711 505 1860 569 tuas,
1897 490 1938 552 Α
1984 501 2078 567 tte,
2130 499 2309 568 Deus,
2362 515 2393 553 a
2449 514 2555 571 quo
2610 505 2813 554 sancta
2873 500 3198 556 desideria.
3265 503 3647 575 Omnipotens

211 585 335 640 Fiat
357 602 480 656 pax
520 588 582 639 in
631 588 850 640 virtute
886 594 1000 641 tua.
1053 588 1104 641 A
1149 593 1323 658 porta
1369 588 1596 652 inferi;
1649 591 1703 642 et
1747 604 1861 641 una

208 676 271 728 de
295 675 424 728 istis
449 675 715 729 collectis
738 691 748 728 :
774 675 1155 747 Omnipotens
1176 678 1543 746 sempiterna
1563 676 1739 745 Deus,
1757 677 1861 730 mi-

209 779 406 818 serere
429 763 667 816 famulis
685 769 744 816 et
763 763 1096 818 famulabus
1117 766 1235 818 tuis
1260 782 1270 818 :
1299 770 1373 835 et,
1397 765 1626 837 Dirige,
1651 782 1866 836 quaesu-

209 869 341 919 mus,
372 852 639 916 Domine,
677 851 930 906 famulos
983 857 1110 906 tuos
1161 858 1218 905 et
1251 852 1539 916 famulas,-
1584 853 1857 924 Largire,

211 955 542 1012 quaesumus,
562 941 824 1009 Domine,
846 939 1082 994 famulis
1105 946 1163 994 et
1182 940 1514 995 famulabus
1533 942 1680 1003 tuis;
1705 941 1863 995 Prae-

213 1028 394 1096 tende,
413 1028 682 1082 Domine.
698 1029 957 1092 Quarum
973 1029 1230 1101 singulis
1249 1030 1441 1084 adhuc
1456 1029 1858 1100 subjungitur:

211 1117 282 1170 Et
300 1132 498 1188 pacem
522 1123 676 1171 tuam
702 1119 930 1172 nostris
946 1118 1200 1173 concede
1215 1118 1610 1189 temporibus;
1625 1120 1700 1186 et,
1718 1118 1861 1171 Ani-

209 1222 309 1260 mae
336 1205 685 1260 famulorum
721 1212 946 1261 tuorum
976 1209 1356 1278 requiescant
1404 1208 1466 1260 in
1493 1221 1659 1277 pace.
1695 1205 1861 1270 Quod

212 1301 389 1348 tamen
419 1295 491 1348 ad
524 1294 710 1350 solam
759 1294 1028 1364 primam,
1062 1295 1199 1364 quia
1247 1298 1382 1348 tunc
1433 1294 1861 1366 quinquagesi-

211 1398 332 1437 mus
363 1383 630 1452 psalmus
659 1398 767 1453 pro
798 1384 1024 1438 nostris
1055 1387 1322 1437 cantatur
1368 1383 1681 1438 abbatibus
1707 1401 1720 1448 ;
1753 1398 1861 1454 pro

209 1472 348 1540 ipsis
379 1486 613 1541 quoque
645 1471 798 1524 solet
826 1472 906 1524 ita
928 1471 1168 1525 mutari:
1193 1472 1405 1525 Annue
1439 1471 1610 1526 nobis
1641 1487 1864 1544 quaesu-

212 1576 346 1628 mus,
379 1560 644 1627 Domine,
678 1563 789 1613 etc.
843 1559 927 1614 De
958 1561 1208 1629 quatuor
1257 1564 1451 1614 autem
1481 1560 1727 1630 psalmis
1761 1560 1862 1629 qui

211 1647 519 1718 quamlibet
555 1648 758 1702 horam
805 1652 1152 1718 sequuntur,
1197 1649 1428 1719 quoties
1466 1648 1582 1702 duo
1627 1649 1861 1718 priores

214 1736 652 1805 subtrahuntur,
684 1739 746 1790 ut
775 1735 836 1790 in
868 1737 1025 1790 omni
1060 1736 1386 1807 Dominica,
1419 1737 1478 1790 in
1509 1737 1662 1790 festo
1686 1735 1860 1791 ηιθ-

1986 589 2354 659 sempiterne
2403 588 2579 656 Deus,
2635 589 2986 654 Praetende,
3042 591 3304 645 Domine.
3353 592 3641 662 Absolve,

1988 677 2252 744 Domine,
2278 679 2523 731 animus.
2562 677 2943 747 Omnipotens
2973 678 3150 746 Deus,
3201 683 3296 751 qui
3359 682 3642 737 vivorum.

1989 765 2072 816 Ad
2094 766 2356 834 psalmos
2373 782 2474 834 pro
2490 766 2800 820 tricenario
2820 766 3310 822 diciturcollecta.
3329 770 3614 824 Absolve.

2057 852 2197 908 Post
2247 854 2560 908 matutinas
2611 855 2920 926 regulares
2977 855 3210 928 agimus
3260 860 3648 928 quorumdam

1987 945 2602 997 commemorationem
2634 946 2976 998 sanctorum
3001 960 3134 998 cum
3156 946 3493 1014 antiphonis
3510 963 3648 1001 ver-

1985 1030 2155 1084 sibus
2187 1033 2243 1084 et
2273 1031 2558 1100 collectis,
2593 1032 2730 1102 quia
2760 1033 2935 1087 nobis
2970 1037 3061 1087 est
3098 1033 3384 1088 familiare
3434 1038 3496 1090 ut
3541 1051 3648 1106 ap-

1984 1117 2272 1187 pellemus
2305 1117 2590 1190 suifragia
2617 1121 2986 1191 angelorum,
3023 1125 3386 1190 sanctorum,
3423 1127 3478 1178 et
3523 1126 3648 1194 pri-

1983 1223 2076 1260 mo
2109 1207 2346 1277 quidem
2378 1213 2600 1262 sanctae
2633 1211 2855 1279 crucis,
2889 1215 3232 1266 sanctorum
3274 1213 3647 1283 angelorum,

1986 1295 2171 1348 sancti
2204 1295 2450 1350 Joannis
2485 1297 2786 1366 Baptistaa,
2822 1304 3164 1354 sanctorum
3188 1300 3346 1354 Petri
3375 1303 3430 1354 et
3463 1301 3645 1366 Pauli,

1985 1381 2230 1437 aliorum
2263 1384 2690 1454 apostolorum,
2725 1390 3069 1442 sanctorum
3101 1392 3440 1459 martyrum,
3460 1390 3649 1443 sancti

1987 1470 2239 1541 Martini,
2272 1473 2461 1526 sancti
2494 1473 2817 1544 Benedicti,
2842 1479 3184 1530 sanctorum
3205 1477 3381 1530 simul
3406 1477 3648 1531 Patrum

1984 1559 2264 1625 Oddonis,
2301 1560 2509 1632 Majori
2539 1565 2712 1633 atque
2744 1563 3032 1634 Odilonis,
3067 1567 3124 1619 et
3145 1566 3472 1619 novissime
3500 1581 3647 1620 con-

1985 1647 2307 1703 fessorum.
2343 1650 2504 1704 Duos
2535 1652 2820 1722 psalmos,
2841 1654 2995 1723 quia
3013 1655 3327 1722 prostratis
3350 1654 3643 1725 dicuntur,

1984 1741 2320 1807 sequuntur
2339 1739 2438 1792 isti
2457 1740 2760 1810 versiculi,
2778 1741 2948 1796 Domi
2955 1757 3128 1810 ne,ne
3145 1743 3512 1798 memineris.
3526 1744 3649 1798 Ad—
3739 1760 3741 1762 ·

213 1825 480 1892 ctionum,
515 1825 574 1877 in
605 1825 883 1879 omnibus
915 1825 1163 1891 octavis,
1212 1829 1269 1888 et
1312 1841 1344 1878 a
1392 1824 1584 1878 Natali
1628 1823 1862 1877 Domini
1893 1862 1939 1921 Β
1978 1825 2116 1894 iuva
2167 1842 2292 1894 nos,
2325 1827 2506 1882 Deus.
2542 1828 2791 1883 Domine
2839 1847 2950 1883 non
3001 1833 3339 1886 secundum.
3390 1833 3652 1887 Ostende

213 1929 388 1984 usque
437 1913 512 1967 ad
562 1912 969 1983 Epiphaniam,
1019 1916 1078 1968 et
1127 1913 1187 1967 in
1244 1916 1508 1983 tempore
1565 1912 1858 1982 Paschali,

211 2001 569 2056 subtrahitur
584 2017 818 2073 quoque
837 2002 908 2056 de
921 2003 1254 2072 praemissis
1276 2001 1592 2057 versiculis
1610 2016 1786 2069 unus,
1803 2001 1862 2054 id

211 2093 312 2155 est,
343 2089 609 2154 Domine,
637 2089 839 2144 salvos
866 2090 962 2144 fac
991 2106 1192 2162 reges.
1214 2091 1296 2144 De
1318 2091 1378 2145 S.
1403 2089 1585 2143 Maria
1615 2105 1776 2157 vers,
1804 2091 1861 2142 et

205 2178 462 2246 collecta,
495 2177 643 2232 Post
669 2185 926 2249 partum.
965 2178 1232 2233 Gratiam
1257 2185 1430 2233 tuam.
1459 2179 1636 2242 Deus,
1659 2178 1756 2249 qui
1786 2178 1860 2232 de

206 2267 266 2320 Β.
301 2267 534 2334 Maria},
569 2270 680 2321 etc.
705 2268 764 2321 Si
798 2283 913 2338 qua
943 2269 1136 2339 magis
1168 2269 1381 2338 placet,
1415 2283 1547 2338 quae
1576 2271 1768 2321 tamen
1800 2267 1858 2321 in

205 2371 311 2409 usu
344 2357 442 2423 sit,
478 2371 651 2410 nemo
682 2356 1081 2427 reprehendit.
1109 2357 1173 2410 In
1203 2356 1473 2411 Adventu
1506 2356 1739 2410 Domini
1769 2359 1860 2412 est

199 2444 344 2497 alius
377 2459 615 2511 versus,
651 2445 709 2498 id
742 2446 854 2513 est,
892 2444 1218 2500 Benedicta
1251 2451 1312 2498 tu
1340 2445 1422 2514 in,
1448 2448 1558 2499 etc.
1582 2444 1690 2498 Ad.
1716 2448 1854 2497 mat.

199 2532 398 2586 laudes
450 2533 521 2586 de
573 2534 849 2588 omnibus
905 2534 1150 2602 sanctis,
1206 2548 1314 2587 nec
1373 2533 1693 2601 capitulum
1749 2549 1857 2587 nec

202 2619 437 2676 collecta
469 2637 728 2691 unquam
782 2624 1055 2688 mutatur,
1101 2621 1257 2676 sicut
1302 2622 1477 2676 etiam
1522 2621 1594 2676 ad
1640 2636 1858 2690 vespe-

202 2725 330 2773 ras;
366 2711 683 2779 capitulum
715 2715 828 2778 est,
863 2709 1100 2765 Scimus
1149 2710 1414 2781 quoniam
1469 2708 1861 2780 diligentibus

202 2797 398 2865 Deum,
431 2800 542 2852 etc.
575 2798 852 2869 Collecta,
888 2799 1005 2853 Fac
1038 2815 1161 2865 nos,
1197 2814 1552 2870 quaesumus,
1588 2798 1855 2867 Domine,

202 2885 385 2941 beatae
414 2887 650 2954 Mariae,
686 2890 796 2941 etc.
832 2887 920 2940 Ad
970 2891 1169 2942 matut.
1222 2888 1428 2942 laudes
1467 2888 1538 2941 de
1582 2886 1858 2942 omnibus

203 2975 441 3045 sanctis,
477 2979 610 3044 post
643 2976 1009 3030 Dominicam
1031 2977 1357 3031 orationem
1380 2975 1688 3030 versiculi:
1711 2975 1859 3030 Post

197 3069 444 3133 partum.
487 3064 557 3117 In
591 3070 907 3135 conspectu
936 3080 1070 3136 ang.
1102 3065 1304 3119 Nimis
1341 3063 1598 3120 bonoril.
1631 3063 1857 3117 Exsul-

200 3151 399 3206 tabunt
429 3153 645 3206 sancti.
671 3152 1034 3208 Sacerdotes
1058 3155 1143 3207 tui
1170 3154 1436 3208 induant.
1463 3153 1856 3208 Adducentur

199 3239 341 3311 Regi
379 3241 533 3311 Virg.
557 3240 862 3312 Exsurge,
897 3242 1164 3310 Domine,
1191 3241 1422 3314 adiuva.

264 3328 350 3382 Ad
385 3328 799 3384 defunctorum
847 3332 1046 3385 matut.
1086 3331 1364 3385 dicuntur
1407 3331 1500 3385 hae
1551 3329 1852 3385 collectae:

194 3416 352 3470 Deus
385 3417 482 3470 cui
509 3419 832 3488 proprium.
867 3418 1123 3488 Praesta,
1157 3419 1403 3474 Domine
1423 3435 1768 3492 quaesumus,
1796 3424 1854 3472 ut

197 3507 409 3559 anima.
439 3505 824 3577 Omnipotens
839 3509 1204 3578 sempiterne
1220 3509 1398 3578 Deus,
1424 3511 1518 3563 cui
1546 3524 1852 3579 nunquam.

195 3594 371 3664 Deus,
397 3598 582 3649 veniae
600 3594 876 3666 largitor.
896 3595 1071 3661 Deus,
1092 3597 1256 3668 cuius
1266 3597 1675 3666 miseratione,
1696 3596 1857 3660 QlltB‘

193 3698 412 3750 sumus,
451 3683 714 3752 Domine,
743 3691 1032 3756 perpetua
1057 3687 1304 3756 pietate.
1338 3685 1850 3754 Fidelium,Deus,

188 3774 459 3826 omnium.
496 3772 686 3826 Prima
718 3776 812 3827 est
857 3788 964 3841 pro
993 3773 1278 3828 fratribus
1309 3773 1845 3843 nuperidefunctis,

193 3876 299 3929 pro
329 3860 551 3931 quibus
584 3863 809 3931 septem
841 3861 1034 3917 ofﬁcia
1064 3863 1122 3916 in
1173 3865 1466 3917 conventu
1497 3862 1856 3934 generaliter

193 3954 330 4002 sunt
359 3948 625 4020 agenda';
651 3949 913 4004 secunda
944 3967 1050 4019 pro
1069 3949 1478 4006 anniversario
1499 3951 1559 4004 in
1577 3950 1851 4020 capitulo,

194 4039 599 4092 recitatorum:
627 4039 794 4092 tertia
815 4054 922 4108 pro
953 4038 1181 4092 cunctis
1208 4037 1596 4094 familiaribus
1628 4039 1854 4094 nostris

191 4123 489 4180 defunctis
517 4142 530 4195 ;
563 4128 768 4197 quarta
799 4143 905 4194 pro
953 4126 1249 4182 defunctis
1295 4128 1616 4193 fratribus;
1652 4129 1853 4198 quinta

192 4229 298 4283 pro
332 4215 608 4269 omnibus
637 4214 697 4268 in
727 4213 858 4269 loco
891 4217 1108 4269 nostro.
1127 4215 1380 4284 sepultis
1401 4231 1413 4285 ;
1435 4219 1600 4270 sexta
1619 4231 1722 4283 pro
1745 4231 1852 4269 no-

194 4304 335 4357 stris
369 4303 682 4358 sororibus
701 4307 756 4356 et
777 4303 908 4357 aliis
929 4302 1163 4357 feminis
1187 4302 1578 4361 familiaribus
1601 4304 1851 4374 nostris;

195 4392 439 4460 septima
457 4408 564 4462 pro
588 4392 863 4446 omnibus
893 4391 1170 4446 fidelibus
1202 4390 1518 4446 defunctis.
1536 4391 1600 4446 In
1623 4395 1848 4461 aestate,

196 4486 250 4533 et
279 4496 345 4534 eo
379 4484 640 4549 tempore
673 4496 789 4550 quo
829 4480 1092 4534 ofﬁcium
1142 4495 1261 4534 non
1309 4481 1506 4552 agitur
1549 4481 1609 4534 in
1658 4486 1850 4550 nocte,

1887 3222 1935 3275 C

1984 1913 2174 1968 nobis.
2205 1915 2280 1968 Et
2310 1917 2506 1969 veniat
2529 1933 2729 1988 super.
2756 1918 2965 1972 Postea
2999 1919 3243 1973 collecta
3271 1921 3649 1991 brevis,quee

1984 2005 2076 2056 est
2109 2002 2230 2057 Vox
2256 2011 2460 2059 nostra
2493 2012 2572 2073 te,
2607 2006 2877 2078 Domine,
2911 2011 3021 2061 etc.
3071 2007 3648 2083 Cujusmodiquqsi-

1983 2090 2152 2145 miles
2185 2092 2244 2146 in
2273 2093 2634 2149 collectaneo
2665 2095 2866 2163 plures
2901 2096 3224 2165 habentur;
3248 2101 3304 2151 et
3337 2113 3572 2167 semper
3590 2098 3650 2151 in

1983 2179 2098 2233 fine
2123 2180 2357 2234 additur
2385 2181 2464 2234 Et
2497 2183 2571 2236 ad
2598 2183 2887 2238 beneficia
2920 2185 3258 2252 recolenda,
3286 2188 3396 2240 etc.
3415 2186 3502 2239 Ad
3526 2187 3648 2240 sin-

1983 2268 2157 2338 gulas
2189 2269 2390 2340 horas,
2426 2274 2646 2339 praster
2668 2273 2741 2325 ad
2775 2273 3089 2326 matutinas
3120 2273 3326 2328 laudes
3358 2277 3414 2328 et
3447 2273 3518 2329 ad
3549 2290 3648 2329 ve-

1985 2372 2213 2427 speras,
2249 2360 2404 2412 sicut
2433 2359 2577 2413 nihil
2607 2364 2700 2414 est
2732 2361 2987 2414 medium
3020 2362 3170 2415 inter
3211 2362 3347 2415 illos
3395 2365 3648 2432 quatuor

1983 2446 2264 2514 psalmos,
2295 2463 2447 2517 quos
2481 2465 2659 2518 supra
2689 2449 3015 2504 memoravi
3042 2450 3325 2504 horarum
3359 2451 3647 2520 appendi-

1985 2535 2132 2602 cios,
2166 2538 2222 2588 et
2248 2536 2400 2590 inter
2429 2536 2578 2591 istos
2611 2538 2761 2592 duos
2796 2540 3060 2607 psalmos
3080 2554 3094 2608 ;
3114 2539 3201 2592 sic
3223 2539 3398 2592 etiam
3427 2543 3484 2593 et
3513 2555 3648 2593 ver-

1985 2637 2092 2675 sus
2124 2626 2180 2676 et
2197 2623 2459 2679 collectae
2483 2627 2788 2680 amborum
2814 2626 2988 2680 simul
3016 2627 3481 2698 conjunguntur,
3498 2631 3554 2682 et
3574 2629 3647 2682 ad

1982 2726 2268 2779 vesperas
2301 2711 2358 2765 hi
2383 2713 2454 2766 de
2473 2713 2719 2768 canticis
2744 2719 2883 2769 sunt
2903 2715 3154 2784 priores,
3174 2716 3329 2769 sicut
3349 2717 3406 2770 et
3433 2717 3492 2769 in
3514 2717 3644 2786 ipso

1983 2799 2132 2854 libro
2165 2801 2548 2870 psalmorum.

2055 2888 2294 2942 Letania
2326 2889 2402 2942 ita
2433 2890 2741 2945 inchoatur
2768 2908 2779 2946 :
2815 2892 3024 2964 Kyrie,
3080 2893 3323 2964 eleison,
3378 2894 3640 2959 Christe,

1985 2976 2229 3046 eleison,
2269 2978 2530 3045 Christe,
2553 2980 2692 3033 audi
2723 2997 2846 3047 nos,
2883 2987 2994 3035 etc.
3031 2983 3113 3036 lta
3145 2984 3428 3052 deinceps
3459 2984 3644 3037 nomi-

1983 3068 2196 3120 nantur
2227 3067 2298 3120 de
2332 3067 2558 3120 sanctis
2587 3068 2722 3136 plus
2755 3070 2951 3123 minus
2985 3073 3358 3141 septuaginta
3390 3071 3647 3125 tres.Se-

1981 3159 2231 3224 quentes
2264 3169 2480 3208 versus
2513 3155 2584 3208 ad
2615 3156 2803 3224 ipsam
2821 3157 3079 3212 divinam
3111 3161 3644 3228 pronuntiationem

1983 3243 2314 3298 destinandi
2348 3248 2485 3297 sunt
2519 3245 2908 3316 quadraginta
2938 3250 3083 3300 tres.
3120 3245 3230 3310 Qui
3271 3251 3462 3303 autem
3509 3251 3646 3317 post

1985 3331 2346 3386 Dominicam
2381 3333 2726 3402 orationem,
2760 3339 2814 3386 et
2845 3339 2981 3403 post
3011 3335 3161 3389 alios
3185 3337 3451 3404 psalmos
3475 3340 3643 3390 ante-

1984 3419 2196 3473 cedunt
2228 3419 2526 3488 collectas,
2562 3426 2698 3474 sunt
2733 3421 3075 3492 hujusmodi
3097 3441 3106 3477 :
3132 3425 3214 3478 Et
3242 3426 3458 3480 veniat.
3480 3425 3550 3479 Et
3572 3426 3644 3480 de

1982 3511 2196 3562 caetero
2228 3509 2403 3561 iidem
2446 3509 2544 3578 qui
2594 3509 2867 3563 dicuntur
2915 3512 2985 3564 ad
3028 3514 3432 3582 psalmodiam,
3486 3515 3646 3568 Deus

1982 3597 2246 3665 auribus,
2273 3597 2388 3650 nisi
2412 3597 2504 3650 hic
2523 3597 2712 3667 solus,
2743 3597 2994 3653 Oremus
3009 3617 3121 3671 pro
3137 3601 3416 3656 fidelibus
3437 3602 3643 3656 defun-

1983 3685 2116 3738 ctis.
2178 3684 2471 3754 Collectae,
2519 3686 2700 3756 Deus,
2747 3688 2841 3741 cui
2881 3690 3210 3758 preprium.
3261 3689 3645 3761 Omnipotens

1981 3774 2364 3844 sempiterne.
2399 3775 2558 3828 Deus
2590 3779 2688 3847 qui
2704 3775 2877 3831 facis.
2902 3777 3533 3849 Prae/cnde,Domine,
3556 3780 3643 3832 fa-

1981 3862 2117 3915 mul.
2151 3863 2313 3916 Deus
2343 3880 2374 3917 a
2409 3879 2515 3934 quo
2545 3873 2748 3918 sancta
2773 3866 3103 3921 desideria.
3129 3869 3174 3920 A
3197 3869 3428 3922 Pascha
3452 3884 3644 3938 usque

1983 3951 2055 4016 ad
2087 3949 2463 4004 festivitatem
2494 3954 2682 4006 sancti
2733 3953 3038 4007 Michaelis
3086 3959 3286 4008 contra
3330 3960 3642 4024 tempesta-

1981 4043 2098 4092 tem
2130 4039 2278 4108 psal.
2312 4039 2714 4093 Benedixisti.
2756 4042 2803 4093 A
2839 4041 3007 4096 domo
3053 4049 3167 4096 tua.
3211 4042 3499 4113 Absolve,
3532 4045 3643 4099 Do-

1978 4129 2156 4182 mine.
2191 4127 2369 4195 Deus,
2405 4143 2498 4197 qni
2532 4143 2599 4181 es
2628 4136 2964 4183 sanctorum
3004 4131 3288 4200 Splendor
3315 4133 3640 4186 mirabilis.

1988 4214 2321 4286 Aliquando
2353 4218 2408 4268 et
2437 4215 2587 4284 aliae,
2623 4217 2673 4268 si
2703 4218 2953 4286 videtur,
2988 4221 3043 4270 et
3076 4217 3128 4270 si
3155 4233 3304 4286 opus
3334 4218 3509 4272 fuerit
3537 4235 3645 4289 pro

1981 4305 2080 4359 tali
2113 4319 2313 4373 causa,
2350 4304 2661 4357 adduntur.
2688 4305 2775 4357 Ad
2801 4306 3061 4374 psalmos
3086 4305 3492 4361 anniversales
3508 4310 3647 4377 post

1981 4394 2154 4462 capit.
2190 4391 2447 4447 Collecta
2477 4395 2569 4445 est
2599 4409 2704 4461 pro
2738 4393 3033 4447 defunctis
3059 4395 3361 4464 fratribus,
3383 4395 3642 4466 Praesta,

1981 4482 2250 4549 Domine,
2272 4497 2599 4552 qmesuznus
2625 4487 2682 4534 ut
2703 4482 2931 4552 animae,
2955 4487 3063 4537 etc.
3090 4484 3204 4537 Pro
3230 4482 3642 4551 familiaribus,

198 4570 422 4637 quoties
455 4569 767 4623 duodecim
799 4569 943 4622 fiunt
971 4569 1259 4623 lectiones
1291 4569 1362 4622 de
1393 4569 1508 4638 his,
1541 4569 1854 4624 defuncto-
1878 4586 1924 4643 [)
1977 4569 2264 4638 Absolve,
2290 4569 2558 4623 Domine.
2578 4570 2729 4623 Hiuc
2752 4587 2986 4642 quoque
3010 4575 3058 4625 si
3084 4573 3396 4643 aliquando
3417 4573 3478 4626 in
3495 4572 3644 4637 Qua-

200 4672 320 4710 rum
354 4661 563 4727 matut,
596 4657 802 4711 laudes
849 4673 981 4728 quae
1029 4657 1296 4728 proxime
1345 4662 1692 4728 sequuntur,
1747 4674 1853 4711 au-

201 4743 378 4799 fertur
404 4747 597 4816 prima
626 4748 682 4800 et
711 4747 973 4802 secunda
1004 4746 1268 4815 collecta,
1295 4747 1432 4817 quia
1456 4751 1512 4801 et
1539 4747 1685 4817 ipsa
1715 4750 1851 4801 mat.

200 4830 398 4888 laudes
430 4833 630 4888 ofﬁcio
661 4849 780 4889 non
812 4835 1118 4905 praeventi,
1151 4851 1261 4890 nec
1310 4851 1418 4904 pro
1449 4837 1854 4889 anniversario

202 4920 511 4992 cujusque,
545 4937 655 4976 nec
687 4939 792 4992 pro
823 4938 1011 4993 nuper
1041 4923 1338 4977 defunctis
1359 4924 1732 4993 deputantur,
1749 4924 1857 4977 sed

200 5011 443 5065 maxime
475 5027 581 5080 pro
616 5011 1000 5065 familiaribus
1036 5013 1277 5081 nostris,
1298 5028 1404 5080 pro
1424 5012 1642 5081 quibus
1665 5013 1853 5080 etpri-

200 5111 287 5149 ma
321 5099 569 5154 dicenda
591 5104 684 5154 est
703 5100 968 5155 collecta.
985 5099 1451 5154 Anniversarius
1467 5103 1664 5154 autem
1687 5101 1744 5154 in
1763 5116 1857 5155 se-

202 5191 468 5254 quentem
498 5189 651 5243 diem
683 5205 873 5259 usque
895 5189 1035 5242 dum
1068 5190 1216 5244 bene
1249 5188 1426 5241 fuerit
1455 5194 1854 5259 opportunum

201 5275 444 5345 dilatus,
506 5281 646 5331 tunc
703 5279 811 5332 rite
869 5278 1222 5331 celebratur.
1284 5276 1373 5330 Ad
1430 5278 1850 5348 psalmodiam,

195 5363 364 5433 Deus,
387 5365 638 5420 auribus
657 5367 916 5431 nostris;
935 5381 1173 5434 versus,
1199 5364 1462 5421 Ostende
1493 5365 1666 5420 nobis
1681 5367 1858 5421 mise-

196 5450 694 5508 ricordiam.Esto
704 5452 876 5508 nobis
892 5455 1083 5508 turris
1095 5453 1492 5509 fortitudinis.
1509 5456 1742 5510 Memor
1755 5471 1854 5509 es-

195 5544 250 5593 to
273 5542 776 5613 congregationis.
807 5541 1052 5597 Domine
1073 5542 1277 5598 salvos
1296 5542 1393 5598 fac
1413 5559 1616 5616 reges.
1642 5545 1859 5600 Salvos

187 5627 278 5684 fac
290 5645 396 5686 ser
406 5629 869 5701 vos.Fiatpaxin
889 5632 1134 5688 virtute.
1151 5632 1204 5686 A
1212 5637 1387 5706 porta
1402 5632 1611 5689 inferi.
1629 5633 1854 5690 Collec-

353 5817 625 5883 Punox.
653 5815 915 5887 CXLIX

1981 4660 2322 4731 dragesima
2368 4663 2610 4729 propter
2665 4660 2918 4730 aliquam
2967 4661 3348 4715 festivitatem
3401 4661 3642 4732 triginta

1978 4748 2191 4817 psalmi
2213 4748 2505 4816 dicuntur,
2529 4747 2638 4801 hos
2663 4754 2995 4818 sequuntur
3013 4751 3114 4802 isti
3133 4749 3421 4803 versiculi
3444 4755 3499 4802 et
3523 4749 3644 4803 col-

1978 4837 2162 4890 lectae:
2189 4836 2448 4890 Ostende
2463 4836 2928 4905 nobis,Domine.
2941 4837 3071 4890 Fiat
3085 4838 3505 4892 misericordia
3525 4843 3640 4892 tua.

1979 4924 2087 4978 Sal
2096 4941 2192 4978 vos
2214 4924 2306 4978 fac
2325 4941 2554 4979 servos.
2571 4926 2750 4978 Mitte
2770 4927 2876 4988 eis,
2904 4926 3167 4995 Domine,
3184 4926 3512 4981 auxillium.
3528 4927 3644 4980 Pro

1978 5013 2252 5066 fidelibus
2267 5013 2578 5078 defunctis,
2593 5014 3487 5084 Requicmaeternam.Deus,cui
3501 5031 3644 5086 pro-

1974 5103 2190 5172 prium.
2213 5103 2554 5171 Praetende,
2581 5103 2844 5157 Domine.
2860 5102 3148 5170 Absolve,
3168 5104 3432 5158 Domine.
3455 5103 3649 5159 Omni-

1975 5198 2187 5260 potens
2219 5193 2582 5261 sempiterne
2613 5191 2789 5258 Deus,
2818 5191 2916 5260 qui
2942 5192 2998 5243 vi
3011 5208 3227 5246 verum.
3261 5192 3352 5246 Ad
3381 5208 3550 5264 vesp.
3575 5193 3646 5247 de

1979 5280 2254 5334 omnibus
2286 5281 2529 5347 sanctis,
2571 5295 2697 5348 cap.
2751 5279 2965 5332 Sancti
3006 5295 3118 5349 per
3159 5280 3352 5336 Iidem.
3385 5280 3647 5336 Collecta

1984 5367 2364 5438 Omnipotens
2393 5369 2576 5437 Deus,
2603 5383 2709 5421 nos
2737 5367 2941 5421 famul.
2977 5369 3064 5422 Ad
3096 5385 3262 5439 vesp.
3296 5385 3406 5439 pro
3436 5369 3650 5424 defun-

1980 5456 2092 5510 ctis
2128 5456 2393 5510 dicendae
2433 5459 2570 5510 sunt
2619 5455 2882 5511 collectae
2932 5457 3155 5511 eaedem
3200 5474 3334 5530 quae
3385 5458 3458 5512 ad
3506 5461 3643 5512 mat.

1979 5546 2134 5599 sicut
2165 5545 2338 5599 etiam
2369 5544 2438 5598 ad
2473 5544 2765 5614 ofﬁcium;
2797 5546 2876 5600 ita
2904 5553 3100 5601 tamen
3130 5551 3192 5602 ut
3223 5549 3276 5602 si
3307 5547 3459 5603 forte
3510 5547 3648 5602 ofﬁ-

1955 5635 2139 5690 -cium
2169 5637 2512 5690 secuturum
2564 5634 2768 5705 plures
2818 5635 3090 5693 habuerit
3141 5637 3424 5693 collectas
3471 5649 3647 5707 quam

3195 5822 3270 5894 21
