3956 6176
440 294 554 354 651

1385 291 1793 353 UDALRICI
1842 290 2457 355 CLUNIACENSIS
2497 294 2918 357 MONACHI.

3707 305 3795 365 652

443 492 645 556 matut,
680 505 812 559 quae
845 490 1288 558 praecesserunt
1307 492 1546 557 prOpter
1577 503 1792 541 causas
1823 488 2101 558 superius
2130 472 2190 533 Α
2223 492 2370 546 citer
2401 496 2458 546 et
2487 495 2694 548 eodem
2724 497 2896 551 modo
2916 512 3031 567 quo
3051 496 3111 551 in
3131 497 3264 551 aliis
3287 497 3555 554 Ecclesiis
3571 505 3798 557 cantatur.

440 579 680 646 relatas,
717 578 1045 631 habeantur
1075 592 1310 646 quoque
1359 575 1430 628 ad
1477 591 1643 646 veSp.
1679 576 1748 628 Et
1791 577 1862 630 de
1906 577 2102 631 officio

441 665 553 719 hoc
586 671 676 718 est
711 665 1018 720 sciendum
1050 665 1206 735 quod
1252 665 1304 717 si
1350 665 1552 718 brevis
1601 681 1706 734 pro
1758 665 1951 736 aliquo
1999 665 2104 719 de-

440 754 642 806 functo
691 753 770 806 ita
817 753 1074 822 venerit,
1127 755 1190 805 ut
1242 767 1348 821 pro
1398 767 1468 806 eo
1513 751 1611 806 ﬁat
1657 755 1790 806 ante
1849 767 2101 820 nonam,

435 844 563 895 tres
613 846 835 894 tantum
888 840 1150 894 collecta
1205 844 1344 894 sunt
1384 839 1671 894 dicenda.
1719 841 1918 894 Prima
1971 855 2105 911 qua

441 930 588 983 alias
647 929 798 983 solet
857 929 971 982 dici
1025 945 1128 997 pro
1177 928 1615 994 familiaribus;
1683 929 1942 983 secunda
2000 944 2105 998 pro

441 1018 728 1071 fratribus
749 1020 969 1071 nostra
990 1017 1500 1088 congregationis;
1521 1018 1689 1070 tertia
1707 1032 1813 1086 pro
1830 1016 2105 1070 omnibus

441 1105 718 1160 fidelibus
751 1106 1066 1158 defunctis.
1103 1104 1170 1158 Et
1203 1108 1442 1174 propter
1461 1105 1572 1158 hoc
1593 1108 1945 1159 consuetum
1979 1104 2107 1158 offi-

439 1195 592 1248 cium
613 1209 727 1247 non
746 1195 1060 1259 omittatur,
1081 1193 1133 1246 si
1153 1197 1382 1262 tempus
1406 1196 1463 1246 et
1481 1193 1610 1247 dies
1629 1197 1721 1247 est
1738 1193 2103 1264 huiusmodi,

435 1286 498 1335 ut
530 1283 638 1335 rite
673 1285 805 1350 post
836 1298 1121 1350 vesperas
1153 1285 1380 1352 agatur.
1415 1281 1633 1335 Verum
1666 1282 1819 1352 quod
1851 1283 2104 1350 primum

439 1375 531 1424 est
559 1386 666 1439 pro
699 1370 960 1440 quolibet
991 1385 1181 1439 nuper
1230 1370 1538 1437 defuncto,
1575 1385 1925 1440 quacunque
1960 1369 2106 1423 hora

439 1459 636 1529 agitur
679 1459 958 1528 praedicta
1012 1460 1276 1525 collecta,
1312 1459 1500 1527 primo
1549 1459 1958 1529 quoqueloco
1990 1474 2104 1512 non

437 1550 716 1616 mutatur,
751 1550 806 1601 et
835 1549 976 1600 tunc
1008 1563 1125 1601 non
1157 1550 1249 1601 est
1276 1562 1384 1616 pro
1416 1547 1810 1600 familiaribus
1833 1546 2101 1600 dicenda.

437 1635 602 1705 Item,
638 1636 690 1688 si
721 1635 854 1689 talis
888 1636 1334 1689 anniversarius
1381 1635 1644 1689 evenerit
1674 1650 1779 1704 pro
1810 1650 1927 1705 quo
1966 1637 2105 1688 sunt

434 1724 726 1794 pulsanda
750 1724 942 1777 omnia
967 1725 1160 1794 signa,
1182 1724 1420 1777 habebit
1441 1725 1692 1791 primum
1715 1723 1911 1777 locum
1941 1739 2009 1778 ea
2030 1723 2101 1776 de

2220 579 2396 634 Solus
2429 583 2727 651 introitus,
2765 585 2920 639 sicut
2951 589 3008 640 et
3054 587 3202 641 alias
3244 588 3421 642 moris
3463 593 3563 656 est,
3594 591 3800 646 secundo

2217 672 2352 739 post
2389 670 2591 726 Gloria
2622 673 2819 742 Patri,
2836 677 2926 728 ter
2948 675 3323 744 repetendus.
3341 677 3419 730 De
3440 678 3685 732 versibus
3703 679 3803 734 offe-

2217 759 2419 814 rendis
2450 761 2595 814 nihil
2629 762 2786 816 aliud
2817 762 3044 818 referre
3078 765 3236 832 novi,
3270 751 3378 818 nisi
3410 769 3702 835 pracentor
3725 785 3801 823 se-

2217 847 2472 901 cundum
2520 850 2678 919 quod
2725 851 2842 904 sibi
2889 851 3124 906 videtur
3169 853 3425 923 imponit,
3466 871 3605 908 nunc
3646 871 3802 924 unum,

2215 950 2370 989 nunc
2403 952 2634 1005 omnes,
2669 939 2919 994 maxime
2948 944 3186 1010 propter
3217 940 3696 997 oﬂ'erentes.Nam
3726 959 3806 1014 per

2212 1026 2336 1076 tres
2362 1024 2491 1078 dies
2512 1027 2859 1096 septimana
2878 1032 3164 1100 quotquot
3183 1034 3320 1085 sunt
3336 1031 3404 1085 de
3424 1031 3644 1086 sinistro
3664 1033 3806 1087 choro

2213 1112 2285 1166 ab
2309 1112 2404 1166 his
2433 1112 2700 1183 offertur,
2735 1131 2849 1184 pax
2880 1116 3050 1171 datur
3099 1123 3156 1172 et
3206 1120 3516 1188 accipitur;
3548 1125 3598 1173 et
3632 1121 3804 1190 quibus

2215 1201 2411 1254 visum
2443 1201 2619 1256 fuerit
2642 1204 2714 1257 ab
2737 1203 2832 1257 his
2855 1221 3075 1275 corpus
3101 1207 3329 1262 Domini
3353 1208 3602 1274 sumitur,
3617 1212 3809 1278 propter

2213 1289 2369 1360 quod
2401 1291 2574 1344 etiam
2598 1297 2718 1347 tres
2745 1294 2955 1348 hostia
2979 1302 3431 1365 consecrantur;
3450 1313 3550 1366 per
3569 1297 3694 1351 alios
3712 1301 3806 1350 tres

2212 1393 2244 1430 a
2275 1377 2481 1433 dextro
2513 1381 2718 1448 eadem
2741 1383 3154 1438 vicissitudine
3178 1388 3234 1438 et
3257 1401 3458 1456 pacem
3486 1386 3754 1455 accipiunt,
3768 1391 3810 1440 et

2213 1474 2664 1538 communicant,
2700 1471 2750 1524 si
2783 1472 2886 1542 qui
2918 1474 3140 1528 volunt.

2841 1597 3092 1652 CAPUT
3133 1598 3256 1652 ΥΠ.

2212 1697 2336 1753 Pro
2354 1699 2566 1770 quibus
2577 1701 2856 1756 dicuntur
2883 1703 3144 1758 collecta
3157 1705 3220 1756 in
3237 1705 3420 1758 missa
3429 1720 3532 1776 pro
3548 1705 3812 1760 defunctis.

436 1813 845 1866 anniversario
868 1812 1133 1864 collecta.
1160 1812 1342 1864 Autsi
1373 1811 1816 1865 anniversarius
1849 1815 1941 1865 est
1961 1811 2096 1864 talis
2130 1819 2182 1880 Β
2284 1805 2371 1858 Ad
2403 1806 2647 1859 missam
2679 1824 2786 1876 pro
2817 1807 3133 1878 defunctis,
3169 1812 3282 1863 tam
3333 1811 3405 1864 de
3451 1813 3625 1881 primo
3666 1812 3811 1865 choro

439 1900 694 1967 feminae,
731 1900 977 1952 dicenda
997 1900 1183 1968 primo
1207 1904 1261 1952 et
1278 1900 1584 1969 pluraliter
1601 1915 1668 1953 ea
1700 1899 1945 1953 collecta
1966 1915 2100 1970 qua

438 1991 531 2041 est
564 2004 669 2056 pro
701 1986 956 2040 feminis.
985 1989 1056 2038 At
1079 1987 1133 2038 si
1162 2002 1340 2038 unum
1373 1986 1632 2040 officium
1664 1989 1758 2040 est
1791 1991 2099 2057 utrumque

438 2077 696 2146 primum
728 2091 833 2143 pro
865 2075 1059 2144 aliquo
1093 2090 1278 2144 nuper
1309 2074 1606 2142 defuncto,
1643 2079 1700 2128 et
1745 2090 1852 2144 pro
1903 2075 2102 2145 aliquo

439 2165 538 2218 tali
570 2163 998 2231 anniversario,
1033 2163 1429 2232 praeponenda
1475 2165 1565 2216 est
1594 2178 1832 2231 semper
1863 2163 1959 2216 illa
1991 2179 2100 2232 pro

439 2269 630 2322 nuper
675 2252 982 2316 defuncto,
1036 2252 1131 2304 cui
1178 2255 1233 2304 et
1280 2251 1533 2320 amplius
1583 2266 1700 2305 non
1751 2251 1997 2322 contigit
2038 2254 2102 2305 ut

435 2342 687 2411 quisque
719 2340 851 2409 ejus
880 2355 985 2408 pro
1019 2338 1364 2409 hujusmodi
1397 2340 1788 2393 meminisset.
1822 2338 1988 2403 Quod
2020 2340 2103 2408 ip-

437 2445 570 2483 sum
603 2444 838 2499 quoque
870 2428 1311 2481 observandum
1344 2430 1436 2481 est
1465 2429 1522 2480 in
1555 2428 2026 2498 appendentibus
2049 2431 2106 2481 et

432 2519 705 2586 vesper-is
740 2519 796 2570 et
829 2520 1030 2569 matut.
1069 2517 1130 2568 In
1165 2516 1586 2569 festivitatibus
1618 2516 2103 2586 Quadragesima

434 2620 705 2674 vespera
747 2620 851 2672 pro
883 2603 1319 2673 defunctis,qui
1349 2606 1486 2658 tunc
1517 2604 1947 2672 dicuntur,tam
1970 2607 2108 2657 sunt

432 2693 733 2765 praecipue
765 2708 874 2761 pro
909 2692 1510 2762 familiaribus,quam
1543 2695 1598 2744 et
1629 2696 1829 2746 matut.
1865 2692 2104 2761 laudes;

434 2783 566 2834 ideo
596 2796 715 2837 non
745 2781 874 2833 alia
908 2780 1190 2842 collecta,
1222 2795 1331 2833 nec
1362 2780 1475 2834 alio
1525 2780 1972 2852 subjunguntur
2003 2796 2104 2834 or-

434 2870 569 2923 dine
602 2885 776 2940 quam
809 2869 879 2922 ad
915 2871 1112 2922 metut.
1149 2869 1238 2921 Ad
1269 2868 1554 2938 psalmos,
1579 2869 1831 2938 quipost
1854 2869 2104 2938 comple-

432 2960 650 3014 torium
685 2972 922 3027 quoque
957 2957 1069 3010 sub
1092 2957 1326 3010 silentio
1351 2957 1800 3024 dicuntur,sunt
1831 2957 1890 3010 hi
1921 2957 2108 3012 versi-

434 3048 549 3103 culi
565 3052 618 3101 et
634 3047 918 3100 collecta:
942 3045 1221 3109 Quoniam
1244 3051 1303 3097 tu
1317 3044 2032 3110 i11uminas,etc.Quoniam
2046 3047 2108 3100 in

435 3144 492 3191 te
507 3137 598 3191 eri
595 3155 652 3206 ρ.
665 3133 1159 3202 l)ominus,i11umi
1165 3134 1340 3187 natio.
1352 3134 1647 3202 Dominus,
1653 3139 1957 3204 protector
1974 3136 2109 3189 vita

432 3227 732 3296 Exsurge,
781 3224 952 3277 Domi
961 3239 1050 3276 ne.
1081 3223 1260 3288 Deus,
1285 3224 1382 3294 qui
1397 3223 1698 3276 illuminas
1719 3228 1966 3292 noctem,
1994 3230 2106 3279 etc.

1073 3311 1324 3365 CAPUT
1371 3312 1460 3364 Vl.

466 3403 555 3457 De
587 3404 908 3456 missarum
940 3399 1289 3465 solemniis;
1323 3407 1379 3472 et
1413 3399 1468 3472 1ο
1501 3400 1592 3455 De
1629 3401 1855 3472 majore
1892 3401 2073 3455 missa

1010 3472 1274 3542 privatis
1299 3471 1531 3526 diebus.

504 3579 923 3651 Interrogatio.
959 3577 1110 3642 Quot
1140 3578 1356 3632 missas
1408 3578 1594 3631 acturi
1646 3578 1794 3632 estis
1843 3579 2104 3649 quotidie

431 3670 790 3742 generaliter
822 3670 880 3721 in
911 3669 1208 3720 conventu
1228 3667 1255 3719 ?
1788 3732 1792 3736 ι

501 3758 849 3829 ReSponsio.
887 3757 1045 3809 Duas
1072 3771 1084 3809 :
1123 3755 1368 3824 primam
1398 3755 1468 3810 de
1500 3755 1614 3824 die,
1641 3757 1904 3822 alteram,
1926 3756 1978 3808 si
2009 3759 2101 3809 est

431 3849 560 3901 dies
591 3849 875 3916 privatus,
913 3861 1017 3914 pro
1048 3843 1364 3898 defunctis.
1389 3845 1474 3897 De
1505 3859 1622 3914 quo
1658 3846 1718 3898 ut
1750 3845 1899 3898 ultro
1933 3844 2096 3898 inse-

429 3952 555 3990 ram
586 3935 741 4005 quod
793 3938 848 3987 tu
902 3936 1093 3987 tamen
1140 3949 1412 4003 quarere
1458 3948 1576 3986 non
1626 3933 1879 3987 libenter
1909 3932 2094 4004 negli-

431 4039 609 4096 geres
643 4021 925 4092 majorem
958 4022 1203 4075 missam
1225 4023 1284 4074 in
1313 4022 1560 4091 privatis
1583 4021 1794 4075 diebus
1819 4022 1969 4076 solet
1992 4022 2096 4075 ite-

430 4129 561 4167 rum
592 4111 804 4166 letania
835 4110 1188 4180 praevenire,
1209 4126 1342 4181 quae
1361 4114 1553 4164 tamen
1577 4125 1692 4163 non
1725 4114 1816 4164 est
1850 4110 2095 4164 multum

429 4200 676 4271 prolixa,
704 4199 893 4253 tribus
919 4203 1138 4251 tantum
1162 4198 1386 4252 sanctis
1410 4197 1480 4252 de
1505 4197 1763 4269 singulis
1785 4198 2095 4252 ordinibus

428 4289 823 4343 nominandis.
858 4287 1050 4340 Prima
1084 4287 1329 4341 collecta
1356 4288 1691 4356 pramissa,
1727 4287 1818 4341 ha
1853 4288 1962 4341 rite
1994 4303 2094 4342 se-

427 4381 717 4449 quuntur:
747 4377 834 4430 De
865 4375 1027 4447 cujus
1057 4376 1310 4429 dextera
1344 4375 1580 4429 beatum
1626 4375 1891 4440 Petrum,
1941 4375 2094 4429 Con-

2212 1909 2384 1963 quam
2417 1895 2489 1948 de
2521 1895 2725 1965 altero,
2763 1897 2952 1950 solent
2986 1913 3192 1953 omnes
3222 1898 3458 1953 offerre.
3501 1899 3676 1971 Hujus
3718 1899 3814 1954 col-

2209 1981 2380 2036 lectae
2412 1999 2568 2037 nunc
2597 1984 2821 2054 plures,
2848 2001 3005 2040 nunc
3025 1989 3322 2057 potiores;
3345 2003 3639 2042 numerum
3661 1992 3815 2042 tamen

2209 2071 2500 2125 decimum
2535 2088 2650 2126 non
2674 2075 2988 2130 excedunt.
3009 2076 3284 2147 Persaepe
3305 2081 3497 2132 autem
3518 2078 3684 2147 prima
3698 2076 3817 2130 solet

2208 2159 2588 2214 collectarum
2620 2163 2825 2216 eadem
2857 2179 2989 2233 qua
3021 2165 3093 2218 ad
3122 2166 3442 2220 ofﬁcicium
3465 2170 3553 2221 est
3572 2167 3755 2237 prima;
3775 2169 3816 2218 et

2209 2247 2344 2319 ejus
2375 2251 2656 2316 secunda,
2675 2251 2769 2304 hic
2803 2252 2974 2305 etiam
2997 2255 3259 2307 secunda
3283 2271 3393 2323 pro
3417 2253 3816 2319 anniversariis;

2208 2338 2376 2390 tertia
2394 2353 2500 2407 pro
2517 2339 2896 2407 pontificibus
2914 2357 2928 2405 ;
2955 2340 3012 2393 id
3035 2344 3126 2394 est
3147 2341 3328 2412 Deus,
3367 2345 3464 2414 qui
3479 2344 3630 2398 inter
3649 2347 3817 2413 apost;

2210 2427 2416 2494 quarta
2444 2441 2552 2495 pro
2584 2424 2976 2482 familiaribus
3008 2431 3267 2497 nostris;
3300 2432 3502 2501 quinta
3535 2447 3630 2500 pro
3660 2428 3820 2482 fratri-

2211 2512 2324 2565 bus
2351 2529 2363 2582 ;
2397 2515 2564 2566 sexta
2593 2529 2698 2583 pro
2730 2515 2975 2587 regibus
3014 2517 3456 2586 Hispaniarum.
3494 2518 3820 2588 Omnipotens

2210 2600 2574 2671 sempiterna
2595 2602 2756 2657 Deus
2775 2603 2838 2656 in
2861 2604 3026 2675 cujus
3041 2605 3294 2660 humana
3315 2607 3600 2674 conditio;
3619 2605 3818 2676 septima

2209 2704 2316 2758 pro
2347 2689 2553 2760 regina
2579 2690 3018 2761 Hispaniarum,
3034 2697 3091 2748 et
3111 2711 3215 2762 pro
3235 2697 3546 2751 sororibus
3568 2695 3745 2750 etaliis
3757 2692 3818 2746 ie-

2211 2777 2385 2830 minis
2409 2777 2835 2849 familiaribus;
2859 2785 3084 2850 octava,
3111 2783 3361 2853 Inclina,
3387 2785 3640 2854 Domine,
3659 2800 3819 2837 aurem

2215 2869 2388 2933 tuam,
2425 2867 2772 2935 parentibus
2819 2871 2877 2922 et
2915 2873 3381 2942 consanguineis
3427 2874 3672 2944 nostris;
3700 2887 3822 2926 nona

2212 2967 2319 3020 pro
2339 2951 2612 3007 omnibus
2634 2955 2734 3024 qui
2757 2955 2814 3008 in
2839 2957 2968 3011 loco
2992 2962 3194 3013 nostro
3217 2966 3359 3014 sunt
3380 2963 3617 3033 sepulti;
3639 2962 3821 3016 decima

2213 3055 2318 3108 pro
2332 3040 2608 3095 omnibus
2623 3041 2896 3098 fidelibus
2915 3045 3240 3118 defunctis;
3260 3051 3583 3104 novissima
3595 3067 3688 3120 pro
3701 3048 3822 3102 vivis

2140 3111 2186 3171 Ο
2215 3131 2272 3181 et
2301 3128 2616 3198 defunctis,
2649 3130 2705 3184 id
2739 3136 2852 3201 est,
2885 3111 3239 3189 Sanctorum
3271 3111 3753 3193 tuorum.Catera
3778 3137 3823 3189 in

2213 3217 2325 3270 alio
2358 3216 2491 3271 loco
2515 3234 2641 3288 Jam
2673 3223 2810 3273 sunt
2841 3227 3183 3291 praenotata
3203 3240 3310 3294 pro
3334 3227 3553 3296 quibus
3582 3227 3819 3280 dicantur.

2211 3304 2328 3359 Sed
2359 3305 2512 3359 sicut
2545 3306 2688 3361 ordo
2721 3307 3100 3364 collectarum
3147 3313 3467 3382 aliquando
3511 3319 3739 3370 mutatur
3769 3313 3823 3366 ad

2213 3394 2492 3462 officium,
2509 3396 2586 3448 ita
2612 3411 2718 3465 per
2734 3398 2899 3453 vices
2922 3400 3096 3453 etiam
3117 3405 3378 3457 mutatur
3399 3404 3496 3459 hic
3515 3405 3603 3460 vel
3624 3407 3823 3475 propter

2208 3482 2463 3553 aliquem
2496 3501 2685 3554 nuper
2713 3486 3073 3560 defunctum,
3100 3491 3192 3545 vel
3216 3498 3459 3564 propter
3488 3496 3721 3566 aliquem
3745 3508 3823 3546 an-

2207 3571 2597 3627 niversarium
2616 3589 2630 3642 ;
2649 3578 2783 3643 post
2805 3576 3115 3632 duodecim
3138 3596 3376 3652 quoque
3397 3583 3686 3651 lectiones,
3702 3582 3824 3635 sicut

2205 3675 2444 3730 semper
2474 3663 2771 3717 matutinae
2801 3663 3212 3721 defunctorum
3230 3669 3618 3727 familiaribus
3639 3669 3822 3725 nostris

2203 3751 2339 3800 sunt
2373 3748 2683 3820 deputata,
2718 3751 2797 3804 ita
2827 3751 3014 3807 missa
3036 3753 3451 3812 defunctorum
3483 3760 3730 3830 deputata
3752 3760 3822 3810 est

2198 3837 2580 3905 pontiﬁcibus
2611 3841 2916 3911 Romanis,
2947 3848 3333 3914 etpropterca
3363 3851 3505 3902 tunc
3534 3848 3704 3920 prima
3730 3844 3821 3900 col-

2197 3926 2344 3980 lecta
2377 3942 2486 3996 pro
2517 3928 2606 3981 eis
2638 3929 2906 4002 dicenda,
2938 3935 2995 3986 et
3025 3933 3157 3988 dua
3190 3935 3261 3989 de
3293 3937 3490 3992 medio
3521 3937 3823 3991 auferuntur

2201 4031 2334 4085 qua
2367 4019 2422 4068 et
2448 4021 2651 4071 matut.
2687 4017 3077 4075 familiaribus
3110 4024 3335 4079 nostris
3377 4026 3677 4096 deputata,
3715 4025 3822 4076 sunt

2202 4104 2563 4160 auferendae.
2586 4105 2918 4177 Sequentes
2941 4114 3133 4164 autem
3155 4113 3356 4166 tenent
3387 4114 3646 4169 ordinem
3675 4123 3819 4178 supra

2201 4199 2621 4261 memoratum;
2658 4197 2764 4251 sed
2797 4213 3017 4269 earum,
3057 4216 3207 4270 quas
3239 4202 3361 4256 dixi
3393 4207 3532 4272 post
3557 4198 3822 4256 duodecim

2201 4281 2489 4337 lectiones
2531 4283 2908 4355 auferendus,
2945 4291 3006 4341 ut
3053 4289 3245 4344 adhuc
3291 4291 3670 4359 meminerim,
3698 4290 3824 4342 tanta

2205 4376 2296 4424 est
2328 4373 2634 4427 multitudo
2666 4374 2899 4430 illorum
2931 4378 3030 4447 qui
3061 4393 3270 4434 omnes
3292 4380 3556 4448 professi
3574 4381 3823 4433 suntcon-

425 4468 590 4538 cede,
620 4481 962 4538 quaesumus,
987 4466 1355 4534 omnipotens
1375 4464 1555 4532 Deus,
1583 4469 1641 4517 ut
1668 4467 1830 4518 inter
1850 4471 2091 4519 sancta.
2122 4440 2174 4500 D
2205 4460 2576 4531 gregationis
2600 4466 2821 4516 nostra
2839 4468 2899 4516 ut
2917 4465 3223 4520 rarissime
3247 4467 3340 4520 his
3353 4467 3645 4522 defunctis
3666 4476 3826 4520 carea-

429 4556 790 4622 Qucesumus,
813 4554 1180 4623 omnipotens
1199 4553 1377 4622 Deus,
1398 4559 1454 4604 ut
1470 4551 1695 4606 famuli.
1716 4551 2098 4623 Omnipotens

427 4645 812 4716 sempiterne.
841 4642 1000 4695 Deus
1031 4641 1128 4711 qui
1156 4640 1271 4694 Iac.
1292 4640 1453 4694 Deus
1482 4658 1512 4694 a
1547 4657 1673 4712 quo.
1712 4639 2094 4712 Omnipotens

425 4737 792 4806 sempiterna
823 4730 1002 4796 Deus,
1036 4730 1334 4782 miserere
1365 4727 1564 4783 famul.
1593 4729 1680 4781 Ab
1708 4732 1822 4783 oet.
1843 4730 2092 4784 Pascha

424 4839 615 4894 usque
647 4822 715 4875 ad
750 4822 966 4874 festum
997 4820 1056 4872 S.
1094 4816 1430 4871 Michaelis:
1455 4817 1507 4870 A
1538 4818 1705 4872 domo
1736 4823 1830 4871 tua
1862 4834 2090 4890 quasu-

424 4929 573 4966 mus.
597 4910 858 4975 Quorum
892 4925 1022 4962 cum
1057 4907 1326 4976 quaedam
1356 4906 1504 4960 satis
1537 4907 1656 4959 sint
1687 4909 1821 4960 nota
1851 4908 2092 4976 propter

425 5001 563 5070 quid
593 5000 882 5066 dicantur,
910 4997 982 5050 de
1004 4995 1359 5066 quibusdam
1379 4999 1573 5048 tamen
1596 4995 1849 5049 dubitari
1872 4999 2087 5064 potest.

423 5086 640 5149 Quarta
673 5093 763 5140 est
787 5103 893 5154 pro
920 5086 1164 5156 regibus
1188 5083 1437 5152 aliisque
1461 5082 1862 5154 principibus;
1887 5084 2089 5154 quinta

425 5191 530 5245 pro
562 5175 860 5244 episcOpis
894 5180 949 5228 et
981 5174 1296 5227 abbatibus
1327 5173 1771 5241 nostris;sexta
1793 5188 1899 5242 pro
1925 5173 2089 5226 fami-

425 5264 673 5316 liaribus
705 5263 1228 5332 nostris;septima
1254 5277 1358 5330 pro
1391 5261 1636 5331 regibus
1671 5261 2089 5331 Hispaniarum

424 5369 529 5421 per
561 5352 745 5417 vices,
782 5355 838 5404 et
868 5351 996 5403 alia
1029 5352 1313 5405 collecta.
1362 5349 1423 5404 Si
1455 5353 1548 5403 est
1591 5365 1771 5403 causa
1819 5364 1926 5417 pro
1972 5364 2088 5419 qua

422 5456 572 5510 Opus
606 5439 802 5504 fuerit,
839 5438 1214 5508 adjiciuntur,
1251 5443 1330 5508 ut,
1362 5438 1529 5492 verbi
1560 5439 1771 5509 gratia,
1823 5452 1928 5506 pro
1976 5436 2088 5490 iter

421 5529 757 5600 agentibus,
784 5543 888 5596 pro
921 5526 1190 5596 infirmis,
1217 5528 1308 5581 vel
1339 5541 1444 5596 pro
1475 5526 1736 5598 qualibet
1765 5526 1875 5578 alia
1905 5525 2088 5580 tribu-

415 5619 633 5678 latione
665 5615 1139 5687 superveniente.
1165 5616 1386 5670 Cantus
1417 5619 1610 5671 autem
1639 5617 1798 5670 totus
1851 5615 2083 5686 simpli-

2207 4565 2359 4619 mus,
2395 4565 2502 4619 pro
2532 4549 2749 4620 quibus
2781 4555 3006 4620 septem
3041 4554 3236 4608 ofﬁcia
3269 4555 3445 4609 simul
3476 4571 3607 4610 cum
3634 4556 3824 4623 septem

2203 4638 2412 4692 missis
2446 4641 2584 4691 sunt
2615 4639 2874 4710 agenda;
2899 4645 2954 4694 et
2982 4645 3293 4711 propterea
3326 4658 3445 4698 non
3475 4647 3566 4697 est
3590 4642 3693 4695 alia
3718 4652 3824 4709 qua

2201 4731 2319 4781 tam
2352 4727 2692 4796 frequenter
2719 4729 2904 4796 prima
2927 4729 3156 4785 dicatur
3184 4746 3359 4801 quam
3381 4746 3448 4785 ea
3475 4747 3605 4802 qua
3628 4742 3722 4800 pro
3740 4726 3824 4779 bu-

2194 4815 2459 4888 jusmodi
2492 4820 2583 4869 est
2615 4817 2952 4886 constituta,
2984 4817 3040 4871 id
3059 4821 3169 4885 est,
3198 4819 3359 4874 Deus
3388 4821 3484 4874 cui
3507 4834 3666 4890 prop.
3697 4817 3760 4869 At
3784 4809 3826 4864 si

2199 4905 2466 4962 evenerit
2493 4905 2628 4958 talis
2661 4905 3112 4961 anniversarius
3129 4923 3234 4976 pro
3266 4923 3382 4979 quo
3414 4906 3695 4978 pulsanda
3713 4903 3825 4956 sunt

2201 4996 2396 5051 omnia
2429 4995 2623 5067 signa,
2657 4996 3055 5064 praponenda
3087 4999 3179 5050 est
3227 5011 3294 5050 ea
3334 4996 3405 5050 de
3454 4986 3823 5050 anniversario

2199 5085 2464 5140 collecta.
2499 5081 2662 5146 Quod
2697 5083 2748 5135 si
2781 5083 2967 5136 missa
2996 5083 3183 5152 prima
3215 5083 3567 5137 celebranda
3614 5082 3700 5135 est
3737 5089 3823 5146 pro

2197 5173 2462 5245 quolibet
2497 5185 2684 5240 nuper
2714 5169 3157 5239 defuncto,sive
3183 5186 3398 5240 corpus
3420 5167 3672 5223 defuncti
3701 5177 3824 5235 prie-

2197 5277 2342 5316 sens
2375 5261 2472 5326 sit,
2508 5261 2636 5313 sive
2668 5274 2806 5329 non,
2840 5259 3088 5312 dicenda
3118 5263 3210 5312 est
3229 5275 3334 5328 pro
3353 5274 3420 5312 eo
3445 5275 3512 5312 ea
3532 5257 3707 5327 prima
3727 5249 3824 5305 col-

2192 5347 2341 5404 lecta
2376 5364 2508 5418 quae
2541 5348 2692 5400 solet
2725 5348 2872 5401 alias
2905 5363 3010 5416 pro
3050 5345 3438 5400 familiaribus
3495 5344 3628 5408 dici,
3673 5339 3722 5392 id
3749 5337 3822 5389 est

2201 5436 2583 5506 Omnipotens
2595 5436 2962 5506 sempiterna
2976 5434 3242 5503 Deusjcui
3254 5448 3539 5504 nunquam
3552 5450 3570 5495 ;
3583 5433 3637 5484 et
3648 5427 3822 5498 postea

2192 5540 2369 5598 quam
2402 5523 2587 5578 semel
2618 5522 2770 5576 dicta
2801 5521 2996 5592 fuerit,
3015 5537 3082 5576 ea
3099 5521 3229 5575 vice
3247 5536 3361 5574 non
3377 5521 3472 5574 est
3485 5514 3718 5572 dicenda
3732 5522 3819 5598 pro

2190 5596 2583 5669 familiaribus
2616 5611 2903 5666 secundo.
2936 5611 3010 5666 At
3041 5611 3093 5665 si
3123 5609 3386 5666 evenerit
3413 5606 3591 5664 simul
3631 5606 3685 5660 et
3709 5596 3819 5658 talis
