3956 6176
107 385 202 447 653

641 370 1348 442 CONSUETUDINES
1405 378 2066 442 CLUNIACENSES.
2127 416 2182 426 —
2237 382 2499 444 LIBER
2529 383 2880 446 PRIMUS.

3366 389 3484 448 654

107 581 488 637 anniversarius
519 585 575 634 et
606 581 792 650 prima
823 579 1008 632 missa
1042 595 1146 648 pro
1179 579 1364 633 fratre
1395 595 1586 648 nuper
1603 578 1708 631 de-
1743 564 1768 618 λ-
1818 581 2044 643 oratur;
2095 579 2208 632 nisi
2254 579 2400 633 forte
2434 581 2489 632 in
2539 581 2669 633 aliis
2715 583 3036 650 prwcipuis
3090 584 3300 653 festis;
3340 593 3477 639 tunc

108 673 287 737 functo,
306 670 447 740 quod
471 670 526 722 in
550 669 662 722 alio
681 669 810 722 loco
834 669 904 722 de
919 667 1250 737 ofﬁciojam
1273 667 1514 735 dixi,hic
1527 668 1698 721 etiam

109 764 296 813 tenetur
323 762 379 812 ut
407 759 498 811 illa
531 757 776 812 collecta
826 773 930 827 pro
963 772 1150 826 nuper
1179 757 1451 810 defuncto
1483 772 1710 826 praepo-

106 853 258 915 natur,
289 851 339 900 et
373 862 436 900 ea
466 862 597 916 quae
629 849 720 899 est
751 846 822 900 de
869 845 1274 899 anniversario
1306 849 1608 915 sequatur.
1644 843 1714 898 Et

108 939 195 990 hoc
223 935 512 989 notandum
541 938 603 988 ut
633 935 727 988 illa
743 935 932 1004 prima
955 934 1139 987 missa
1163 949 1266 1003 pro
1291 949 1478 1002 nuper
1499 932 1712 986 defun-

106 1031 179 1079 cto
205 1040 476 1094 nunquam
494 1023 738 1092 dicatur,
761 1023 876 1077 nisi
896 1023 1061 1093 prius
1076 1021 1336 1076 officium
1351 1022 1429 1075 sit
1446 1022 1712 1091 praemis-

107 1129 230 1167 sum.
262 1113 334 1166 De
364 1115 532 1166 cantu
562 1117 755 1166 autem
787 1111 990 1165 missa
1036 1110 1444 1165 defunctorum
1477 1125 1593 1164 non
1624 1113 1715 1164 est

104 1201 300 1255 multum
335 1201 482 1270 quod
541 1215 691 1270 opus
741 1199 818 1252 sit
861 1203 922 1252 ut
966 1199 1234 1266 dicatur;
1300 1199 1459 1268 quod
1519 1202 1712 1251 tamen

106 1289 466 1342 zastimaverim
498 1304 617 1344 non
647 1287 980 1342 tacendum.
1014 1286 1256 1352 Quoties
1290 1287 1462 1341 solito
1496 1286 1716 1340 solem-

106 1379 213 1430 nius
239 1378 418 1448 agitur
446 1377 576 1430 sive
608 1392 712 1446 pro
745 1391 957 1430 recens
990 1374 1291 1442 defuncto,
1327 1376 1454 1428 sive
1485 1390 1590 1444 pro
1620 1389 1719 1426 an-

107 1467 412 1532 uiversario,
445 1465 674 1534 primus
706 1479 1024 1534 puerorum
1075 1479 1257 1532 cappa
1296 1462 1536 1517 indutus
1567 1465 1721 1516 tenet

109 1553 332 1621 chorum,
363 1569 393 1606 a
410 1552 645 1606 duobus
671 1553 877 1621 pueris
899 1551 1052 1606 albis
1072 1553 1290 1605 indutis
1314 1554 1578 1605 cantatur
1597 1567 1723 1621 gra-

107 1642 261 1710 duale,
292 1643 375 1696 vel
403 1641 564 1712 quod
594 1641 666 1694 ab
709 1641 844 1694 aliis
878 1641 1330 1709 responsorium
1375 1639 1720 1709 appellatur,

107 1734 150 1783 et
174 1731 234 1783 ita
260 1732 330 1794 ut,
362 1745 546 1784 versu
579 1729 759 1796 ﬁnito,
797 1728 1075 1799 graduale
1105 1745 1136 1782 a
1167 1728 1458 1798 principio
1492 1731 1715 1797 repeta-

107 1825 195 1873 tur.
214 1818 524 1889 Aliquando
552 1819 682 1872 talis
699 1818 1096 1872 anniversalis
1117 1818 1312 1888 agitur
1333 1819 1447 1870 tam
1471 1816 1725 1871 celebris

108 1911 153 1960 ut
175 1907 272 1961 duo
299 1909 455 1977 pueri
485 1923 702 1961 rursus
737 1906 1020 1977 graduale
1063 1905 1352 1960 cantaturi
1385 1906 1599 1959 sericis
1631 1905 1723 1957 in-

107 1997 314 2050 duantur
341 1997 576 2064 tunicis,
611 1999 668 2050 et
705 1996 820 2050 duo
859 1994 1076 2049 fratres
1120 1995 1326 2065 cappis
1375 1995 1446 2047 ad
1477 1995 1726 2048 tractum

107 2084 428 2153 cantandum,
465 2085 569 2156 qui
600 2087 794 2138 tamen
836 2084 983 2138 satis
1015 2097 1149 2137 raro
1182 2085 1469 2137 cantatur.

674 2189 926 2244 CAPUT
958 2189 1105 2242 VIII.

248 2279 328 2333 De
362 2279 589 2350 majore
620 2277 803 2331 missa
853 2277 915 2331 in
947 2277 1161 2332 diebus
1201 2275 1548 2331 Dominicis.

160 2367 210 2420 In
237 2367 547 2422 Dominicis
580 2367 793 2421 diebus
815 2366 889 2420 ad
920 2365 1207 2436 majorem
1236 2366 1484 2418 missam
1515 2364 1726 2418 introi-

109 2460 184 2509 tus
209 2461 328 2526 post
356 2471 601 2512 versum
631 2455 910 2509 dimidius
930 2454 1082 2508 solet
1111 2453 1425 2520 recantari,
1448 2456 1583 2521 post
1605 2451 1735 2506 Glo-

108 2545 179 2596 ria
215 2543 372 2598 Patri
400 2548 587 2600 totus.
626 2543 828 2599 Gloria
862 2544 922 2596 in
955 2541 1216 2596 excelsis
1265 2542 1388 2595 Dco
1431 2556 1732 2612 nunquam

110 2634 346 2688 omittitur
372 2634 487 2688 nisi
540 2635 602 2686 in
651 2633 927 2686 Adventu
959 2629 1208 2698 Domini,
1244 2632 1299 2684 et
1329 2645 1359 2683 a
1392 2630 1724 2700 Septuage-

112 2721 228 2775 sima
257 2737 430 2794 usque
462 2722 536 2776 ad
565 2721 822 2776 Pascha.
849 2721 978 2775 Una
1009 2721 1231 2773 tantum
1263 2719 1507 2773 collecta
1539 2718 1731 2771 estdi-

114 2811 278 2864 cenda.
308 2811 597 2865 Gradualo
630 2827 663 2864 a
704 2809 938 2864 duobus
984 2807 1194 2861 albatis
1239 2809 1533 2875 cantatur,
1565 2807 1640 2859 ita
1673 2809 1734 2858 ut

115 2913 258 2952 versu
285 2901 434 2953 ﬁnito
481 2917 511 2953 a
564 2897 858 2968 principio
889 2899 1206 2966 repetatur.
1253 2895 1394 2949 Item
1442 2895 1673 2949 alleluia
1702 2911 1734 2947 a

112 2986 317 3042 duobus.
338 2989 564 3043 Versus
583 2985 867 3042 otl'ertorii
885 3001 1091 3040 omnes
1107 2985 1360 3038 cantant.
1386 2984 1605 3037 Tamen
1619 2984 1735 3036 nisi

117 3090 236 3129 unus
263 3077 433 3145 offert,
460 3077 572 3132 sed
613 3076 872 3146 quinque
909 3074 1085 3128 simul
1118 3072 1381 3140 hostias;
1414 3074 1476 3126 ut
1506 3072 1606 3141 qui
1635 3085 1737 3124 vo-

117 3162 284 3219 luerint
310 3168 538 3235 possint
555 3165 1018 3219 communicare.
1051 3163 1267 3215 Pacem
1290 3160 1586 3230 accipiunt
1609 3160 1738 3214 uni-

119 3255 255 3307 versi.
285 3255 424 3324 lpsaa
454 3258 658 3309 autem
688 3253 903 3307 hostiae
937 3268 1070 3305 cum
1103 3249 1321 3304 fuerint
1343 3251 1732 3316 consecratae,

119 3345 362 3398 mutantur
397 3348 658 3414 quatuor
699 3358 831 3396 cum
864 3341 980 3394 illis
1037 3356 1170 3410 quae
1215 3339 1274 3393 in
1321 3337 1540 3408 pixide,
1579 3339 1637 3390 et
1678 3338 1737 3389 in

122 3443 261 3485 aurea
291 3432 556 3488 columba
592 3446 777 3500 super
822 3429 1003 3483 altare
1035 3427 1324 3498 pendente
1356 3426 1583 3498 jugiter
1612 3441 1738 3480 ser-

123 3522 328 3590 vantur;
357 3521 613 3575 maxime
663 3522 901 3590 propter
941 3517 1230 3586 infirmos,
1262 3520 1325 3569 ut
1353 3515 1636 3585 quidquid
1667 3515 1738 3568 de

125 3607 190 3658 eis
215 3610 440 3676 eveniat,
472 3609 757 3662 viaticum
789 3607 867 3661 sit
897 3607 955 3660 in
989 3608 1283 3675 promptu.
1324 3604 1618 3658 Mutantur
1646 3618 1738 3657 au-

123 3695 210 3747 tem
223 3712 313 3766 per
334 3713 569 3752 manum
594 3695 825 3750 diaconi
848 3696 906 3749 in
925 3694 1079 3749 omni
1116 3693 1211 3747 die
1235 3693 1537 3748 Dominica
1567 3707 1636 3746 ea
1667 3693 1739 3745 de

124 3797 280 3852 causa,
309 3802 376 3841 ne
411 3789 594 3859 longo
629 3786 746 3840 situ
774 3784 968 3854 aliquo
999 3783 1172 3837 modo
1205 3781 1354 3836 fiant
1387 3781 1736 3836 deteriores.

715 3889 966 3944 CAPUT
991 3888 1093 3941 IX.

154 3996 264 4050 Item
292 3997 358 4053 de
399 4001 583 4054 missa
625 3995 962 4052 matutinali
993 3997 1052 4048 in
1094 3994 1307 4050 diebus
1353 3993 1700 4048 Dominicis.

181 4102 313 4159 Tunc
334 4107 400 4160 ad
430 4108 683 4160 missam
716 4118 948 4174 quoque
993 4101 1389 4156 matutinalem
1422 4103 1480 4154 in
1515 4100 1742 4154 eisdem

134 4189 302 4247 diebus
326 4197 635 4250 veniamus
662 4211 676 4264 ;
709 4194 837 4247 haec
856 4191 1132 4245 nimirum
1163 4206 1279 4246 non
1296 4189 1407 4244 alia
1438 4190 1588 4244 solet
1608 4204 1746 4242 esse

133 4293 263 4346 quam
298 4285 347 4337 et
386 4283 597 4355 major,
636 4281 866 4337 scilicet
897 4281 968 4334 de
1013 4279 1126 4335 die.
1173 4280 1318 4334 Post
1357 4279 1602 4348 primam
1635 4277 1749 4330 col-

136 4367 245 4421 lecta
275 4373 522 4427 secunda
571 4375 668 4428 est
715 4371 786 4425 de
817 4369 1119 4423 Trinitate.
1154 4367 1368 4422 Postea
1417 4367 1510 4420 hae
1541 4381 1746 4420 omnes

139 4469 235 4524 qua
262 4461 309 4512 in
331 4463 577 4530 privatis
599 4460 814 4514 diebus
845 4458 915 4511 ad
946 4455 1231 4528 majorem
1265 4457 1509 4510 missam
1540 4454 1747 4507 dicun-

139 4547 223 4612 tur,
249 4554 294 4600 et
323 4552 648 4605 novissime
682 4548 1033 4602 Sanctorum
1076 4553 1326 4600 tuorum.
1358 4545 1752 4598 Cantaturau-

140 4635 224 4686 tem
251 4637 452 4709 absque
472 4637 758 4710 Symbolo
781 4635 1126 4705 apostolico,
1150 4634 1266 4688 nisi
1289 4632 1599 4703 aliquando
1619 4646 1751 4685 cve-
1781 4644 1833 4705 ι)

140 4721 239 4788 niat,
270 4731 319 4779 ut
347 4731 582 4797 prepter
613 4727 872 4797 aliquam
909 4724 1347 4778 tribulationem
1381 4722 1551 4790 plebs
1583 4721 1756 4774 rusti-

141 4822 246 4863 cana
272 4822 618 4870 convocetur
663 4815 737 4869 ad
787 4813 1052 4869 eamdem
1085 4811 1327 4866 missam
1362 4809 1708 4864 audiendam
1737 4827 1750 4873 ;

146 4901 248 4952 tunc
275 4919 375 4957 non
399 4905 707 4958 omittitur.
732 4901 792 4958 Si
824 4906 918 4957 est
940 4902 997 4954 in
1019 4899 1505 4970 Quadragesima,
1529 4898 1754 4967 absque

145 4985 304 5056 tractu,
333 4993 381 5045 si
409 4993 466 5046 in
501 4993 768 5063 paschali
791 4995 1054 5060 tempore
1079 5005 1213 5043 cum
1237 5004 1352 5042 uno
1377 4990 1602 5040 tantum
1623 4986 1758 5039 alle-

150 5069 254 5129 luia.
282 5078 442 5136 Solus
483 5081 651 5152 prior
698 5078 867 5136 offert
914 5095 1091 5133 unam
1129 5080 1351 5131 tantum
1401 5076 1673 5129 hostiam.
1708 5077 1754 5126 A

151 5157 342 5221 diacono
364 5171 572 5240 accipit
602 5185 805 5240 pacem
827 5168 1003 5222 alicui
1032 5167 1178 5221 foris
1201 5166 1446 5219 chorum
1480 5163 1551 5216 de
1580 5179 1759 5233 popu-

155 5246 328 5308 laribus
361 5258 632 5312 dandam.
685 5258 980 5311 Diaconus
1026 5269 1260 5327 quoque
1293 5269 1366 5307 ex
1396 5267 1558 5306 more
1589 5266 1751 5306 com-

157 5343 374 5398 manicat.

730 5435 982 5491 CAPUT
1017 5433 1088 5489 X.

472 5542 558 5598 De
585 5543 973 5615 processione
1001 5538 1375 5596 Dominicali.

210 5639 360 5699 Missa
403 5650 722 5704 matutinali
769 5649 958 5719 finita,
1005 5647 1318 5703 confestim
1363 5663 1395 5700 a
1452 5643 1762 5700 sacerdote

166 5729 238 5796 qui
267 5735 524 5807 majorem
556 5741 799 5794 missam
831 5737 1106 5809 cantabit,
1155 5736 1241 5792 sal
1291 5739 1348 5793 et
1377 5750 1528 5809 aqua
1555 5748 1765 5790 conse-

1824 668 1974 719 alius
2005 684 2178 738 quam
2217 671 2316 739 qui
2348 670 2591 722 missam
2624 671 2877 723 cantabit
2909 671 3063 723 stola
3097 674 3481 740 praecinctus,

1824 753 1959 808 facit
2024 758 2584 823 consecrationem;
2637 775 2750 828 qua
2821 765 3165 828 consumpta
3224 763 3491 833 aspergit

1819 845 2072 914 primum
2107 861 2238 899 cum
2273 863 2423 916 aqua
2477 848 2780 901 benedicta
2827 848 3224 917 pavimentum
3274 849 3330 902 in
3373 851 3484 902 cir-

1823 934 1980 987 cuitu
2039 935 2244 989 altaris
2302 935 2579 1006 majoris,
2643 939 2698 989 et
2747 936 2995 990 aliorum
3045 937 3314 990 altarium
3356 953 3487 1006 quae

1824 1027 1958 1076 sunt
2007 1023 2064 1074 in
2107 1023 2339 1091 vicino,
2390 1028 2444 1076 et
2490 1027 2693 1093 postea
2737 1024 2969 1078 fratres.
3020 1025 3148 1078 Uno
3193 1041 3487 1080 converso

1825 1099 1957 1165 cum
2001 1127 2176 1165 cruce
2209 1113 2453 1165 sinistro
2487 1112 2620 1183 ejus
2652 1113 2818 1166 lateri
2857 1112 3087 1184 jugiter
3123 1114 3485 1182 adhaerente,

1825 1204 1880 1254 et
1927 1199 2112 1253 altero
2161 1205 2566 1253 consecratam
2623 1217 2831 1270 aquam
2873 1202 3225 1269 praeferente
3265 1203 3490 1270 perlus-

1824 1291 1934 1342 trat
1975 1289 2217 1342 claustri
2272 1289 2566 1351 officinas,
2621 1289 2678 1341 in
2734 1290 2990 1360 singulis
3041 1307 3211 1343 unum
3273 1291 3492 1343 collec-

1825 1378 1940 1429 tam
2006 1377 2532 1430 benedictionalem
2593 1377 2861 1431 dicendo.
2925 1379 3187 1431 Primum
3252 1379 3488 1432 domum

2310 1467 2342 1500 G)

1831 1465 2240 1530 infirmorum;
2310 1467 2372 1534 “.2,
2433 1467 2875 1531 dormitorium;
2936 1467 3006 1534 3,
3070 1466 3490 1535 refectorium;

1827 1554 1889 1621 4,
1942 1554 2251 1624 coquinam
2285 1554 2654 1624 regularem;
2693 1555 2754 1622 5,
2791 1556 3111 1609 cellarium.
3151 1557 3490 1609 Conventus

1829 1657 1960 1696 eum
2013 1642 2408 1711 exspectando
2453 1642 2590 1696 facit
2641 1644 2888 1713 primam
2941 1645 3249 1697 stationem
3295 1644 3354 1697 in
3397 1659 3492 1697 ec-

1832 1731 2013 1784 clesia
2043 1731 2273 1785 Sanctae
2306 1731 2538 1799 Mariae,
2573 1731 2672 1784 ubi
2699 1734 2755 1785 et
2795 1747 2907 1784 una
2957 1732 3201 1785 collecta
3253 1732 3322 1785 de
3366 1733 3494 1801 ipsa

1833 1819 2009 1874 tonali
2049 1823 2139 1873 est
2186 1820 2661 1888 pronuntiatione
2709 1819 2988 1882 dicenda;
3051 1821 3314 1873 secunda
3363 1822 3494 1873 ante

1749 1932 1794 1993 Β
1829 1907 2269 1976 dormitorium;
2311 1908 2480 1961 tertia
2518 1911 2650 1961 ante
2703 1907 3118 1972 refectorium;
3167 1911 3374 1977 quarta
3426 1909 3499 1960 si-

1831 1997 1948 2050 mul
2005 2013 2137 2050 cum
2182 1997 2312 2066 ipso
2372 1996 2430 2048 in
2490 1996 2786 2050 vestibulo
2841 1997 3152 2064 ecclesiae;
3209 1997 3409 2067 quinta
3470 2013 3500 2048 a

1831 2085 2055 2156 pascha
2075 2100 2267 2155 usque
2305 2085 2376 2138 ad
2406 2086 2798 2139 Pentecosten
2839 2085 2910 2138 ad
2948 2088 3214 2138 sanctam
3237 2101 3493 2153 crucem,

1833 2174 1935 2228 ubi
1983 2189 2196 2228 rursus
2247 2189 2376 2226 mos
2417 2176 2508 2227 est
2551 2177 2613 2226 ut
2644 2174 2716 2227 de
2763 2173 2859 2226 illa
2904 2189 3016 2227 una
3068 2174 3313 2228 collecta
3354 2173 3504 2226 dica-

1836 2267 1948 2317 tur.
1997 2261 2277 2333 Singulas
2315 2261 2596 2315 collectas
2632 2260 2728 2314 hic
2782 2261 3084 2315 nominare
3135 2277 3252 2314 non
3301 2265 3498 2329 vacat,

1837 2351 1972 2421 quia
2017 2351 2163 2404 satis
2193 2354 2332 2404 sunt
2382 2353 2565 2418 notae,
2609 2349 2726 2402 nisi
2760 2349 2830 2403 de
2869 2349 3100 2402 duabus
3127 2391 3140 2416 ,
3194 2349 3399 2402 nescio
3449 2349 3500 2400 si

1840 2440 1991 2510 apud
2038 2438 2394 2492 Teutonicos
2442 2438 2519 2490 ita
2569 2441 2708 2492 sunt
2742 2437 2798 2490 in
2845 2453 2996 2505 usu;
3038 2453 3150 2490 una
3196 2453 3328 2507 quae
3367 2441 3502 2490 ante

1840 2533 2064 2597 portam
2115 2527 2387 2581 ecclesias
2428 2526 2670 2580 dicenda
2721 2529 2812 2580 est
2851 2526 3003 2580 inter
3038 2526 3409 2594 cantandum,
3446 2526 3501 2578 id

1841 2622 1966 2685 est,
2021 2617 2268 2670 Domine
2299 2615 2440 2670 Jcsu
2481 2614 2759 2678 Christe;
2813 2616 2992 2669 altera
3026 2631 3157 2685 quae
3198 2615 3254 2667 in
3290 2615 3505 2682 choro,

1852 2706 1956 2759 Via
1995 2721 2058 2758 sa
2068 2710 2332 2758 notorum
2355 2705 2628 2758 omnium.

2477 2791 2732 2847 CAPUT
2761 2793 2862 2848 XI.

2185 2883 2273 2936 De
2305 2881 2666 2936 diversitate
2700 2881 3158 2936 solemnitatum.

1915 2971 2334 3041 Interrogatio.
2369 2971 2428 3022 In
2459 2970 2592 3023 aliis
2615 2969 2806 3039 festis,
2831 2972 2883 3023 si
2916 2971 3363 3041 processionem
3396 2985 3512 3022 non

1844 3061 2060 3126 facitis,
2093 3057 2356 3128 nunquid
2393 3062 2582 3110 tamen
2606 3059 2713 3111 alia
2747 3060 2940 3112 omnia
2975 3060 3189 3112 tenetis
3223 3062 3278 3111 et
3309 3059 3514 3110 obser—

1843 3150 2018 3217 vatis,
2058 3163 2190 3217 quaa
2233 3147 2289 3198 in
2327 3145 2540 3199 diebus
2572 3146 2896 3200 Dominicis
2929 3151 3067 3200 sunt
3118 3145 3511 3213 observanda,

1844 3243 1941 3293 aut
1971 3241 2063 3292 est
2095 3236 2415 3306 quidquam
2444 3235 2601 3304 quod
2635 3235 2850 3288 addere
2883 3236 3127 3288 soleatis
3151 3236 3178 3287 ‘?

1917 3329 2092 3398 Resp.
2128 3325 2255 3378 Alia
2289 3328 2426 3377 sunt
2454 3323 2621 3391 plura
2657 3324 2712 3376 in
2747 3323 2962 3393 quibus
2993 3322 3135 3375 nihil
3168 3322 3367 3392 agitur
3397 3337 3516 3374 am-

1843 3417 2003 3488 plius
2045 3429 2218 3485 quam
2247 3414 2307 3466 in
2338 3412 2596 3482 qualibet
2625 3412 2929 3466 Dominica
2977 3411 3106 3478 die;
3141 3415 3196 3465 et
3227 3411 3340 3462 alia
3373 3414 3514 3464 sunt

1848 3522 1903 3574 in
1935 3503 2152 3574 quibus
2177 3502 2286 3555 hoc
2317 3500 2736 3569 superadditur
2767 3500 2920 3570 quod
2954 3499 3355 3556 invitatorium
3389 3514 3522 3552 can-

1847 3595 2019 3650 taturi
2052 3592 2204 3646 albis
2236 3591 2567 3657 induantur,
2605 3594 2661 3642 et
2683 3589 2836 3658 quod
2862 3590 3168 3655 sacerdos,
3195 3587 3350 3641 lecto
3383 3588 3524 3656 post

1853 3687 2176 3738 nocturnos
2208 3677 2554 3750 Evangelia,
2591 3694 2722 3731 cum
2746 3677 2875 3730 alba
2907 3677 3057 3730 redit
3085 3678 3146 3730 in
3169 3676 3436 3742 chorum,
3463 3677 3526 3728 ut

1849 3774 2082 3827 albatus
2117 3770 2184 3822 ad
2217 3769 2511 3821 canticum
2559 3766 2868 3836 Evangelii
2906 3767 3088 3819 altare
3130 3767 3417 3830 incenset,
3461 3766 3523 3816 ut

1849 3863 1908 3916 in
1943 3858 2321 3928 Depositione
2353 3855 2413 3910 ὃ.
2451 3855 2677 3923 Hilarii,
2709 3855 2764 3906 in
2797 3855 3033 3907 Octavis
3065 3853 3429 3922 Epiphaniae,
3464 3852 3524 3904 in

1861 3948 2040 4003 Festo
2071 3947 2130 4000 S.
2165 3945 2435 4015 Agnetis,
2469 3942 2528 3996 S.
2566 3943 2834 4012 Agathai,
2860 3942 2920 3996 S.
2948 3942 3226 4010 Matthiae,
3260 3943 3316 3994 in
3343 3942 3526 4009 Depo-

1854 4037 2066 4091 sitione
2099 4035 2158 4088 S.
2195 4032 2487 4102 Gregorii,
2522 4031 2581 4084 S.
2619 4031 2940 4097 Benedicti,
2975 4031 3030 4082 in
3063 4030 3523 4084 Annuntiatione

1854 4126 1915 4181 S.
1949 4125 2171 4189 Mariae,
2207 4121 2264 4174 in
2295 4121 2511 4175 Octava
2546 4119 2939 4173 Ascensionis
2974 4119 3303 4186 I)omini,in
3339 4120 3542 4187 Depo-'

1859 4215 2070 4269 sitione
2101 4211 2162 4266 S.
2195 4209 2512 4263 Confortiae
2545 4207 2818 4278 virginis,
2854 4207 2912 4259 in
2943 4209 3159 4258 Octava
3191 4207 3250 4258 S.
3277 4206 3524 4259 Joannis

1860 4303 2174 4372 Baptistae;
2222 4300 2280 4351 in
2327 4295 2742 4349 Translatione
2786 4294 2844 4348 S.
2898 4294 3166 4359 Martini,
3219 4295 3278 4346 in
3309 4292 3528 4346 Octava

1859 4387 2291 4445 Translationis
2324 4386 2384 4440 S.
2420 4385 2748 4452 Benedicti,
2781 4384 2840 4436 in
2886 4382 3268 4451 Depositione
3300 4381 3360 4435 S.
3393 4381 3525 4433 Bri-

1861 4480 1978 4548 ctii,
2013 4480 2071 4533 in
2100 4477 2314 4532 Octava
2349 4476 2408 4530 S.
2459 4473 2724 4540 Martini,
2778 4473 2834 4524 in
2879 4472 3258 4541 Depositione
3305 4469 3366 4524 S.
3401 4469 3526 4523 Cle-

1859 4570 2094 4635 mentis,
2122 4567 2174 4618 in
2189 4567 2405 4619 Octava
2428 4564 2486 4617 S.
2511 4563 2797 4629 Andreae;
2822 4563 2878 4614 in
2893 4560 3208 4614 Nativitale
3227 4559 3286 4612 S.
3304 4558 3524 4625 Luciae,

1861 4660 1919 4713 in
1951 4657 2330 4725 Depositione
2361 4656 2420 4706 ὃ.
2457 4651 2729 4706 Silvestri
2753 4669 2763 4712 ;
2791 4656 2845 4704 et
2877 4651 2988 4704 hoc
3010 4651 3200 4717 ipsum
3225 4649 3352 4701 ﬁeri
3377 4647 3528 4700 solet

1861 4749 1921 4801 in
1961 4746 2222 4816 quinque
2266 4743 2594 4797 Dominicis
2629 4742 2860 4807 diebus,
2898 4740 2951 4791 id
2985 4743 3076 4792 est
3107 4739 3166 4790 in
3199 4736 3386 4806 prima
3417 4734 3528 4786 Do-

1862 4836 2076 4890 minica
2097 4834 2440 4895 Adventus;
2468 4831 2524 4883 in
2546 4828 3018 4899 Septuagesima,
3043 4823 3527 4893 Quadragesima,

1866 4929 1920 4978 et
1958 4923 2159 4978 llamis
2190 4922 2534 4990 palmarum.
3573 4917 3576 4920 ’

1939 5013 2086 5065 Sunt
2114 5011 2224 5063 alia
2255 5025 2388 5079 quae
2422 5009 2480 5060 in
2514 5007 2625 5060 hoc
2657 5005 3000 5074 praecellunt
3033 5003 3190 5074 quod
3224 5001 3429 5054 formae
3472 5000 3532 5054 in

1874 5102 2054 5155 choro
2082 5099 2377 5168 tapetibus
2409 5097 2849 5165 cooperiuntur,
2883 5091 3039 5162 quod
3063 5091 3134 5144 ad
3167 5105 3453 5159 vesperas
3479 5093 3533 5141 et

1868 5190 2184 5246 matutinas
2213 5191 2346 5240 ante
2391 5186 2572 5238 altare
2620 5183 2774 5236 cerei
2809 5181 3066 5252 quinque
3108 5178 3531 5244 accenduntur,

1869 5297 2001 5335 cum
2033 5279 2199 5342 alias,
2236 5276 2347 5328 nisi
2381 5279 2507 5327 tres
2541 5271 2694 5342 quod
2730 5269 3013 5323 sacerdos
3041 5267 3246 5322 altaria
3266 5269 3534 5320 incensat

1869 5371 1927 5424 in
1961 5383 2164 5437 cappa,
2199 5364 2356 5435 quod
2387 5363 2454 5416 ad
2476 5361 2712 5416 easdem
2741 5360 2919 5412 horas
2952 5358 3066 5411 duo
3088 5356 3256 5426 pueri
3280 5370 3534 5425 respon-

1872 5458 2031 5514 soria
2063 5453 2391 5518 decantant,
2419 5453 2475 5505 et
2504 5448 2938 5503 Benedicamus
2967 5443 3540 5517 pronuntiant,quod

1872 5547 1943 5601 ad
1973 5547 2240 5600 nocturn.
2275 5542 2390 5596 duo
2421 5540 2675 5593 lectores
2707 5540 2764 5591 et
2795 5552 2910 5590 non
2940 5536 3164 5605 plures,
3200 5549 3531 5602 responso-

1873 5641 1959 5696 ria
1991 5637 2286 5708 quartum,
2319 5627 2352 5681 8
2383 5631 2438 5682 et
2474 5626 2538 5682 12
2570 5629 2824 5694 cantant,
2859 5624 3014 5695 quod
3035 5624 3229 5693 ipsum
3262 5634 3536 5690 respons.

1874 5723 2186 5786 duodecim
2217 5720 2538 5790 recantant,
2564 5715 2722 5790 quod
2753 5713 2822 5770 ad
2847 5712 3132 5786 majorem
3162 5709 3409 5764 missam
3427 5719 3544 5762 om-
