4028 6176
473 347 594 409 655

1413 344 1820 407 UDALRICI
1869 342 2486 409 CLUNIACENSIS
2527 346 2947 414 MONACHI.

3734 357 3828 424 656

474 561 582 601 nes
632 547 730 619 qui
764 548 997 601 cantare
1049 545 1244 600 sciunt
1299 549 1436 599 sunt
1487 546 1543 598 in
1589 545 1766 615 albis,
1819 545 1974 615 quod
2006 547 2141 615 post
2170 534 2206 596 Χ
2240 547 2639 601 matutinalem
2671 548 2916 602 missam
2947 549 3166 604 habent
3212 552 3269 603 et
3317 549 3402 603 illi
3443 553 3556 605 tres
3593 552 3703 609 dies
3726 560 3829 624 post

474 635 708 689 alleluia
738 635 1007 705 quaedam
1039 634 1288 687 melodis
1311 635 1646 688 neumatum
1670 636 1954 699 cantatur,
1981 633 2135 702 quod

472 724 841 792 sequentiam
873 722 1112 793 quidam
1141 722 1452 791 appellant,
1488 726 1548 775 ut
1580 721 1638 773 in
1669 720 2047 790 Depositione
2071 722 2132 773 S.

473 810 682 879 Mauri,
717 810 773 863 in
805 810 1118 863 Nativitate
1164 810 1224 863 S.
1274 808 1592 877 Vincentii,
1628 809 1685 861 in
1732 809 2132 864 Conversione

474 897 533 952 S.
574 898 757 966 Pauli,
793 899 845 950 in
878 897 1067 951 Natali
1117 896 1517 967 apostolorum
1559 897 1774 968 Philipi
1801 902 1859 951 et
1885 897 2131 968 Jacobi;

472 985 535 1038 in
568 986 907 1039 Inventione
940 989 996 1038 et
1028 984 1393 1038 Exaltatione
1423 984 1482 1038 S.
1516 984 1767 1055 Crucis;
1800 986 1858 1038 in
1883 985 2134 1056 Deposi-

475 1073 632 1128 tione
655 1074 715 1127 S.
741 1074 1045 1142 Martialis,
1068 1074 1123 1126 in
1148 1073 1507 1143 Exceptione
1531 1073 1912 1144 reliquiarum
1925 1074 1985 1129 S.
2001 1074 2139 1129 Gre-

474 1163 647 1235 gorii,
686 1164 739 1215 in
792 1162 980 1215 Natali
1014 1161 1072 1215 S.
1127 1162 1353 1231 Jacobi,
1390 1162 1449 1214 in
1481 1162 1860 1231 Depositione
1899 1162 1959 1217 S.
1991 1163 2137 1217 Ger-

472 1251 647 1315 mani,
682 1251 739 1303 in
770 1250 1109 1304 lnventione
1132 1252 1192 1302 S.
1224 1250 1525 1319 Stephani,
1560 1250 1619 1303 in
1648 1250 1863 1304 Octava
1894 1251 2139 1306 Assum-

467 1339 685 1409 ptionis
714 1340 773 1392 S.
810 1339 1029 1407 Mariae,
1066 1339 1124 1391 in
1174 1338 1488 1391 Nativitate
1531 1338 1591 1393 S.
1642 1339 2035 1408 Bartolomaei,
2069 1340 2129 1394 in

473 1426 787 1481 Nativitate
823 1427 1402 1481 sanctorumJuliani
1423 1431 1479 1482 et
1502 1427 1818 1498 Hermetis,
1844 1428 1903 1482 in
1930 1428 2137 1483 Decol-

470 1516 685 1570 latione
811 1515 1058 1570 Joannis
1094 1516 1404 1585 Baptistae,
1440 1516 1499 1569 in
1542 1516 1857 1571 Nativitate
1887 1516 1949 1573 S.
1983 1518 2138 1572 Mar-

470 1603 603 1659 celli
635 1605 913 1674 martyris
946 1623 960 1668 ;
995 1604 1052 1657 in
1084 1603 1447 1674 Exceptione
1476 1604 1537 1658 S.
1572 1604 1835 1659 Marcelli
1864 1622 2054 1677 papa,
2078 1608 2135 1659 in

470 1691 788 1747 Nativitate
818 1692 879 1746 S.
914 1692 1165 1764 Aﬂgidii,
1199 1693 1257 1745 in
1302 1692 1617 1747 Nativitate
1648 1693 1709 1747 S.
1757 1693 2045 1765 Mauricii,
2077 1696 2135 1749 in

470 1780 787 1835 Nativitate
819 1780 878 1834 S.
917 1779 1204 1851 Dionysii,
1238 1780 1297 1834 in
1331 1781 1710 1850 Depositione
1731 1781 1791 1837 S.
1826 1783 2046 1854 Luce;
2078 1784 2136 1837 in

2243 635 2491 703 primum
2507 652 2621 689 non
2644 637 2835 691 solum
2856 638 3104 693 Pascha
3117 642 3173 693 et
3191 638 3681 711 Pentecostes,sed
3692 644 3827 698 etiam

2246 723 2472 778 Natalis
2497 724 2748 780 Domini.
2767 725 2906 781 Item
2922 732 3061 782 sunt
3081 728 3213 782 aliae
3236 729 3293 782 in
3309 728 3519 799 quibus
3530 729 3628 784 hoc
3645 734 3832 800 apponi-

2246 814 2371 879 tur;
2404 815 2559 883 quod
2594 818 2708 868 tota
2736 816 2987 870 ecclesia
3014 832 3046 870 a
3087 817 3201 871 fine
3231 832 3422 888 usque
3450 818 3517 872 ad
3546 818 3697 873 finem
3720 821 3831 875 dor-

2245 903 2474 957 salibus
2494 905 2828 972 adornatur,
2858 908 2914 960 et
2930 920 3166 960 corona:
3189 907 3603 973 accenduntur;
3625 909 3831 980 quodin-

2242 995 2334 1046 ter
2362 996 2686 1048 nocturnos
2735 993 2919 1063 altare
2965 995 3288 1066 principale
3328 998 3416 1049 ter
3454 996 3755 1051 incensatur
3776 998 3829 1050 ad

2240 1084 2469 1136 tertiam
2488 1084 2820 1153 lectionem,
2838 1084 2906 1138 ad
2927 1086 3255 1156 septimam,
3275 1089 3333 1139 et
3352 1086 3422 1139 ad
3440 1085 3835 1153 undecimam,et

2238 1172 2603 1227 thuribulum
2626 1173 2698 1227 ab
2724 1174 2854 1243 ipso
2893 1174 3203 1229 sacerdote
3226 1175 3327 1245 qui
3358 1175 3663 1229 incensavit
3688 1190 3833 1245 cappa

2240 1261 2442 1315 induto
2466 1266 2733 1331 portatur
2763 1262 3120 1334 generaliter
3138 1264 3210 1317 ad
3232 1263 3471 1331 fratres,
3491 1267 3543 1318 et
3560 1264 3611 1316 in
3628 1264 3835 1317 clioroet

2238 1353 2402 1405 extra
2426 1351 2693 1419 chorum,
2726 1356 2790 1406 ut
2820 1352 2889 1406 ad
2922 1351 3166 1406 Vincula
3196 1351 3256 1406 S.
3279 1352 3457 1419 Petri,
3480 1353 3534 1404 in
3562 1352 3831 1406 festivitate

2237 1438 2507 1493 Omnium
2531 1439 2899 1509 Sanctorum,
2934 1441 2993 1495 in
3017 1442 3231 1510 Depos.
3262 1440 3323 1495 S.
3354 1441 3591 1508 Martini,
3610 1441 3662 1493 in
3693 1440 3835 1493 Dedi-

2240 1527 2468 1582 eatione
2491 1527 2799 1596 Ecclesim,
2822 1531 2872 1583 si
2888 1530 3149 1585 evenerit
3171 1532 3336 1583 extra
3347 1528 3833 1601 Quadragesimam.

2238 1615 2393 1670 Sola:
2424 1616 2683 1687 quinque
2705 1619 3063 1687 principales
3096 1618 3448 1672 festivitates
3470 1618 3539 1672 ad
3571 1616 3836 1687 superlati-

2237 1720 2377 1759 vum
2409 1706 2655 1776 gradum
2688 1709 3120 1776 quodammodo
3151 1708 3508 1778 pertingant,
3539 1706 3592 1760 id
3620 1708 3715 1769 est,
3732 1704 3837 1759 Nat.

2239 1792 2343 1847 SS.
2380 1792 2538 1848 Petri
2559 1798 2615 1848 et
2644 1795 2829 1862 Pauli,
2855 1796 3199 1865 Assumptio
3220 1796 3281 1849 S.
3304 1796 3520 1861 Mariae,
3543 1810 3664 1849 cum
3682 1794 3839 1847 tribus

470 1868 797 1966 ἕειῑίνίξιλιθ¹
918 1869 1245 1966 ﬁci-Diligis.
1282 1870 1340 1966 if}
1379 1869 2135 1966 Νξῑίνξῑθιίθῌθροεῑοὶοΐξιω
2159 1904 2209 1966 Β
2240 1881 2413 1935 festis
2447 1883 2789 1952 Dominicis,
2824 1900 2958 1954 quae
3001 1884 3116 1938 hoc
3159 1885 3376 1938 habent
3405 1883 3691 1956 singulare
3715 1881 3841 1952 quod

468 1955 726 2011 Simonis
748 1960 805 2010 et
824 1956 1014 2024 Judae,
1035 1957 1093 2012 in
1117 1956 1429 2011 Nativitate
1446 1957 1505 2011 S.
1539 1956 1795 2021 Quintini
1819 1962 2132 2032 martyris;

468 2045 529 2099 in
560 2045 939 2114 Depositione
970 2046 1029 2100 S.
1064 2046 1286 2100 Odonis
1317 2046 1588 2115 abbatis;
1629 2048 1690 2101 in
1720 2048 2038 2104 Nativitate
2069 2049 2129 2105 S.

470 2132 711 2187 Thomas
743 2133 1015 2201 apostoli.
1049 2132 1207 2186 Inter
1234 2149 1386 2204 quas
1406 2137 1601 2188 tamen
1632 2134 2008 2206 festivitates,
2036 2138 2133 2193 In-

466 2222 662 2275 ventio
695 2226 750 2275 et
780 2221 1066 2275 Exaltatio
1085 2225 1308 2276 sanctae
1338 2223 1552 2277 Crueis
1574 2223 1725 2279 hanc
1748 2225 1967 2280 habent
1988 2242 2135 2294 prae-

466 2311 796 2381 rogativam
837 2313 900 2364 ut
947 2309 1018 2363 ad
1064 2308 1354 2379 majorem
1399 2310 1644 2365 missam
1689 2314 1892 2383 cappis
1925 2330 2132 2370 omnes

464 2399 801 2453 induantur.
838 2398 977 2452 Item
1009 2398 1280 2469 quaedam
1325 2403 1464 2453 sunt
1514 2402 1571 2453 in
1603 2401 1715 2455 hoc
1758 2402 2126 2472 superiores,

465 2488 619 2559 quod
657 2488 713 2540 in
748 2486 928 2541 choro
959 2486 1074 2540 duo
1110 2486 1369 2541 dorsalia
1419 2488 1515 2556 (2),
1551 2492 1607 2541 et
1647 2504 1757 2543 sex
1802 2490 1862 2543 in
1890 2493 2133 2561 presby-

464 2576 613 2630 terio
644 2576 1133 2644 suspenduntur;
1185 2576 1341 2645 quod
1371 2576 1430 2628 hi
1458 2578 1572 2630 duo
1605 2578 1706 2647 qui
1735 2579 2131 2635 invitatorium

465 2668 603 2720 sunt
643 2664 928 2717 cantaturi
973 2668 1088 2717 tam
1134 2664 1335 2733 cappis
1366 2665 1684 2718 induantur
1713 2682 1888 2735 quam
1921 2683 2127 2722 omnes

462 2753 537 2808 ad
566 2753 851 2824 majorem
884 2752 1129 2806 missam
1159 2768 1173 2821 ;
1226 2753 1384 2823 quod
1429 2754 1500 2806 ad
1534 2769 1819 2823 vesperas
1850 2759 1906 2810 et
1939 2760 2129 2811 matu-

463 2843 618 2897 tinas
652 2857 832 2911 super
862 2842 1155 2896 canticum
1183 2840 1488 2913 Evangelii
1519 2842 1577 2896 in
1608 2843 1719 2896 tria
1747 2845 2011 2899 membra
2041 2846 2123 2899 di-

461 2932 593 2986 visa
626 2936 712 2986 ter
743 2932 1008 2984 cantatur
1032 2947 1046 2995 ;
1077 2930 1267 3000 primo
1296 2935 1428 2984 ante
1453 2930 1718 2985 ultimum
1749 2932 2121 3005 versum(2'),

456 3019 628 3075 tertio
646 3021 781 3089 post
801 3017 1001 3073 Gloria
1019 3018 1199 3073 Patri
1215 3018 1390 3073 simul
1407 3019 1759 3075 abomnibus
1792 3036 1803 3076 :
1829 3022 1985 3093 quod
2006 3038 2123 3078 me-

462 3108 620 3164 lodia
670 3108 1025 3162 solemniore
1081 3122 1256 3178 quam
1302 3108 1360 3160 in
1425 3108 1558 3162 aliis
1600 3109 1811 3163 diebus
1860 3114 2127 3166 cantatur

461 3197 714 3268 hymnus
743 3196 931 3251 tertiae
960 3198 1017 3250 et
1047 3196 1295 3250 duarum
1326 3198 1699 3267 sequentium
1733 3198 2033 3269 horarum,
2068 3204 2123 3254 et

457 3285 645 3357 prima
676 3284 1035 3339 solemniore
1085 3300 1260 3353 quam
1300 3284 1471 3338 etiam
1504 3285 1559 3338 in
1592 3285 1931 3354 Dominica;
1963 3289 2120 3359 quod
2152 3258 2205 3322 θ

458 3375 646 3429 Missa
679 3373 902 3445 majore
938 3373 1095 3428 finita
1141 3373 1331 3427 omnia
1375 3373 1548 3445 signa
1592 3375 1935 3446 pulsantur,
1968 3381 2032 3431 ut
2059 3378 2120 3433 in

458 3463 774 3517 Nativitate
803 3462 864 3515 S.
898 3462 1144 3516 Joannis
1178 3460 1573 3533 Evangelistaa
1596 3466 1654 3518 et
1682 3464 2114 3536 Innocentium,

459 3554 521 3606 in
552 3550 1021 3604 Circumcisione
1051 3549 1305 3619 Domini,
1331 3550 1389 3602 in
1418 3550 1798 3620 Depositione
1828 3555 1888 3609 S.
1918 3554 2118 3611 0dilo-

458 3640 573 3709 nis,
608 3640 665 3692 in
693 3639 821 3691 Nat.
855 3637 914 3692 S.
951 3637 1213 3691 Marcelli
1244 3654 1430 3708 papae,
1455 3639 1514 3693 in
1538 3639 1668 3694 Nat.
1703 3641 1762 3696 S.
1798 3642 2116 3715 Fortunati,

458 3730 518 3783 in
548 3726 838 3783 Cathedra
866 3727 925 3781 S.
965 3727 1140 3794 Petri,
1175 3726 1228 3780 si
1260 3729 1523 3781 evenerit
1553 3733 1717 3783 extra
1733 3730 2127 3803 Quadragesi-

455 3832 631 3886 mam,
664 3816 723 3869 in
752 3815 870 3869 illis
904 3815 1097 3869 tribus
1115 3815 1325 3869 diebus
1356 3815 1603 3871 Paschae
1635 3822 1690 3871 et
1705 3819 2113 3893 Pentecostes,

454 3907 517 3960 in
544 3906 688 3975 Dep.
726 3906 786 3959 S.
813 3904 1033 3976 Majoli,
1073 3905 1131 3959 in
1167 3907 1721 3963 commemoratione
1746 3907 1807 3962 S.
1839 3908 2025 3978 Pauli,
2058 3911 2117 3964 in

453 3995 668 4051 Octava
694 3996 796 4049 SS.
839 3993 1240 4064 apostolorum
1262 3995 1415 4049 Petri
1448 3998 1504 4050 et
1527 3997 1716 4067 Pauli,
1756 3998 1815 4051 in
1841 3998 2114 4054 Transla-

454 4086 611 4139 tione
649 4086 709 4138 S.
746 4083 1067 4153 Benedicti,
1103 4085 1160 4135 in
1184 4083 1314 4137 Nat.
1353 4084 1413 4138 S.
1435 4085 1778 4155 gLaurentii,
1804 4088 1862 4140 in
1895 4089 2026 4143 Nat.
2050 4087 2111 4143 S.

452 4173 676 4243 Mariae,
699 4174 758 4227 in
781 4173 987 4227 Nat.S.
1016 4173 1216 4227 Matth.
1250 4173 1309 4228 in
1343 4173 1657 4229 festivitate
1687 4175 1748 4230 S.
1784 4176 2110 4248 Michaelis,

451 4263 510 4317 in
542 4262 674 4317 Nat.
706 4261 766 4316 S.
804 4261 1078 4316 Andreae.
1114 4261 1225 4315 Ubi
1258 4265 1454 4317 tamen
1475 4264 1795 4319 notandum
1817 4266 1973 4335 quod
2002 4282 2116 4320 ma-

450 4351 619 4406 tutini
644 4351 1018 4420 excipiuntur
1038 4351 1096 4403 in
1120 4350 1236 4403 illis
1251 4351 1440 4405 tribus
1458 4352 1706 4407 Paschaa
1724 4358 1778 4408 et
1796 4355 2111 4409 Pentecos-

449 4444 573 4510 tes;
604 4442 661 4494 et
681 4439 837 4510 quod
869 4440 1220 4509 Antiphone
1258 4455 1376 4493 non
1407 4444 1801 4509 recantantur,
1849 4446 1910 4497 ut
1941 4445 2113 4499 etiam

451 4545 561 4584 nec
591 4529 650 4583 in
684 4529 814 4582 Nat.
849 4530 911 4582 S.
946 4528 1208 4581 Marcelli
1239 4543 1407 4599 papm
1436 4532 1493 4582 et
1523 4529 1583 4583 S.
1617 4530 1892 4586 Matthaai.

521 4619 663 4673 Item
696 4621 835 4671 sunt
864 4632 997 4687 quae
1031 4618 1090 4668 in
1114 4616 1225 4670 hoc
1244 4618 1702 4690 superemineat,
1727 4620 1880 4690 quod
1904 4621 2109 4676 invita-
2139 4614 2191 4678 Γ)

447 4707 721 4763 tatorium
740 4708 991 4777 quatuor
1007 4707 1257 4773 cantant,
1279 4707 1435 4776 quod
1456 4706 1692 4778 singula
1722 4712 2108 4779 responsoria

448 4796 813 4852 cantantduo
832 4794 925 4849 vel
946 4794 1150 4864 plures
1177 4812 1190 4860 ;
1224 4795 1383 4865 quod
1417 4795 1489 4848 ad
1508 4811 1792 4865 vesperas
1819 4801 1874 4852 et
1901 4805 2103 4856 matut.

445 4901 563 4940 non
593 4886 780 4955 pueri,
821 4883 926 4938 sed
964 4883 1225 4954 majores
1250 4886 1483 4937 cantant
1510 4889 1916 4959 responsoria,
1951 4890 2109 4959 quod

444 4975 560 5028 duo
590 4974 913 5028 thuribulis
945 4973 1254 5026 incensant
1274 5014 1289 5042 ,
1333 4973 1492 5041 quod
1520 4974 1592 5027 ad
1622 4977 2019 5032 matutinalem
2048 4981 2105 5033 et

442 5063 736 5133 majorem
757 5063 1002 5116 missam
1023 5077 1136 5117 non
1167 5062 1282 5115 nisi
1312 5078 1425 5115 una
1447 5063 1693 5118 collecta
1721 5069 1814 5119 est
1832 5066 2098 5137 dicenda,

443 5151 601 5221 quod
622 5156 848 5221 septem
870 5152 1026 5206 cerei
1048 5154 1179 5207 ante
1204 5150 1390 5206 altare
1422 5152 1844 5222 accenduntur,
1868 5156 2024 5226 quod
2042 5156 2101 5210 in

443 5238 627 5293 choro
650 5246 901 5309 quatuor
916 5242 1089 5310 pallia
1124 5242 1257 5296 etin
1295 5241 1666 5312 presbyterio
1684 5247 1816 5297 octo
1849 5258 2099 5314 suspen-

441 5327 679 5394 duntur,
717 5332 775 5380 ut
806 5329 864 5381 in
916 5330 1045 5383 Nat.
1089 5330 1148 5383 S.
1201 5330 1500 5400 Stephani,
1550 5331 1609 5383 in
1658 5332 2006 5401 Epiphania,
2037 5334 2097 5389 in

440 5415 781 5486 Hypapante
808 5417 1054 5484 Domini,
1094 5419 1151 5471 in
1192 5418 1326 5489 ejus
1351 5419 1738 5487 Ascensione,
1764 5421 1822 5473 in
1854 5421 2091 5478 Nativit.

437 5503 499 5559 S.
534 5503 780 5559 Joannis
814 5505 977 5575 Bapt.
1015 5505 1139 5560 Hoc
1187 5512 1382 5562 autem
1411 5508 1483 5561 de
1522 5507 1710 5576 prima
1741 5508 1983 5565 collecta
2017 5512 2091 5567 ad

2239 1970 2311 2024 ad
2343 1974 2666 2026 nocturnos
2693 1971 2824 2026 vice
2857 1972 3045 2027 scillae
3066 1972 3379 2042 pulsantur
3409 1973 3594 2029 omnia
3615 1971 3841 2042 signa,et

2239 2064 2445 2128 postea
2477 2076 2594 2115 non
2625 2060 2884 2132 singula,
2917 2062 3023 2115 sed
3056 2062 3171 2116 duo
3203 2062 3400 2130 simul,
3435 2063 3583 2116 sicut
3610 2059 3761 2114 etiam
3786 2057 3842 2110 ad

2238 2165 2432 2220 vesp.;
2471 2146 2625 2219 quod
2659 2149 2801 2203 illud
2842 2150 3208 2221 triangulare
3239 2154 3371 2205 ante
3406 2152 3608 2204 factam
3644 2161 3841 2202 crucem

2236 2238 2576 2308 dependens
2627 2238 2989 2305 accenditur,
3032 2239 3188 2309 quod
3235 2239 3321 2292 illi
3365 2253 3596 2309 quoque
3646 2234 3841 2290 maximi

2233 2327 2389 2381 cerei
2421 2330 2544 2381 tres
2577 2330 2711 2396 post
2742 2327 2924 2381 altare
2953 2327 3298 2397 principale,
3330 2330 3386 2381 et
3410 2331 3626 2397 septem
3652 2323 3714 2378 ad
3735 2338 3844 2376 san-

2234 2418 2381 2469 ctam
2415 2430 2653 2469 crucem
2682 2416 2919 2470 accensi
2952 2416 3024 2470 de
3056 2416 3352 2484 vesperis,
3372 2430 3563 2486 usque
3582 2414 3647 2467 ad
3674 2426 3843 2481 vespe-

2233 2519 2355 2572 ras,
2376 2503 2492 2557 imo
2514 2518 2704 2574 usque
2725 2502 2796 2557 ad
2816 2504 3261 2573 completorium
3278 2504 3354 2557 ita
3369 2504 3676 2574 perdurant
3691 2498 3843 2570 ;quod

2232 2591 2307 2645 ad
2336 2596 2566 2646 noctur.
2600 2592 2710 2646 tria
2754 2591 2979 2646 diversi
3010 2592 3230 2648 coloris
3259 2592 3435 2662 pallia
3485 2606 3658 2662 super
3697 2588 3842 2642 altare

2233 2679 2560 2751 principale
2590 2680 2899 2734 mittuntur
2938 2679 3280 2751 singulatim
3311 2679 3666 2748 auferenda;
3690 2677 3843 2747 primo

2234 2768 2305 2822 ad
2336 2768 2511 2824 ﬁnem
2547 2769 2972 2838 Responsorii;
3002 2769 3140 2823 item
3164 2770 3375 2839 octavi,
3399 2773 3460 2824 et
3477 2770 3609 2840 post
3624 2764 3842 2829 Cantica;

2233 2856 2391 2927 quod
2411 2857 2719 2927 processio
2751 2872 2859 2927 per
2890 2857 3213 2912 claustrum
3237 2862 3349 2911 tam
3374 2855 3657 2914 solemnis
3685 2852 3847 2924 agitur

2233 2948 2294 2999 ut
2321 2960 2440 2999 non
2471 2944 2664 3000 solum
2695 2961 2928 3015 cruces,
2967 2947 3073 3001 sed
3112 2947 3287 3001 etiam
3317 2950 3520 3001 textus
3548 2939 3844 3013 Evangelii,

2232 3032 2607 3104 candelabra,
2640 3036 2698 3088 et
2743 3037 2956 3089 cetera
2987 3050 3238 3105 queque
3278 3026 3519 3090 mobilia
3551 3030 3849 3088 ornamenta

2227 3124 2553 3192 portentur.
2588 3122 2654 3177 In
2681 3122 2919 3178 Octavis
2955 3123 3376 3189 Pcntecostes;
3417 3115 3848 3178 commemoratio

2229 3211 2289 3265 S.
2324 3211 2648 3277 Trinitatis,
2681 3215 2740 3265 et
2759 3211 3138 3266 Annuntiatio
3168 3211 3230 3267 S.
3262 3212 3491 3282 Mariae,
3506 3212 3560 3266 si
3576 3203 3848 3277 contigerit

2227 3301 2391 3353 extra
2411 3298 2939 3371 Quadragesimam
2956 3298 3456 3371 celebranda,hoc
3476 3300 3662 3355 solum
3682 3296 3847 3350 minus

2227 3387 2447 3442 habent
2474 3376 2630 3460 quod
2661 3388 2735 3443 ad
2761 3393 3088 3444 nocturnos
3117 3389 3231 3443 tria
3271 3390 3453 3458 pallia
3496 3404 3615 3444 non
3641 3386 3711 3440 ita
3737 3382 3847 3436 mit-

2225 3481 2429 3532 tuntur
2448 3493 2633 3548 super
2679 3479 2879 3548 altare,
2913 3482 2970 3533 et
3000 3478 3314 3548 processio
3354 3493 3431 3534 eo
3461 3479 3727 3549 apparatu
3754 3485 3847 3526 non

2226 3567 2442 3637 agitur.
2475 3568 2682 3636 Prosa,
2708 3569 2801 3621 vel
2822 3567 2981 3638 quod
3000 3567 3097 3620 alii
3117 3567 3494 3637 sequentiam
3518 3566 3732 3631 vocant,
3753 3574 3847 3613 non

2227 3658 2494 3710 cantatur
2536 3656 2653 3709 nisi
2700 3656 2757 3710 in
2803 3657 3063 3727 quinque
3114 3656 3286 3710 festis
3328 3652 3775 3727 principalibus,
3804 3649 3848 3700 in

2226 3743 2572 3814 Epiphania,
2606 3745 2663 3798 in
2695 3745 3065 3799 Ascensione
3098 3744 3351 3814 Domini,
3386 3746 3450 3799 in
3481 3739 3847 3797 Translatione

2224 3832 2283 3886 S.
2318 3833 2640 3888 Benedicti.
2674 3837 2734 3887 et
2768 3834 2828 3887 in
2865 3833 3000 3889 Nat.
3050 3832 3111 3889 S.
3153 3832 3445 3888 Mauricii.
3482 3832 3606 3887 Hoc
3648 3840 3848 3901 quoque

2225 3922 2533 3977 sciendum
2564 3924 2635 3977 de
2665 3923 2815 3993 ipsis
2858 3922 3276 3976 festivitatibus
3306 3924 3470 3993 quia,
3505 3922 3558 3975 si
3588 3920 3711 3974 dum
3736 3929 3845 3969 con-

2223 4012 2486 4066 tinuatim
2519 4011 2913 4079 celebrantur,
2945 4013 3003 4065 et
3021 4011 3368 4081 pracedens
3391 4009 3642 4081 majoris
3668 4010 3751 4061 est
3776 4018 3850 4057 re-

2221 4102 2523 4169 verentiae,
2549 4100 2621 4155 de
2650 4100 3022 4171 praecedente
3043 4115 3279 4171 quoque
3311 4099 3597 4154 secundae
3614 4105 3848 4164 vesperae

2222 4189 2497 4244 dicuntur
2529 4206 2600 4243 ex
2632 4192 2771 4260 toto,
2805 4192 2861 4243 et
2881 4190 2953 4244 de
2982 4191 3267 4260 sequente
3298 4188 3542 4244 nonnisi
3570 4183 3851 4254 antiphona

2221 4282 2276 4333 et
2300 4278 2564 4334 collecta.
2596 4277 2975 4348 Quaecunque
3003 4280 3195 4332 autem
3219 4277 3518 4333 festivitas
3541 4277 3598 4329 in
3618 4270 3851 4339 Quadra-

2221 4368 2447 4440 gesima
2488 4367 2838 4436 celebratur,
2872 4366 3014 4421 nihil
3045 4368 3097 4421 ei
3130 4367 3385 4436 amplius
3418 4367 3541 4421 ullo
3571 4361 3735 4418 modo
3766 4358 3853 4412 de-

2218 4456 2406 4511 fertur
2435 4474 2609 4528 quam
2643 4458 2739 4510 uni
2773 4456 2889 4510 diei
2931 4455 3292 4525 Dominicm;
3338 4472 3417 4511 ex
3457 4455 3555 4510 his
3591 4451 3851 4523 quinque:

2216 4561 2465 4616 quarum
2495 4561 2678 4616 supra
2710 4544 2968 4614 memini,
3001 4547 3288 4616 exceptis.

2839 4668 3095 4726 CAPUT
3124 4669 3252 4724 XII.

2760 4778 2848 4833 De
2880 4777 3057 4833 Coena
3086 4774 3341 4833 Domini.

2290 4886 2914 4960 lnterrog.Meministi
2930 4884 3355 4956 aliquantulum
3371 4887 3753 4952 utrorumque
3763 4874 3858 4929 die-

2217 4993 2345 5032 rum
2377 4980 2434 5031 et
2477 4976 2840 5046 privatorum
2881 4976 2938 5029 et
2983 4973 3357 5043 solemnium,
3403 4972 3641 5028 scilicet
3677 4970 3732 5023 in
3759 4976 3855 5037 quo

2220 5069 2337 5123 sint
2366 5065 2720 5135 dissimiles,
2751 5068 2810 5119 et
2835 5063 3189 5136 quibusdam
3220 5078 3294 5117 ex
3323 5062 3479 5132 ipsis
3511 5053 3855 5115 solemnibus

2218 5154 2743 5224 solemnieres,sed
2759 5154 3015 5207 nondum
3029 5149 3586 5222 specialiterdixisti
3600 5149 3671 5203 de
3687 5144 3857 5214 aliquo

2212 5246 2350 5300 anni
2368 5250 2648 5315 tempore,
2670 5244 2763 5298 vel
2784 5242 2901 5311 die,
2929 5241 3025 5312 qui
3049 5241 3121 5295 ab
3144 5255 3213 5294 eo
3240 5239 3553 5310 proprium
3580 5253 3647 5291 ac
3670 5234 3855 5302 singu-

2212 5336 2335 5390 lare
2359 5334 2671 5402 habeatur;
2695 5336 2750 5387 et
2767 5336 3078 5401 prepterea
3102 5330 3154 5383 si
3179 5328 3464 5395 volueris,
3498 5330 3563 5381 ut
3585 5320 3855 5396 pollicitus

2215 5441 2301 5490 es,
2335 5441 2442 5494 pro
2474 5425 2767 5477 voluntate
2798 5424 3004 5475 nostra
3035 5433 3213 5489 agere
3235 5415 3389 5489 quod
3413 5415 3652 5486 loquor,
3684 5409 3852 5476 incipe

2215 5513 2286 5568 ab
2317 5513 2513 5585 aliquo
2543 5512 2638 5567 die
2663 5514 2727 5565 ut
2756 5508 3128 5581 singulorum
3158 5506 3384 5561 dierum
3418 5504 3517 5559 vel
3553 5508 3856 5572 temporum
3958 5494 3959 5511 ‘

503 5664 903 5735 (2)Dorsalia:
930 5665 1189 5735 dorsale,
1215 5666 1401 5736 inquit
1417 5667 1709 5723 Acherius
1741 5668 1979 5740 pallium
2001 5677 2093 5729 est
2205 5674 2532 5746 parietibus
2554 5690 2586 5728 a
2631 5672 2927 5744 penditur.

503 5751 562 5795 ιθ
595 5737 846 5795 aulaeum
877 5740 933 5794 et
953 5736 1209 5800 tapelum
1232 5739 1387 5800 quod
1407 5739 1468 5794 in
1485 5739 1667 5797 dorso
1689 5743 1944 5800 ponitur.
1965 5744 2093 5800 sive
2279 5745 2381 5800 (Ἡ
2416 5744 2525 5800 Hic
2557 5690 2779 5800 aliquid
2810 5743 2927 5800 dee:

433 5738 562 5798 sive
595 5737 846 5795 aulaeum
877 5740 933 5794 et
953 5736 1209 5809 tapelum
1232 5739 1387 5815 quod
1407 5739 1468 5794 in
1485 5739 1667 5797 dorso
1688 5736 1944 5816 ponitur,
1965 5744 2093 5803 sive

2279 5745 2381 5819 (Υ)
2416 5744 2525 5801 Hic
2557 5740 2779 5819 aliquid
2810 5743 3025 5800 deesse
3054 5740 3305 5797 videtur.
