4028 6176
212 372 324 437 657

796 371 1501 437 CONSUE’I‘UDINES
1545 373 2208 438 CLUNIACENSES.
2256 411 2333 423 —
2384 376 2642 439 LIBER
2685 380 3013 443 PRIMUS

3525 382 3645 447 658

216 571 339 625 suis
370 573 831 643 proprietatibus
853 573 1164 644 quamdam
1193 572 1556 644 praescribas
1586 572 1872 629 definitio-
1905 555 2206 646 Agcatur,
2233 577 2401 631 scilla
2433 579 2706 643 sonatur;
2739 579 2936 633 levant
2966 596 3035 634 se
3070 582 3140 634 de
3170 581 3338 636 lectis
3372 582 3523 651 suis,
3558 583 3642 637 fe-

215 675 362 729 nem,
380 666 437 715 et
460 661 615 716 sicut
634 662 911 731 superius
929 661 1124 717 fecisti
1141 662 1214 717 de
1232 665 1479 733 utroque
1498 662 1871 718 Testamento

212 763 323 820 quo
346 750 523 804 modo
552 750 868 823 legendum
897 756 1061 806 esset
1092 752 1425 822 referendo,
1445 754 1523 807 ita
1552 768 1707 807 nunc
1728 768 1873 823 quo-

210 852 321 908 que
350 836 446 891 fac
476 838 681 894 iterato
711 840 1025 911 quemdam
1057 840 1344 896 circulum
1372 843 1528 896 anni.

274 935 631 1007 Responsio.
647 934 837 992 Crede
858 938 1020 1003 mihi,
1034 938 1228 1007 Pater,
1244 939 1357 993 iste
1376 939 1677 1005 circuitus,
1696 956 1871 1010 quem

210 1024 382 1079 modo
413 1026 656 1094 quaeris,
690 1040 809 1081 non
839 1029 930 1101 est
961 1028 1037 1080 ita
1068 1026 1239 1096 levis,
1274 1028 1636 1099 multumque
1667 1028 1869 1083 diffido

207 1113 357 1166 meis
389 1113 621 1168 viribus
650 1117 745 1183 ut,
780 1116 834 1169 si
872 1116 1146 1184 incipiam
1180 1117 1259 1170 ita
1302 1120 1364 1170 ut
1404 1118 1481 1170 sit
1511 1118 1868 1186 proﬁcuum,

205 1217 235 1254 a
260 1216 360 1255 me
390 1202 598 1271 perﬁci
627 1218 743 1257 non
771 1205 984 1273 possit.
1021 1204 1239 1259 Tamen
1268 1205 1329 1259 in
1359 1204 1583 1260 Christi
1609 1205 1864 1275 nomine,

203 1292 254 1344 et
277 1305 393 1359 pro
423 1306 625 1346 amore
649 1294 764 1345 tam
797 1292 961 1346 chari
988 1292 1255 1362 petitoris
1276 1335 1291 1361 ,
1328 1297 1610 1364 quantum
1639 1296 1869 1364 possim

202 1394 311 1432 non
349 1379 616 1435 omittam
646 1382 939 1449 experiri;
978 1382 1114 1450 sed,
1152 1382 1499 1453 priusquam
1530 1383 1642 1437 hoc
1671 1383 1868 1452 ipsum

200 1466 358 1537 quod
374 1467 569 1523 habeo
582 1468 794 1523 virium
811 1469 1305 1539 deﬁciat,expedit
1318 1473 1375 1524 ut
1390 1472 1478 1525 dif
1478 1472 1686 1526 ticilior
1699 1472 1867 1526 locus

199 1556 267 1609 ad
294 1556 710 1625 incipiendum
739 1558 1010 1629 eligatur,
1037 1558 1173 1629 quia
1193 1575 1300 1628 per
1321 1560 1583 1629 planiora
1614 1561 1869 1615 curritur

197 1644 518 1714 aliquando
536 1646 708 1700 etiam
726 1663 758 1700 a
778 1646 963 1702 lasso.
988 1648 1050 1701 In
1070 1650 1193 1702 toto
1216 1652 1409 1704 autem
1428 1650 1563 1704 anni
1581 1653 1865 1720 tempore,

198 1748 306 1788 non
340 1735 443 1787 est
474 1733 654 1789 ullius
676 1735 795 1790 diei
822 1736 1176 1807 obsequium
1205 1741 1321 1791 tam
1352 1738 1658 1808 multiplex
1680 1743 1736 1793 et
1754 1744 1867 1793 tam

195 1821 500 1890 prolixum
521 1828 583 1877 ut
602 1823 662 1876 in
682 1821 861 1879 Cmna
894 1825 1157 1892 Domini;
1191 1826 1414 1882 idcirco
1436 1828 1564 1882 haec
1587 1829 1665 1884 sit
1693 1832 1866 1900 meta,

196 1915 368 1979 prout
402 1912 699 1981 postulas,
739 1917 792 1966 et
824 1928 856 1966 a
886 1928 1000 1984 qua
1029 1914 1342 1983 incipiatur
1374 1917 1429 1970 et
1460 1916 1529 1969 ad
1562 1932 1736 1987 quam
1768 1934 1866 1972 re-

195 1999 765 2071 curratur.Igiturin
781 2001 901 2056 illis
919 2002 1110 2057 tribus
1129 2004 1402 2058 noctibus
1416 2006 1721 2074 aequaliter
1732 2023 1864 2077 quae

193 2086 573 2142 Dominicam
604 2089 1125 2145 Resurrectionem
1160 2092 1533 2161 prmcedunt,
1572 2096 1866 2165 quomodo

193 2178 316 2230 ante
362 2180 534 2231 noct.
567 2178 1289 2250 ordinentumquindecim
1320 2182 1608 2249 candelae,
1646 2187 1709 2236 ut
1737 2184 1866 2237 sin-

192 2265 344 2336 gula;
365 2269 513 2320 ante
535 2266 808 2337 singulos
836 2267 1101 2337 psalmos
1129 2270 1602 2342 exstinguantur,
1622 2275 1791 2327 vacat
1807 2276 1868 2327 ut

190 2353 519 2421 referatur,
540 2354 677 2424 quia
697 2355 797 2409 illa
818 2357 1184 2411 consuetudo
1214 2359 1360 2413 satis
1391 2362 1527 2414 nota
1558 2362 1667 2428 est,
1686 2364 1741 2415 et
1761 2376 1869 2430 per

190 2440 507 2497 Ecclesias
529 2458 757 2513 omnes,
782 2461 917 2515 quae
949 2446 1007 2499 in
1038 2446 1172 2499 istis
1203 2450 1342 2501 sunt
1370 2448 1658 2518 partibus,
1680 2465 1866 2519 gene-

191 2530 344 2584 ralis.
397 2530 644 2586 Cantica
675 2533 1011 2603 quindecim
1045 2535 1335 2604 graduum
1363 2537 1477 2591 sub
1510 2538 1743 2592 silentio
1775 2539 1867 2591 d1-

190 2624 437 2689 cuutur;
468 2636 583 2676 nec
604 2623 797 2676 tamen
816 2623 1100 2677 omittitur
1115 2639 1221 2692 per
1238 2625 1509 2696 singulas
1542 2626 1866 2682 incisiones

190 2724 371 2778 super
409 2709 640 2764 formas
669 2712 997 2775 procumbi.
1043 2712 1109 2765 In
1139 2712 1326 2781 prima
1353 2715 1523 2768 nocte
1556 2714 1868 2784 pulsantur

188 2798 255 2851 ad
282 2801 630 2853 nocturnos
660 2801 852 2853 omuia
883 2800 1076 2871 signa,
1098 2801 1159 2854 in
1188 2816 1302 2871 qua
1332 2807 1389 2855 et
1417 2802 1475 2855 in
1506 2803 1738 2857 duabus
1771 2820 1862 2857 se-

188 2887 519 2956 quentibus
557 2888 674 2957 ipsi
721 2890 997 2943 nocturni
1037 2893 1322 2960 geruntur
1360 2906 1393 2944 a
1434 2891 1608 2946 nobis
1658 2893 1864 2947 eodem

188 2976 353 3029 modo
392 2992 520 3046 quo
551 2992 584 3028 a
617 2976 941 3045 canonicis,
961 2978 1229 3047 psalmis,
1253 2978 1626 3049 lectionibus,
1653 2984 1709 3034 et
1737 2997 1865 3034 res-

186 3064 502 3133 ponsoriis
544 3065 618 3119 ad
657 3066 1081 3120 novennarium
1124 3067 1620 3138 pertingentibus.
1654 3069 1864 3137 Primae

189 3156 301 3207 tres
325 3154 635 3208 lectiones
658 3154 730 3209 de
754 3154 1298 3209 Lamentationibus
1325 3157 1597 3210 Jeremiae
1616 3158 1779 3224 ﬁunt,
1806 3157 1865 3211 in

187 3243 411 3312 quibus
432 3245 631 3296 tamen
653 3258 771 3296 non
793 3243 868 3297 ita
891 3244 1209 3298 canonicos
1227 3244 1522 3298 imitamur
1539 3247 1600 3299 ut
1622 3261 1723 3300 eas
1747 3261 1863 3300 non

186 3334 295 3383 tam
310 3332 533 3403 legere
545 3346 720 3402 quam
736 3334 970 3386 cantare
980 3332 1462 3401 videamur,sicut
1476 3334 1559 3387 illi
1570 3349 1675 3402 per
1686 3334 1863 3388 multa

186 3418 304 3491 loca
335 3419 570 3487 solent,
592 3419 808 3490 illaque
830 3420 1138 3490 alphabeta
1156 3422 1391 3475 omnino
1418 3424 1709 3489 tacemus;
1740 3427 1864 3477 tres

187 3511 520 3579 sequentes
552 3509 627 3563 de
654 3513 902 3563 tractatu
933 3510 994 3564 S.
1022 3510 1341 3581 Augustini
1363 3526 1545 3579 super
1572 3512 1865 3580 psalmum

186 3597 646 3669 sexagesimum
685 3598 1033 3667 secundum,
1066 3602 1189 3652 tres
1229 3598 1574 3653 novissimae
1605 3599 1676 3654 de
1707 3599 1863 3669 Apo-

186 3686 331 3741 stolo
362 3702 516 3758 quae
548 3687 606 3739 in
637 3688 823 3756 prima
845 3691 1013 3741 nocte
1044 3687 1329 3757 incipiunt
1360 3688 1432 3742 ab
1465 3703 1535 3741 eo
1566 3689 1695 3742 loco
1730 3687 1862 3758 Epi-

185 3775 350 3830 stula:
381 3776 468 3830 ad
502 3773 874 3829 Corinthios:
903 3774 1168 3829 Primum
1196 3775 1428 3846 quidem
1460 3777 1863 3831 convenienti-

181 3864 291 3919 bus
324 3864 512 3920 vobis
540 3865 602 3918 in
635 3863 911 3933 ecclesia,
936 3864 1110 3919 audio
1139 3866 1441 3918 scissuras
1471 3880 1625 3919 esse.
1664 3865 1729 3919 In
1761 3881 1862 3920 se-

185 3955 373 4008 cunda
431 3955 606 4007 nocte
651 3953 727 4006 ab
773 3969 843 4007 eo
893 3954 1021 4007 loco
1072 3952 1352 4022 Epistolas
1399 3953 1472 4006 ad
1518 3953 1857 4009 Hebraeos:

183 4042 579 4098 Festinamus
607 4042 853 4113 ingredi
881 4042 942 4094 in
970 4041 1169 4104 illam;
1202 4042 1261 4096 in
1286 4042 1455 4095 tertia
1484 4046 1654 4097 nocte
1687 4043 1760 4097 ab
1792 4059 1862 4097 eo

182 4130 309 4186 loco
328 4130 619 4202 ejusdem
637 4130 926 4200 epistolae;
947 4129 1227 4184 Christus
1243 4130 1858 4186 assistensPontil‘ex.

183 4220 263 4274 De
295 4203 431 4275 hoc-
455 4235 693 4290 quoque
727 4234 843 4272 non
874 4223 965 4273 est
997 4234 1146 4288 opus
1176 4220 1421 4273 verbum
1456 4219 1670 4286 facere,
1705 4221 1862 4291 quod

183 4324 296 4363 non
319 4309 533 4364 minus
562 4310 657 4363 est
685 4309 917 4376 scitum,
941 4312 996 4361 et
1021 4312 1362 4375 nocturnos,
1379 4310 1435 4361 et
1458 4324 1663 4363 omnes
1682 4309 1862 4363 horas

184 4397 412 4469 absque
436 4413 640 4466 versu,
659 4397 817 4451 Deus
833 4398 895 4450 in
914 4398 1096 4467 adjul.
1115 4413 1247 4450 cum
1261 4399 1431 4451 venia
1447 4402 1638 4451 tamen
1658 4398 1859 4452 incho-

187 4490 288 4553 ari,
314 4492 373 4541 et
405 4486 486 4541 ab
519 4486 861 4554 antipbonis
884 4502 1133 4555 quarum
1165 4486 1337 4539 etiam
1368 4486 1527 4540 nulla
1558 4502 1690 4540 cum
1721 4487 1863 4542 deﬁ-

189 4576 409 4631 nitione
434 4574 562 4630 toni
580 4575 806 4643 finitur;
832 4575 1114 4629 lectiones
1130 4590 1362 4645 quoque
1382 4576 1556 4629 solito
1579 4591 1740 4629 more
1753 4592 1861 4630 nec

190 4664 365 4733 incipi
398 4679 516 4719 nec
548 4664 735 4731 finiri;
770 4680 972 4718 verum
1021 4665 1092 4717 ad
1144 4665 1457 4717 matutinas
1490 4665 1697 4718 laudes
1730 4681 1862 4718 cum
1891 4641 1939 4702 Π

191 4755 427 4807 venitur
457 4753 534 4806 ad
564 4752 826 4807 Laudate
845 4752 1157 4806 Dominum
1180 4753 1253 4807 de
1275 4753 1461 4821 caelis,
1489 4753 1741 4824 quisque
1767 4753 1863 4823 ju-

190 4843 356 4895 venis
380 4841 754 4911 stabitjuxta
775 4841 1084 4895 custodem
1108 4857 1311 4907 suum;
1337 4843 1395 4895 in
1415 4843 1605 4898 medio
1625 4858 1859 4912 quoque

191 4928 447 4984 duorum
477 4945 799 5000 puerorum
817 4929 995 4984 stabit
1017 4945 1171 4984 unus
1202 4931 1491 5000 magister
1511 4946 1736 4999 eorum,
1762 4931 1862 5001 qui

193 5019 401 5073 ambos
438 5034 548 5087 per
576 5020 838 5072 manicas
880 5018 1101 5073 tenebit
1146 5035 1337 5089 usque
1385 5020 1522 5073 dum
1564 5020 1861 5073 matutinae

192 5106 370 5162 finitae
420 5108 562 5161 sint.
596 5108 741 5160 Post
781 5107 1006 5160 cantica
1048 5105 1350 5177 Evangelii
1384 5124 1516 5162 cum
1547 5107 1862 5176 antiphona

190 5212 571 5267 quaecunque
602 5196 775 5250 fuerit
806 5199 1054 5259 cantata,
1088 5197 1481 5265 procumbunt
1512 5212 1697 5265 super
1729 5198 1861 5249 for-

192 5300 339 5338 mas.
371 5287 424 5339 A
459 5285 717 5356 singulis
750 5300 961 5352 preces
993 5285 1268 5339 dicuntur
1300 5285 1411 5339 sub
1444 5285 1700 5353 silentio,
1736 5286 1864 5356 Ego

194 5372 340 5441 dixi,
368 5389 507 5425 cum
540 5374 765 5442 psalmo
796 5374 1116 5441 Miserere,
1140 5377 1195 5428 et
1227 5374 1470 5428 collecta
1502 5374 1663 5428 Deus
1693 5389 1724 5425 a
1759 5389 1865 5444 quo

197 5460 402 5527 Judas,
417 5464 558 5529 etc.,
573 5462 747 5533 signo
768 5464 921 5516 facto
950 5478 1056 5531 per
1072 5464 1328 5517 sonitum
1347 5480 1378 5516 a
1400 5463 1635 5518 domino
1656 5462 1862 5515 abbate

197 5552 601 5618 consurgunt,
640 5554 695 5604 et
724 5552 968 5606 laternis
1008 5568 1139 5606 cum
1180 5553 1395 5606 lumine
1440 5552 1726 5621 aportatis
1759 5566 1865 5620 per

196 5638 527 5708 magistros
556 5654 889 5709 puerorum,
927 5643 1067 5696 eunt
1096 5641 1156 5696 in
1187 5641 1611 5696 dormitorium.

267 5730 509 5781 Aurora
534 5728 682 5785 bene
713 5732 1052 5801 apparente,
1077 5733 1139 5786 ut
1162 5729 1277 5785 alio
1306 5729 1524 5786 lumine
1557 5745 1675 5786 non
1702 5730 1858 5785 indi-

1980 664 2200 718 stinant
2229 666 2299 719 ad
2331 666 2667 720 ecclesiam.
2701 666 2877 722 Facta
2909 669 3195 738 oratione,
3215 671 3401 740 prima
3432 672 3642 728 incho-

1979 756 2109 807 atur
2136 755 2209 807 ab
2243 754 2476 824 hymno,
2501 756 2653 810 sicut
2684 761 2739 810 et
2767 759 2891 811 tres
2923 757 3087 812 horae
3110 759 3642 831 sequentes,cujus

1979 841 2220 896 ultimus
2252 858 2488 912 versus,
2532 845 2631 914 qui
2660 847 2754 898 est
2783 845 2855 899 de
2887 849 3091 900 sancta
3123 846 3422 913 Trinitate,
3451 864 3645 901 rema-

1981 929 2162 985 nebit.
2188 931 2407 985 Psalmi
2428 934 2700 987 consueti
2732 950 2864 987 cum
2895 936 3233 1004 antiphonis
3265 938 3321 990 et
3350 940 3487 990 tono
3510 952 3645 991 can-

1981 1021 2193 1073 tantur.
2210 1020 2366 1074 Inter
2396 1036 2630 1092 preces,
2656 1038 2788 1076 cum
2822 1024 3057 1078 venitur
3085 1025 3157 1077 ad
3188 1024 3383 1079 locum
3410 1025 3647 1079 confes-

1984 1107 2203 1175 sionis,
2243 1108 2339 1163 dat
2370 1111 2609 1180 signum
2643 1111 2919 1166 dominus
2950 1113 3135 1166 abbas
3168 1129 3300 1167 cum
3331 1114 3549 1181 sonitu,
3584 1117 3648 1167 ut

1983 1197 2229 1264 dicatur,
2276 1199 2520 1253 omissis
2570 1200 2815 1269 psalmis
2861 1200 3283 1270 familiaribus;
3334 1217 3467 1255 cum
3512 1202 3649 1270 post

1982 1301 2192 1354 preces
2223 1288 2609 1355 surrexerint,
2633 1289 2942 1343 decantant
2974 1294 3199 1360 septem
3231 1291 3492 1359 psalmos
3516 1291 3647 1345 sine

1988 1373 2211 1443 Gloria,
2232 1374 2440 1428 letania
2471 1380 2872 1447 consequente
2904 1394 3037 1431 cum
3068 1378 3344 1432 omnibus
3368 1377 3648 1449 appendi-

1986 1462 2095 1517 ciis
2126 1464 2275 1517 suis.
2319 1462 2442 1527 Qua
2476 1464 2655 1533 ﬁnita,
2693 1482 2810 1519 non
2858 1470 3081 1521 mutant
3119 1468 3277 1537 quod
3307 1468 3366 1522 in
3397 1467 3646 1536 privatis

1983 1551 2195 1606 diebus
2224 1567 2330 1621 per
2359 1556 2536 1606 totam
2567 1553 3091 1626 Quadragesimam
3129 1556 3451 1611 observare
3482 1557 3645 1610 sole-

1980 1639 2140 1709 bant,
2160 1643 2361 1695 utnon
2392 1656 2458 1695 se
2491 1642 2738 1696 calcient
2768 1648 3081 1713 antequam
3114 1644 3353 1716 signum
3384 1646 3643 1715 audtant,
3718 1676 3721 1679 ‹

1981 1733 2036 1797 _ct
2056 1729 2249 1783 tribus
2272 1728 2639 1786 orationibtls
2658 1733 2887 1785 tertiam
2906 1733 3296 1803 praeveniunt;
3322 1733 3435 1788 hoc
3452 1736 3648 1789 autem

1982 1821 2236 1872 mutatur
2264 1819 2421 1888 quod
2454 1820 2642 1888 ipsam
2674 1821 2902 1874 tertiam
2933 1836 3002 1875 eo
3033 1821 3127 1874 die
3158 1836 3274 1875 non
3308 1822 3504 1875 statim
3535 1836 3645 1876 se-

1906 1927 1953 1985 B
1980 1910 2192 1977 quatur
2220 1907 2403 1960 missa
2445 1908 2827 1963 matutinalis.
2875 1908 3047 1963 Prius
3092 1924 3328 1979 quoque
3367 1924 3543 1979 quam
3571 1910 3645 1964 ab

1979 1996 2230 2049 eccles1s
2244 1996 2671 2065 exierint,nova
2686 1998 3077 2052 calceamenta
3091 2013 3273 2068 super
3283 1998 3539 2067 perticas
3554 2013 3652 2052 su-

1980 2099 2202 2154 spensa
2231 2100 2264 2137 a
2294 2084 2532 2139 famulis
2564 2086 2871 2139 camerarii
2896 2086 2955 2140 in
2979 2086 3294 2155 capitulum
3329 2089 3648 2157 apportan-

1979 2178 2093 2243 tur,
2119 2178 2176 2228 et
2206 2188 2390 2243 super
2415 2176 2668 2243 quatuor
2695 2174 2862 2242 palos
2892 2177 3068 2228 terrae
3099 2175 3314 2228 inﬁxos
3347 2175 3492 2244 ipsae
3514 2191 3647 2245 per-

1977 2262 2110 2316 tica:
2142 2262 2465 2315 mittuntur.
2491 2262 2601 2316 Ubi
2634 2266 2851 2332 praeter
2880 2262 2994 2316 diei
3027 2267 3082 2316 et
3112 2263 3267 2315 lunae
3300 2263 3644 2330 pronuntia-

1978 2351 2227 2418 tionem,
2283 2353 2337 2403 ct
2380 2350 2730 2404 sententiam
2761 2351 3017 2421 regulae,
3066 2366 3199 2420 quae
3238 2365 3314 2403 ex
3356 2346 3519 2403 more
3563 2350 3646 2404 ibi

1978 2439 2216 2509 legitur,
2241 2438 2524 2508 quidquid
2552 2437 2708 2491 aliud
2740 2441 2796 2491 et
2825 2454 2858 2491 a
2889 2438 3199 2492 sacerdote
3219 2442 3276 2491 et
3295 2454 3328 2490 a
3350 2440 3644 2492 conventu

1980 2526 2197 2580 dicitur
2213 2525 2325 2580 sub
2348 2526 2604 2594 silentio,
2630 2531 2687 2579 et
2715 2526 2833 2579 illls
2864 2526 3056 2579 tribus
3083 2527 3294 2580 diebus
3318 2525 3460 2579 nihil
3486 2525 3645 2580 aliud

1980 2616 2198 2686 legitur
2227 2615 2286 2667 in
2319 2614 2572 2684 capitulo
2605 2615 2718 2668 nisi
2750 2616 2821 2669 de
2851 2615 3057 2686 regula
3084 2618 3333 2670 tantum.

2050 2712 2127 2765 Ut
2158 2714 2351 2766 autem
2382 2726 2711 2780 prosequar
2742 2711 2900 2781 quod
2928 2712 3143 2782 inccepi
3177 2713 3247 2766 de
3282 2712 3645 2767 calceamen-

1979 2800 2075 2868 tis,
2093 2800 2360 2869 exposita
2376 2798 2603 2869 regulae
2624 2800 3190 2871 sententia,jubente
3207 2801 3419 2855 domno
3433 2801 3643 2855 abbate

1979 2889 2290 2959 consurgit
2320 2887 2700 2954 camerarius,
2746 2891 2802 2940 et
2833 2887 3250 2959 suffraganeus
3289 2889 3422 2959 ejus
3454 2892 3509 2942 et
3538 2903 3644 2956 per

1978 2992 2084 3031 eos
2124 2977 2253 3045 ipsa
2294 2975 2690 3029 calceamenta
2730 2980 3067 3045 erogantur,
3118 2977 3336 3047 quibus
3382 2976 3641 3044 singulis

1978 3064 2351 3136 singulorum
2382 3079 2617 3134 quoque
2640 3065 2875 3117 nomina
2895 3065 3137 3119 fratrum
3163 3068 3300 3118 sunt
3321 3065 3639 3132 adscripta.

1977 3153 2351 3221 Accipientes
2382 3166 2568 3217 nova,
2604 3150 2857 3205 reddunt
2888 3156 3084 3206 vetera
3116 3152 3266 3207 bene
3298 3154 3410 3206 lota
3440 3152 3517 3220 (si
3545 3154 3638 3205 ta-

1975 3258 2108 3296 men
2139 3241 2273 3310 plus
2295 3256 2468 3311 quam
2487 3255 2664 3293 unum
2688 3256 2792 3309 par
2814 3240 3129 3295 habuerint
3145 3240 3216 3293 de
3237 3240 3636 3309 diurnalibus)

1978 3335 2037 3384 ut
2050 3329 2409 3399 pauperibus
2422 3328 2745 3382 tribuantur
2757 3329 3405 3399 .Pronuntiaturquanti
3421 3329 3637 3382 fratres

1976 3420 2094 3471 sint
2121 3419 2182 3470 in
2214 3416 2492 3486 claustro,
2527 3421 2587 3470 ut
2619 3417 2757 3470 tanti
2788 3432 3022 3488 quoque
3050 3433 3342 3487 pauperes
3373 3418 3446 3470 ad
3478 3432 3636 3470 man-

1975 3508 2171 3561 datum
2184 3506 2559 3560 admittantur
2576 3522 2590 3575 ;
2609 3509 2665 3561 et
2680 3506 2737 3559 in
2752 3522 2931 3576 super
2944 3512 3223 3575 quantum
3246 3507 3440 3559 visum
3464 3504 3642 3559 fuerit

1974 3611 2080 3665 pro
2110 3595 2318 3649 amicis
2348 3596 2573 3650 nostris
2605 3596 2817 3650 domno
2853 3596 3069 3649 abbati.
3097 3595 3250 3665 Ipsis
3282 3599 3476 3648 autem
3497 3609 3638 3663 pau-

1974 3685 2219 3755 peribus
2251 3686 2526 3739 continuo
2547 3701 2576 3737 a
2600 3685 2931 3754 sacerdote,
2952 3686 3050 3754 qui
3075 3684 3319 3738 missam
3341 3683 3640 3737 matutina-

1976 3773 2094 3827 Iem
2113 3776 2453 3827 cantaturus
2476 3775 2657 3840 esset,
2675 3777 2943 3827 cantatur
2962 3774 3035 3827 ad
3053 3774 3233 3827 altare
3247 3772 3478 3826 Sanctae
3496 3772 3638 3824 Cru-

1976 3864 2085 3931 cis,
2106 3866 2162 3917 et
2183 3860 2439 3932 singulis
2459 3862 2713 3931 singulae
2732 3862 2943 3915 dantur
2965 3862 3206 3929 oblatae;
3232 3866 3288 3916 et
3311 3861 3444 3931 quia
3465 3864 3640 3914 teme-

1975 3952 2196 4005 rarium
2228 3953 2390 4004 esset
2411 3953 2475 4003 ut
2498 3950 2576 4003 ita
2598 3950 2917 4004 indiscrete
2937 3952 3370 4005 communicare
3400 3949 3639 4019 permit-

1974 4042 2258 4107 terentur,
2289 4053 2540 4107 quorum
2574 4039 2936 4092 conscientia
2968 4040 3232 4093 nescitur
3265 4057 3274 4093 :
3317 4039 3417 4110 qui
3446 4042 3639 4093 tamen

1976 4142 2272 4198 pauperes
2304 4127 2469 4195 prius
2492 4141 2525 4178 a
2547 4125 2769 4180 decano
2795 4127 2949 4180 villae
2973 4127 3142 4180 electi
3174 4130 3331 4193 sunt,
3357 4143 3467 4181 nec
3489 4127 3639 4182 tales

1977 4218 2095 4271 sint
2124 4216 2319 4286 aliquo
2351 4216 2523 4268 modo
2556 4216 2654 4285 qui
2689 4215 3010 4268 claustrum
3049 4230 3167 4268 non
3205 4215 3515 4268 debuerint
3544 4215 3637 4270 in-

1976 4310 2149 4358 trare.
2192 4304 2255 4356 In
2296 4304 2571 4373 hospitali
2623 4306 2814 4358 autem
2860 4302 3197 4356 reﬁciendis
3246 4303 3381 4355 bina
3423 4302 3637 4356 dantur

1976 4393 2167 4447 edulia
2187 4392 2453 4446 fabarum
2477 4396 2531 4446 ct
2552 4392 2727 4460 milii;
2758 4407 2789 4444 a
2821 4391 3058 4445 famulis
3091 4392 3483 4460 eleemosynae
3503 4406 3638 4445 cum

1974 4499 2125 4554 aqua
2146 4482 2330 4535 calida
2354 4482 2748 4551 praalavantur
2764 4481 2946 4549 pedes
2970 4478 3195 4539 eorum.
3216 4479 3467 4551 Antiqua
3490 4494 3631 4534 con-

1974 4571 2224 4626 suetudo
2257 4574 2381 4624 erat
2422 4571 2567 4624 satis
2607 4569 2931 4639 probabilis
2969 4572 3030 4623 ut
3080 4569 3140 4623 in
3182 4570 3296 4623 isto
3342 4569 3457 4638 die,
3488 4572 3545 4622 et
3572 4569 3633 4623 in

1972 4660 2351 4730 praecedenti,
2374 4663 2430 4712 et
2459 4659 2517 4711 in
2551 4660 2841 4730 sequenti,
2864 4659 3033 4713 etiam
3056 4675 3164 4729 per
3178 4661 3362 4713 totum
3393 4673 3631 4724 annum,

1973 4750 2204 4819 quoties
2236 4749 2348 4802 tale
2378 4748 2596 4818 aliquid
2628 4748 2895 4801 debuerit
2918 4748 3067 4817 ﬁeri,
3092 4748 3264 4818 quasi
3285 4764 3502 4802 novum
3524 4763 3634 4818 pro

1973 4839 2249 4908 qualitate
2271 4839 2574 4906 temporis,
2600 4838 2711 4891 hoc
2730 4839 2788 4891 in
2804 4838 3054 4906 capitulo
3077 4838 3149 4891 ab
3168 4853 3283 4890 uno
3308 4852 3492 4905 puero
3515 4836 3634 4891 edi-

1975 4930 2228 4995 ceretur,
2250 4928 2349 4997 qui
2382 4926 2436 4981 si
2465 4927 2602 4997 quid
2636 4927 2981 4981 mendosum
3005 4926 3314 4995 proferret,
3332 4941 3448 4979 non
3471 4930 3635 4981 esset

1973 5016 2107 5070 talis
2128 5031 2385 5086 persona
2403 5016 2496 5070 cui
2515 5015 2836 5069 contradici
2857 5031 2974 5069 non
2997 5015 3331 5069 auderetur.
3351 5014 3521 5069 Nunc
3538 5031 3634 5070 au-

1976 5110 2090 5159 tam
2116 5106 2316 5159 nescio
2341 5108 2581 5174 prepter
2603 5104 2741 5174 quid
2767 5104 2877 5156 hoc
2901 5107 2993 5157 est
3015 5105 3315 5171 mutatum,
3332 5105 3459 5159 etsi
3479 5105 3638 5159 dom-

1974 5211 2087 5248 nus
2128 5194 2313 5247 abbas
2346 5210 2461 5247 non
2491 5193 2678 5260 adest,
2707 5208 2816 5246 nec
2849 5192 3030 5262 prior,
3059 5192 3194 5246 talis
3227 5193 3471 5247 multum
3503 5194 3638 5250 inde

1974 5284 2203 5352 peritus
2226 5283 2600 5352 praecentori,
2618 5281 2710 5334 vel
2729 5282 2823 5334 alii
2845 5281 3007 5334 fratri
3030 5282 3224 5351 alicui,
3246 5284 3442 5352 potius
3461 5299 3637 5354 quam

1974 5387 2156 5441 puero
2178 5370 2543 5440 imperathoc
2560 5386 2794 5423 manus.
2812 5370 2953 5424 Post
2967 5370 3282 5438 capitulum
3300 5372 3514 5441 psalmi
3530 5387 3637 5442 pro

1972 5460 2382 5515 anniversario
2412 5460 2656 5512 fratrum
2702 5474 2772 5511 eo
2820 5459 2913 5512 die
2959 5462 3267 5513 cantantur
3303 5461 3362 5515 in
3397 5465 3632 5532 aperto,

1974 5565 2308 5620 quanquam
2322 5549 2378 5600 in
2393 5549 2625 5602 duobus
2645 5547 3033 5616 sequentibus
3049 5548 3160 5602 sub
3175 5549 3635 5619 silentio,tabula

1972 5654 2263 5708 percussa
2284 5638 2497 5691 fratres
2515 5637 2832 5706 loquuntur
2860 5637 2920 5689 in
2952 5637 3230 5705 claustro,
3255 5642 3311 5692 et
3341 5640 3477 5709 post
3500 5653 3637 5692 sex-

1967 5731 2085 5782 tam
2099 5728 2323 5783 iterato.
2344 5726 2708 5784 Postnonam
2737 5727 2931 5780 statim
2943 5726 3250 5784 sacerdote
3264 5727 3634 5795 albainduto,
