3956 6176
400 377 521 439 659

1367 376 1773 439 UDALRICI
1820 374 2431 439 CLUNIACENSIS
2476 376 2871 439 MONACHI
3684 378 3775 441 660

405 580 462 631 et
491 577 724 631 caeteris
764 577 837 630 ad
875 576 1164 646 majorem
1196 576 1440 630 missam
1476 576 1812 639 scrvituris,
1850 576 2072 630 faciunt
2104 564 2127 615 \
2185 575 2411 629 denarii
2461 577 2720 648 singulis
2769 578 3134 647 pauperibus
3183 593 3215 630 a
3264 577 3511 648 singulis
3546 576 3779 633 fratribus

404 666 851 736 processionem
870 665 941 717 ad
960 680 1177 718 novum
1201 665 1397 735 ignem
1416 665 1906 732 consecrandum,
1925 679 2067 717 can-

406 759 596 808 tantes
627 754 918 823 psalmum
943 754 1517 824 quinquagesimum.
1545 754 1692 806 Ante
1722 753 2063 821 processio-

410 858 543 896 nem
575 845 840 910 portatur
875 858 1038 909 crux,
1072 858 1222 912 aqua
1252 842 1556 895 benedicta
1587 845 1642 895 et
1669 842 2066 911 thuribulum,

407 934 601 982 tamen
634 930 762 983 sine
795 931 952 1000 igne,
988 934 1047 983 ut
1076 946 1267 983 novus
1299 931 1477 1001 ignis,
1517 934 1828 999 postquam
1861 945 2070 983 conse-

414 1022 612 1071 cratus
645 1018 841 1085 fuerit,
872 1023 1223 1090 aspergatur
1258 1023 1311 1072 et
1348 1020 1691 1072 incensetur
1719 1020 1789 1071 ad
1822 1019 2070 1073 benedi-

415 1106 685 1161 cendum.
717 1106 930 1173 Oratio,
968 1107 1212 1161 Domine
1253 1108 1429 1174 Deus,
1461 1108 1648 1161 Pater
1682 1109 2067 1178 omnipotens.

412 1196 530 1248 Per
550 1195 798 1248 mediam
816 1200 1007 1249 autem
1025 1196 1333 1249 ecclesiam
1356 1199 1731 1250 revertuntur
1746 1197 1803 1249 in
1824 1196 2071 1249 chorum

416 1284 700 1336 cantando
718 1284 979 1353 psalmos
999 1301 1243 1353 1.1",LVI,
1261 1303 1456 1339 LXXIX.
1474 1285 1609 1354 Ipso
1629 1286 1721 1338 die
1745 1284 1852 1338 rite
1875 1286 2070 1337 lumen

412 1372 472 1425 in
503 1372 723 1441 pertica
743 1374 1007 1441 portatur
1022 1389 1054 1426 a
1077 1374 1323 1428 custode
1349 1374 1641 1441 ecclesiae,
1658 1375 1716 1426 in
1737 1374 2071 1427 Parasceve

414 1476 445 1512 a
476 1462 671 1528 priore
701 1460 760 1513 in
792 1460 1047 1516 Sabbato
1087 1466 1292 1515 sancto
1336 1478 1367 1515 a
1407 1462 1622 1516 domno
1662 1463 1871 1515 abbate
1911 1461 2003 1514 vel
2041 1478 2073 1515 ει

414 1548 752 1617 sacerdote;
786 1549 935 1618 lapis
958 1550 1258 1618 pretiosus
1289 1551 1535 1605 berillus
1558 1552 1629 1605 de
1652 1566 1768 1620 quo
1800 1550 1958 1622 ignis
1982 1552 2075 1603 est

412 1637 859 1706 producendus,
896 1638 1009 1691 sub
1059 1640 1327 1693 custodia
1370 1640 1739 1709 apocrisiarii
1778 1642 2069 1693 servatur.

412 1724 596 1789 Quem
627 1730 848 1779 tantum
889 1728 1241 1795 praecentori
1279 1712 1545 1795 θάξιλλλῖι,
1590 1733 1651 1782 ut
1690 1728 1763 1781 ab
1805 1744 1873 1782 eo
1913 1729 2072 1799 ignis

412 1813 776 1882 proferatur;
809 1815 1197 1886 eamdemque
1246 1817 1380 1886 ipso
1423 1817 1546 1885 die,
1580 1818 1640 1869 in
1686 1818 2074 1887 processione

414 1901 569 1954 idem
600 1903 790 1973 major
820 1904 1092 1958 ecclesiae
1123 1909 1327 1959 custos
1357 1905 1599 1976 bajulat.

490 1997 605 2052 Sed
640 2001 700 2051 ut
726 1999 799 2053 ad
829 2001 1004 2053 istum
1036 2001 1107 2056 de
1138 2018 1253 2072 quo
1284 2003 1482 2072 agitur
1512 2003 1767 2071 redeam,
1803 2019 1935 2056 cum
1968 2018 2074 2056 ve-

417 2087 609 2140 nerint
639 2087 697 2140 in
730 2081 1006 2158 chdrum,
1052 2091 1477 2160 complicantur
1516 2092 1742 2159 formas,
1787 2093 1941 2146 sicut
1986 2095 2077 2146 est

418 2176 784 2231 consuetudo
815 2177 874 2231 in
908 2178 1000 2232 his
1032 2178 1243 2233 diebus
1284 2180 1344 2233 in
1385 2180 1602 2250 quibus
1633 2180 1804 2234 venia
1834 2197 1952 2235 non
1985 2183 2077 2235 est

414 2266 682 2333 petenda.
725 2266 983 2322 Pulsatis
1035 2269 1309 2322 omnibus
1354 2269 1547 2340 signis
1594 2271 1859 2323 cantatur
1891 2270 2075 2323 missa

415 2352 627 2406 festive
667 2355 860 2408 tamen
904 2356 1129 2426 absque
1182 2356 1383 2411 Gloria
1429 2358 1489 2411 in
1531 2357 1811 2425 excelsis,
1847 2360 1903 2411 et
1941 2360 2076 2427 post

415 2456 655 2494 versum
677 2441 878 2497 Gloria
902 2442 1079 2497 Patri
1099 2446 1372 2500 introitus
1391 2461 1508 2501 non
1526 2446 1758 2500 dicitur.
1778 2446 2076 2500 Diaconus

415 2529 722 2583 dalmatica
753 2531 1032 2598 induitur,
1068 2535 1472 2589 subdiaconus
1505 2536 1719 2604 tunica,
1743 2535 1945 2604 cappis
1976 2535 2077 2605 qui

415 2618 758 2686 gradualem
799 2622 1178 2676 cantaverint.
1231 2623 1449 2677 Omnes
1497 2624 1792 2693 accipiunt
1839 2639 2072 2693 pacem,

417 2720 744 2776 omnesque
775 2710 1243 2779 communicant;
1277 2715 1334 2765 et
1363 2728 1470 2780 per
1497 2713 1630 2765 illos
1670 2714 1919 2782 quatuor
1948 2713 2077 2766 dies

418 2795 856 2850 communicare
916 2813 1031 2851 non
1088 2800 1401 2870 quisquam
1470 2801 1712 2855 fratrum
1770 2801 2073 2868 omiserit,

417 2883 646 2935 etiamsi
699 2885 853 2939 aliud
898 2886 1010 2940 tale
1060 2887 1200 2957 quid
1251 2889 1303 2941 ei
1351 2889 1660 2960 contigerit
1708 2890 2072 2944 dormiendo.

416 2971 601 3025 Finita
634 2974 820 3026 missa
852 2974 1047 3029 tabula
1066 2977 1389 3045 percutitur
1416 2994 1522 3047 pro
1555 2978 1728 3050 signo
1762 2978 1833 3031 ad
1865 2978 2076 3032 oratio-

415 3075 548 3113 nem
581 3076 995 3130 vesperarum,
1042 3080 1212 3134 quam
1265 3065 1475 3121 formis
1525 3067 1733 3121 iterum
1767 3067 2076 3136 explicatis

413 3148 635 3205 faciunt
663 3154 1126 3220 procumbendo.
1152 3155 1380 3209 lnterca
1411 3173 1553 3211 vero
1586 3157 1927 3211 reconditur
1956 3157 2075 3211 Do-

414 3239 693 3293 minicum
724 3256 941 3311 corpus
986 3258 1017 3295 a
1068 3245 1376 3301 sacerdote
1408 3249 1567 3300 retro
1597 3250 1800 3300 attare.
1836 3245 2079 3299 Ponitur

413 3326 470 3380 in
500 3331 708 3396 patena
733 3346 932 3399 aurea,
959 3335 1015 3385 et
1035 3336 1243 3401 patena
1275 3333 1426 3388 inter
1454 3335 1737 3389 scutellas
1768 3349 2000 3403 aureas,
2022 3338 2078 3388 et

415 3416 604 3470 adhuc
636 3419 902 3473 scutellaa
934 3420 1084 3473 inter
1113 3421 1345 3475 tabulas
1376 3425 1716 3493 argenteas,
1742 3438 1874 3493 quae
1905 3422 2075 3477 factae

416 3508 555 3559 sunt
585 3506 657 3558 ad
687 3508 908 3560 textum
948 3510 1261 3580 evangelii.
1302 3510 1386 3565 Eo
1426 3515 1617 3566 autem
1659 3527 1776 3583 quo
1807 3513 1879 3566 ab
1910 3512 2075 3565 altari

414 3596 682 3662 portatur
711 3610 843 3648 cum
874 3597 1087 3664 cereis,
1111 3601 1321 3651 etcum
1352 3599 1603 3667 plurimo
1634 3600 1899 3670 incenso,
1921 3604 2078 3670 post-

416 3696 591 3751 quam
623 3698 689 3736 se
720 3685 989 3737 exuerint
1017 3686 1116 3755 qui
1146 3686 1217 3739 ad
1248 3687 1495 3741 missam
1525 3689 1881 3755 servierunt,
1907 3690 2076 3743 dom-

417 3785 555 3823 num
573 3770 841 3825 abbatem
862 3773 1289 3841 praecedentem
1314 3791 1519 3831 omnes
1542 3779 1871 3847 sequuntur
1891 3777 2081 3847 (sedet

416 3860 574 3913 enim
605 3861 836 3914 interim
876 3863 936 3915 in
982 3862 1198 3933 choro)
1232 3867 1289 3918 et
1326 3869 1464 3919 eunt
1512 3867 1569 3919 in
1602 3866 1979 3921 refectorium
2018 3870 2081 3920 ut

415 3948 655 4003 mistum
684 3951 974 4020 accipiant
1003 3955 1226 4007 tantum
1244 3956 1657 4026 unusquisque
1680 3956 1752 4010 de
1773 3956 1920 4010 libra
1945 3971 2074 4024 sua,

415 4040 471 4092 et
502 4039 660 4108 potio
693 4040 781 4093 eis
812 4040 1168 4112 pigmentata
1199 4044 1562 4112 pr0piuatur.
1593 4044 1835 4108 Quando
1869 4059 2077 4098 conse-

415 4127 727 4197 derint,vel
748 4131 979 4200 quando
998 4133 1390 4200 surrexerint,
1407 4133 1550 4186 nihil
1570 4133 1769 4187 dicunt
1787 4133 1857 4187 de
1873 4148 2072 4201 versu,

414 4216 782 4271 solummodo
815 4222 947 4273 ante
978 4219 1196 4274 faciunt
1228 4225 1282 4276 et
1313 4225 1488 4276 retro.
1516 4221 1752 4276 Interim
1783 4236 2075 4291 pauperes

412 4304 472 4357 in
522 4306 845 4361 claustrum
901 4309 1215 4365 introducti
1266 4312 1593 4365 consedere
1638 4310 1941 4381 jubentur.
1986 4309 2072 4362 Ad

412 4410 563 4464 quos
587 4394 806 4450 fratres
830 4398 1135 4453 venientes
1168 4399 1227 4452 in
1258 4400 1369 4453 alia
1392 4404 1554 4470 parte
1576 4399 1816 4453 claustri
1848 4414 1953 4468 per
1982 4414 2074 4451 or-

412 4484 607 4538 dinem
640 4485 993 4557 censistunt,
1018 4492 1075 4541 et
1104 4488 1181 4541 ita
1213 4493 1272 4542 ut
1302 4489 1534 4557 priores
1564 4487 1923 4557 pauperibus
1958 4487 2077 4541 sint

409 4573 744 4642 propiores.
789 4573 922 4644 Ipse
964 4575 1238 4630 dominus
1279 4578 1464 4631 abbas
1509 4578 1753 4646 imponit
1803 4576 2075 4646 antipho-

2104 1932 2152 1992 Β

2184 664 2541 719 tribuuntur.
2574 665 2877 719 Inclinatis
2943 666 3218 719 omnibus
3263 665 3539 719 dicendus
3581 669 3661 719 est
3680 681 3781 718 ver-

2188 767 2316 821 sus,
2344 756 2396 807 et
2429 754 2670 808 collecta
2704 770 2736 807 a
2763 754 2979 809 domno
3000 755 3231 822 abbate,
3252 754 3403 808 sicut
3428 757 3483 807 et
3511 754 3566 807 in
3588 755 3781 808 caeteris

2183 841 2394 896 diebus
2428 843 2497 896 ad
2532 843 2866 897 mandatum
2902 859 3223 913 pauperum
3253 842 3366 896 dici
3396 843 3603 909 solent,
3640 844 3701 895 ita
3728 859 3782 897 ne

2181 931 2375 999 possit
2403 931 2610 984 audiri.
2648 931 2716 985 Et
2758 933 2817 984 in
2860 932 3016 986 hunc
3061 932 3235 986 etiam
3280 932 3507 985 modum
3553 930 3783 1000 imposito

2185 1018 2409 1087 psalmo
2442 1019 2745 1073 Miserere
2774 1021 2911 1088 mei,
2946 1020 3125 1089 Deus,
3165 1024 3220 1074 et
3249 1020 3400 1073 facto
3430 1023 3554 1072 ante
3581 1023 3631 1073 et
3656 1024 3785 1072 retro

2184 1108 2431 1161 redeuut
2446 1108 2503 1160 in
2523 1109 2855 1162 ecclesiam.
2876 1109 3111 1163 Interim
3134 1111 3325 1162 autem
3347 1108 3481 1161 dum
3502 1106 3785 1160 mandatum

2186 1196 2362 1249 fiebat
2401 1211 2687 1264 percussa
2737 1200 2829 1250 est
2874 1197 3071 1251 tabula
3118 1196 3294 1251 tantis
3342 1195 3565 1249 vicibus
3593 1197 3787 1265 quantis

2187 1286 2359 1355 signa
2377 1284 2568 1337 solent
2585 1285 2655 1338 ad
2679 1300 2844 1354 vesp.
2865 1286 3119 1354 pulsari;
3154 1286 3260 1339 sed
3284 1287 3566 1339 conventu
3583 1283 3791 1336 intrante

2185 1373 2443 1441 provisae
2491 1378 2629 1426 sunt
2675 1373 2890 1427 tabula)
2932 1389 3104 1445 quam
3152 1374 3389 1443 plures,
3436 1388 3563 1444 quaa
3605 1373 3656 1426 in
3690 1373 3791 1425 vice

2186 1462 2494 1531 signorum
2520 1461 2777 1516 omnium
2795 1478 2825 1514 a
2846 1462 3195 1516 custodibus
3219 1461 3491 1515 ecclesiae
3521 1461 3587 1514 ad
3616 1461 3792 1515 ostium

2186 1550 2377 1619 ipsius
2409 1550 2681 1604 ecclesias
2719 1551 3015 1604 stantibus
3055 1551 3479 1620 percutiuntur.
3522 1547 3795 1603 Cautantur

2185 1652 2456 1707 vesperae
2489 1654 2648 1692 more
2679 1640 3121 1708 canonicorum,
3153 1654 3337 1708 puero
3369 1637 3661 1692 inchoante
3687 1652 3793 1689 cum

2185 1727 2445 1797 quinque
2493 1727 2773 1797 psalmis,
2816 1731 2872 1782 et
2922 1728 3129 1782 eodem
3173 1728 3347 1781 modo
3385 1742 3498 1797 quo
3540 1732 3591 1781 et
3625 1727 3791 1779 matut.

2184 1814 2393 1869 laudes
2420 1815 2735 1884 ﬁniuntur;
2758 1819 3001 1886 propter
3020 1816 3177 1887 quod
3197 1820 3390 1870 tamen
3422 1831 3493 1870 ne
3524 1814 3799 1869 aestimave-

2185 1904 2269 1957 ris
2300 1906 2361 1957 ut
2392 1904 2464 1957 ad
2495 1904 2641 1958 alias
2673 1905 2851 1959 horas
2889 1905 2985 1958 alii
3027 1905 3257 1974 psalmi,
3297 1919 3471 1975 quam
3499 1904 3595 1974 qui
3621 1902 3794 1967 solent,

2185 1992 2545 2046 dicerentur.
2591 1993 2796 2047 Omnia
2844 2010 2919 2048 ex
2967 1996 3086 2047 toto
3130 1992 3333 2047 altaria
3365 1992 3670 2056 nudantur;
3713 2005 3797 2060 pro

2188 2080 2453 2150 cymbalo
2510 2083 2837 2150 percutitur
2876 2082 3101 2149 tabula,
3151 2085 3209 2135 et
3253 2081 3310 2134 in
3370 2079 3664 2135 refectorio
3715 2093 3798 2147 pro

2188 2169 2376 2224 scilla.
2412 2170 2526 2224 Ubi
2560 2186 2775 2224 rursus
2823 2171 2977 2225 sicut
3025 2171 3081 2223 in
3132 2170 3387 2239 capitulo
3431 2185 3560 2240 quae
3594 2167 3799 2221 dicenda

2189 2262 2345 2325 sunt,
2366 2258 2559 2311 omnia
2588 2263 2807 2327 praeter
2836 2259 3123 2314 lectiones
3146 2258 3259 2312 sub
3283 2258 3518 2312 silentio
3548 2256 3796 2321 dicuntur,

2188 2349 2244 2400 et
2272 2346 2345 2398 ad
2376 2346 2689 2400 ecclesiam
2722 2348 2798 2401 ita
2829 2348 3268 2419 regrediuntur.

2257 2441 2347 2493 Ad
2385 2441 2716 2495 mandatum
2736 2443 2889 2513 quod
2934 2443 3085 2498 inter
3126 2442 3339 2498 fratres
3374 2446 3465 2498 est
3494 2441 3793 2515 gerendum,

2188 2528 2628 2583 hebdomadarii
2659 2533 2911 2600 primum
2941 2532 3137 2586 lavant
3159 2533 3341 2601 pedes
3370 2533 3607 2585 fratrum
3635 2534 3684 2585 et
3710 2545 3799 2582 non

2188 2620 2455 2688 tergunt;
2490 2618 2642 2688 qbos
2686 2620 2920 2674 duobus
2965 2620 3152 2674 abbas
3197 2636 3464 2691 sequens
3493 2622 3601 2673 tam
3630 2619 3801 2672 iterum

2186 2705 2341 2758 lavat
2372 2721 2559 2776 quam,
2588 2707 2909 2777 tergit.Cui
2933 2709 3107 2762 etiam
3130 2713 3252 2763 tres
3277 2709 3495 2763 fratres
3513 2709 3802 2777 obsequun-

2188 2796 2283 2847 tur
2328 2794 2511 2864 pedes
2561 2795 2807 2849 fratrum
2862 2796 3015 2851 inter
3071 2798 3389 2852 lavandum
3435 2794 3800 2857 sustentando,

2190 2899 2399 2952 aquam
2429 2885 2810 2953 apportando,
2837 2887 2894 2939 et
2921 2886 3287 2957 manutergia
3319 2885 3613 2954 mutando,
3632 2889 3681 2938 et
3700 2896 3803 2937 cum

2189 2971 2259 3024 ad
2290 2972 2436 3025 alias
2466 2972 2630 3026 vices
2662 2973 2733 3027 de
2764 2989 2880 3027 una
2919 2989 3069 3044 aqua
3109 2974 3342 3028 duobus
3391 2975 3657 3028 fratribus
3684 2985 3803 3040 aqua

2187 3060 2373 3130 pedes
2405 3060 2697 3129 laventur,
2733 3061 2829 3115 hic
2862 3062 3099 3132 quidem
3128 3078 3244 3116 non
3274 3063 3397 3117 nisi
3429 3064 3544 3117 uni.
3580 3061 3805 3115 Fratrum

2190 3152 2383 3203 autem
2436 3152 2593 3203 tanta
2643 3151 3009 3206 multitudine
3054 3151 3326 3219 collecta,
3384 3152 3646 3205 nimirum
3698 3148 3804 3218 plus

2188 3237 2504 3308 aliquando
2527 3254 2702 3308 quam
2720 3239 3271 3308 ducentorum,dies
3302 3255 3424 3293 non
3454 3239 3746 3306 sufﬁceret,
3766 3234 3805 3288 si

2190 3326 2442 3381 domnus
2473 3328 2658 3382 abbas
2681 3328 2849 3382 solus
2871 3328 2946 3381 ita
2972 3328 3305 3382 mandatum
3326 3328 3579 3397 faceret;
3608 3330 3806 3397 prepter

2188 3415 2342 3485 quod
2375 3417 2776 3488 alter’quoque
2799 3416 2981 3471 frater
3011 3433 3083 3471 ex
3114 3417 3422 3486 prioribus
3453 3416 3804 3480 assumitur,a

2187 3519 2304 3573 quo
2335 3504 2609 3559 similiter
2656 3520 2731 3559 ex
2772 3505 2955 3559 altera
2987 3510 3148 3574 parte
3179 3509 3457 3578 geratur;
3489 3508 3543 3560 et
3571 3504 3618 3559 si
3647 3503 3806 3556 visum

2187 3590 2384 3660 fuerit,
2405 3594 2598 3647 adhuc
2624 3594 2724 3647 alii
2745 3593 2860 3647 duo
2891 3598 3296 3649 assumuntur.
3315 3594 3546 3659 Quibus
3574 3590 3804 3647 omnibus

2188 3680 2364 3734 simul
2396 3697 2528 3734 cum
2569 3683 2699 3751 ipso
2745 3682 2959 3736 domno
3003 3682 3214 3737 abbate
3262 3684 3606 3754 priusquam
3634 3692 3805 3751 aquam

2188 3771 2521 3823 ministrent
2552 3771 2626 3824 ad
2656 3786 2867 3826 manus
2896 3771 3159 3841 fratrum,
3184 3771 3461 3826 lavantur
3490 3771 3661 3842 pedes
3689 3766 3805 3822 foris

2190 3858 2506 3928 capitulum
2536 3873 2569 3911 a
2599 3858 2885 3912 fratribus
2916 3861 3015 3930 qui
3044 3859 3118 3913 ab
3150 3859 3262 3914 hoc
3294 3859 3517 3915 fuerint
3544 3854 3802 3914 nominati.

2188 3947 2273 4001 Illi
2305 3950 2496 4001 autem
2528 3947 2641 4001 soli
2670 3948 2771 4018 qui
2800 3948 2990 4017 prima
3006 3948 3099 4002 vel
3127 3949 3391 4003 secunda
3424 3951 3553 4003 vice
3580 3944 3806 4001 laverunt

2188 4037 2370 4107 pedes
2402 4037 2679 4099 fratrum,
2728 4037 2786 4089 in
2836 4037 3028 4090 medio
3074 4038 3312 4107 capituli
3364 4042 3498 4093 ante
3545 4036 3741 4090 faciunt
3764 4034 3805 4084 et

2188 4129 2345 4179 retro
2390 4125 2733 4196 priusquam
2778 4126 3051 4193 sedeant,
3093 4142 3345 4196 quorum
3392 4142 3529 4180 cum
3569 4126 3641 4179 sit
3682 4134 3807 4175 unus

2188 4213 2439 4268 domnus
2498 4214 2717 4283 abbas,
2758 4218 2897 4268 tunc
2954 4214 3068 4284 ipsi
3126 4215 3378 4285 primum
3433 4215 3629 4270 sedem
3671 4222 3806 4264 suam

2186 4303 2404 4372 petenti
2433 4306 2756 4373 assurgent
2782 4303 3018 4372 fratres,
3040 4306 3099 4357 et
3116 4304 3288 4357 datur
3308 4305 3361 4357 ei
3390 4304 3559 4358 locus
3588 4318 3618 4355 a
3647 4300 3807 4370 priore

2186 4407 2393 4461 parum
2427 4391 2745 4446 secedente
2768 4393 2866 4463 qui
2900 4392 2960 4445 in
2991 4392 3133 4446 sede
3164 4407 3273 4446 sua
3302 4392 3565 4447 sedebat.
3591 4390 3703 4443 Hoc
3726 4400 3805 4437 au-

2187 4483 2301 4534 tem
2323 4483 2506 4535 totum
2528 4486 2911 4552 posteaquam
2936 4482 3328 4536 calceamenta
3346 4481 3653 4536 distributa
3677 4475 3804 4538 sunt,

2188 4570 2384 4624 statim
2426 4570 2485 4623 in
2535 4570 2787 4640 capitulo
2831 4569 2941 4624 fuit
2985 4570 3335 4624 ordinatum.
3392 4570 3611 4624 Praeter
3636 4564 3806 4620 solitas

410 4676 565 4731 nam,
582 4663 676 4716 vel
698 4643 1050 4733 praeCentor,
1074 4664 1355 4719 Dominus
1376 4666 1570 4734 Jesus,
1588 4643 1643 4718 et
1663 4665 1832 4719 venia
1860 4643 2077 4734 petitur
2096 4643 2148 4706 Β
2187 4658 2537 4729 antiphonas
2569 4675 2702 4729 quae
2729 4663 2866 4713 sunt
2897 4659 2967 4713 de
2996 4659 3287 4728 mandato,
3314 4658 3563 4712 habetur
3587 4656 3806 4725 hymnus

410 4749 483 4803 ab
526 4751 851 4806 universis.
898 4752 1212 4807 lncboatur
1253 4754 1615 4823 mandatum,
1650 4758 1705 4808 et
1742 4754 1857 4807 duo
1898 4753 2071 4808 simul

412 4854 481 4893 ex
514 4856 629 4895 una
658 4847 826 4911 parte
878 4845 1071 4897 lavant
1120 4847 1175 4897 et
1223 4847 1492 4914 tergunt,
1526 4848 1582 4897 et
1625 4859 1697 4897 ex
1745 4842 1927 4896 altera
1958 4842 2073 4895 duo

410 4932 577 4998 pueri
604 4946 881 4986 seorsum
913 4949 1044 4987 cum
1077 4933 1381 5003 magistris
1405 4932 1532 4986 suis
1555 4936 1765 4987 etcum
1800 4931 2072 4985 inﬁrmis.

410 5018 687 5075 Psalmus
735 5037 873 5075 LXVI
930 5021 1317 5093 subjungitur
1372 5021 1705 5091 antiphonas
1751 5021 2071 5092 praedictae,

411 5106 752 5162 Mandatum
776 5126 1004 5177 novum,
1022 5127 1154 5181 qua:
1172 5116 1227 5165 et
1244 5127 1351 5181 per
1369 5112 1642 5185 singulos
1668 5125 1881 5164 versus
1904 5109 2072 5180 ejus-

413 5194 546 5247 dem
568 5198 778 5263 psalmi
799 5203 1107 5269 repetitur;
1133 5203 1337 5270 postea
1360 5200 1625 5271 psalmus
1649 5216 1849 5265 cxvm,
1875 5200 1930 5251 in
1953 5213 2070 5269 quo

411 5286 625 5339 iterum
670 5291 952 5355 repetitur
997 5295 1132 5360 post
1182 5295 1311 5344 octo
1359 5305 1594 5343 versus.
1637 5288 1782 5343 Cum
1829 5287 1899 5341 ad
1960 5287 2072 5341 hoc

411 5389 648 5445 quoque
670 5380 908 5430 ventum
938 5379 1112 5433 fuerit
1143 5386 1203 5434 ut
1235 5380 1305 5433 ad
1336 5395 1547 5434 manus
1577 5393 1897 5450 pauperum
1922 5392 2073 5447 aqua

412 5463 801 5534 ministretur,
831 5469 970 5520 tunc
1002 5472 1059 5521 et
1086 5468 1217 5523 alia:
1259 5469 1595 5539 antiphonm
1626 5467 1700 5521 ad
1741 5466 2075 5520 mandatum

411 5553 774 5621 pertinentes
823 5553 1239 5626 decantantur;
1293 5556 1487 5612 tabula
1547 5556 1729 5611 semel
1783 5569 2074 5625 percussa

413 5646 686 5698 cessatur
724 5660 758 5698 a
798 5646 992 5698 cantu.
1042 5646 1224 5700 Datur
1270 5647 1602 5702 benedictio
1654 5660 1835 5713 super
1873 5643 2073 5697 vinum

408 5732 841 5805 propinandum
889 5733 1001 5788 sub
1059 5734 1330 5805 silentio,
1391 5751 1523 5790 cum
1570 5751 1685 5806 quo
1731 5733 1903 5788 simul
1956 5732 2071 5786 duo

2188 4746 2371 4800 Flavii
2395 4746 2987 4817 primiCabilonensis
3010 4748 3294 4817 episcopi,
3320 4746 3518 4801 Tellus
3529 4760 3594 4799 ac
3614 4741 3807 4797 ethera

2182 4836 2438 4908 [ubi/ent
2477 4837 2540 4889 in
2579 4837 2780 4907 magni
2818 4853 2977 4891 (arena
3022 4836 3349 4907 Principis,
3383 4836 3483 4905 qui
3516 4836 3574 4887 in
3604 4832 3705 4885 hoc
3731 4826 3807 4880 die

2187 4930 2243 4979 et
2291 4926 2363 4978 ad
2422 4925 2531 4979 hoc
2593 4925 2927 4979 mandatum
2984 4927 3118 4995 post
3175 4924 3423 4994 primam
3470 4920 3807 4991 antiphonam

2187 5017 2471 5083 cantatur,
2497 5017 2554 5068 et
2582 5014 2660 5068 ita
2691 5016 2753 5068 ut
2783 5029 2889 5083 per
2919 5013 3192 5085 singulos
3217 5027 3433 5066 versus
3462 5012 3680 5082 primus
3700 5003 3808 5074 ejus

2187 5118 2400 5156 versus
2420 5103 3009 5172 repetatur.Peractis
3022 5102 3295 5156 omnibus
3310 5105 3580 5155 cessatur
3595 5114 3624 5150 a
3641 5096 3804 5155 cantu,

2189 5195 2393 5246 custos
2424 5192 2697 5245 ecclesiae
2728 5192 2979 5260 percutit
3008 5190 3260 5243 tabulam
3292 5205 3399 5259 pro
3432 5189 3631 5259 signo;
3661 5180 3807 5235 intrat

2186 5279 2470 5335 diaconus
2491 5280 2622 5333 alba
2654 5284 2709 5333 et
2741 5280 2891 5333 stola
2921 5279 3185 5346 indutus,
3207 5282 3262 5332 et
3282 5280 3503 5331 textum
3536 5265 3804 5337 Evangelii

2183 5372 2458 5440 portans,
2493 5384 2668 5440 quem
2699 5368 3041 5440 praecedunt
3071 5383 3224 5422 unus
3258 5366 3537 5422 ostiarius
3569 5355 3807 5440 ecclesiae

2184 5438 2319 5513 cum
2367 5438 2640 5529 analogio
2688 5438 2747 5511 in
2793 5471 2911 5528 quo
2966 5456 3225 5528 legatur,
3277 5457 3334 5509 et
3392 5459 3510 5509 tres
3565 5438 3807 5505 conversi

2184 5548 2458 5601 similiter
2488 5546 2664 5600 albati
2704 5562 2835 5600 cum
2883 5544 3285 5614 candelabris,
3317 5547 3376 5598 et
3403 5544 3657 5596 incenso.
3685 5531 3805 5598 Qui-

2182 5636 2295 5690 bus
2327 5637 2683 5691 intrantibus
2715 5636 2979 5707 assurgit
3011 5636 3339 5688 conventus
3369 5632 3693 5690 universus,
3715 5632 3802 5715 ηοξ

2182 5725 2348 5795 prius
2382 5725 2600 5780 residet
2639 5741 2815 5797 quam
2859 5739 3012 5779 unus
3044 5737 3259 5778 versus
3298 5722 3371 5778 de
3415 5714 3717 5789 Evangelio
3741 5708 3803 5762 sit
