3956 6176
156 356 241 422 661

151 557 324 618 lectus;
363 552 518 606 lectio
547 550 850 605 inchoatur
881 551 953 604 ab
984 564 1050 604 eo
1084 549 1234 618 loco,
1269 549 1428 602 Ante
1461 549 1616 603 diem
1650 547 1730 602 fe-
1755 529 1811 595 Α

151 651 269 700 stum
297 641 532 710 Pascbae,
567 644 622 694 et
646 639 994 710 perducitur
1023 653 1212 708 usque
1243 637 1316 691 ad
1350 653 1484 692 eum
1513 637 1730 706 locum,

150 732 346 803 Surgite
365 745 545 785 eamus
563 729 716 783 hinc.
741 729 905 782 Tunc
921 732 977 782 et
994 728 1209 782 fratres
1232 741 1518 796 percussa
1536 727 1734 781 tabula

149 822 400 881 selevant,
431 823 485 872 ut
530 817 586 873 in
617 817 993 872 refectorium
1042 815 1412 887 praecedente
1457 815 1726 885 diacono,

148 925 249 964 cum
274 908 623 980 processione
655 911 806 961 eant.
841 906 955 960 Ubi
985 921 1198 959 rursus
1239 905 1338 976 qui
1376 904 1646 958 laverunt
1676 908 1732 957 et

143 1002 384 1054 terserunt
411 998 582 1067 pedes
630 996 897 1064 fratrum,
930 995 1131 1049 vinum
1179 1009 1413 1064 quoque
1457 993 1730 1046 omnibus

143 1089 410 1158 propinant,
459 1089 510 1140 et
530 1102 736 1139 manus
782 1085 1140 1148 osculantur,
1194 1083 1309 1137 illis
1355 1082 1731 1152 obsequenti-

141 1177 243 1243 bus,
270 1180 316 1230 et
342 1175 523 1229 vinum
554 1174 996 1245 apportantibus
1015 1173 1190 1244 quiin
1209 1171 1460 1241 capitulo
1496 1170 1731 1225 fuerunt

142 1264 372 1319 obsecuti.
428 1265 678 1318 Diacono
736 1264 808 1317 ad
881 1263 1127 1334 gradum
1182 1261 1357 1314 stanti
1417 1259 1608 1313 adhuc
1679 1263 1735 1313 et

139 1353 328 1424 legenti,
357 1356 406 1408 et
441 1353 533 1423 qui
577 1369 710 1406 cum
742 1368 811 1406 eo
856 1355 1030 1418 stant,
1069 1351 1433 1421 prOpinatur;
1469 1349 1624 1418 quod
1656 1348 1728 1402 ab

139 1443 252 1511 ipsis
276 1442 327 1495 in
365 1446 585 1511 pateras
633 1457 776 1495 suas
827 1442 1163 1511 apportatas
1194 1437 1535 1505 infunditur,
1568 1441 1624 1490 et
1654 1437 1730 1490 ita

138 1532 322 1602 ponitur
345 1546 442 1602 per
469 1531 614 1584 alios
644 1531 715 1584 ad
749 1543 1011 1584 mensam
1040 1527 1442 1598 principalem,
1477 1530 1539 1579 ut
1571 1525 1729 1579 ﬁnita

138 1621 353 1689 lectione,
384 1622 436 1674 et
463 1619 542 1674 ibi
580 1618 732 1673 facto
763 1621 895 1672 ante
928 1621 983 1672 et
1020 1622 1178 1672 retro
1211 1616 1590 1670 considentes
1635 1615 1728 1667 bi-

136 1711 255 1764 bant.
290 1709 724 1779 Completorium
764 1707 877 1762 sub
910 1705 1142 1760 silentio
1173 1710 1264 1760 est
1307 1705 1640 1773 dicendum;
1674 1697 1732 1758 et

135 1801 186 1852 de
217 1801 418 1867 caetero,
449 1797 710 1867 exceptis
749 1797 1058 1850 nocturnis
1109 1797 1161 1848 et
1195 1794 1515 1862 matutinis,
1569 1792 1729 1847 nulla

135 1887 372 1960 regularis
401 1887 535 1941 hora
565 1887 682 1940 alio
704 1885 877 1940 modo
893 1899 1082 1954 usque
1099 1884 1172 1937 ad
1191 1898 1478 1953 vesperas
1492 1882 1731 1937 Sabbati
1755 1904 1810 1968 Β

132 1977 293 2030 sancti.
323 1975 378 2031 Si
406 1977 534 2048 quis
555 1979 752 2030 autem
774 1974 1016 2028 fratrum
1043 1972 1446 2041 foris"positus
1465 1971 1731 2040 paschali

134 2065 426 2120 solemnitati
467 2066 587 2118 vult
631 2065 946 2131 interesse,
994 2063 1051 2115 in
1099 2065 1306 2132 quarta
1345 2059 1492 2115 feria
1534 2061 1728 2115 debet.

131 2155 339 2208 venisse.
386 2154 455 2208 At
499 2155 550 2207 si
585 2153 737 2207 forte
779 2168 886 2223 per
932 2150 1351 2222 negligentiam
1396 2150 1729 2222 contigerit,

132 2243 227 2296 sive
251 2243 316 2296 sit
336 2247 524 2296 noster
544 2242 862 2312 professus
887 2241 1015 2295 sive
1040 2241 1363 2294 monachus
1387 2244 1725 2308 extraneus,

131 2334 174 2384 ut
197 2347 290 2386 non
315 2332 496 2385 veniat
525 2332 642 2385 nisi
662 2331 719 2384 in
750 2330 1106 2401 ipsistribus
1129 2329 1362 2397 diebus,
1380 2332 1730 2400 postquam-

129 2419 235 2473 libet
259 2421 439 2481 horam
470 2420 694 2474 ﬁnitam
725 2424 1039 2489 postquam
1063 2435 1130 2472 se
1154 2419 1366 2472 fratres
1380 2418 1450 2471 ad
1473 2418 1729 2472 sonitum

129 2507 392 2562 levaverint
422 2509 490 2562 de
519 2509 754 2576 formis,
789 2508 1022 2561 solitam
1049 2507 1520 2562 benedictionem
1553 2506 1731 2560 habe-

129 2596 213 2663 bit;
238 2613 385 2652 nemo
427 2602 621 2652 tamen
667 2598 830 2652 illum
868 2598 1173 2650 osculatur
1201 2596 1274 2649 ab
1323 2611 1393 2649 eo
1436 2597 1730 2649 momento

131 2684 282 2740 Cinnae
311 2686 544 2754 Domini,
579 2702 701 2758 quo
732 2702 849 2756 pax
875 2686 933 2739 in
958 2685 1226 2739 Ecclesia
1255 2684 1614 2756 generaliter
1642 2687 1736 2737 est

127 2774 239 2840 data,
269 2790 432 2846 usqae
461 2777 598 2829 dum
635 2791 750 2844 pax
778 2775 989 2829 iterum
1021 2775 1192 2829 detur
1215 2774 1271 2827 in
1304 2773 1548 2843 praefato
1579 2773 1730 2826 Sab-

129 2861 229 2917 bato
261 2871 443 2919 sancto
474 2866 543 2919 ad
575 2865 1071 2920 communionem.

684 2952 935 3008 CAPUT
954 2950 1109 3007 XIII.

642 3043 730 3098 De
787 3043 1052 3097 Parasce
1065 3057 1149 3096 ve.

178 3131 225 3185 In
265 3133 575 3188 Parasceve
609 3133 686 3187 ad
721 3133 968 3202 primam
1007 3131 1182 3185 nudis
1221 3130 1473 3200 pedibus
1515 3130 1731 3184 debent

130 3220 339 3274 universi
367 3223 599 3291 venire;
635 3237 751 3291 qua
783 3221 895 3276 sub
922 3221 1154 3274 silentio
1185 3219 1364 3283 finita,
1400 3222 1729 3288 sequuntur
1762 3255 1816 3319 ο

128 3308 376 3364 manifeste
421 3316 654 3381 septem
699 3309 910 3380 psalmi
950 3309 1123 3362 simul
1167 3323 1299 3361 cum
1329 3307 1560 3373 letania,
1595 3322 1726 3376 quae

127 3397 235 3451 nihil
259 3400 340 3452 sui
360 3400 513 3471 juris
544 3403 602 3454 et
626 3398 1074 3454 consuetudinis
1106 3397 1323 3450 carebil
1357 3397 1417 3450 in
1448 3395 1725 3450 versibus

127 3488 166 3536 et
189 3486 436 3544 collectis.
468 3488 706 3544 Exeunt
727 3489 940 3541 fratres
963 3487 1020 3539 in
1045 3485 1368 3540 claustrum
1390 3484 1724 3553 considere,

125 3576 164 3624 et
180 3580 522 3634 communiter
551 3578 907 3646 incipientes
931 3579 1112 3630 totum
1132 3574 1485 3629 Psalterium
1517 3573 1728 3627 decan-

128 3664 230 3718 tant.
273 3665 468 3734 Tertia,
501 3671 559 3722 et
589 3668 725 3721 dum
770 3667 1091 3737 sequentes
1123 3664 1286 3719 horae
1318 3665 1625 3716 cantantur
1656 3662 1728 3715 ad

127 3753 382 3810 ecclesiam
408 3755 858 3823 Santae-Mariae,
898 3755 1033 3824 quia
1081 3753 1270 3824 major
1319 3751 1591 3806 Ecclesia
1635 3751 1726 3804 in-

128 3840 256 3895 terim
283 3848 563 3914 scopatur,
612 3847 672 3898 et
708 3844 903 3914 pulvis
942 3843 1077 3896 inde
1107 3843 1335 3896 levatus
1368 3855 1485 3896 non
1518 3856 1583 3894 se
1612 3842 1728 3893 tam

127 3929 210 3982 cito
250 3932 483 4002 deponit.
541 3934 634 3988 Ad
682 3933 1146 4004 prccessionem.
1202 3946 1333 4001 quae
1389 3929 1462 3983 ad
1509 3944 1727 3982 novum

124 4014 277 4086 ignem
301 4021 498 4077 iterum
531 4028 624 4078 est
661 4021 910 4093 agenda.
945 4021 1158 4075 debent
1189 4019 1340 4074 albis
1372 4034 1510 4072 esse
1544 4017 1727 4071 induti

125 4118 282 4162 omnes
310 4112 398 4180 qui
413 4113 482 4166 ad
505 4112 770 4167 officium
783 4112 986 4165 missae
999 4112 1138 4164 sunt
1159 4109 1459 4162 servituri.
1477 4107 1727 4160 Tractus

128 4191 318 4252 Domine
333 4201 547 4269 audivi,
572 4217 604 4254 a
629 4200 973 4254 cantoribus
997 4199 1332 4265 inchoatus,
1363 4197 1439 4251 ita
1463 4199 1730 4252 cantatur

125 4285 168 4333 ut
191 4290 301 4351 post
337 4290 608 4360 singulos
642 4304 855 4343 versus
893 4305 922 4340 a
971 4287 1158 4356 primo
1204 4301 1388 4340 versu
1437 4287 1732 4354 repetatur

128 4383 242 4426 nunc
272 4375 505 4448 integro,
540 4393 698 4432 nunc
734 4376 973 4431 dimidio
1005 4379 1229 4430 tractus
1263 4374 1449 4444 Eripe
1484 4389 1592 4441 me,
1629 4373 1735 4428 Do-

129 4461 262 4527 mine,
289 4470 345 4518 ut
370 4467 464 4520 alii
493 4470 717 4521 tractus
742 4483 773 4520 a
805 4465 951 4519 solis
973 4464 1332 4518 cantoribus.
1358 4463 1570 4517 Passio
1589 4463 1734 4534 legi-

130 4549 197 4598 tur
217 4551 416 4624 absque
449 4556 820 4622 salutatione,
850 4570 982 4624 quae
1029 4556 1221 4608 tamen
1261 4553 1317 4605 in
1348 4553 1481 4605 aliis
1521 4551 1733 4606 diebus

129 4649 212 4690 nou
236 4644 314 4694 est
340 4645 579 4699 omissa.
604 4643 883 4699 Collectis
915 4641 1342 4696 consummatis
1374 4657 1507 4711 quae
1527 4641 1580 4693 in
1601 4641 1736 4693 mis-

130 4725 211 4777 sali
228 4727 509 4801 habentur,
534 4734 651 4787 duo
682 4731 1029 4786 sacerdotes
1041 4730 1192 4784 albis
1211 4733 1266 4784 et
1279 4729 1502 4784 casulis
1522 4729 1730 4797 induti,

129 4817 169 4864 et
191 4830 393 4874 crucem
420 4822 652 4890 alaturi,
684 4821 821 4874 illuc
864 4820 966 4874 ubi
996 4835 1140 4873 crux
1172 4824 1263 4872 est
1294 4821 1458 4872 extra
1489 4819 1734 4872 chorum

128 4899 169 4952 in
191 4903 456 4962 dexteram
485 4913 710 4979 partem
740 4908 1088 4975 abscedunt,
1115 4909 1172 4962 et
1203 4907 1354 4960 inter
1384 4907 1735 4976 portandum

131 4996 314 5050 cantant
334 4997 438 5052 hos
460 5003 582 5053 tres
611 5013 820 5053 versus
843 4995 1064 5068 PopuIe
1081 5011 1266 5062 mens,
1285 5011 1316 5048 a
1333 4995 1566 5050 duobus
1579 4994 1732 5063 aliis,

134 5075 242 5139 Quia
269 5086 434 5141 eduxi
477 5093 557 5157 te;
609 5087 760 5152 Quid
807 5086 980 5141 ultra.
1019 5084 1180 5150 Quos
1213 5099 1429 5139 versus
1461 5083 1734 5154 singulos

134 5172 348 5238 Sequitur
373 5191 402 5228 a
432 5177 666 5232 duobus
709 5176 842 5229 aliis
889 5179 1180 5230 cantatum
1213 5173 1402 5244 Agios
1438 5190 1470 5227 o
1526 5171 1731 5240 Tlicos,

133 5258 363 5318 etchorus
376 5265 626 5321 Sanctus
639 5264 1012 5337 Deus.Bajuli
1031 5264 1226 5318 crucis
1241 5279 1366 5318 eam
1384 5266 1738 5332 prmsentan-

134 5343 199 5397 les
223 5353 268 5401 et
294 5353 693 5418 nudantes(est
734 5355 890 5409 enim
927 5355 1041 5408 huc
1083 5369 1273 5424 usque
1304 5353 1602 5422 cooperta)
1628 5353 1735 5405 im-

135 5444 305 5498 ponunt
332 5444 695 5512 antiphonam
736 5444 895 5498 Ecce
935 5444 1156 5514 lignum
1187 5443 1414 5511 crucis;
1447 5447 1501 5496 et
1532 5457 1736 5495 omnes

135 5525 290 5584 Petunt
326 5531 569 5584 veniam.
621 5529 868 5598 Versus,
923 5531 1096 5584 Beati
1134 5529 1492 5584 immaculati
1523 5530 1584 5582 in
1621 5529 1734 5592 via;

133 5610 409 5684 antiphona,
444 5617 686 5675 Crucem
713 5627 890 5683 tuam;
911 5633 1146 5686 versus,
1171 5618 1348 5686 Deus,
1374 5618 1736 5672 misereatur

140 5701 290 5752 ποετῖί
302 5721 316 5763 ;
337 5705 657 5776 antiphona,
683 5707 830 5762 Dum
848 5706 1211 5770 fabricator;
1235 5721 1470 5772 vcrsus,
1493 5705 1538 5757 0
1561 5705 1738 5759 admi-

698 347 1405 413 CONSUETUDINES
1439 346 2103 413 CLUNIACENSES.
2144 385 2210 398 -
2247 351 2503 412 LIBER
2536 353 2885 417 PRIMUS.

3397 359 3515 421 662

1847 551 2074 617 rabiIe;
2125 552 2399 624 hymnus,
2456 553 2620 610 Crux
2667 556 2882 626 ﬁdelis,
2935 561 3034 628 qui
3093 559 3514 628 reciprocando

1849 647 2132 700 cantatur.
2194 648 2598 702 Pavimentum
2641 650 2933 718 tapetibus
2975 655 3066 705 est
3113 655 3509 719 constratum;

1848 738 2097 791 maxime
2153 739 2394 806 propter
2447 739 2580 792 illos
2639 738 2737 809 qui
2783 739 2840 791 in
2898 738 3049 793 albis
3094 744 3230 793 sunt
3275 758 3513 796 crucem

1847 829 2164 885 adoraturi.
2197 828 2269 883 Et
2316 830 2566 898 primum
2615 829 2849 900 quidem
2892 830 3176 884 sacerdos
3218 833 3419 884 casula
3459 837 3514 886 et

1849 915 1999 969 stola
2031 919 2263 970 exutus.
2299 916 2438 970 Post
2469 930 2687 986 pueros
2732 917 2976 970 adorant
3008 917 3241 971 infirmi.
3271 919 3512 982 Quando

1848 1020 1992 1058 crux
2027 1005 2310 1074 aufertur,
2335 1005 2650 1075 imponitur
2693 1006 3027 1074 antiphona,
3078 1006 3273 1077 Super
3322 1010 3512 1062 omnia

1846 1094 2027 1163 ligna,
2060 1096 2117 1148 et
2149 1093 2316 1147 venia
2346 1094 2560 1164 petitur
2591 1094 2950 1148 secundo.Si
2975 1095 3108 1165 quis
3139 1097 3514 1164 popularium

1847 1197 2082 1236 crucem
2131 1182 2375 1236 adorare
2424 1181 2694 1250 voluerit,
2749 1183 2885 1237 huic
2927 1185 3094 1237 locus
3136 1189 3292 1238 retro
3325 1187 3510 1241 altare

1845 1272 2036 1325 datur.
2072 1271 2176 1325 Die
2218 1271 2432 1340 priore,
2468 1275 2830 1340 praecentorc
2867 1272 3233 1342 providente,
3289 1278 3510 1330 tantum

1845 1362 1937 1413 est
1964 1361 2334 1413 reservatum
2368 1359 2760 1424 eucharistiae,
2797 1361 2868 1413 de
2899 1376 3013 1431 quo
3036 1361 3245 1415 iterum
3276 1365 3510 1431 possint

1845 1463 2052 1501 omnes
2083 1448 2534 1502 communicare.
2571 1447 2653 1502 Eu
2685 1464 2800 1519 quo
2831 1449 3089 1518 reposita
3121 1455 3209 1504 est
3242 1453 3509 1520 procedi-

1841 1538 1938 1589 tur
1973 1551 2188 1589 rursus
2221 1551 2354 1588 cum
2385 1535 2628 1589 incenso
2669 1539 2725 1590 et
2755 1537 3126 1591 candelabris
3159 1539 3412 1606 duobus,
3447 1543 3509 1594 ut

1844 1624 2149 1694 frangatur
2177 1627 2232 1677 et
2263 1623 2556 1677 dividatur
2587 1624 2739 1678 sicut
2766 1627 3117 1680 sumendum
3147 1632 3256 1695 est,
3292 1646 3323 1680 a
3356 1629 3505 1681 duo-

1841 1712 1955 1766 bus
2001 1712 2302 1782 prioribus
2353 1713 2505 1766 albis
2552 1716 2608 1766 et
2657 1714 2856 1766 casula
2895 1715 3143 1784 indutis;
3197 1721 3252 1770 et
3283 1718 3356 1771 ab
3389 1735 3506 1773 uno

1843 1801 2075 1855 illorum
2117 1801 2268 1854 calix
2318 1805 2549 1856 tenetur
2593 1818 2725 1856 cum
2773 1804 2909 1856 vino
2955 1821 3072 1857 non
3113 1812 3499 1862 consecrato:

1841 1889 1952 1945 hoc
1993 1890 2164 1944 modo
2205 1889 2467 1944 defertur
2495 1891 2565 1944 ad
2597 1891 2798 1962 altare,
2837 1893 2935 1945 ubi
2967 1910 2996 1946 a
3040 1885 3348 1949 sacerdote
3379 1897 3508 1950 sola

1842 1979 2143 2033 Dominica
2179 1978 2374 2033 Oratio
2425 1979 2670 2034 dicenda
2712 1984 2820 2050 est,
2856 1982 3068 2051 illaque
3102 1981 3364 2052 collecta,
3403 1985 3505 2036 Li-

1841 2067 1988 2121 bera
2012 2082 2147 2130 nos;
2180 2072 2391 2121 etcum
2422 2068 2731 2123 manifeste
2761 2070 2983 2140 dicaur,
3020 2071 3145 2126 Per
3183 2075 3371 2126 omnia
3405 2089 3506 2126 sae-

1842 2155 1972 2209 cula
2003 2155 2366 2225 saeculorum,
2402 2157 2563 2224 illud,
2598 2157 2732 2210 Pax
2768 2158 3020 2227 Domini,
3056 2177 3172 2213 non
3212 2162 3502 2231 sequitur,

1841 2245 1978 2314 quia
2009 2261 2118 2299 nec
2175 2246 2412 2315 signum
2469 2245 2632 2314 pacis
2677 2261 2747 2300 eo
2796 2247 2889 2300 die
2933 2247 3122 2301 datur.
3173 2250 3502 2318 Aliquando

1841 2337 1965 2387 erat
2010 2334 2106 2386 illa
2137 2333 2436 2404 diligentia
2470 2337 2549 2400 ut,
2584 2337 2894 2404 postquam
2935 2351 3141 2389 omnes
3175 2339 3502 2390 communi-

1842 2427 2144 2490 caverunt,
2197 2421 2480 2492 quidquid
2529 2423 2832 2476 residuum
2855 2429 2978 2476 erat
3009 2425 3080 2478 ab
3113 2425 3337 2478 eisdem
3369 2442 3502 2494 pre-

1842 2512 2099 2581 sbyteris
2131 2511 2229 2581 qui
2261 2513 2716 2580 apportaverunt
2744 2527 2877 2564 cum
2908 2529 3119 2583 magna
3149 2516 3500 2582 reverentia,

1843 2603 1897 2654 et
1945 2601 2172 2653 cautela
2217 2607 2572 2667 sumeretur,
2625 2602 2681 2653 et
2719 2601 2862 2654 nihil
2908 2603 3144 2655 omnino
3195 2603 3252 2654 in
3291 2604 3504 2657 crasti-

1842 2705 1978 2742 num
2028 2688 2331 2754 remansit.
2383 2688 2548 2753 Quod
2595 2688 2766 2742 etiam
2815 2705 2926 2760 ego
2975 2705 3092 2743 non
3142 2692 3314 2744 aliter
3344 2693 3502 2758 novi,

1842 2777 1958 2830 nisi
2002 2777 2360 2849 generaliter
2403 2777 2770 2831 consuetudo
2821 2779 2898 2831 sit
2933 2778 3176 2832 aliarum
3213 2781 3505 2834 Ecclesia-

1841 2881 1990 2935 rum,
2050 2867 2121 2919 de
2177 2883 2292 2936 quo
2351 2869 2540 2920 tamen
2599 2883 2715 2921 non
2773 2867 2868 2920 hic
2918 2868 3089 2922 modo
3149 2885 3507 2940 magnOpere

1842 2958 2108 3024 curatur;
2161 2959 2217 3009 et
2273 2959 2390 3008 tam
2450 2956 2561 3008 hoc
2609 2957 2700 3009 die
2747 2972 2920 3026 quam
2961 2958 3020 3010 in
3075 2958 3210 3025 alio,
3258 2961 3309 3011 si
3366 2960 3505 3029 quid

1841 3044 2412 3099 communicantibus
2443 3045 2755 3114 supererit,
2790 3050 3151 3100 reservatur.
3186 3047 3507 3117 Postquam

1839 3138 2031 3187 autem
2067 3149 2272 3188 omnes
2307 3133 2886 3201 communicaverint,
2930 3136 3254 3204 percutitur
3284 3135 3502 3203 tabula,

1839 3228 1901 3276 ut
1945 3222 2044 3275 fiat
2093 3222 2276 3275 oratio
2311 3222 2666 3290 vespertina.
2702 3220 2932 3276 Exeunt
2966 3223 3177 3276 fratres
3211 3223 3393 3292 pedes
3424 3223 3503 3276 la-

1837 3327 1994 3380 vare,
2034 3315 2089 3364 et
2119 3325 2184 3365 se
2203 3309 2484 3364 calceare.
2508 3309 2733 3373 Quibus
2753 3310 3134 3364 redeuntibus
3167 3327 3373 3365 omnes
3421 3312 3506 3365 si-

1838 3401 1955 3452 mul
1988 3399 2200 3453 tabulae
2231 3398 2656 3467 percutiuntur,
2708 3399 2764 3450 et
2811 3413 3078 3466 vesperae
3121 3399 3506 3454 decantantur

1837 3489 1950 3543 sub
1976 3487 2449 3554 silentio,etcum
2468 3486 2694 3540 eisdem
2707 3486 2955 3555 psalmis
2978 3487 3195 3555 prioris
3227 3487 3363 3555 diei,
3389 3489 3506 3542 nisi

1837 3578 2064 3647 primus
2115 3576 2399 3644 aufertur,
2453 3577 2508 3627 et
2553 3590 2656 3643 pro
2687 3589 2756 3628 eo
2804 3577 3043 3644 ponitur
3090 3576 3147 3628 in
3177 3577 3505 3630 novissimo

1838 3666 2106 3735 psalmus
2128 3664 2489 3718 centesimus
2523 3664 3017 3735 quadragesimus
3048 3665 3276 3718 tertius.
3315 3665 3376 3717 In
3408 3681 3506 3718 re-

1841 3756 2084 3810 fectorio
2132 3769 2250 3808 non
2283 3754 2532 3807 habetur
2578 3754 2692 3806 nisi
2739 3747 2906 3822 panis
2937 3757 2994 3807 et
3034 3753 3235 3808 herbae
3283 3754 3502 3824 crudae,

1840 3842 2298 3911 vinumjustitiis
2312 3841 2574 3895 infusum
2590 3841 2782 3911 magis
2801 3841 2971 3894 datur
2983 3842 3052 3894 ad
3071 3841 3508 3912 eleemosynam

1841 3946 2014 4000 quam
2053 3931 2365 4001 quisquam
2383 3929 2564 3997 bibat;
2599 3930 2754 3998 quod
2786 3931 2958 3982 etiam
2984 3929 3045 3982 fit
3075 3931 3340 3984 secundo
3375 3946 3508 3983 cum

1839 4021 2048 4074 iterum
2081 4023 2334 4089 pergunt
2382 4019 2440 4071 in
2479 4018 2858 4071 refcctorium
2907 4019 3078 4087 quasi
3128 4035 3288 4073 more
3334 4019 3507 4073 solito

1840 4107 2108 4170 bibituri;
2143 4122 2348 4160 verum
2392 4107 2464 4160 de
2497 4106 2806 4159 collatione
2851 4109 3105 4176 surgunt
3139 4108 3209 4159 ad
3239 4107 3508 4160 Charita-

1841 4201 1977 4264 tem,
2013 4200 2069 4250 et
2099 4197 2169 4250 de
2200 4196 2336 4249 vino
2351 4195 2505 4265 quod
2527 4196 2664 4248 tunc
2688 4195 3246 4263 propinaturnullus
3270 4198 3506 4248 omnino

1842 4285 2148 4354 praesumit
2192 4283 2511 4350 abstinere,
2563 4285 2624 4335 ut
2663 4297 2777 4334 non
2809 4281 3231 4351 aliquantulum
3264 4283 3504 4351 gusteti.

1843 4373 2135 4429 Custodes
2151 4371 2438 4435 Ecclesiae
2473 4370 2666 4424 statim
2692 4372 2826 4439 post
2848 4385 3132 4438 vcsperas
3157 4370 3399 4439 singula
3431 4371 3502 4423 de

1844 4479 2025 4533 super
2054 4462 2421 4530 incmperunt
2452 4459 2655 4513 altaria
2673 4459 2870 4512 lavare
2893 4459 3224 4529 diligenter,
3259 4460 3509 4528 primum

1845 4567 1978 4606 cum
2009 4567 2178 4621 aqua,
2211 4552 2415 4619 postea
2460 4549 2628 4615 vino;
2681 4548 2750 4601 ad
2795 4549 2950 4618 quod
3001 4547 3172 4601 etiam
3219 4563 3367 4616 opus
3400 4562 3509 4600 nec

1846 4642 2097 4710 spongia
2130 4641 2351 4707 carent,
2386 4653 2561 4708 quem
2593 4637 2733 4691 libet
2766 4638 3081 4691 imbibente
3112 4638 3426 4707 liquorum,
3449 4642 3510 4690 ut

1846 4747 1979 4785 cum
2010 4746 2077 4783 ea
2109 4729 2348 4782 nitidius
2382 4729 2510 4798 ipsa
2539 4728 2810 4781 laventur
2837 4728 3059 4780 altaria.

1919 4818 2104 4871 Inter.
2157 4817 2354 4871 Altare
2397 4817 2722 4886 principale
2776 4821 2975 4869 cratne
3023 4815 3242 4869 nudum
3277 4814 3509 4884 quando

1850 4922 2070 4976 corpus
2099 4905 2332 4959 Domini
2353 4904 2604 4959 dabatur
2621 4907 2649 4957 ἱ)

1920 4995 2097 5065 Resp.
2133 4993 2400 5061 Minime;
2443 5009 2558 5047 uno
2596 4993 2830 5046 interim
2860 4992 3039 5046 linteo
3071 4996 3194 5046 erat
3223 4996 3508 5062 opertum.

1921 5084 2107 5137 Inter.
2129 5083 2190 5134 In
2209 5083 2336 5136 loco
2361 5081 2458 5136 illo
2477 5082 2776 5151 passionis
2794 5098 2804 5134 :
2825 5081 2899 5134 Di
2911 5083 3176 5135 riserunt
3190 5081 3311 5135 sibi
3333 5084 3511 5136 vesti-

1850 5179 2044 5228 menta
2079 5187 2226 5240 mea,
2261 5171 2644 5225 simulaturne
2675 5171 2869 5240 aliquo
2903 5170 3074 5223 modo
3107 5187 3138 5223 a
3167 5170 3339 5225 vobis
3363 5173 3390 5224 ἱ)

1922 5262 2100 5332 Resp.
2131 5260 2301 5314 Certe
2334 5259 2661 5326 simulatur,
2697 5259 2929 5312 duobus
2975 5259 3308 5328 panniculis
3336 5261 3396 5314 in
3427 5261 3516 5314 al-

1851 5352 1962 5405 tari
1993 5350 2226 5420 positis,
2263 5353 2317 5403 et
2365 5349 2567 5402 eadem
2616 5349 2743 5402 vice
2786 5349 2922 5402 hinc
2955 5352 3011 5402 et
3059 5351 3191 5404 inde
3229 5367 3333 5420 per
3364 5352 3516 5405 duos

1853 5442 2064 5495 fratres
2097 5439 2444 5500 abstractis;
2480 5439 2586 5491 sed
2617 5440 2675 5491 ut
2708 5438 2879 5492 modo
2914 5438 3100 5493 fatear
3128 5441 3285 5510 quod
3310 5456 3515 5494 verum

1851 5533 1962 5596 est,
2004 5531 2074 5582 de
2106 5527 2391 5582 industria
2424 5528 2629 5594 celavi,
2673 5527 2828 5596 quia,
2873 5529 3143 5598 quamvis
3177 5529 3400 5584 nullum
3441 5529 3519 5582 sit

1851 5619 2086 5686 malum,
2118 5622 2310 5672 tamen
2343 5617 2398 5670 id
2431 5632 2546 5670 non
2578 5617 2638 5669 lit
2677 5633 2810 5670 cum
2842 5618 3125 5686 Apostolo
3163 5619 3512 5688 perhibente

1850 5724 1916 5762 se
1945 5723 2051 5779 per
2070 5707 2265 5776 fidem,
2292 5708 2348 5760 et
2379 5723 2495 5762 non
2538 5723 2648 5778 per
2680 5707 2940 5778 speciem
2966 5709 3266 5763 ambulare
3290 5707 3377 5778 (II
3401 5708 3516 5761 Cor
