3956 6176
397 373 518 437 663

1351 358 1761 427 UDALRICI
1802 350 2420 424 CLUNIACENSIS
2452 354 2847 418 MONACHI
3681 355 3775 419 ω

401 573 502 642 v);
545 585 756 625 verum
784 568 899 624 hoc
932 566 1163 623 omisso
1196 565 1325 619 sine
1372 579 1485 633 me,
1524 565 1586 616 ut
1616 561 1760 616 ordo
1809 561 2074 614 teneatur
2097 540 2146 603 Α
2182 556 2492 629 Evangelii
2521 560 2654 625 post
2673 554 3070 625 antiphonam,
3093 555 3463 626 quamvister
3480 556 3776 623 recentatur,

402 661 718 729 incoeptus.

1019 724 1269 779 CAPUT
1300 723 1457 777 XIV.

919 813 1005 868 De
1035 812 1301 867 Sabbato
1328 815 1551 865 sancto.

474 908 539 961 In
596 905 854 960 Sabbato
913 907 1117 956 sancto
1166 903 1300 971 post
1356 902 1555 953 matut.
1611 900 1884 953 continuo
1950 913 2068 951 non

404 995 578 1050 modo
614 992 821 1048 altaria
852 990 1286 1061 coaperiuntur,
1321 989 1427 1043 sed
1465 988 1636 1041 etiam
1667 990 1783 1040 tota
1814 986 2067 1040 ecclesia

404 1083 599 1155 palliis
647 1083 910 1149 ornatur,
960 1080 1305 1149 nullumque
1354 1076 1595 1132 linteum
1651 1091 1832 1145 super
1887 1075 2069 1129 altare

403 1172 639 1244 aliquod
671 1170 916 1225 mittitur
946 1168 1101 1239 quod
1133 1182 1250 1220 non
1284 1168 1364 1220 snt
1392 1170 1607 1236 Optime
1630 1165 1903 1218 lavatum.
1927 1163 2069 1217 Post

406 1260 742 1333 capitulum,
792 1260 849 1312 et
902 1260 1038 1327 post
1086 1257 1335 1321 sextam,
1388 1254 1605 1307 fratres
1650 1253 1968 1322 loquuntur
2002 1253 2067 1306 in

407 1352 686 1405 claustro.
732 1348 875 1401 Post
903 1360 1116 1400 nonam
1146 1343 1537 1414 processione
1583 1342 1754 1409 facta,
1805 1341 1994 1409 primo
2034 1356 2067 1394 a

405 1439 650 1494 diacono
680 1436 811 1490 laus
861 1434 1020 1489 cerei
1067 1437 1160 1487 est
1188 1432 1458 1503 legenda.
1501 1431 1563 1484 In
1608 1430 1783 1501 cujus
1812 1429 2065 1500 quodam

402 1528 533 1583 loco
565 1542 699 1581 cum
735 1524 1047 1595 aliquando
1090 1538 1205 1576 non
1234 1509 1397 1576 bene
1444 1520 1782 1588 haberetur,
1830 1518 1875 1573 0
1915 1518 2069 1573 felix

405 1617 590 1688 culpa,
623 1620 683 1672 et
713 1614 863 1686 quod
903 1618 1208 1684 peccatum
1250 1610 1399 1665 Adae
1433 1610 1836 1664 necessarium
1881 1612 2063 1676 esset,

403 1710 537 1760 ante
571 1704 684 1759 hos
715 1718 903 1757 annos
950 1701 1203 1756 domnus
1233 1699 1418 1753 ablue
1462 1700 1673 1767 eptime
1717 1696 1876 1763 fecit,
1910 1698 2067 1767 quod

404 1794 544 1849 fecit
599 1793 826 1859 abradi,
874 1794 931 1845 et
973 1805 1046 1843 ne
1094 1789 1346 1858 amplius
1393 1788 1694 1858 legeretur
1740 1786 2059 1840 interdixit.

404 1884 527 1952 Ipsi
574 1897 717 1936 vero
766 1895 936 1935 cereo
967 1880 1299 1948 praecentor
1328 1877 1598 1932 inscribit
1629 1878 1844 1946 quotus
1874 1891 2065 1929 annus
2100 1912 2146 1971 υ

407 1972 485 2024 sit
516 1970 838 2025 Dominica
870 1966 1315 2033 Incarnationis,
1351 1970 1525 2036 quota
1557 1965 1792 2019 indictio
1817 1979 2065 2018 concur-

406 2074 547 2113 rens
577 2061 635 2112 et
664 2060 903 2128 epactae.
928 2054 1073 2110 Cum
1097 2057 1331 2108 ventum
1354 2053 1533 2108 fuerit
1562 2054 1635 2107 ad
1666 2053 1821 2107 hunc
1847 2053 2062 2120 locum,

397 2146 668 2218 Suscipe,
692 2151 897 2200 sancte
921 2144 1129 2211 Pater,
1155 2142 1389 2197 incensi
1402 2142 1579 2213 liujus
1596 2140 1955 2196 sacrificium
1980 2159 2068 2197 ve-

397 2236 751 2308 spertinum,
785 2233 1070 2289 diaconus
1099 2232 1159 2284 in
1208 2247 1279 2285 eo
1311 2230 1705 2285 foraminibus
1743 2234 1877 2285 ante
1906 2247 2066 2301 prae-

398 2324 623 2379 cavetis
662 2337 901 2377 crucem
932 2321 1070 2375 facit
1099 2336 1233 2374 cum
1282 2320 1542 2392 quinque
1574 2319 1781 2390 granis
1811 2319 2062 2374 incensi.

397 2413 645 2480 Quando
697 2412 916 2483 legitur
964 2409 1240 2464 Rutilans
1274 2408 1437 2481 ignis
1481 2408 1771 2474 ascendit,
1823 2412 1962 2463 tunc
2012 2413 2068 2463 et

401 2517 617 2558 cereus
645 2501 898 2571 primum
947 2498 1309 2553 accenditur.
1361 2497 1503 2552 Inde
1550 2498 1822 2568 sequitur
1867 2498 2061 2562 lectio,

398 2591 467 2645 In
511 2589 846 2661 principio;
891 2587 1097 2655 oratio,
1150 2587 1309 2642 Deus
1356 2587 1483 2658 qui;
1528 2588 1701 2641 lectio
1735 2587 1788 2655 2,
1825 2586 2065 2641 Factum

400 2684 524 2738 est;
557 2681 805 2745 tractus,
842 2675 1159 2730 Cantemus
1200 2675 1461 2744 Domino,
1497 2676 1634 2745 quia
1661 2676 1895 2747 duobus
1922 2691 2066 2729 can-

396 2769 496 2821 tur
526 2782 600 2821 ex
628 2768 777 2829 toto;
812 2764 1017 2831 oratio,
1070 2764 1231 2819 Deus
1277 2764 1464 2836 czy'us;
1505 2765 1676 2819 lectio
1724 2765 1777 2832 3,
1828 2765 2066 2836 Appre—

399 2855 664 2911 bendent
693 2859 920 2925 septem
968 2853 1284 2917 mulieres;
1337 2854 1544 2920 oratio,
1578 2853 1739 2908 Deus
1785 2855 1883 2925 qui
1931 2870 2065 2919 nos;

398 2948 646 3011 tractus,
692 2942 905 3007 Vinea;
952 2942 1125 2996 lectio
1156 2943 1208 3009 4,
1248 2941 1389 2995 Haec
1436 2948 1527 2996 est
1557 2942 1916 3008 haereditas;
1952 2949 2065 2998 tra-

399 3036 553 3102 ctus,
596 3030 895 3095 Attende;
944 3031 1152 3100 oratio,
1205 3031 1366 3085 Deus
1405 3032 1503 3102 qui
1545 3031 1912 3098 Ecclesium;
1944 3037 2066 3087 tra-

399 3124 553 3190 ctus,
606 3120 777 3176 Sicut
824 3136 1074 3185 cervus;
1107 3120 1313 3188 oratio,
1349 3119 1637 3175 Concede.
1673 3121 1916 3175 Letania
1958 3122 2066 3175 tri-

398 3213 493 3283 pla
524 3214 793 3265 cantatur
822 3227 855 3263 a
897 3209 1131 3264 duobus
1169 3209 1515 3264 cantoribus
1566 3210 1667 3281 qui
1714 3214 1771 3264 et
1819 3210 2066 3266 chorum

401 3302 602 3356 tenent
645 3298 850 3369 cappis
888 3297 1133 3365 indutis,
1168 3302 1224 3351 et
1254 3298 1737 3367 praecinentibus,
1794 3304 1850 3353 ct
1897 3303 2066 3356 utro-

398 3404 513 3460 que
544 3389 726 3443 choro
760 3387 1104 3457 singulatim
1136 3388 1561 3455 respondente;
1602 3387 1673 3441 ad
1703 3389 1939 3460 singula
1970 3407 2067 3444 no-

399 3478 555 3533 mina
588 3479 949 3546 sanctorum,
982 3478 1200 3545 praeter
1238 3476 1603 3546 angelorum,
1650 3477 1963 3533 inclinatur
1992 3481 2064 3535 ab

401 3564 498 3620 his
529 3581 563 3618 a
591 3565 809 3635 quibus
838 3564 1235 3632 nominantur,
1259 3564 1375 3617 nisi
1405 3569 1805 3632 praecentores
1824 3583 1940 3622 non
1972 3569 2065 3622 in-

404 3653 642 3709 clinant.
693 3653 779 3707 De
811 3652 1104 3721 baptismo
1135 3651 1280 3705 nihil
1311 3668 1422 3706 nos
1461 3653 1922 3723 intromittimus,
1954 3673 2065 3712 nec

401 3743 475 3797 ab
505 3741 630 3796 ullo
661 3741 722 3794 in
757 3740 1014 3795 ecclesia
1043 3742 1245 3795 nostra
1285 3740 1637 3797 celebratur.
1692 3743 1931 3798 Letania
1979 3745 2066 3799 in-

404 3831 611 3886 choata
642 3830 839 3886 statim
869 3845 1003 3884 cum
1040 3829 1338 3900 tapetibus
1370 3832 1790 3900 cooperiuntur
1837 3834 2062 3904 formae,

401 3920 582 3990 ﬁnita,
638 3918 1049 3989 pronuntiatur
1081 3934 1112 3971 a
1144 3922 1404 3988 cantore,
1438 3920 1785 3975 Accendite.
1835 3924 2065 3978 Accen-

403 4009 621 4064 duntur
650 4024 782 4078 quae
813 4010 952 4062 sunt
982 4012 1116 4061 ante
1147 4007 1330 4062 altare
1355 4008 1637 4077 candelis,
1671 4013 1727 4064 et
1757 4012 2068 4080 pulsantur

402 4099 597 4153 omnia
646 4098 840 4169 signa,
876 4098 1295 4167 cooperiuntur
1338 4111 1470 4150 cum
1498 4099 1796 4168 tapetibus
1827 4099 2062 4166 formae;

402 4186 718 4242 Inchoatur
733 4187 920 4241 missa
952 4201 1085 4240 cum
1114 4184 1326 4258 Kyrie,
1354 4186 1612 4252 eleison;
1636 4189 1908 4258 sequitur
1930 4189 2065 4244 Glo-

400 4278 494 4332 ria
516 4275 579 4331 in
602 4275 881 4345 excelsis,
914 4278 971 4330 et
993 4277 1207 4329 caetera
1239 4273 1584 4330 solemniter
1601 4277 1814 4345 omnia,
1840 4277 2062 4332 Cereus

400 4366 600 4421 nullus
629 4368 895 4436 portatur
922 4367 1055 4418 ante
1097 4364 1467 4418 sacerdotem
1513 4365 1586 4418 ad
1613 4364 1806 4436 [altare
1852 4382 2062 4435 proce-

401 4455 655 4523 dentem,
689 4469 798 4508 nec
818 4456 952 4507 ante
971 4452 1357 4524 Evangelium
1380 4453 1497 4507 nisi
1518 4454 1827 4515 incensum
1849 4455 2062 4510 solum.

402 4544 568 4599 Tunc
597 4543 773 4597 etiam
816 4542 1068 4612 primum
1114 4543 1166 4595 si
1196 4542 1332 4612 quis
1390 4543 1766 4597 sacerdotum
1784 4544 2066 4613 privatim

2177 652 2373 700 tamen
2405 646 2595 700 adhuc
2626 648 2683 699 et
2709 645 2901 714 ipsius
2934 644 3266 713 antiphona:
3298 643 3535 697 melodia
3565 647 3780 697 cantatur

2181 751 2313 788 cum
2335 734 2597 803 alleluia;
2620 733 2864 787 collecta
2885 732 3047 787 Deus
3067 732 3165 804 qui
3183 733 3352 786 lianc.
3369 731 3660 785 Processio
3678 746 3780 801 qua:

2180 825 2250 878 ad
2265 824 2577 878 ecclesiam
2590 822 2649 877 S.
2666 822 2868 876 Maria
2882 822 3009 876 ﬁeri
3024 821 3192 890 solet,
3217 823 3467 874 mutatur
3485 820 3552 872 ad
3566 825 3780 873 sanctam

2182 927 2437 981 crucem,
2491 912 2645 965 sicut
2689 911 2861 965 etiam
2910 912 2970 965 in
3011 911 3168 964 omni
3217 909 3488 977 Sabbato,
3519 907 3613 961 sed
3645 909 3782 963 modo

2181 1016 2314 1055 cum
2344 1001 2750 1069 responsorio,
2786 1000 2933 1052 Dum
2971 999 3311 1065 transisset,
3346 999 3614 1067 sequente
3640 1012 3784 1051 versu

2179 1093 2235 1143 et
2266 1089 2511 1144 collecta
2543 1105 2673 1142 cum
2697 1089 2876 1143 tonali
2897 1087 3391 1158 pronuntiatione,
3427 1086 3608 1140 Dicite
3635 1087 3686 1138 in
3705 1101 3787 1139 na-

2183 1178 2443 1233 tionibus
2469 1198 2484 1230 :
2508 1178 2671 1232 Deus
2692 1178 2790 1248 qui
2811 1192 2924 1247 pro
2949 1176 3161 1230 salute.
3194 1174 3478 1230 Generale
3504 1174 3785 1227 Mandatum

2180 1270 2343 1322 esset
2376 1267 2729 1333 faciendum,
2763 1266 2882 1319 nisi
2902 1265 3058 1335 quod
3076 1265 3295 1319 factum
3326 1266 3418 1318 est
3448 1264 3503 1316 in
3524 1261 3683 1316 Coena
3707 1262 3792 1315 Do-

2180 1356 2351 1425 mini;
2393 1359 2449 1410 et
2498 1355 2610 1408 hoc
2652 1355 2825 1408 etiam
2856 1353 3236 1408 constitutum
3267 1355 3360 1406 est
3406 1368 3437 1405 a
3467 1351 3623 1406 beato
3649 1351 3788 1404 Patre

2177 1444 2442 1513 Odilone,
2475 1446 2536 1497 ut
2567 1443 2620 1496 si
2665 1443 2817 1497 festa
2848 1442 3145 1511 praecipua
3190 1442 3251 1495 in
3297 1456 3542 1511 vespera
3568 1439 3785 1507 Sabbati,

2183 1532 2338 1599 Qum,
2373 1535 2434 1586 ut
2466 1532 2751 1602 scriptum
2785 1534 2894 1601 est,
2929 1529 3176 1585 lucescit
3195 1530 3257 1583 in
3283 1530 3473 1600 prima
3491 1528 3727 1594 Sabbati,
3746 1527 3789 1581 id

2176 1625 2269 1676 est
2318 1621 2376 1674 in
2420 1620 2745 1689 Dominica,
2797 1619 3120 1689 evenerint,
3156 1618 3491 1672 Mandatum
3533 1618 3586 1670 in
3626 1616 3787 1687 quinta

2175 1711 2318 1764 feria
2354 1709 2723 1779 praecedente
2753 1708 3122 1777 anticipetur,
3149 1723 3222 1761 ne
3241 1707 3522 1760 fratribus
3540 1704 3787 1774 prodixio-

2177 1800 2347 1852 ribus
2388 1798 2611 1869 vigiliis
2658 1796 3034 1863 laboraturis,
3086 1795 3343 1850 Mandati
3391 1808 3613 1865 quoque
3656 1793 3792 1845 labor

2176 1888 2436 1941 accedat.
2469 1886 2634 1951 Quod
2668 1888 2902 1940 tenetur
2932 1886 2991 1938 in
3015 1884 3280 1955 quinque
3294 1883 3599 1953 praecipuis
3621 1880 3790 1946 festis;

2178 1980 2233 2031 et
2261 1977 2514 2030 domnus
2545 1976 2731 2029 abbas
2755 1975 2867 2027 hoc
2886 1973 3315 2044 supcraddidit,
3337 1970 3793 2027 commemoratio-

2176 2079 2311 2118 nem
2342 2067 2563 2118 sanctaa
2616 2063 2948 2131 Tﬁnitatis;
2983 2062 3231 2115 Vincula
3273 2061 3336 2115 S.
3387 2060 3560 2127 Petri;
3595 2058 3794 2112 Festum

2175 2153 2445 2207 Omnium
2489 2152 2858 2217 Sanctorum,
2905 2150 2966 2204 S.
3002 2150 3266 2219 Martini;
3305 2149 3680 2219 Hypapantem
3706 2146 3791 2199 Do-

2177 2241 2340 2311 mini,
2378 2245 2435 2295 et
2464 2240 2905 2295 Dedicationem
2935 2237 3246 2293 Ecclesiae.
3352 2263 3359 2271 ρ

2810 2381 3060 2436 CAPUT
3091 2380 3217 2435 XV.

2247 2490 2336 2544 De
2360 2490 2488 2560 ipsa
2520 2494 2709 2557 nocte,
2741 2487 2837 2542 vel
2861 2488 2960 2543 die
2990 2486 3483 2542 Resurrectionis
3512 2483 3735 2540 Domini.

2250 2596 2314 2650 In
2347 2597 2474 2665 ipsa
2496 2599 2666 2650 nocte
2690 2594 3012 2649 Dominica;
3030 2594 3515 2649 Resurrectionis
3536 2591 3667 2645 satis
3685 2588 3793 2642 novi

2177 2686 2314 2757 quia
2336 2684 2651 2739 vobiscum
2672 2684 2730 2736 in
2753 2683 3059 2737 nocturnis
3081 2696 3201 2736 non
3219 2681 3641 2737 concordamus
3654 2692 3794 2749 agen-

2175 2774 2300 2828 dis:
2354 2789 2487 2827 nam
2528 2776 2585 2827 et
2621 2772 2852 2841 psalmi,
2888 2776 2945 2825 et
2992 2771 3306 2839 lectiones,
3368 2775 3424 2825 et
3467 2766 3794 2838 responsoria

2175 2863 2394 2932 pariter
2441 2863 2513 2915 ad
2545 2860 2969 2915 duodenarium
3001 2859 3370 2930 pertingant,
3404 2870 3725 2929 quamquam
3751 2854 3797 2906 in

2175 2952 2628 3021 antiphonarum
2659 2946 2904 3004 numero
2938 2948 3055 3002 nisi
3076 2952 3201 3003 tres
3224 2948 3560 3019 antiphona:
3588 2945 3798 2999 habeano

2178 3042 2292 3108 tur,
2326 3055 2575 3109 quarum
2623 3038 2810 3107 prima
2841 3041 3107 3092 cantatur
3134 3053 3321 3106 super
3355 3037 3573 3106 primos
3601 3046 3792 3104 quoque

2176 3143 2284 3183 sex
2314 3128 2600 3198 psalmos;
2634 3126 2896 3181 secunda
2921 3142 3104 3197 super
3123 3126 3277 3180 alios
3309 3139 3449 3194 sex;
3470 3124 3627 3179 tertia
3649 3135 3796 3190 super

2177 3218 2422 3272 cantica.
2466 3217 2548 3271 De
2598 3215 2908 3286 pulsandis
2957 3215 3147 3285 primo
3195 3215 3475 3269 omnibus
3506 3211 3682 3283 signis
3714 3222 3798 3280 pro

2174 3306 2373 3375 scilla;
2406 3305 2478 3359 de
2521 3304 2714 3359 tribus
2742 3303 2937 3374 palliis
2970 3318 3153 3372 super
3179 3302 3367 3357 altare
3397 3299 3706 3366 mittendis;
3741 3296 3797 3349 de

2172 3394 2418 3448 incenso
2476 3394 2628 3448 inter
2668 3396 2991 3447 nocturnos
3040 3396 3130 3446 ter
3192 3388 3690 3455 circumferendo;
3730 3384 3789 3437 de

2173 3482 2579 3553 responsoriis
2610 3485 2817 3536 octavo
2835 3484 2892 3534 et
2911 3479 3283 3549 duodecimo,
3309 3484 3616 3551 postquam
3640 3472 3793 3530 semel

2174 3574 2401 3627 cantata
2442 3570 2677 3639 fuerint,
2711 3570 2922 3624 iterum
2954 3568 3317 3637 repetendis,
3355 3571 3523 3621 vacat
3548 3568 3628 3635 (ut
3653 3560 3791 3616 modo

2174 3662 2366 3716 dicam
2387 3661 2544 3731 quod
2567 3659 2909 3713 meminisse
2938 3658 3130 3728 potes)
3156 3656 3285 3728 jam
3331 3657 3391 3711 in
3427 3651 3793 3727 superioribus

2174 3748 2425 3816 dixisse,
2458 3748 2557 3801 ubi
2589 3746 2947 3801 mentionem
2973 3746 3090 3801 feci
3112 3746 3184 3800 de
3206 3746 3549 3801 diversitate
3566 3737 3797 3797 solemni-

2172 3839 2376 3891 tatum.
2410 3836 2496 3890 Ad
2530 3836 2845 3890 matutinas
2876 3834 3084 3890 laudes
3114 3834 3491 3906 singularum
3511 3829 3799 3901 antiphona-

2174 3940 2307 3979 rum
2357 3924 2608 3979 melodia
2646 3923 2935 3994 repetitur
2983 3938 3116 3977 cum
3167 3923 3426 3978 alleluia.
3472 3923 3529 3975 In
3577 3920 3662 3974 die
3694 3928 3799 3970 cum

2177 4013 2320 4067 hora
2344 4028 2456 4067 una
2489 4027 2740 4082 qumque
2772 4011 3072 4080 propriam
3106 4010 3322 4065 habeat
3352 4010 3728 4080 antiphonam,
3753 4004 3801 4055 ut

2175 4101 2234 4156 in
2265 4104 2534 4171 promptu
2565 4104 2656 4154 est
2703 4100 2763 4153 in
2809 4099 3220 4169 antiphonario
3269 4099 3500 4165 videre,
3549 4097 3616 4150 ad
3653 4094 3798 4158 Vesp.

2176 4205 2359 4259 super
2406 4189 2671 4259 psalmos
2702 4203 2818 4242 non
2867 4188 3185 4257 antiphona
3215 4188 3325 4242 sed
3364 4190 3582 4241 tantum
3609 4178 3802 4236 alleluia

2175 4279 2272 4345 ita,
2319 4278 2521 4332 Jesnm
2569 4291 2735 4349 quem
2787 4275 3076 4347 quaeritis.
3110 4274 3200 4329 Ad
3230 4275 3668 4345 processionem
3696 4268 3804 4337 post

2174 4382 2385 4437 aquam
2432 4364 2827 4433 benedictum,
2877 4363 3215 4433 antiphona,
3266 4362 3405 4418 Vidi
3440 4375 3654 4434 aquam,
3692 4359 3803 4418 etc,

2172 4471 2307 4509 cum
2343 4454 2547 4509 Gloria
2578 4453 2776 4521 Patri,
2809 4444 3153 4523 proceditur
3189 4452 3260 4505 ad
3292 4450 3606 4507 ecclesiam
3631 4447 3684 4500 S.
3713 4443 3803 4496 Ma-

2174 4544 2280 4597 riae
2304 4558 2438 4597 cum
2469 4544 2854 4613 responsorio
2915 4540 3174 4595 Veniens
3220 4556 3251 4593 a
3300 4540 3555 4607 Libano;
3585 4535 3669 4589 vel
3693 4544 3801 4586 cum

402 4635 651 4687 missam
672 4636 909 4686 cantare
930 4632 1201 4696 voluerit,
1226 4630 1521 4684 licentiam
1550 4631 1819 4701 accipere
1852 4635 2064 4703 potest,
2085 4626 2140 4687 D
2170 4633 2283 4687 alio
2312 4632 2471 4704 quod
2499 4637 2693 4687 tamen
2722 4646 2838 4686 non
2869 4629 3104 4684 finiatur
3146 4629 3279 4683 sine
3327 4627 3596 4683 Alleluia.
3619 4619 3801 4691 Sequi-

401 4727 458 4777 et
497 4720 769 4776 similiter
798 4719 1038 4789 incipiat
1068 4736 1100 4771 a
1130 4718 1343 4791 Kyrie,
1380 4719 1625 4773 eleison.
1669 4720 1731 4773 In
1756 4735 1923 4774 coena
1949 4721 2067 4775 Do-

399 4812 545 4866 mini
581 4810 770 4881 potuit
799 4809 973 4864 etiam
1018 4809 1147 4862 sine
1177 4807 1411 4862 licentia
1440 4812 1572 4862 ante
1609 4808 1896 4879 majorem
1933 4810 2067 4864 mis-

402 4917 531 4955 sam
560 4902 816 4968 cantare,
851 4898 959 4953 sed
989 4897 1218 4967 absque
1241 4897 1505 4966 candela,
1525 4898 1661 4968 quia
1687 4914 1879 4953 novus
1911 4899 2069 4970 ignis

400 4988 659 5044 nondum
693 4991 819 5043 erat
848 4989 1256 5043 consecratus.
1292 4987 1354 5040 In
1386 4986 1500 5041 isto
1532 4991 1726 5041 autem
1756 4987 1851 5042 die
1882 5003 2069 5058 quan-

403 5093 578 5148 quam
607 5076 817 5149 Agnus
845 5077 960 5133 Dei
987 5093 1104 5132 non
1134 5076 1381 5143 dicatur,
1418 5091 1529 5144 pax
1560 5079 1753 5130 tamen
1784 5077 1857 5131 ab
1889 5077 2070 5131 omni-

401 5165 520 5220 bus
551 5165 721 5220 datur
766 5171 824 5220 et
860 5167 1166 5236 accipitur,
1219 5169 1304 5235 et,
1350 5168 1414 5219 ut
1469 5181 1648 5236 supra
1678 5166 1937 5234 memini,
1997 5166 2071 5220 ab

404 5252 681 5309 omnibus
695 5256 1180 5309 communicatur.
1200 5255 1384 5309 Missa
1397 5259 1656 5324 peracta,
1672 5255 1868 5309 statim
1883 5254 2069 5309 scillae

405 5343 540 5397 dum
571 5340 745 5396 simul
776 5342 1105 5410 pulsantur.
1152 5344 1241 5396 Ad
1282 5358 1590 5412 vesperae,
1624 5343 1778 5397 sicut
1810 5347 1866 5396 et
1896 5343 2071 5414 signa

405 5428 735 5500 sequentia,
766 5429 906 5484 bina
936 5431 1267 5501 pulsantur,
1288 5432 1359 5485 ad
1389 5447 1541 5502 quos
1572 5433 1838 5485 consueti
1858 5431 2069 5501 psalmi

407 5522 744 5588 cantantur;
766 5519 993 5588 primus
1027 5519 1425 5574 Conﬁteamnr
1442 5537 1573 5575 cum
1596 5520 1829 5575 alleluia
1858 5536 2069 5574 secun-

406 5606 546 5662 dum
574 5607 915 5673 melodiam;
952 5607 1267 5676 antiphona
1300 5608 1667 5673 Cruci/ixus;
1715 5611 1895 5678 Resp.
1940 5610 2070 5663 An-

411 5695 579 5754 ﬁelus
597 5698 866 5762 Domini;
899 5697 1188 5767 Hymnus,
1236 5697 1334 5751 Ad
1368 5697 1620 5752 Cinnam.
1667 5698 1751 5752 Ad
1785 5697 2073 5752 canticum

2171 4725 2266 4777 tur
2297 4722 2632 4790 antiphona.
2666 4721 2743 4785 In,
2765 4720 2865 4774 die
2894 4718 3370 4774 resurrectionis
3390 4732 3550 4778 meae,
3577 4707 3799 4766 alleluia.

2172 4811 2262 4879 Et,
2298 4810 2474 4865 Sedit
2506 4809 2772 4881 angelus,
2817 4824 2950 4862 cum
2983 4823 3163 4862 versu
3208 4805 3597 4867 Cruci/iitum;
3626 4799 3691 4853 ad
3724 4798 3799 4849 in-

2172 4899 2410 4953 troitum
2440 4899 2715 4954 ecclesiae
2771 4897 3108 4967 antiphona,
3160 4895 3445 4950 Christus
3488 4898 3797 4958 resurgens:

2174 4987 2233 5040 in
2263 4987 2511 5041 chorum
2540 4985 2840 5041 redeundo
2872 4984 3207 5053 antiphona.
3237 4982 3320 5036 Et
3363 4980 3529 5036 valde
3555 4988 3725 5032 mane.

2254 5076 2438 5130 Inter.
2473 5076 2536 5130 Si
2564 5074 2879 5129 dicendum
2909 5074 3001 5126 est
3030 5073 3088 5126 in
3118 5072 3215 5125 tali
3239 5071 3332 5125 die
3362 5068 3622 5133 collecta,
3655 5059 3797 5129 cujus

2179 5181 2362 5235 supra
2391 5166 2451 5218 in
2481 5164 2735 5235 quodam
2771 5163 2902 5217 loco
2946 5159 3285 5228 meministi,
3318 5159 3375 5213 id
3408 5160 3519 5225 est,
3573 5152 3665 5206 Via
3692 5161 3800 5203 san-

2178 5259 2423 5310 ctorum.

2250 5342 2426 5413 HeSp.
2460 5340 2695 5412 Utique,
2727 5355 2837 5395 nec
2866 5339 2927 5393 in
2955 5339 3072 5394 ulla
3103 5336 3254 5392 solet
3292 5333 3590 5390 Dominica
3634 5338 3796 5413 rema-

2177 5446 2339 5500 nere;
2371 5410 2713 5502 hujusmodi
2736 5431 2928 5484 autem
2960 5431 3169 5482 cantus
3198 5425 3272 5480 ad
3299 5420 3724 5494 processionem
3749 5410 3797 5463 in

2177 5520 2333 5574 omni
2367 5519 2667 5574 Dominica
2691 5534 2808 5573 non
2838 5518 3096 5572 mutatur
3117 5529 3308 5585 usque
3331 5512 3401 5566 ad
3428 5504 3796 5565 Pentecoste!»

2177 5611 2423 5678 excepto
2457 5608 2615 5679 quod
2645 5623 2750 5678 pro
2781 5606 3112 5661 novissimo
3161 5600 3539 5674 responsorio
3567 5594 3797 5679 cantatur

2177 5675 2345 5752 aliud
2376 5675 2983 5766 vel—resp-onsorium,
3033 5695 3123 5749 vel
3170 5690 3483 5763 antiphona
3510 5687 3579 5742 de
3607 5675 3794 5738 sanctis
