  <div class='ocr_page' id='page_1' title='image "/cluster/home/n/w/nwhite01/storage/ocr_20150623/149/hvd.32044054760079/338.png"; bbox 0 0 3956 6176; ppageno 0'>
   <div class='ocr_carea' id='block_1_1' title="bbox 139 354 3491 433">
    <p class='ocr_par' dir='ltr' id='par_1_1' title="bbox 139 354 3491 433">
     <span class='ocr_line' id='line_1_1' title="bbox 139 354 3491 433; baseline 0.006 -20"><span class='ocrx_word' id='word_1_1' title='bbox 139 363 231 424; x_wconf 79' lang='grc'>665</span> <span class='ocrx_word' id='word_1_2' title='bbox 717 354 1423 422; x_wconf 86' lang='lat' dir='ltr'>CONSUETUDINES</span> <span class='ocrx_word' id='word_1_3' title='bbox 1449 357 2112 423; x_wconf 87' lang='lat' dir='ltr'>CLUNIACENSES.</span> <span class='ocrx_word' id='word_1_4' title='bbox 2138 396 2213 409; x_wconf 89' lang='lat'><strong><em>—</em></strong></span> <span class='ocrx_word' id='word_1_5' title='bbox 2249 361 2506 425; x_wconf 85' lang='lat' dir='ltr'>LIBER</span> <span class='ocrx_word' id='word_1_6' title='bbox 2541 365 2887 429; x_wconf 87' lang='lat' dir='ltr'>PRIMUS.</span> <span class='ocrx_word' id='word_1_7' title='bbox 3371 370 3491 433; x_wconf 88' lang='lat'><strong>666</strong></span> 
     </span>
    </p>
   </div>
   <div class='ocr_carea' id='block_1_2' title="bbox 139 543 3486 631">
    <p class='ocr_par' dir='ltr' id='par_1_2' title="bbox 139 543 3486 631">
     <span class='ocr_line' id='line_1_2' title="bbox 139 543 3486 631; baseline 0.002 -15"><span class='ocrx_word' id='word_1_8' title='bbox 139 562 272 616; x_wconf 83' lang='lat' dir='ltr'>Petro</span> <span class='ocrx_word' id='word_1_9' title='bbox 297 561 346 612; x_wconf 90' lang='lat' dir='ltr'>et</span> <span class='ocrx_word' id='word_1_10' title='bbox 372 557 556 625; x_wconf 87' lang='lat' dir='ltr'>Paulo,</span> <span class='ocrx_word' id='word_1_11' title='bbox 591 561 645 612; x_wconf 88' lang='lat' dir='ltr'>et</span> <span class='ocrx_word' id='word_1_12' title='bbox 668 572 884 611; x_wconf 88' lang='lat' dir='ltr'>versus</span> <span class='ocrx_word' id='word_1_13' title='bbox 929 559 1025 613; x_wconf 90' lang='lat' dir='ltr'>ille</span> <span class='ocrx_word' id='word_1_14' title='bbox 1059 557 1397 612; x_wconf 78' lang='lat' dir='ltr'>Crueilixus</span> <span class='ocrx_word' id='word_1_15' title='bbox 1434 563 1714 614; x_wconf 82' lang='lat' dir='ltr'>remanet.</span> <span class='ocrx_word' id='word_1_16' title='bbox 1741 543 1794 605; x_wconf 78' lang='grc' dir='ltr'><strong>Α</strong></span> <span class='ocrx_word' id='word_1_17' title='bbox 1829 560 2032 615; x_wconf 91' lang='lat' dir='ltr'>nescio</span> <span class='ocrx_word' id='word_1_18' title='bbox 2059 577 2191 631; x_wconf 86' lang='lat' dir='ltr'>quae</span> <span class='ocrx_word' id='word_1_19' title='bbox 2222 560 2538 618; x_wconf 86' lang='lat' dir='ltr'>Gallicanae</span> <span class='ocrx_word' id='word_1_20' title='bbox 2570 580 2798 619; x_wconf 88' lang='lat' dir='ltr'>neumae</span> <span class='ocrx_word' id='word_1_21' title='bbox 2840 570 3162 622; x_wconf 89' lang='lat' dir='ltr'>cantantur.</span> <span class='ocrx_word' id='word_1_22' title='bbox 3194 569 3311 623; x_wconf 84' lang='lat' dir='ltr'>Per</span> <span class='ocrx_word' id='word_1_23' title='bbox 3339 569 3486 624; x_wconf 88' lang='lat' dir='ltr'>alios</span> 
     </span>
    </p>
   </div>
   <div class='ocr_carea' id='block_1_3' title="bbox 138 647 3487 728">
    <p class='ocr_par' dir='ltr' id='par_1_3' title="bbox 138 647 3487 728">
     <span class='ocr_line' id='line_1_3' title="bbox 138 647 3487 728; baseline 0.003 -26"><span class='ocrx_word' id='word_1_24' title='bbox 138 650 279 702; x_wconf 75' lang='lat' dir='ltr'>Missa</span> <span class='ocrx_word' id='word_1_25' title='bbox 314 651 688 701; x_wconf 80' lang='lat' dir='ltr'>sacrosanctae</span> <span class='ocrx_word' id='word_1_26' title='bbox 737 647 853 701; x_wconf 90' lang='lat' dir='ltr'>diei</span> <span class='ocrx_word' id='word_1_27' title='bbox 882 648 1176 718; x_wconf 89' lang='lat' dir='ltr'>quomodo</span> <span class='ocrx_word' id='word_1_28' title='bbox 1224 649 1556 703; x_wconf 75' lang='lat' dir='ltr'>celebretur</span> <span class='ocrx_word' id='word_1_29' title='bbox 1602 664 1716 702; x_wconf 90' lang='lat' dir='ltr'>non</span> <span class='ocrx_word' id='word_1_30' title='bbox 1827 650 1954 702; x_wconf 88' lang='lat' dir='ltr'>tres</span> <span class='ocrx_word' id='word_1_31' title='bbox 2004 650 2075 703; x_wconf 90' lang='lat' dir='ltr'>ad</span> <span class='ocrx_word' id='word_1_32' title='bbox 2107 650 2295 705; x_wconf 85' lang='lat' dir='ltr'>instar</span> <span class='ocrx_word' id='word_1_33' title='bbox 2351 652 2467 705; x_wconf 88' lang='lat' dir='ltr'>diei</span> <span class='ocrx_word' id='word_1_34' title='bbox 2526 654 2871 708; x_wconf 79' lang='lat' dir='ltr'>Dominicae.</span> <span class='ocrx_word' id='word_1_35' title='bbox 2913 655 3001 708; x_wconf 83' lang='lat' dir='ltr'>Ad</span> <span class='ocrx_word' id='word_1_36' title='bbox 3031 671 3314 725; x_wconf 87' lang='lat' dir='ltr'>vesperas</span> <span class='ocrx_word' id='word_1_37' title='bbox 3347 674 3487 728; x_wconf 90' lang='lat' dir='ltr'>quo-</span> 
     </span>
    </p>
   </div>
   <div class='ocr_carea' id='block_1_4' title="bbox 136 736 3490 812">
    <p class='ocr_par' dir='ltr' id='par_1_4' title="bbox 136 736 3490 812">
     <span class='ocr_line' id='line_1_4' title="bbox 136 736 3490 812; baseline 0.002 -20"><span class='ocrx_word' id='word_1_38' title='bbox 136 736 421 808; x_wconf 86' lang='lat' dir='ltr'>opushabes</span> <span class='ocrx_word' id='word_1_39' title='bbox 441 736 646 790; x_wconf 87' lang='lat' dir='ltr'>iterum</span> <span class='ocrx_word' id='word_1_40' title='bbox 677 736 896 806; x_wconf 88' lang='lat' dir='ltr'>audire,</span> <span class='ocrx_word' id='word_1_41' title='bbox 917 738 966 790; x_wconf 91' lang='lat' dir='ltr'>si</span> <span class='ocrx_word' id='word_1_42' title='bbox 991 738 1376 792; x_wconf 81' lang='lat' dir='ltr'>henerecolis</span> <span class='ocrx_word' id='word_1_43' title='bbox 1401 753 1580 808; x_wconf 82' lang='lat' dir='ltr'>supra</span> <span class='ocrx_word' id='word_1_44' title='bbox 1600 753 1716 792; x_wconf 92' lang='lat' dir='ltr'>me-</span> <span class='ocrx_word' id='word_1_45' title='bbox 1829 752 1943 806; x_wconf 88' lang='lat' dir='ltr'>que</span> <span class='ocrx_word' id='word_1_46' title='bbox 2009 753 2127 792; x_wconf 89' lang='lat' dir='ltr'>non</span> <span class='ocrx_word' id='word_1_47' title='bbox 2211 743 2508 795; x_wconf 77' lang='lat' dir='ltr'>mutantur</span> <span class='ocrx_word' id='word_1_48' title='bbox 2569 743 2626 795; x_wconf 87' lang='lat' dir='ltr'>hi</span> <span class='ocrx_word' id='word_1_49' title='bbox 2697 744 2908 812; x_wconf 85' lang='lat' dir='ltr'>psalmi</span> <span class='ocrx_word' id='word_1_50' title='bbox 2968 743 3136 798; x_wconf 81' lang='lat' dir='ltr'>Dixit</span> <span class='ocrx_word' id='word_1_51' title='bbox 3210 746 3490 801; x_wconf 83' lang='lat' dir='ltr'>Dominus</span> 
     </span>
    </p>
   </div>
   <div class='ocr_carea' id='block_1_5' title="bbox 134 824 3487 903">
    <p class='ocr_par' dir='ltr' id='par_1_5' title="bbox 134 824 3487 903">
     <span class='ocr_line' id='line_1_5' title="bbox 134 824 3487 903; baseline 0.003 -24"><span class='ocrx_word' id='word_1_52' title='bbox 134 830 306 879; x_wconf 86' lang='lat' dir='ltr'>morata</span> <span class='ocrx_word' id='word_1_53' title='bbox 329 825 392 878; x_wconf 92' lang='lat' dir='ltr'>de</span> <span class='ocrx_word' id='word_1_54' title='bbox 409 824 737 878; x_wconf 75' lang='lat' dir='ltr'>diversitate</span> <span class='ocrx_word' id='word_1_55' title='bbox 753 825 1208 880; x_wconf 89' lang='lat' dir='ltr'>solemnitatum.</span> <span class='ocrx_word' id='word_1_56' title='bbox 1235 826 1401 891; x_wconf 89' lang='lat' dir='ltr'>Quod</span> <span class='ocrx_word' id='word_1_57' title='bbox 1432 827 1715 880; x_wconf 88' lang='lat' dir='ltr'>tamenibi</span> <span class='ocrx_word' id='word_1_58' title='bbox 1831 824 2076 882; x_wconf 90' lang='lat' dir='ltr'>Domino</span> <span class='ocrx_word' id='word_1_59' title='bbox 2119 844 2266 899; x_wconf 87' lang='lat' dir='ltr'>meo,</span> <span class='ocrx_word' id='word_1_60' title='bbox 2327 833 2382 883; x_wconf 88' lang='lat' dir='ltr'>et</span> <span class='ocrx_word' id='word_1_61' title='bbox 2421 832 2618 885; x_wconf 64' lang='lat' dir='ltr'>caeteri</span> <span class='ocrx_word' id='word_1_62' title='bbox 2663 847 2854 903; x_wconf 89' lang='lat' dir='ltr'>usque</span> <span class='ocrx_word' id='word_1_63' title='bbox 2903 831 2974 886; x_wconf 88' lang='lat' dir='ltr'>ad</span> <span class='ocrx_word' id='word_1_64' title='bbox 3013 848 3298 902; x_wconf 87' lang='lat' dir='ltr'>vesperas</span> <span class='ocrx_word' id='word_1_65' title='bbox 3345 834 3487 888; x_wconf 90' lang='lat' dir='ltr'>Sab-</span> 
     </span>
    </p>
   </div>
   <div class='ocr_carea' id='block_1_6' title="bbox 131 913 1968 986">
    <p class='ocr_par' dir='ltr' id='par_1_6' title="bbox 131 913 1968 986">
     <span class='ocr_line' id='line_1_6' title="bbox 131 913 1968 986; baseline 0.001 -19"><span class='ocrx_word' id='word_1_66' title='bbox 131 931 220 969; x_wconf 91' lang='lat' dir='ltr'>non</span> <span class='ocrx_word' id='word_1_67' title='bbox 246 913 346 966; x_wconf 81' lang='lat' dir='ltr'>dixi</span> <span class='ocrx_word' id='word_1_68' title='bbox 377 930 387 967; x_wconf 91' lang='lat'>:</span> <span class='ocrx_word' id='word_1_69' title='bbox 421 913 693 967; x_wconf 89' lang='lat' dir='ltr'>lntroitus</span> <span class='ocrx_word' id='word_1_70' title='bbox 716 918 804 966; x_wconf 88' lang='lat' dir='ltr'>ter</span> <span class='ocrx_word' id='word_1_71' title='bbox 834 917 1186 983; x_wconf 79' lang='lat' dir='ltr'>recentatur,</span> <span class='ocrx_word' id='word_1_72' title='bbox 1221 915 1356 986; x_wconf 88' lang='lat' dir='ltr'>quia</span> <span class='ocrx_word' id='word_1_73' title='bbox 1388 916 1537 970; x_wconf 91' lang='lat' dir='ltr'>duos</span> <span class='ocrx_word' id='word_1_74' title='bbox 1575 931 1714 969; x_wconf 90' lang='lat' dir='ltr'>ver-</span> <span class='ocrx_word' id='word_1_75' title='bbox 1829 913 1968 968; x_wconf 87' lang='lat' dir='ltr'>bati.</span> 
     </span>
    </p>
   </div>
   <div class='ocr_carea' id='block_1_7' title="bbox 132 1002 2892 1074">
    <p class='ocr_par' dir='ltr' id='par_1_7' title="bbox 132 1002 2892 1074">
     <span class='ocr_line' id='line_1_7' title="bbox 132 1002 2892 1074; baseline 0.003 -19"><span class='ocrx_word' id='word_1_76' title='bbox 132 1020 213 1056; x_wconf 90' lang='lat' dir='ltr'>sus</span> <span class='ocrx_word' id='word_1_77' title='bbox 235 1002 400 1056; x_wconf 85' lang='lat' dir='ltr'>habet.</span> <span class='ocrx_word' id='word_1_78' title='bbox 430 1002 552 1056; x_wconf 89' lang='lat' dir='ltr'>Duo</span> <span class='ocrx_word' id='word_1_79' title='bbox 606 1018 837 1074; x_wconf 87' lang='lat' dir='ltr'>quoque</span> <span class='ocrx_word' id='word_1_80' title='bbox 887 1005 1050 1073; x_wconf 87' lang='lat' dir='ltr'>paria</span> <span class='ocrx_word' id='word_1_81' title='bbox 1107 1009 1411 1059; x_wconf 89' lang='lat' dir='ltr'>cantorum</span> <span class='ocrx_word' id='word_1_82' title='bbox 1469 1004 1605 1058; x_wconf 87' lang='lat' dir='ltr'>hinc</span> <span class='ocrx_word' id='word_1_83' title='bbox 1663 1008 1718 1059; x_wconf 91' lang='lat' dir='ltr'>et</span> <span class='ocrx_word' id='word_1_84' title='bbox 2425 1005 2678 1061; x_wconf 88' lang='lat' dir='ltr'>CAPUT</span> <span class='ocrx_word' id='word_1_85' title='bbox 2710 1008 2892 1062; x_wconf 82' lang='lat' dir='ltr'>XVII.</span> 
     </span>
    </p>
   </div>
   <div class='ocr_carea' id='block_1_8' title="bbox 129 1090 3494 1166">
    <p class='ocr_par' dir='ltr' id='par_1_8' title="bbox 129 1090 3494 1166">
     <span class='ocr_line' id='line_1_8' title="bbox 129 1090 3494 1166; baseline 0.003 -22"><span class='ocrx_word' id='word_1_86' title='bbox 129 1091 246 1158; x_wconf 88' lang='lat' dir='ltr'>inde,</span> <span class='ocrx_word' id='word_1_87' title='bbox 271 1090 348 1144; x_wconf 82' lang='lat' dir='ltr'>vel</span> <span class='ocrx_word' id='word_1_88' title='bbox 379 1090 427 1144; x_wconf 88' lang='lat' dir='ltr'>si</span> <span class='ocrx_word' id='word_1_89' title='bbox 463 1090 709 1160; x_wconf 87' lang='lat' dir='ltr'>videtur,</span> <span class='ocrx_word' id='word_1_90' title='bbox 739 1092 939 1162; x_wconf 91' lang='lat' dir='ltr'>plures</span> <span class='ocrx_word' id='word_1_91' title='bbox 973 1095 1310 1147; x_wconf 88' lang='lat' dir='ltr'>statuuntur</span> <span class='ocrx_word' id='word_1_92' title='bbox 1361 1093 1433 1147; x_wconf 88' lang='lat' dir='ltr'>ad</span> <span class='ocrx_word' id='word_1_93' title='bbox 1476 1109 1712 1163; x_wconf 79' lang='lat' dir='ltr'>prosam</span> <span class='ocrx_word' id='word_1_94' title='bbox 1839 1091 1926 1146; x_wconf 89' lang='lat' dir='ltr'>De</span> <span class='ocrx_word' id='word_1_95' title='bbox 1958 1092 2057 1147; x_wconf 89' lang='lat' dir='ltr'>die</span> <span class='ocrx_word' id='word_1_96' title='bbox 2111 1100 2334 1163; x_wconf 87' lang='lat' dir='ltr'>octavo,</span> <span class='ocrx_word' id='word_1_97' title='bbox 2371 1101 2429 1148; x_wconf 92' lang='lat' dir='ltr'>et</span> <span class='ocrx_word' id='word_1_98' title='bbox 2474 1097 2751 1166; x_wconf 88' lang='lat' dir='ltr'>quomodo</span> <span class='ocrx_word' id='word_1_99' title='bbox 2800 1097 2874 1151; x_wconf 89' lang='lat' dir='ltr'>de</span> <span class='ocrx_word' id='word_1_100' title='bbox 2912 1103 3129 1152; x_wconf 69' lang='lat' dir='ltr'>caetero</span> <span class='ocrx_word' id='word_1_101' title='bbox 3175 1100 3250 1153; x_wconf 87' lang='lat' dir='ltr'>ad</span> <span class='ocrx_word' id='word_1_102' title='bbox 3293 1116 3494 1156; x_wconf 85' lang='lat' dir='ltr'>omnes</span> 
     </span>
    </p>
   </div>
   <div class='ocr_carea' id='block_1_9' title="bbox 132 1179 3062 1252">
    <p class='ocr_par' dir='ltr' id='par_1_9' title="bbox 132 1179 3062 1252">
     <span class='ocr_line' id='line_1_9' title="bbox 132 1179 3062 1252; baseline 0.003 -20"><span class='ocrx_word' id='word_1_103' title='bbox 132 1179 504 1248; x_wconf 87' lang='lat' dir='ltr'>concinendam;</span> <span class='ocrx_word' id='word_1_104' title='bbox 536 1179 755 1249; x_wconf 85' lang='lat' dir='ltr'>quibus</span> <span class='ocrx_word' id='word_1_105' title='bbox 785 1180 1007 1235; x_wconf 88' lang='lat' dir='ltr'>chorus</span> <span class='ocrx_word' id='word_1_106' title='bbox 1038 1196 1144 1251; x_wconf 89' lang='lat' dir='ltr'>per</span> <span class='ocrx_word' id='word_1_107' title='bbox 1173 1197 1416 1236; x_wconf 90' lang='lat' dir='ltr'>neumas</span> <span class='ocrx_word' id='word_1_108' title='bbox 1465 1197 1715 1252; x_wconf 83' lang='lat' dir='ltr'>respon—</span> <span class='ocrx_word' id='word_1_109' title='bbox 2254 1183 2436 1237; x_wconf 82' lang='lat' dir='ltr'>horas</span> <span class='ocrx_word' id='word_1_110' title='bbox 2469 1190 2784 1238; x_wconf 86' lang='lat' dir='ltr'>cantantur</span> <span class='ocrx_word' id='word_1_111' title='bbox 2811 1185 3062 1240; x_wconf 88' lang='lat' dir='ltr'>alleluia.</span> 
     </span>
    </p>
   </div>
   <div class='ocr_carea' id='block_1_10' title="bbox 129 1267 3492 1346">
    <p class='ocr_par' dir='ltr' id='par_1_10' title="bbox 129 1267 3492 1346">
     <span class='ocr_line' id='line_1_10' title="bbox 129 1267 3492 1346; baseline 0.003 -27"><span class='ocrx_word' id='word_1_112' title='bbox 129 1268 213 1320; x_wconf 88' lang='lat' dir='ltr'>det.</span> <span class='ocrx_word' id='word_1_113' title='bbox 239 1267 313 1319; x_wconf 71' lang='lat' dir='ltr'>Ad</span> <span class='ocrx_word' id='word_1_114' title='bbox 354 1269 553 1338; x_wconf 87' lang='lat' dir='ltr'>Agnus</span> <span class='ocrx_word' id='word_1_115' title='bbox 576 1268 693 1322; x_wconf 90' lang='lat' dir='ltr'>Dei</span> <span class='ocrx_word' id='word_1_116' title='bbox 719 1269 873 1338; x_wconf 81' lang='lat' dir='ltr'>tropi</span> <span class='ocrx_word' id='word_1_117' title='bbox 930 1269 1166 1340; x_wconf 88' lang='lat' dir='ltr'>quidam</span> <span class='ocrx_word' id='word_1_118' title='bbox 1223 1269 1601 1341; x_wconf 87' lang='lat' dir='ltr'>adjiciuntur,</span> <span class='ocrx_word' id='word_1_119' title='bbox 1662 1274 1718 1325; x_wconf 88' lang='lat' dir='ltr'>et</span> <span class='ocrx_word' id='word_1_120' title='bbox 1897 1270 2154 1324; x_wconf 89' lang='lat' dir='ltr'>Octavus</span> <span class='ocrx_word' id='word_1_121' title='bbox 2185 1270 2314 1325; x_wconf 90' lang='lat' dir='ltr'>dies</span> <span class='ocrx_word' id='word_1_122' title='bbox 2339 1273 2585 1327; x_wconf 80' lang='lat' dir='ltr'>Paschae</span> <span class='ocrx_word' id='word_1_123' title='bbox 2617 1274 2910 1344; x_wconf 89' lang='lat' dir='ltr'>quomodo</span> <span class='ocrx_word' id='word_1_124' title='bbox 2942 1275 3019 1328; x_wconf 92' lang='lat' dir='ltr'>sit</span> <span class='ocrx_word' id='word_1_125' title='bbox 3048 1275 3351 1344; x_wconf 86' lang='lat' dir='ltr'>colendus,</span> <span class='ocrx_word' id='word_1_126' title='bbox 3384 1293 3492 1346; x_wconf 86' lang='lat' dir='ltr'>per</span> 
     </span>
    </p>
   </div>
   <div class='ocr_carea' id='block_1_11' title="bbox 130 1356 3489 1432">
    <p class='ocr_par' dir='ltr' id='par_1_11' title="bbox 130 1356 3489 1432">
     <span class='ocr_line' id='line_1_11' title="bbox 130 1356 3489 1432; baseline 0.003 -24"><span class='ocrx_word' id='word_1_127' title='bbox 130 1356 400 1410; x_wconf 88' lang='lat' dir='ltr'>communio</span> <span class='ocrx_word' id='word_1_128' title='bbox 427 1359 559 1426; x_wconf 90' lang='lat' dir='ltr'>post</span> <span class='ocrx_word' id='word_1_129' title='bbox 577 1373 818 1412; x_wconf 84' lang='lat' dir='ltr'>versum</span> <span class='ocrx_word' id='word_1_130' title='bbox 834 1374 1009 1412; x_wconf 89' lang='lat' dir='ltr'>suum</span> <span class='ocrx_word' id='word_1_131' title='bbox 1040 1359 1564 1429; x_wconf 74' lang='lat' dir='ltr'>iteratur.Hymnis</span> <span class='ocrx_word' id='word_1_132' title='bbox 1595 1375 1716 1413; x_wconf 89' lang='lat' dir='ltr'>om-</span> <span class='ocrx_word' id='word_1_133' title='bbox 1829 1359 2208 1414; x_wconf 88' lang='lat' dir='ltr'>occasionem</span> <span class='ocrx_word' id='word_1_134' title='bbox 2238 1359 2484 1413; x_wconf 88' lang='lat' dir='ltr'>aliarum</span> <span class='ocrx_word' id='word_1_135' title='bbox 2517 1360 2898 1415; x_wconf 85' lang='lat' dir='ltr'>festivitatum</span> <span class='ocrx_word' id='word_1_136' title='bbox 2927 1361 3048 1432; x_wconf 86' lang='lat' dir='ltr'>jam</span> <span class='ocrx_word' id='word_1_137' title='bbox 3073 1364 3351 1432; x_wconf 83' lang='lat' dir='ltr'>superius</span> <span class='ocrx_word' id='word_1_138' title='bbox 3383 1381 3489 1418; x_wconf 92' lang='lat' dir='ltr'>au-</span> 
     </span>
    </p>
   </div>
   <div class='ocr_carea' id='block_1_12' title="bbox 127 1443 3489 1521">
    <p class='ocr_par' dir='ltr' id='par_1_12' title="bbox 127 1443 3489 1521">
     <span class='ocr_line' id='line_1_12' title="bbox 127 1443 3489 1521; baseline 0.003 -25"><span class='ocrx_word' id='word_1_139' title='bbox 127 1445 248 1496; x_wconf 85' lang='lat' dir='ltr'>nium</span> <span class='ocrx_word' id='word_1_140' title='bbox 273 1443 530 1498; x_wconf 87' lang='lat' dir='ltr'>horarum</span> <span class='ocrx_word' id='word_1_141' title='bbox 558 1446 794 1500; x_wconf 86' lang='lat' dir='ltr'>additur</span> <span class='ocrx_word' id='word_1_142' title='bbox 818 1463 972 1500; x_wconf 91' lang='lat' dir='ltr'>unus</span> <span class='ocrx_word' id='word_1_143' title='bbox 1003 1463 1236 1515; x_wconf 89' lang='lat' dir='ltr'>versus,</span> <span class='ocrx_word' id='word_1_144' title='bbox 1272 1449 1328 1501; x_wconf 88' lang='lat' dir='ltr'>id</span> <span class='ocrx_word' id='word_1_145' title='bbox 1360 1452 1454 1502; x_wconf 89' lang='lat' dir='ltr'>est</span> <span class='ocrx_word' id='word_1_146' title='bbox 1485 1447 1719 1512; x_wconf 85' lang='lat' dir='ltr'>Qucesu-</span> <span class='ocrx_word' id='word_1_147' title='bbox 1827 1448 1988 1516; x_wconf 64' lang='lat' dir='ltr'>dis-ti,</span> <span class='ocrx_word' id='word_1_148' title='bbox 2018 1448 2174 1518; x_wconf 91' lang='lat' dir='ltr'>quod</span> <span class='ocrx_word' id='word_1_149' title='bbox 2189 1464 2345 1502; x_wconf 91' lang='lat' dir='ltr'>nunc</span> <span class='ocrx_word' id='word_1_150' title='bbox 2367 1452 2558 1503; x_wconf 88' lang='lat' dir='ltr'>tamen</span> <span class='ocrx_word' id='word_1_151' title='bbox 2574 1450 2922 1504; x_wconf 86' lang='lat' dir='ltr'>adnectitur.</span> <span class='ocrx_word' id='word_1_152' title='bbox 2950 1451 3036 1503; x_wconf 85' lang='lat' dir='ltr'>Ad</span> <span class='ocrx_word' id='word_1_153' title='bbox 3060 1466 3350 1521; x_wconf 88' lang='lat' dir='ltr'>vesperas</span> <span class='ocrx_word' id='word_1_154' title='bbox 3373 1468 3489 1507; x_wconf 91' lang='lat' dir='ltr'>non</span> 
     </span>
    </p>
   </div>
   <div class='ocr_carea' id='block_1_13' title="bbox 124 1535 3490 1607">
    <p class='ocr_par' dir='ltr' id='par_1_13' title="bbox 124 1535 3490 1607">
     <span class='ocr_line' id='line_1_13' title="bbox 124 1535 3490 1607; baseline 0.003 -21"><span class='ocrx_word' id='word_1_155' title='bbox 124 1549 233 1599; x_wconf 86' lang='lat' dir='ltr'>mus,</span> <span class='ocrx_word' id='word_1_156' title='bbox 260 1540 441 1588; x_wconf 80' lang='lat' dir='ltr'>auctor</span> <span class='ocrx_word' id='word_1_157' title='bbox 469 1535 743 1599; x_wconf 84' lang='lat' dir='ltr'>omnium;</span> <span class='ocrx_word' id='word_1_158' title='bbox 793 1540 848 1590; x_wconf 90' lang='lat' dir='ltr'>et</span> <span class='ocrx_word' id='word_1_159' title='bbox 877 1536 1246 1592; x_wconf 85' lang='lat' dir='ltr'>novissimus</span> <span class='ocrx_word' id='word_1_160' title='bbox 1312 1538 1390 1591; x_wconf 89' lang='lat' dir='ltr'>ita</span> <span class='ocrx_word' id='word_1_161' title='bbox 1437 1541 1713 1604; x_wconf 85' lang='lat' dir='ltr'>mutatur,</span> <span class='ocrx_word' id='word_1_162' title='bbox 1823 1538 1924 1591; x_wconf 85' lang='lat' dir='ltr'>alii</span> <span class='ocrx_word' id='word_1_163' title='bbox 1955 1536 2168 1607; x_wconf 89' lang='lat' dir='ltr'>psalmi</span> <span class='ocrx_word' id='word_1_164' title='bbox 2219 1552 2393 1607; x_wconf 90' lang='lat' dir='ltr'>quam</span> <span class='ocrx_word' id='word_1_165' title='bbox 2425 1537 2662 1592; x_wconf 79' lang='lat' dir='ltr'>feriales</span> <span class='ocrx_word' id='word_1_166' title='bbox 2723 1539 3016 1594; x_wconf 89' lang='lat' dir='ltr'>dicuntur.</span> <span class='ocrx_word' id='word_1_167' title='bbox 3049 1541 3136 1592; x_wconf 82' lang='lat' dir='ltr'>Ad</span> <span class='ocrx_word' id='word_1_168' title='bbox 3171 1544 3327 1595; x_wconf 90' lang='lat' dir='ltr'>noct.</span> <span class='ocrx_word' id='word_1_169' title='bbox 3373 1558 3490 1595; x_wconf 91' lang='lat' dir='ltr'>non</span> 
     </span>
    </p>
   </div>
   <div class='ocr_carea' id='block_1_14' title="bbox 127 1621 3489 1697">
    <p class='ocr_par' dir='ltr' id='par_1_14' title="bbox 127 1621 3489 1697">
     <span class='ocr_line' id='line_1_14' title="bbox 127 1621 3489 1697; baseline 0.003 -23"><span class='ocrx_word' id='word_1_170' title='bbox 127 1621 408 1692; x_wconf 84' lang='lat' dir='ltr'>Gloriatibi,</span> <span class='ocrx_word' id='word_1_171' title='bbox 427 1623 694 1693; x_wconf 85' lang='lat' dir='ltr'>Domine,</span> <span class='ocrx_word' id='word_1_172' title='bbox 713 1625 811 1696; x_wconf 91' lang='lat' dir='ltr'>qui</span> <span class='ocrx_word' id='word_1_173' title='bbox 839 1627 1190 1690; x_wconf 83' lang='lat' dir='ltr'>surrexisti,</span> <span class='ocrx_word' id='word_1_174' title='bbox 1233 1625 1527 1692; x_wconf 88' lang='lat' dir='ltr'>etc.Quod</span> <span class='ocrx_word' id='word_1_175' title='bbox 1543 1627 1718 1682; x_wconf 89' lang='lat' dir='ltr'>etiam</span> <span class='ocrx_word' id='word_1_176' title='bbox 1825 1627 1939 1680; x_wconf 88' lang='lat' dir='ltr'>alia</span> <span class='ocrx_word' id='word_1_177' title='bbox 1971 1625 2355 1694; x_wconf 88' lang='lat' dir='ltr'>responsoria</span> <span class='ocrx_word' id='word_1_178' title='bbox 2385 1641 2561 1696; x_wconf 90' lang='lat' dir='ltr'>quam</span> <span class='ocrx_word' id='word_1_179' title='bbox 2583 1642 2715 1697; x_wconf 84' lang='lat' dir='ltr'>quae</span> <span class='ocrx_word' id='word_1_180' title='bbox 2749 1628 2808 1680; x_wconf 90' lang='lat' dir='ltr'>in</span> <span class='ocrx_word' id='word_1_181' title='bbox 2840 1627 3026 1696; x_wconf 91' lang='lat' dir='ltr'>prima</span> <span class='ocrx_word' id='word_1_182' title='bbox 3056 1631 3227 1683; x_wconf 89' lang='lat' dir='ltr'>nocte</span> <span class='ocrx_word' id='word_1_183' title='bbox 3287 1630 3489 1683; x_wconf 88' lang='lat' dir='ltr'>Domi-</span> 
     </span>
    </p>
   </div>
   <div class='ocr_carea' id='block_1_15' title="bbox 123 1713 3493 1786">
    <p class='ocr_par' dir='ltr' id='par_1_15' title="bbox 123 1713 3493 1786">
     <span class='ocr_line' id='line_1_15' title="bbox 123 1713 3493 1786; baseline 0.002 -23"><span class='ocrx_word' id='word_1_184' title='bbox 123 1714 300 1764; x_wconf 87' lang='lat' dir='ltr'>tenetur</span> <span class='ocrx_word' id='word_1_185' title='bbox 326 1727 503 1784; x_wconf 90' lang='lat' dir='ltr'>usque</span> <span class='ocrx_word' id='word_1_186' title='bbox 547 1713 619 1767; x_wconf 90' lang='lat' dir='ltr'>ad</span> <span class='ocrx_word' id='word_1_187' title='bbox 668 1714 1101 1769; x_wconf 85' lang='lat' dir='ltr'>Ascensionem</span> <span class='ocrx_word' id='word_1_188' title='bbox 1126 1715 1382 1769; x_wconf 88' lang='lat' dir='ltr'>Domini.</span> <span class='ocrx_word' id='word_1_189' title='bbox 1415 1716 1713 1784; x_wconf 73' lang='lat' dir='ltr'>Praefatio,</span> <span class='ocrx_word' id='word_1_190' title='bbox 1825 1715 1974 1768; x_wconf 74' lang='lat' dir='ltr'>nicas</span> <span class='ocrx_word' id='word_1_191' title='bbox 1996 1713 2482 1769; x_wconf 81' lang='lat' dir='ltr'>Resurrectionis</span> <span class='ocrx_word' id='word_1_192' title='bbox 2513 1719 2651 1769; x_wconf 90' lang='lat' dir='ltr'>sunt</span> <span class='ocrx_word' id='word_1_193' title='bbox 2670 1718 2920 1782; x_wconf 90' lang='lat' dir='ltr'>cantata,</span> <span class='ocrx_word' id='word_1_194' title='bbox 2939 1732 3071 1786; x_wconf 82' lang='lat' dir='ltr'>quae</span> <span class='ocrx_word' id='word_1_195' title='bbox 3097 1720 3152 1770; x_wconf 90' lang='lat' dir='ltr'>et</span> <span class='ocrx_word' id='word_1_196' title='bbox 3180 1732 3286 1786; x_wconf 90' lang='lat' dir='ltr'>per</span> <span class='ocrx_word' id='word_1_197' title='bbox 3315 1720 3493 1771; x_wconf 86' lang='lat' dir='ltr'>totam</span> 
     </span>
    </p>
   </div>
   <div class='ocr_carea' id='block_1_16' title="bbox 127 1798 3487 1876">
    <p class='ocr_par' dir='ltr' id='par_1_16' title="bbox 127 1798 3487 1876">
     <span class='ocr_line' id='line_1_16' title="bbox 127 1798 3487 1876; baseline 0.002 -25"><span class='ocrx_word' id='word_1_198' title='bbox 127 1798 181 1852; x_wconf 91' lang='lat' dir='ltr'>Te</span> <span class='ocrx_word' id='word_1_199' title='bbox 205 1799 403 1870; x_wconf 84' lang='lat' dir='ltr'>quidem</span> <span class='ocrx_word' id='word_1_200' title='bbox 433 1802 906 1873; x_wconf 86' lang='lat' dir='ltr'>omnitempore,</span> <span class='ocrx_word' id='word_1_201' title='bbox 939 1818 1047 1872; x_wconf 90' lang='lat' dir='ltr'>per</span> <span class='ocrx_word' id='word_1_202' title='bbox 1077 1806 1256 1858; x_wconf 89' lang='lat' dir='ltr'>totam</span> <span class='ocrx_word' id='word_1_203' title='bbox 1306 1804 1479 1858; x_wconf 87' lang='lat' dir='ltr'>istam</span> <span class='ocrx_word' id='word_1_204' title='bbox 1531 1805 1716 1876; x_wconf 88' lang='lat' dir='ltr'>septi-</span> <span class='ocrx_word' id='word_1_205' title='bbox 1826 1805 2173 1874; x_wconf 79' lang='lat' dir='ltr'>sequentem</span> <span class='ocrx_word' id='word_1_206' title='bbox 2220 1803 2605 1872; x_wconf 85' lang='lat' dir='ltr'>septimanam</span> <span class='ocrx_word' id='word_1_207' title='bbox 2663 1805 2740 1856; x_wconf 89' lang='lat' dir='ltr'>ita</span> <span class='ocrx_word' id='word_1_208' title='bbox 2809 1805 3091 1858; x_wconf 89' lang='lat' dir='ltr'>cantanda</span> <span class='ocrx_word' id='word_1_209' title='bbox 3145 1806 3487 1875; x_wconf 87' lang='lat' dir='ltr'>perdurant.</span> 
     </span>
    </p>
   </div>
   <div class='ocr_carea' id='block_1_17' title="bbox 123 1889 3493 1976">
    <p class='ocr_par' dir='ltr' id='par_1_17' title="bbox 123 1889 3493 1976">
     <span class='ocr_line' id='line_1_17' title="bbox 123 1889 3493 1976; baseline 0.003 -37"><span class='ocrx_word' id='word_1_210' title='bbox 123 1903 296 1941; x_wconf 80' lang='lat' dir='ltr'>manem</span> <span class='ocrx_word' id='word_1_211' title='bbox 319 1889 553 1944; x_wconf 89' lang='lat' dir='ltr'>dicenda</span> <span class='ocrx_word' id='word_1_212' title='bbox 601 1895 699 1945; x_wconf 88' lang='lat' dir='ltr'>est</span> <span class='ocrx_word' id='word_1_213' title='bbox 728 1891 799 1944; x_wconf 89' lang='lat' dir='ltr'>ad</span> <span class='ocrx_word' id='word_1_214' title='bbox 830 1893 1138 1961; x_wconf 88' lang='lat' dir='ltr'>utramque</span> <span class='ocrx_word' id='word_1_215' title='bbox 1159 1893 1428 1947; x_wconf 89' lang='lat' dir='ltr'>missam.</span> <span class='ocrx_word' id='word_1_216' title='bbox 1458 1892 1564 1947; x_wconf 90' lang='lat' dir='ltr'>Est</span> <span class='ocrx_word' id='word_1_217' title='bbox 1610 1908 1718 1946; x_wconf 87' lang='lat' dir='ltr'>au-</span> <span class='ocrx_word' id='word_1_218' title='bbox 1750 1914 1801 1976; x_wconf 84' lang='lat' dir='ltr'>B</span> <span class='ocrx_word' id='word_1_219' title='bbox 1826 1893 2014 1947; x_wconf 90' lang='lat' dir='ltr'>Missa</span> <span class='ocrx_word' id='word_1_220' title='bbox 2063 1891 2440 1958; x_wconf 88' lang='lat' dir='ltr'>matutinalis,</span> <span class='ocrx_word' id='word_1_221' title='bbox 2480 1891 2661 1956; x_wconf 81' lang='lat' dir='ltr'>Quasi</span> <span class='ocrx_word' id='word_1_222' title='bbox 2708 1892 2874 1946; x_wconf 89' lang='lat' dir='ltr'>modo</span> <span class='ocrx_word' id='word_1_223' title='bbox 2917 1894 3129 1964; x_wconf 82' lang='lat' dir='ltr'>geniti.</span> <span class='ocrx_word' id='word_1_224' title='bbox 3182 1893 3372 1964; x_wconf 87' lang='lat' dir='ltr'>Major</span> <span class='ocrx_word' id='word_1_225' title='bbox 3401 1897 3493 1948; x_wconf 90' lang='lat' dir='ltr'>est</span> 
     </span>
    </p>
   </div>
   <div class='ocr_carea' id='block_1_18' title="bbox 123 1976 3490 2050">
    <p class='ocr_par' dir='ltr' id='par_1_18' title="bbox 123 1976 3490 2050">
     <span class='ocr_line' id='line_1_18' title="bbox 123 1976 3490 2050; baseline 0.003 -24"><span class='ocrx_word' id='word_1_226' title='bbox 123 1979 205 2028; x_wconf 83' lang='lat' dir='ltr'>tem</span> <span class='ocrx_word' id='word_1_227' title='bbox 228 1976 322 2030; x_wconf 86' lang='lat' dir='ltr'>alia</span> <span class='ocrx_word' id='word_1_228' title='bbox 347 1979 729 2048; x_wconf 85' lang='lat' dir='ltr'>consuetudo,</span> <span class='ocrx_word' id='word_1_229' title='bbox 764 1979 1001 2050; x_wconf 87' lang='lat' dir='ltr'>quoties</span> <span class='ocrx_word' id='word_1_230' title='bbox 1029 1980 1247 2034; x_wconf 80' lang='lat' dir='ltr'>fuerint</span> <span class='ocrx_word' id='word_1_231' title='bbox 1276 1981 1584 2036; x_wconf 88' lang='lat' dir='ltr'>duodecim</span> <span class='ocrx_word' id='word_1_232' title='bbox 1630 1981 1718 2035; x_wconf 92' lang='lat' dir='ltr'>le-</span> <span class='ocrx_word' id='word_1_233' title='bbox 1824 1981 2031 2034; x_wconf 88' lang='lat' dir='ltr'>eadem</span> <span class='ocrx_word' id='word_1_234' title='bbox 2073 1982 2293 2049; x_wconf 84' lang='lat' dir='ltr'>praeter</span> <span class='ocrx_word' id='word_1_235' title='bbox 2341 1979 2500 2050; x_wconf 88' lang='lat' dir='ltr'>quod</span> <span class='ocrx_word' id='word_1_236' title='bbox 2539 1979 2704 2033; x_wconf 89' lang='lat' dir='ltr'>solus</span> <span class='ocrx_word' id='word_1_237' title='bbox 2747 1980 3023 2034; x_wconf 87' lang='lat' dir='ltr'>introitus</span> <span class='ocrx_word' id='word_1_238' title='bbox 3074 1997 3205 2034; x_wconf 91' lang='lat' dir='ltr'>cum</span> <span class='ocrx_word' id='word_1_239' title='bbox 3250 1982 3490 2036; x_wconf 84' lang='lat' dir='ltr'>introitu</span> 
     </span>
    </p>
   </div>
   <div class='ocr_carea' id='block_1_19' title="bbox 121 2064 3491 2139">
    <p class='ocr_par' dir='ltr' id='par_1_19' title="bbox 121 2064 3491 2139">
     <span class='ocr_line' id='line_1_19' title="bbox 121 2064 3491 2139; baseline 0.003 -25"><span class='ocrx_word' id='word_1_240' title='bbox 121 2064 312 2134; x_wconf 83' lang='lat' dir='ltr'>ctiones,</span> <span class='ocrx_word' id='word_1_241' title='bbox 343 2071 396 2136; x_wconf 17' lang='lat' dir='ltr'>et,</span> <span class='ocrx_word' id='word_1_242' title='bbox 412 2082 523 2121; x_wconf 88' lang='lat' dir='ltr'>una</span> <span class='ocrx_word' id='word_1_243' title='bbox 555 2069 763 2121; x_wconf 89' lang='lat' dir='ltr'>eadem</span> <span class='ocrx_word' id='word_1_244' title='bbox 799 2069 1046 2123; x_wconf 86' lang='lat' dir='ltr'>collecta</span> <span class='ocrx_word' id='word_1_245' title='bbox 1092 2070 1337 2138; x_wconf 85' lang='lat' dir='ltr'>dicatur,</span> <span class='ocrx_word' id='word_1_246' title='bbox 1370 2072 1427 2124; x_wconf 90' lang='lat' dir='ltr'>et</span> <span class='ocrx_word' id='word_1_247' title='bbox 1455 2070 1526 2124; x_wconf 87' lang='lat' dir='ltr'>ad</span> <span class='ocrx_word' id='word_1_248' title='bbox 1547 2085 1715 2139; x_wconf 88' lang='lat' dir='ltr'>vesp.</span> <span class='ocrx_word' id='word_1_249' title='bbox 1826 2069 2165 2124; x_wconf 79' lang='lat' dir='ltr'>Resurrexi</span> <span class='ocrx_word' id='word_1_250' title='bbox 2193 2071 2471 2136; x_wconf 89' lang='lat' dir='ltr'>mutatur,</span> <span class='ocrx_word' id='word_1_251' title='bbox 2498 2071 2554 2122; x_wconf 91' lang='lat' dir='ltr'>et</span> <span class='ocrx_word' id='word_1_252' title='bbox 2583 2069 2749 2138; x_wconf 89' lang='lat' dir='ltr'>prius</span> <span class='ocrx_word' id='word_1_253' title='bbox 2771 2068 3003 2123; x_wconf 87' lang='lat' dir='ltr'>alleluia</span> <span class='ocrx_word' id='word_1_254' title='bbox 3032 2072 3142 2137; x_wconf 89' lang='lat' dir='ltr'>est,</span> <span class='ocrx_word' id='word_1_255' title='bbox 3178 2069 3326 2124; x_wconf 90' lang='lat' dir='ltr'>Post</span> <span class='ocrx_word' id='word_1_256' title='bbox 3356 2070 3491 2125; x_wconf 88' lang='lat' dir='ltr'>dies</span> 
     </span>
    </p>
   </div>
   <div class='ocr_carea' id='block_1_20' title="bbox 119 2153 3489 2229">
    <p class='ocr_par' dir='ltr' id='par_1_20' title="bbox 119 2153 3489 2229">
     <span class='ocr_line' id='line_1_20' title="bbox 119 2153 3489 2229; baseline 0.003 -26"><span class='ocrx_word' id='word_1_257' title='bbox 119 2155 157 2203; x_wconf 88' lang='lat' dir='ltr'>et</span> <span class='ocrx_word' id='word_1_258' title='bbox 173 2154 227 2206; x_wconf 87' lang='lat' dir='ltr'>ad</span> <span class='ocrx_word' id='word_1_259' title='bbox 261 2153 624 2227; x_wconf 80' lang='lat' dir='ltr'>Evangelium</span> <span class='ocrx_word' id='word_1_260' title='bbox 644 2160 784 2226; x_wconf 87' lang='lat' dir='ltr'>post</span> <span class='ocrx_word' id='word_1_261' title='bbox 814 2161 1159 2227; x_wconf 89' lang='lat' dir='ltr'>nocturnos,</span> <span class='ocrx_word' id='word_1_262' title='bbox 1197 2162 1253 2212; x_wconf 90' lang='lat' dir='ltr'>et</span> <span class='ocrx_word' id='word_1_263' title='bbox 1285 2159 1356 2212; x_wconf 92' lang='lat' dir='ltr'>ad</span> <span class='ocrx_word' id='word_1_264' title='bbox 1379 2159 1629 2229; x_wconf 87' lang='lat' dir='ltr'>tertiam,</span> <span class='ocrx_word' id='word_1_265' title='bbox 1661 2163 1719 2212; x_wconf 85' lang='lat' dir='ltr'>et</span> <span class='ocrx_word' id='word_1_266' title='bbox 1825 2164 1970 2213; x_wconf 87' lang='lat' dir='ltr'>octo.</span> <span class='ocrx_word' id='word_1_267' title='bbox 2001 2157 2090 2212; x_wconf 82' lang='lat' dir='ltr'>Ab</span> <span class='ocrx_word' id='word_1_268' title='bbox 2115 2158 2213 2212; x_wconf 90' lang='lat' dir='ltr'>illo</span> <span class='ocrx_word' id='word_1_269' title='bbox 2247 2161 2441 2210; x_wconf 88' lang='lat' dir='ltr'>autem</span> <span class='ocrx_word' id='word_1_270' title='bbox 2463 2158 2557 2211; x_wconf 88' lang='lat' dir='ltr'>die</span> <span class='ocrx_word' id='word_1_271' title='bbox 2580 2173 2712 2211; x_wconf 91' lang='lat' dir='ltr'>cum</span> <span class='ocrx_word' id='word_1_272' title='bbox 2743 2158 2813 2210; x_wconf 91' lang='lat' dir='ltr'>ad</span> <span class='ocrx_word' id='word_1_273' title='bbox 2847 2173 3054 2212; x_wconf 90' lang='lat' dir='ltr'>omnes</span> <span class='ocrx_word' id='word_1_274' title='bbox 3085 2158 3264 2212; x_wconf 87' lang='lat' dir='ltr'>horas</span> <span class='ocrx_word' id='word_1_275' title='bbox 3299 2175 3489 2229; x_wconf 91' lang='lat' dir='ltr'>usque</span> 
     </span>
    </p>
   </div>
   <div class='ocr_carea' id='block_1_21' title="bbox 119 2241 3485 2318">
    <p class='ocr_par' dir='ltr' id='par_1_21' title="bbox 119 2241 3485 2318">
     <span class='ocr_line' id='line_1_21' title="bbox 119 2241 3485 2318; baseline 0.002 -26"><span class='ocrx_word' id='word_1_276' title='bbox 119 2241 325 2311; x_wconf 85' lang='lat' dir='ltr'>missam,</span> <span class='ocrx_word' id='word_1_277' title='bbox 370 2249 424 2297; x_wconf 89' lang='lat' dir='ltr'>et</span> <span class='ocrx_word' id='word_1_278' title='bbox 469 2246 687 2299; x_wconf 88' lang='lat' dir='ltr'>iterum</span> <span class='ocrx_word' id='word_1_279' title='bbox 725 2246 800 2300; x_wconf 89' lang='lat' dir='ltr'>ad</span> <span class='ocrx_word' id='word_1_280' title='bbox 849 2262 1163 2317; x_wconf 79' lang='lat' dir='ltr'>vesperas;</span> <span class='ocrx_word' id='word_1_281' title='bbox 1206 2248 1361 2318; x_wconf 92' lang='lat' dir='ltr'>quod</span> <span class='ocrx_word' id='word_1_282' title='bbox 1417 2250 1608 2301; x_wconf 89' lang='lat' dir='ltr'>tamen</span> <span class='ocrx_word' id='word_1_283' title='bbox 1657 2250 1718 2302; x_wconf 91' lang='lat' dir='ltr'>in</span> <span class='ocrx_word' id='word_1_284' title='bbox 1824 2247 1897 2300; x_wconf 89' lang='lat' dir='ltr'>ad</span> <span class='ocrx_word' id='word_1_285' title='bbox 1926 2246 2362 2300; x_wconf 81' lang='lat' dir='ltr'>Ascensionem</span> <span class='ocrx_word' id='word_1_286' title='bbox 2394 2246 2624 2300; x_wconf 89' lang='lat' dir='ltr'>Domini</span> <span class='ocrx_word' id='word_1_287' title='bbox 2665 2261 2905 2315; x_wconf 88' lang='lat' dir='ltr'>semper</span> <span class='ocrx_word' id='word_1_288' title='bbox 2935 2245 3168 2299; x_wconf 88' lang='lat' dir='ltr'>alleluia</span> <span class='ocrx_word' id='word_1_289' title='bbox 3201 2251 3485 2314; x_wconf 87' lang='lat' dir='ltr'>cantetur,</span> 
     </span>
    </p>
   </div>
   <div class='ocr_carea' id='block_1_22' title="bbox 117 2328 3488 2407">
    <p class='ocr_par' dir='ltr' id='par_1_22' title="bbox 117 2328 3488 2407">
     <span class='ocr_line' id='line_1_22' title="bbox 117 2328 3488 2407; baseline 0.002 -28"><span class='ocrx_word' id='word_1_290' title='bbox 117 2328 193 2381; x_wconf 82' lang='lat' dir='ltr'>hac</span> <span class='ocrx_word' id='word_1_291' title='bbox 232 2331 311 2386; x_wconf 88' lang='lat' dir='ltr'>die</span> <span class='ocrx_word' id='word_1_292' title='bbox 354 2337 406 2388; x_wconf 89' lang='lat' dir='ltr'>et</span> <span class='ocrx_word' id='word_1_293' title='bbox 447 2334 504 2388; x_wconf 93' lang='lat' dir='ltr'>in</span> <span class='ocrx_word' id='word_1_294' title='bbox 547 2333 661 2388; x_wconf 88' lang='lat' dir='ltr'>hac</span> <span class='ocrx_word' id='word_1_295' title='bbox 715 2335 1044 2405; x_wconf 88' lang='lat' dir='ltr'>septimana</span> <span class='ocrx_word' id='word_1_296' title='bbox 1097 2336 1452 2391; x_wconf 87' lang='lat' dir='ltr'>observatur</span> <span class='ocrx_word' id='word_1_297' title='bbox 1501 2339 1719 2407; x_wconf 83' lang='lat' dir='ltr'>praeter</span> <span class='ocrx_word' id='word_1_298' title='bbox 1821 2339 2015 2389; x_wconf 89' lang='lat' dir='ltr'>tamen</span> <span class='ocrx_word' id='word_1_299' title='bbox 2046 2335 2104 2388; x_wconf 89' lang='lat' dir='ltr'>in</span> <span class='ocrx_word' id='word_1_300' title='bbox 2136 2334 2297 2389; x_wconf 92' lang='lat' dir='ltr'>nullo</span> <span class='ocrx_word' id='word_1_301' title='bbox 2321 2334 2514 2404; x_wconf 87' lang='lat' dir='ltr'>reperi</span> <span class='ocrx_word' id='word_1_302' title='bbox 2546 2334 2952 2403; x_wconf 89' lang='lat' dir='ltr'>antiphonario</span> <span class='ocrx_word' id='word_1_303' title='bbox 2995 2338 3403 2404; x_wconf 86' lang='lat' dir='ltr'>praenotatum,</span> <span class='ocrx_word' id='word_1_304' title='bbox 3435 2336 3488 2389; x_wconf 91' lang='lat' dir='ltr'>si</span> 
     </span>
    </p>
   </div>
   <div class='ocr_carea' id='block_1_23' title="bbox 116 2418 3486 2496">
    <p class='ocr_par' dir='ltr' id='par_1_23' title="bbox 116 2418 3486 2496">
     <span class='ocr_line' id='line_1_23' title="bbox 116 2418 3486 2496; baseline 0.002 -27"><span class='ocrx_word' id='word_1_305' title='bbox 116 2418 166 2470; x_wconf 84' lang='lat' dir='ltr'>ad</span> <span class='ocrx_word' id='word_1_306' title='bbox 202 2419 337 2474; x_wconf 81' lang='lat' dir='ltr'>solas</span> <span class='ocrx_word' id='word_1_307' title='bbox 375 2437 682 2493; x_wconf 60' lang='lat' dir='ltr'>reaperas,</span> <span class='ocrx_word' id='word_1_308' title='bbox 744 2426 805 2478; x_wconf 89' lang='lat' dir='ltr'>ut</span> <span class='ocrx_word' id='word_1_309' title='bbox 859 2424 1249 2493; x_wconf 84' lang='lat' dir='ltr'>praemissum</span> <span class='ocrx_word' id='word_1_310' title='bbox 1288 2429 1380 2480; x_wconf 90' lang='lat' dir='ltr'>est</span> <span class='ocrx_word' id='word_1_311' title='bbox 1424 2427 1482 2480; x_wconf 91' lang='lat' dir='ltr'>in</span> <span class='ocrx_word' id='word_1_312' title='bbox 1514 2425 1716 2496; x_wconf 78' lang='lat' dir='ltr'>vigilia</span> <span class='ocrx_word' id='word_1_313' title='bbox 1823 2440 1939 2495; x_wconf 92' lang='lat' dir='ltr'>quo</span> <span class='ocrx_word' id='word_1_314' title='bbox 1999 2426 2159 2478; x_wconf 88' lang='lat' dir='ltr'>certo</span> <span class='ocrx_word' id='word_1_315' title='bbox 2219 2423 2422 2477; x_wconf 90' lang='lat' dir='ltr'>ordine</span> <span class='ocrx_word' id='word_1_316' title='bbox 2453 2425 2608 2476; x_wconf 87' lang='lat' dir='ltr'>tanta</span> <span class='ocrx_word' id='word_1_317' title='bbox 2642 2423 2863 2476; x_wconf 87' lang='lat' dir='ltr'>cantari</span> <span class='ocrx_word' id='word_1_318' title='bbox 2910 2422 3163 2477; x_wconf 86' lang='lat' dir='ltr'>debeant</span> <span class='ocrx_word' id='word_1_319' title='bbox 3230 2422 3486 2477; x_wconf 88' lang='lat' dir='ltr'>alleluia.</span> 
     </span>
    </p>
   </div>
   <div class='ocr_carea' id='block_1_24' title="bbox 119 2505 3488 2582">
    <p class='ocr_par' dir='ltr' id='par_1_24' title="bbox 119 2505 3488 2582">
     <span class='ocr_line' id='line_1_24' title="bbox 119 2505 3488 2582; baseline 0.001 -23"><span class='ocrx_word' id='word_1_320' title='bbox 119 2505 328 2563; x_wconf 85' lang='lat' dir='ltr'>Paschae.</span> <span class='ocrx_word' id='word_1_321' title='bbox 1823 2512 2084 2576; x_wconf 82' lang='lat' dir='ltr'>Quaesivi</span> <span class='ocrx_word' id='word_1_322' title='bbox 2105 2511 2406 2566; x_wconf 90' lang='lat' dir='ltr'>curiosius</span> <span class='ocrx_word' id='word_1_323' title='bbox 2439 2528 2470 2565; x_wconf 91' lang='lat' dir='ltr'>a</span> <span class='ocrx_word' id='word_1_324' title='bbox 2492 2511 2746 2582; x_wconf 89' lang='lat' dir='ltr'>quodam</span> <span class='ocrx_word' id='word_1_325' title='bbox 2769 2511 2992 2581; x_wconf 80' lang='lat' dir='ltr'>juvene</span> <span class='ocrx_word' id='word_1_326' title='bbox 3016 2510 3385 2581; x_wconf 89' lang='lat' dir='ltr'>perspicacis</span> <span class='ocrx_word' id='word_1_327' title='bbox 3410 2511 3488 2564; x_wconf 90' lang='lat' dir='ltr'>in-</span> 
     </span>
    </p>
   </div>
   <div class='ocr_carea' id='block_1_25' title="bbox 645 2598 3482 2672">
    <p class='ocr_par' dir='ltr' id='par_1_25' title="bbox 645 2598 3482 2672">
     <span class='ocr_line' id='line_1_25' title="bbox 645 2598 3482 2672; baseline 0.001 -21"><span class='ocrx_word' id='word_1_328' title='bbox 645 2598 902 2654; x_wconf 85' lang='lat' dir='ltr'>CAPUT</span> <span class='ocrx_word' id='word_1_329' title='bbox 952 2600 1106 2655; x_wconf 85' lang='lat' dir='ltr'>XVI.</span> <span class='ocrx_word' id='word_1_330' title='bbox 1825 2601 2004 2672; x_wconf 76' lang='lat' dir='ltr'>genii,</span> <span class='ocrx_word' id='word_1_331' title='bbox 2035 2603 2093 2653; x_wconf 89' lang='lat' dir='ltr'>et</span> <span class='ocrx_word' id='word_1_332' title='bbox 2113 2599 2352 2671; x_wconf 87' lang='lat' dir='ltr'>quijam</span> <span class='ocrx_word' id='word_1_333' title='bbox 2372 2616 2478 2669; x_wconf 92' lang='lat' dir='ltr'>per</span> <span class='ocrx_word' id='word_1_334' title='bbox 2507 2600 2713 2671; x_wconf 82' lang='lat' dir='ltr'>viginti</span> <span class='ocrx_word' id='word_1_335' title='bbox 2743 2601 3004 2670; x_wconf 88' lang='lat' dir='ltr'>quinque</span> <span class='ocrx_word' id='word_1_336' title='bbox 3036 2600 3352 2654; x_wconf 86' lang='lat' dir='ltr'>continuos</span> <span class='ocrx_word' id='word_1_337' title='bbox 3381 2615 3482 2654; x_wconf 88' lang='lat' dir='ltr'>an—</span> 
     </span>
    </p>
   </div>
   <div class='ocr_carea' id='block_1_26' title="bbox 119 2680 3490 2766">
    <p class='ocr_par' dir='ltr' id='par_1_26' title="bbox 119 2680 3490 2766">
     <span class='ocr_line' id='line_1_26' title="bbox 119 2680 3490 2766; baseline 0.003 -34"><span class='ocrx_word' id='word_1_338' title='bbox 119 2680 180 2734; x_wconf 82' lang='lat' dir='ltr'>De</span> <span class='ocrx_word' id='word_1_339' title='bbox 224 2685 450 2740; x_wconf 84' lang='lat' dir='ltr'>secunda</span> <span class='ocrx_word' id='word_1_340' title='bbox 505 2686 668 2741; x_wconf 79' lang='lat' dir='ltr'>feria</span> <span class='ocrx_word' id='word_1_341' title='bbox 699 2694 759 2743; x_wconf 89' lang='lat' dir='ltr'>et</span> <span class='ocrx_word' id='word_1_342' title='bbox 800 2688 1015 2744; x_wconf 82' lang='lat' dir='ltr'>diebus</span> <span class='ocrx_word' id='word_1_343' title='bbox 1054 2689 1300 2760; x_wconf 74' lang='lat' dir='ltr'>majoris</span> <span class='ocrx_word' id='word_1_344' title='bbox 1346 2691 1712 2760; x_wconf 74' lang='lat' dir='ltr'>septimanae.</span> <span class='ocrx_word' id='word_1_345' title='bbox 1825 2706 1938 2744; x_wconf 89' lang='lat' dir='ltr'>nos</span> <span class='ocrx_word' id='word_1_346' title='bbox 1968 2689 2027 2742; x_wconf 89' lang='lat' dir='ltr'>in</span> <span class='ocrx_word' id='word_1_347' title='bbox 2059 2690 2316 2766; x_wconf 84' lang='lat' dir='ltr'>claustra</span> <span class='ocrx_word' id='word_1_348' title='bbox 2379 2688 2737 2757; x_wconf 87' lang='lat' dir='ltr'>morabatur,</span> <span class='ocrx_word' id='word_1_349' title='bbox 2770 2688 2912 2760; x_wconf 90' lang='lat' dir='ltr'>quid</span> <span class='ocrx_word' id='word_1_350' title='bbox 2943 2688 3078 2742; x_wconf 90' lang='lat' dir='ltr'>inde</span> <span class='ocrx_word' id='word_1_351' title='bbox 3130 2688 3379 2744; x_wconf 87' lang='lat' dir='ltr'>sentiret</span> <span class='ocrx_word' id='word_1_352' title='bbox 3435 2693 3490 2742; x_wconf 90' lang='lat' dir='ltr'>et</span> 
     </span>
    </p>
   </div>
   <div class='ocr_carea' id='block_1_27' title="bbox 167 2770 3491 2849">
    <p class='ocr_par' dir='ltr' id='par_1_27' title="bbox 167 2770 3491 2849">
     <span class='ocr_line' id='line_1_27' title="bbox 167 2770 3491 2849; baseline 0.002 -27"><span class='ocrx_word' id='word_1_353' title='bbox 167 2770 439 2829; x_wconf 83' lang='lat' dir='ltr'>Transacta</span> <span class='ocrx_word' id='word_1_354' title='bbox 468 2776 559 2830; x_wconf 90' lang='lat' dir='ltr'>die</span> <span class='ocrx_word' id='word_1_355' title='bbox 592 2776 924 2847; x_wconf 89' lang='lat' dir='ltr'>Dominica,</span> <span class='ocrx_word' id='word_1_356' title='bbox 968 2779 1027 2832; x_wconf 91' lang='lat' dir='ltr'>in</span> <span class='ocrx_word' id='word_1_357' title='bbox 1057 2779 1320 2833; x_wconf 90' lang='lat' dir='ltr'>secunda</span> <span class='ocrx_word' id='word_1_358' title='bbox 1367 2778 1534 2846; x_wconf 87' lang='lat' dir='ltr'>feria,</span> <span class='ocrx_word' id='word_1_359' title='bbox 1569 2783 1624 2832; x_wconf 90' lang='lat' dir='ltr'>et</span> <span class='ocrx_word' id='word_1_360' title='bbox 1659 2779 1716 2831; x_wconf 90' lang='lat' dir='ltr'>in</span> <span class='ocrx_word' id='word_1_361' title='bbox 1829 2778 2028 2843; x_wconf 88' lang='lat' dir='ltr'>sciret;</span> <span class='ocrx_word' id='word_1_362' title='bbox 2059 2779 2215 2849; x_wconf 89' lang='lat' dir='ltr'>quod</span> <span class='ocrx_word' id='word_1_363' title='bbox 2248 2778 2376 2848; x_wconf 87' lang='lat' dir='ltr'>ipse</span> <span class='ocrx_word' id='word_1_364' title='bbox 2408 2777 2549 2830; x_wconf 87' lang='lat' dir='ltr'>mihi</span> <span class='ocrx_word' id='word_1_365' title='bbox 2582 2777 2797 2846; x_wconf 87' lang='lat' dir='ltr'>retulit,</span> <span class='ocrx_word' id='word_1_366' title='bbox 2823 2777 2964 2831; x_wconf 85' lang='lat' dir='ltr'>illud</span> <span class='ocrx_word' id='word_1_367' title='bbox 2995 2777 3092 2831; x_wconf 88' lang='lat' dir='ltr'>hic</span> <span class='ocrx_word' id='word_1_368' title='bbox 3119 2793 3150 2831; x_wconf 91' lang='lat' dir='ltr'>a</span> <span class='ocrx_word' id='word_1_369' title='bbox 3174 2792 3267 2832; x_wconf 91' lang='lat' dir='ltr'>me</span> <span class='ocrx_word' id='word_1_370' title='bbox 3301 2777 3491 2832; x_wconf 88' lang='lat' dir='ltr'>refer-</span> 
     </span>
    </p>
   </div>
   <div class='ocr_carea' id='block_1_28' title="bbox 120 2858 3494 2937">
    <p class='ocr_par' dir='ltr' id='par_1_28' title="bbox 120 2858 3494 2937">
     <span class='ocr_line' id='line_1_28' title="bbox 120 2858 3494 2937; baseline 0.003 -26"><span class='ocrx_word' id='word_1_371' title='bbox 120 2858 217 2913; x_wconf 85' lang='lat' dir='ltr'>aliis</span> <span class='ocrx_word' id='word_1_372' title='bbox 251 2862 439 2918; x_wconf 90' lang='lat' dir='ltr'>diebus</span> <span class='ocrx_word' id='word_1_373' title='bbox 469 2869 523 2918; x_wconf 88' lang='lat' dir='ltr'>et</span> <span class='ocrx_word' id='word_1_374' title='bbox 562 2867 841 2920; x_wconf 88' lang='lat' dir='ltr'>noctibus</span> <span class='ocrx_word' id='word_1_375' title='bbox 883 2866 1158 2937; x_wconf 79' lang='lat' dir='ltr'>ejusdem</span> <span class='ocrx_word' id='word_1_376' title='bbox 1199 2867 1566 2937; x_wconf 86' lang='lat' dir='ltr'>septimanae,</span> <span class='ocrx_word' id='word_1_377' title='bbox 1599 2883 1715 2922; x_wconf 88' lang='lat' dir='ltr'>non</span> <span class='ocrx_word' id='word_1_378' title='bbox 1827 2871 1941 2921; x_wconf 88' lang='lat' dir='ltr'>tur.</span> <span class='ocrx_word' id='word_1_379' title='bbox 1977 2867 2040 2920; x_wconf 88' lang='lat' dir='ltr'>In</span> <span class='ocrx_word' id='word_1_380' title='bbox 2069 2867 2226 2921; x_wconf 88' lang='lat' dir='ltr'>omni</span> <span class='ocrx_word' id='word_1_381' title='bbox 2261 2867 2564 2920; x_wconf 88' lang='lat' dir='ltr'>Dominica</span> <span class='ocrx_word' id='word_1_382' title='bbox 2592 2867 2665 2920; x_wconf 91' lang='lat' dir='ltr'>ad</span> <span class='ocrx_word' id='word_1_383' title='bbox 2694 2867 2947 2936; x_wconf 87' lang='lat' dir='ltr'>primum</span> <span class='ocrx_word' id='word_1_384' title='bbox 2977 2869 3330 2922; x_wconf 90' lang='lat' dir='ltr'>nocturnum</span> <span class='ocrx_word' id='word_1_385' title='bbox 3359 2866 3494 2922; x_wconf 84' lang='lat' dir='ltr'>alle-</span> 
     </span>
    </p>
   </div>
   <div class='ocr_carea' id='block_1_29' title="bbox 117 2947 3489 3027">
    <p class='ocr_par' dir='ltr' id='par_1_29' title="bbox 117 2947 3489 3027">
     <span class='ocr_line' id='line_1_29' title="bbox 117 2947 3489 3027; baseline 0.004 -30"><span class='ocrx_word' id='word_1_386' title='bbox 117 2947 316 3005; x_wconf 87' lang='lat' dir='ltr'>nisiduo</span> <span class='ocrx_word' id='word_1_387' title='bbox 349 2955 510 3024; x_wconf 79' lang='lat' dir='ltr'>signa</span> <span class='ocrx_word' id='word_1_388' title='bbox 540 2956 702 3010; x_wconf 88' lang='lat' dir='ltr'>sicut</span> <span class='ocrx_word' id='word_1_389' title='bbox 733 2956 792 3008; x_wconf 91' lang='lat' dir='ltr'>in</span> <span class='ocrx_word' id='word_1_390' title='bbox 823 2957 1070 3025; x_wconf 88' lang='lat' dir='ltr'>privatis</span> <span class='ocrx_word' id='word_1_391' title='bbox 1101 2956 1173 3010; x_wconf 90' lang='lat' dir='ltr'>ad</span> <span class='ocrx_word' id='word_1_392' title='bbox 1213 2960 1536 3011; x_wconf 90' lang='lat' dir='ltr'>nocturnos</span> <span class='ocrx_word' id='word_1_393' title='bbox 1581 2957 1716 3026; x_wconf 85' lang='lat' dir='ltr'>pul-</span> <span class='ocrx_word' id='word_1_394' title='bbox 1829 2957 1946 3009; x_wconf 90' lang='lat' dir='ltr'>luia</span> <span class='ocrx_word' id='word_1_395' title='bbox 1979 2949 2310 3010; x_wconf 86' lang='lat' dir='ltr'>Postulavi.</span> <span class='ocrx_word' id='word_1_396' title='bbox 2337 2956 2426 3009; x_wconf 81' lang='lat' dir='ltr'>Ad</span> <span class='ocrx_word' id='word_1_397' title='bbox 2448 2955 2796 3022; x_wconf 88' lang='lat' dir='ltr'>secundum,</span> <span class='ocrx_word' id='word_1_398' title='bbox 2838 2955 3109 3027; x_wconf 81' lang='lat' dir='ltr'>Angelus</span> <span class='ocrx_word' id='word_1_399' title='bbox 3131 2962 3340 3010; x_wconf 88' lang='lat' dir='ltr'>autem.</span> <span class='ocrx_word' id='word_1_400' title='bbox 3401 2955 3489 3009; x_wconf 78' lang='lat' dir='ltr'>Ad</span> 
     </span>
    </p>
   </div>
   <div class='ocr_carea' id='block_1_30' title="bbox 123 3041 3490 3118">
    <p class='ocr_par' dir='ltr' id='par_1_30' title="bbox 123 3041 3490 3118">
     <span class='ocr_line' id='line_1_30' title="bbox 123 3041 3490 3118; baseline 0.003 -29"><span class='ocrx_word' id='word_1_401' title='bbox 123 3041 294 3109; x_wconf 82' lang='lat' dir='ltr'>santur,</span> <span class='ocrx_word' id='word_1_402' title='bbox 323 3045 414 3113; x_wconf 90' lang='lat' dir='ltr'>qui</span> <span class='ocrx_word' id='word_1_403' title='bbox 443 3060 577 3099; x_wconf 92' lang='lat' dir='ltr'>cum</span> <span class='ocrx_word' id='word_1_404' title='bbox 606 3045 921 3099; x_wconf 87' lang='lat' dir='ltr'>duodecim</span> <span class='ocrx_word' id='word_1_405' title='bbox 953 3047 1222 3117; x_wconf 89' lang='lat' dir='ltr'>psalmis,</span> <span class='ocrx_word' id='word_1_406' title='bbox 1255 3047 1411 3102; x_wconf 89' lang='lat' dir='ltr'>sicut</span> <span class='ocrx_word' id='word_1_407' title='bbox 1438 3052 1576 3102; x_wconf 87' lang='lat' dir='ltr'>sunt</span> <span class='ocrx_word' id='word_1_408' title='bbox 1610 3061 1716 3118; x_wconf 87' lang='lat' dir='ltr'>per</span> <span class='ocrx_word' id='word_1_409' title='bbox 1829 3047 2072 3115; x_wconf 88' lang='lat' dir='ltr'>cantica,</span> <span class='ocrx_word' id='word_1_410' title='bbox 2091 3046 2164 3100; x_wconf 89' lang='lat' dir='ltr'>Et</span> <span class='ocrx_word' id='word_1_411' title='bbox 2183 3044 3490 3113; x_wconf 72' lang='lat' dir='ltr'>ecceterraamotus.Adlaudes,Praetimore;</span> 
     </span>
    </p>
   </div>
   <div class='ocr_carea' id='block_1_31' title="bbox 123 3124 3484 3206">
    <p class='ocr_par' dir='ltr' id='par_1_31' title="bbox 123 3124 3484 3206">
     <span class='ocr_line' id='line_1_31' title="bbox 123 3124 3484 3206; baseline 0.003 -29"><span class='ocrx_word' id='word_1_412' title='bbox 123 3124 256 3182; x_wconf 80' lang='lat' dir='ltr'>ferias</span> <span class='ocrx_word' id='word_1_413' title='bbox 282 3132 532 3202; x_wconf 86' lang='lat' dir='ltr'>ordinati,</span> <span class='ocrx_word' id='word_1_414' title='bbox 563 3137 846 3206; x_wconf 83' lang='lat' dir='ltr'>aguntur;</span> <span class='ocrx_word' id='word_1_415' title='bbox 872 3135 978 3190; x_wconf 90' lang='lat' dir='ltr'>sed</span> <span class='ocrx_word' id='word_1_416' title='bbox 999 3135 1286 3191; x_wconf 90' lang='lat' dir='ltr'>lectiones</span> <span class='ocrx_word' id='word_1_417' title='bbox 1315 3139 1439 3191; x_wconf 88' lang='lat' dir='ltr'>tres</span> <span class='ocrx_word' id='word_1_418' title='bbox 1468 3141 1716 3191; x_wconf 88' lang='lat' dir='ltr'>tantum-</span> <span class='ocrx_word' id='word_1_419' title='bbox 1829 3138 1900 3192; x_wconf 89' lang='lat' dir='ltr'>ad</span> <span class='ocrx_word' id='word_1_420' title='bbox 1923 3137 2192 3206; x_wconf 89' lang='lat' dir='ltr'>primam,</span> <span class='ocrx_word' id='word_1_421' title='bbox 2237 3133 2510 3204; x_wconf 87' lang='lat' dir='ltr'>Surgens</span> <span class='ocrx_word' id='word_1_422' title='bbox 2530 3139 2744 3201; x_wconf 72' lang='lat' dir='ltr'>autem;</span> <span class='ocrx_word' id='word_1_423' title='bbox 2777 3134 2848 3187; x_wconf 91' lang='lat' dir='ltr'>ad</span> <span class='ocrx_word' id='word_1_424' title='bbox 2880 3135 3131 3200; x_wconf 87' lang='lat' dir='ltr'>tertiam,</span> <span class='ocrx_word' id='word_1_425' title='bbox 3181 3133 3255 3187; x_wconf 89' lang='lat' dir='ltr'>de</span> <span class='ocrx_word' id='word_1_426' title='bbox 3286 3132 3484 3186; x_wconf 88' lang='lat' dir='ltr'>Evan-</span> 
     </span>
    </p>
   </div>
   <div class='ocr_carea' id='block_1_32' title="bbox 123 3216 3493 3297">
    <p class='ocr_par' dir='ltr' id='par_1_32' title="bbox 123 3216 3493 3297">
     <span class='ocr_line' id='line_1_32' title="bbox 123 3216 3493 3297; baseline 0.002 -30"><span class='ocrx_word' id='word_1_427' title='bbox 123 3216 249 3271; x_wconf 86' lang='lat' dir='ltr'>modo</span> <span class='ocrx_word' id='word_1_428' title='bbox 274 3234 336 3272; x_wconf 79' lang='lat' dir='ltr'>ex</span> <span class='ocrx_word' id='word_1_429' title='bbox 366 3219 706 3294; x_wconf 80' lang='lat' dir='ltr'>Evangeliis</span> <span class='ocrx_word' id='word_1_430' title='bbox 733 3223 903 3278; x_wconf 77' lang='lat' dir='ltr'>ﬁunt.</span> <span class='ocrx_word' id='word_1_431' title='bbox 935 3225 1093 3278; x_wconf 84' lang='lat' dir='ltr'>Puer</span> <span class='ocrx_word' id='word_1_432' title='bbox 1121 3241 1274 3278; x_wconf 89' lang='lat' dir='ltr'>unus</span> <span class='ocrx_word' id='word_1_433' title='bbox 1315 3226 1712 3281; x_wconf 66' lang='lat' dir='ltr'>invitator-ium</span> <span class='ocrx_word' id='word_1_434' title='bbox 1752 3267 1800 3297; x_wconf 65' lang='grc' dir='ltr'>η</span> <span class='ocrx_word' id='word_1_435' title='bbox 1829 3227 2004 3297; x_wconf 80' lang='lat' dir='ltr'>gelio,</span> <span class='ocrx_word' id='word_1_436' title='bbox 2039 3225 2112 3277; x_wconf 87' lang='lat' dir='ltr'>Ut</span> <span class='ocrx_word' id='word_1_437' title='bbox 2142 3222 2321 3276; x_wconf 88' lang='lat' dir='ltr'>multa</span> <span class='ocrx_word' id='word_1_438' title='bbox 2353 3223 2604 3294; x_wconf 88' lang='lat' dir='ltr'>quidem:</span> <span class='ocrx_word' id='word_1_439' title='bbox 2625 3223 2698 3276; x_wconf 91' lang='lat' dir='ltr'>ad</span> <span class='ocrx_word' id='word_1_440' title='bbox 2731 3225 2978 3289; x_wconf 84' lang='lat' dir='ltr'>sextam,</span> <span class='ocrx_word' id='word_1_441' title='bbox 3014 3221 3392 3285; x_wconf 87' lang='lat' dir='ltr'>Eratautem;</span> <span class='ocrx_word' id='word_1_442' title='bbox 3420 3222 3493 3274; x_wconf 91' lang='lat' dir='ltr'>ad</span> 
     </span>
    </p>
   </div>
   <div class='ocr_carea' id='block_1_33' title="bbox 122 3309 3490 3386">
    <p class='ocr_par' dir='ltr' id='par_1_33' title="bbox 122 3309 3490 3386">
     <span class='ocr_line' id='line_1_33' title="bbox 122 3309 3490 3386; baseline 0.002 -32"><span class='ocrx_word' id='word_1_443' title='bbox 122 3309 279 3360; x_wconf 84' lang='lat' dir='ltr'>cantat.</span> <span class='ocrx_word' id='word_1_444' title='bbox 309 3310 387 3363; x_wconf 82' lang='lat' dir='ltr'>Ad</span> <span class='ocrx_word' id='word_1_445' title='bbox 414 3313 738 3367; x_wconf 88' lang='lat' dir='ltr'>matutinos</span> <span class='ocrx_word' id='word_1_446' title='bbox 768 3312 1082 3381; x_wconf 85' lang='lat' dir='ltr'>pulsantur</span> <span class='ocrx_word' id='word_1_447' title='bbox 1113 3315 1306 3368; x_wconf 89' lang='lat' dir='ltr'>omnia</span> <span class='ocrx_word' id='word_1_448' title='bbox 1337 3315 1530 3386; x_wconf 76' lang='lat' dir='ltr'>signa,</span> <span class='ocrx_word' id='word_1_449' title='bbox 1566 3319 1622 3369; x_wconf 90' lang='lat' dir='ltr'>et</span> <span class='ocrx_word' id='word_1_450' title='bbox 1642 3315 1714 3370; x_wconf 90' lang='lat' dir='ltr'>de</span> <span class='ocrx_word' id='word_1_451' title='bbox 1752 3309 1802 3329; x_wconf 68' lang='grc' dir='ltr'>ν</span> <span class='ocrx_word' id='word_1_452' title='bbox 1827 3330 2060 3381; x_wconf 88' lang='lat' dir='ltr'>nonam,</span> <span class='ocrx_word' id='word_1_453' title='bbox 2097 3311 2168 3365; x_wconf 89' lang='lat' dir='ltr'>Et</span> <span class='ocrx_word' id='word_1_454' title='bbox 2198 3312 2616 3383; x_wconf 82' lang='lat' dir='ltr'>reSpicientes;</span> <span class='ocrx_word' id='word_1_455' title='bbox 2649 3311 2721 3364; x_wconf 90' lang='lat' dir='ltr'>ad</span> <span class='ocrx_word' id='word_1_456' title='bbox 2750 3325 3058 3378; x_wconf 83' lang='lat' dir='ltr'>vesperas,</span> <span class='ocrx_word' id='word_1_457' title='bbox 3089 3309 3290 3365; x_wconf 84' lang='lat' dir='ltr'>Jesum</span> <span class='ocrx_word' id='word_1_458' title='bbox 3319 3324 3490 3381; x_wconf 83' lang='lat' dir='ltr'>quem</span> 
     </span>
    </p>
   </div>
   <div class='ocr_carea' id='block_1_34' title="bbox 121 3396 3488 3475">
    <p class='ocr_par' dir='ltr' id='par_1_34' title="bbox 121 3396 3488 3475">
     <span class='ocr_line' id='line_1_34' title="bbox 121 3396 3488 3475; baseline 0.003 -33"><span class='ocrx_word' id='word_1_459' title='bbox 121 3397 281 3449; x_wconf 69' lang='lat' dir='ltr'>caetero</span> <span class='ocrx_word' id='word_1_460' title='bbox 307 3396 442 3453; x_wconf 81' lang='lat' dir='ltr'>ﬁunt</span> <span class='ocrx_word' id='word_1_461' title='bbox 470 3402 670 3456; x_wconf 87' lang='lat' dir='ltr'>omnia</span> <span class='ocrx_word' id='word_1_462' title='bbox 708 3401 940 3456; x_wconf 82' lang='lat' dir='ltr'>festive.</span> <span class='ocrx_word' id='word_1_463' title='bbox 967 3402 1086 3456; x_wconf 74' lang='lat' dir='ltr'>Illae</span> <span class='ocrx_word' id='word_1_464' title='bbox 1118 3406 1310 3456; x_wconf 78' lang='lat' dir='ltr'>autem</span> <span class='ocrx_word' id='word_1_465' title='bbox 1339 3419 1474 3475; x_wconf 67' lang='lat' dir='ltr'>qum</span> <span class='ocrx_word' id='word_1_466' title='bbox 1503 3405 1562 3458; x_wconf 89' lang='lat' dir='ltr'>in</span> <span class='ocrx_word' id='word_1_467' title='bbox 1595 3404 1714 3458; x_wconf 92' lang='lat' dir='ltr'>Do-</span> <span class='ocrx_word' id='word_1_468' title='bbox 1831 3403 2068 3475; x_wconf 74' lang='lat' dir='ltr'>quaeris.</span> <span class='ocrx_word' id='word_1_469' title='bbox 2089 3396 2153 3454; x_wconf 84' lang='lat' dir='ltr'>In</span> <span class='ocrx_word' id='word_1_470' title='bbox 2202 3401 2466 3456; x_wconf 89' lang='lat' dir='ltr'>secunda</span> <span class='ocrx_word' id='word_1_471' title='bbox 2508 3401 2653 3454; x_wconf 87' lang='lat' dir='ltr'>feria</span> <span class='ocrx_word' id='word_1_472' title='bbox 2675 3415 2809 3453; x_wconf 91' lang='lat' dir='ltr'>cum</span> <span class='ocrx_word' id='word_1_473' title='bbox 2839 3399 3048 3453; x_wconf 89' lang='lat' dir='ltr'>iterum</span> <span class='ocrx_word' id='word_1_474' title='bbox 3082 3414 3232 3467; x_wconf 88' lang='lat' dir='ltr'>opus</span> <span class='ocrx_word' id='word_1_475' title='bbox 3263 3399 3340 3452; x_wconf 88' lang='lat' dir='ltr'>sit</span> <span class='ocrx_word' id='word_1_476' title='bbox 3371 3413 3488 3452; x_wconf 92' lang='lat' dir='ltr'>non</span> 
     </span>
    </p>
   </div>
   <div class='ocr_carea' id='block_1_35' title="bbox 121 3482 3494 3564">
    <p class='ocr_par' dir='ltr' id='par_1_35' title="bbox 121 3482 3494 3564">
     <span class='ocr_line' id='line_1_35' title="bbox 121 3482 3494 3564; baseline 0.002 -32"><span class='ocrx_word' id='word_1_477' title='bbox 121 3482 280 3537; x_wconf 87' lang='lat' dir='ltr'>minica</span> <span class='ocrx_word' id='word_1_478' title='bbox 304 3492 538 3544; x_wconf 75' lang='lat' dir='ltr'>cantatae</span> <span class='ocrx_word' id='word_1_479' title='bbox 569 3493 713 3544; x_wconf 90' lang='lat' dir='ltr'>sunt</span> <span class='ocrx_word' id='word_1_480' title='bbox 743 3490 814 3544; x_wconf 90' lang='lat' dir='ltr'>ad</span> <span class='ocrx_word' id='word_1_481' title='bbox 865 3491 1204 3560; x_wconf 85' lang='lat' dir='ltr'>matutinos,</span> <span class='ocrx_word' id='word_1_482' title='bbox 1233 3497 1437 3561; x_wconf 89' lang='lat' dir='ltr'>postea</span> <span class='ocrx_word' id='word_1_483' title='bbox 1459 3492 1715 3564; x_wconf 81' lang='lat' dir='ltr'>singulae</span> <span class='ocrx_word' id='word_1_484' title='bbox 1829 3491 2232 3561; x_wconf 88' lang='lat' dir='ltr'>paucioribus.</span> <span class='ocrx_word' id='word_1_485' title='bbox 2293 3493 2355 3544; x_wconf 89' lang='lat' dir='ltr'>ut</span> <span class='ocrx_word' id='word_1_486' title='bbox 2385 3490 2459 3542; x_wconf 88' lang='lat' dir='ltr'>ita</span> <span class='ocrx_word' id='word_1_487' title='bbox 2517 3488 2728 3556; x_wconf 86' lang='lat' dir='ltr'>dicam,</span> <span class='ocrx_word' id='word_1_488' title='bbox 2789 3488 3064 3554; x_wconf 86' lang='lat' dir='ltr'>alleluiis,</span> <span class='ocrx_word' id='word_1_489' title='bbox 3105 3487 3220 3540; x_wconf 90' lang='lat' dir='ltr'>nisi</span> <span class='ocrx_word' id='word_1_490' title='bbox 3273 3489 3494 3541; x_wconf 88' lang='lat' dir='ltr'>tantum</span> 
     </span>
    </p>
   </div>
   <div class='ocr_carea' id='block_1_36' title="bbox 120 3569 3492 3651">
    <p class='ocr_par' dir='ltr' id='par_1_36' title="bbox 120 3569 3492 3651">
     <span class='ocr_line' id='line_1_36' title="bbox 120 3569 3492 3651; baseline 0.003 -31"><span class='ocrx_word' id='word_1_491' title='bbox 120 3569 411 3646; x_wconf 78' lang='lat' dir='ltr'>adsingulas</span> <span class='ocrx_word' id='word_1_492' title='bbox 467 3579 785 3633; x_wconf 84' lang='lat' dir='ltr'>matutinas</span> <span class='ocrx_word' id='word_1_493' title='bbox 831 3583 1098 3634; x_wconf 87' lang='lat' dir='ltr'>cantatur</span> <span class='ocrx_word' id='word_1_494' title='bbox 1146 3596 1335 3651; x_wconf 88' lang='lat' dir='ltr'>usque</span> <span class='ocrx_word' id='word_1_495' title='bbox 1381 3581 1452 3634; x_wconf 88' lang='lat' dir='ltr'>ad</span> <span class='ocrx_word' id='word_1_496' title='bbox 1484 3580 1715 3636; x_wconf 89' lang='lat' dir='ltr'>Sabba-</span> <span class='ocrx_word' id='word_1_497' title='bbox 1829 3597 1946 3634; x_wconf 89' lang='lat' dir='ltr'>una</span> <span class='ocrx_word' id='word_1_498' title='bbox 1977 3581 2172 3633; x_wconf 91' lang='lat' dir='ltr'>minus</span> <span class='ocrx_word' id='word_1_499' title='bbox 2203 3582 2441 3649; x_wconf 88' lang='lat' dir='ltr'>propter</span> <span class='ocrx_word' id='word_1_500' title='bbox 2471 3577 2699 3632; x_wconf 89' lang='lat' dir='ltr'>cantica</span> <span class='ocrx_word' id='word_1_501' title='bbox 2728 3579 2866 3630; x_wconf 90' lang='lat' dir='ltr'>tunc</span> <span class='ocrx_word' id='word_1_502' title='bbox 2906 3593 3023 3631; x_wconf 92' lang='lat' dir='ltr'>non</span> <span class='ocrx_word' id='word_1_503' title='bbox 3053 3577 3322 3644; x_wconf 78' lang='lat' dir='ltr'>dicenda,</span> <span class='ocrx_word' id='word_1_504' title='bbox 3357 3591 3492 3629; x_wconf 91' lang='lat' dir='ltr'>can-</span> 
     </span>
    </p>
   </div>
   <div class='ocr_carea' id='block_1_37' title="bbox 119 3661 3492 3738">
    <p class='ocr_par' dir='ltr' id='par_1_37' title="bbox 119 3661 3492 3738">
     <span class='ocr_line' id='line_1_37' title="bbox 119 3661 3492 3738; baseline 0.001 -22"><span class='ocrx_word' id='word_1_505' title='bbox 119 3661 224 3726; x_wconf 68' lang='lat' dir='ltr'>tum,</span> <span class='ocrx_word' id='word_1_506' title='bbox 249 3666 296 3716; x_wconf 86' lang='lat' dir='ltr'>et</span> <span class='ocrx_word' id='word_1_507' title='bbox 321 3666 386 3719; x_wconf 88' lang='lat' dir='ltr'>ad</span> <span class='ocrx_word' id='word_1_508' title='bbox 401 3667 544 3722; x_wconf 88' lang='lat' dir='ltr'>alias</span> <span class='ocrx_word' id='word_1_509' title='bbox 568 3668 752 3722; x_wconf 89' lang='lat' dir='ltr'>horas</span> <span class='ocrx_word' id='word_1_510' title='bbox 780 3668 1418 3738; x_wconf 84' lang='lat' dir='ltr'>babenturantiphonae</span> <span class='ocrx_word' id='word_1_511' title='bbox 1437 3671 1508 3724; x_wconf 91' lang='lat' dir='ltr'>de</span> <span class='ocrx_word' id='word_1_512' title='bbox 1532 3670 1717 3724; x_wconf 86' lang='lat' dir='ltr'>Evan-</span> <span class='ocrx_word' id='word_1_513' title='bbox 1829 3673 2025 3724; x_wconf 88' lang='lat' dir='ltr'>tantur</span> <span class='ocrx_word' id='word_1_514' title='bbox 2053 3669 2260 3724; x_wconf 88' lang='lat' dir='ltr'>eodem</span> <span class='ocrx_word' id='word_1_515' title='bbox 2291 3684 2406 3738; x_wconf 87' lang='lat' dir='ltr'>quo</span> <span class='ocrx_word' id='word_1_516' title='bbox 2438 3682 2618 3737; x_wconf 88' lang='lat' dir='ltr'>supra</span> <span class='ocrx_word' id='word_1_517' title='bbox 2649 3666 2851 3720; x_wconf 87' lang='lat' dir='ltr'>ordine</span> <span class='ocrx_word' id='word_1_518' title='bbox 2891 3665 3124 3720; x_wconf 88' lang='lat' dir='ltr'>alleluia</span> <span class='ocrx_word' id='word_1_519' title='bbox 3155 3668 3236 3733; x_wconf 89' lang='lat' dir='ltr'>ut,</span> <span class='ocrx_word' id='word_1_520' title='bbox 3271 3664 3492 3719; x_wconf 89' lang='lat' dir='ltr'>Postu-</span> 
     </span>
    </p>
   </div>
   <div class='ocr_carea' id='block_1_38' title="bbox 124 3747 3496 3829">
    <p class='ocr_par' dir='ltr' id='par_1_38' title="bbox 124 3747 3496 3829">
     <span class='ocr_line' id='line_1_38' title="bbox 124 3747 3496 3829; baseline 0.002 -30"><span class='ocrx_word' id='word_1_521' title='bbox 124 3747 254 3814; x_wconf 77' lang='lat' dir='ltr'>gelio.</span> <span class='ocrx_word' id='word_1_522' title='bbox 280 3754 358 3808; x_wconf 85' lang='lat' dir='ltr'>Ad</span> <span class='ocrx_word' id='word_1_523' title='bbox 395 3758 555 3813; x_wconf 91' lang='lat' dir='ltr'>solos</span> <span class='ocrx_word' id='word_1_524' title='bbox 586 3761 914 3812; x_wconf 90' lang='lat' dir='ltr'>nocturnos</span> <span class='ocrx_word' id='word_1_525' title='bbox 945 3761 1002 3812; x_wconf 88' lang='lat' dir='ltr'>et</span> <span class='ocrx_word' id='word_1_526' title='bbox 1032 3774 1317 3828; x_wconf 88' lang='lat' dir='ltr'>vesperas</span> <span class='ocrx_word' id='word_1_527' title='bbox 1339 3775 1520 3828; x_wconf 87' lang='lat' dir='ltr'>super</span> <span class='ocrx_word' id='word_1_528' title='bbox 1551 3761 1714 3828; x_wconf 90' lang='lat' dir='ltr'>psal-</span> <span class='ocrx_word' id='word_1_529' title='bbox 1830 3758 1974 3814; x_wconf 83' lang='lat' dir='ltr'>lavi.</span> <span class='ocrx_word' id='word_1_530' title='bbox 1999 3758 2268 3829; x_wconf 74' lang='lat' dir='ltr'>Angelus</span> <span class='ocrx_word' id='word_1_531' title='bbox 2299 3763 2510 3810; x_wconf 89' lang='lat' dir='ltr'>autem.</span> <span class='ocrx_word' id='word_1_532' title='bbox 2548 3756 2620 3809; x_wconf 87' lang='lat' dir='ltr'>Et</span> <span class='ocrx_word' id='word_1_533' title='bbox 2651 3762 2987 3810; x_wconf 69' lang='lat' dir='ltr'>ecceterrte</span> <span class='ocrx_word' id='word_1_534' title='bbox 3010 3760 3214 3809; x_wconf 88' lang='lat' dir='ltr'>motus.</span> <span class='ocrx_word' id='word_1_535' title='bbox 3241 3753 3384 3806; x_wconf 66' lang='lat' dir='ltr'>Prw</span> <span class='ocrx_word' id='word_1_536' title='bbox 3417 3753 3496 3805; x_wconf 89' lang='lat' dir='ltr'>ti-</span> 
     </span>
    </p>
   </div>
   <div class='ocr_carea' id='block_1_39' title="bbox 123 3843 3492 3916">
    <p class='ocr_par' dir='ltr' id='par_1_39' title="bbox 123 3843 3492 3916">
     <span class='ocr_line' id='line_1_39' title="bbox 123 3843 3492 3916; baseline 0.002 -28"><span class='ocrx_word' id='word_1_537' title='bbox 123 3851 214 3891; x_wconf 83' lang='lat' dir='ltr'>mes</span> <span class='ocrx_word' id='word_1_538' title='bbox 235 3857 334 3896; x_wconf 90' lang='lat' dir='ltr'>non</span> <span class='ocrx_word' id='word_1_539' title='bbox 360 3844 469 3899; x_wconf 90' lang='lat' dir='ltr'>nisi</span> <span class='ocrx_word' id='word_1_540' title='bbox 498 3846 736 3902; x_wconf 86' lang='lat' dir='ltr'>alleluia</span> <span class='ocrx_word' id='word_1_541' title='bbox 778 3849 1062 3915; x_wconf 89' lang='lat' dir='ltr'>cantatur,</span> <span class='ocrx_word' id='word_1_542' title='bbox 1108 3848 1177 3902; x_wconf 91' lang='lat' dir='ltr'>ad</span> <span class='ocrx_word' id='word_1_543' title='bbox 1228 3848 1536 3902; x_wconf 89' lang='lat' dir='ltr'>melodiam</span> <span class='ocrx_word' id='word_1_544' title='bbox 1563 3849 1713 3902; x_wconf 88' lang='lat' dir='ltr'>anti-</span> <span class='ocrx_word' id='word_1_545' title='bbox 1831 3863 2016 3903; x_wconf 89' lang='lat' dir='ltr'>more.</span> <span class='ocrx_word' id='word_1_546' title='bbox 2043 3848 2126 3900; x_wconf 89' lang='lat' dir='ltr'>De</span> <span class='ocrx_word' id='word_1_547' title='bbox 2153 3846 2497 3916; x_wconf 80' lang='lat' dir='ltr'>Evangelio,</span> <span class='ocrx_word' id='word_1_548' title='bbox 2537 3845 2681 3897; x_wconf 81' lang='lat' dir='ltr'>Erat</span> <span class='ocrx_word' id='word_1_549' title='bbox 2712 3849 2922 3897; x_wconf 86' lang='lat' dir='ltr'>autem.</span> <span class='ocrx_word' id='word_1_550' title='bbox 2959 3843 3031 3896; x_wconf 87' lang='lat' dir='ltr'>Et</span> <span class='ocrx_word' id='word_1_551' title='bbox 3075 3843 3492 3913; x_wconf 82' lang='lat' dir='ltr'>respicientes.</span> 
     </span>
    </p>
   </div>
   <div class='ocr_carea' id='block_1_40' title="bbox 120 3924 3496 4012">
    <p class='ocr_par' dir='ltr' id='par_1_40' title="bbox 120 3924 3496 4012">
     <span class='ocr_line' id='line_1_40' title="bbox 120 3924 3496 4012; baseline 0.002 -35"><span class='ocrx_word' id='word_1_552' title='bbox 120 3924 382 3990; x_wconf 76' lang='lat' dir='ltr'>phocarum</span> <span class='ocrx_word' id='word_1_553' title='bbox 433 3933 771 4006; x_wconf 83' lang='lat' dir='ltr'>formatum;</span> <span class='ocrx_word' id='word_1_554' title='bbox 804 3941 860 3991; x_wconf 88' lang='lat' dir='ltr'>et</span> <span class='ocrx_word' id='word_1_555' title='bbox 915 3938 1104 4006; x_wconf 88' lang='lat' dir='ltr'>primo</span> <span class='ocrx_word' id='word_1_556' title='bbox 1162 3939 1221 3990; x_wconf 90' lang='lat' dir='ltr'>in</span> <span class='ocrx_word' id='word_1_557' title='bbox 1277 3938 1423 3992; x_wconf 87' lang='lat' dir='ltr'>feria</span> <span class='ocrx_word' id='word_1_558' title='bbox 1453 3939 1716 3992; x_wconf 87' lang='lat' dir='ltr'>secunda</span> <span class='ocrx_word' id='word_1_559' title='bbox 1836 3937 1899 3990; x_wconf 90' lang='lat' dir='ltr'>In</span> <span class='ocrx_word' id='word_1_560' title='bbox 1931 3936 2252 4003; x_wconf 90' lang='lat' dir='ltr'>matutinis,</span> <span class='ocrx_word' id='word_1_561' title='bbox 2295 3935 2496 3988; x_wconf 84' lang='lat' dir='ltr'>Jesum</span> <span class='ocrx_word' id='word_1_562' title='bbox 2547 3948 2712 4004; x_wconf 85' lang='lat' dir='ltr'>quem</span> <span class='ocrx_word' id='word_1_563' title='bbox 2746 3933 2982 4012; x_wconf 72' lang='lat' dir='ltr'>quaeris.</span> <span class='ocrx_word' id='word_1_564' title='bbox 3017 3932 3079 3985; x_wconf 90' lang='lat' dir='ltr'>In</span> <span class='ocrx_word' id='word_1_565' title='bbox 3132 3931 3309 3986; x_wconf 86' lang='lat' dir='ltr'>tertia</span> <span class='ocrx_word' id='word_1_566' title='bbox 3352 3929 3496 3984; x_wconf 84' lang='lat' dir='ltr'>feria</span> 
     </span>
    </p>
   </div>
   <div class='ocr_carea' id='block_1_41' title="bbox 121 4012 3498 4098">
    <p class='ocr_par' dir='ltr' id='par_1_41' title="bbox 121 4012 3498 4098">
     <span class='ocr_line' id='line_1_41' title="bbox 121 4012 3498 4098; baseline 0.002 -34"><span class='ocrx_word' id='word_1_567' title='bbox 121 4012 312 4089; x_wconf 82' lang='lat' dir='ltr'>alleluia,</span> <span class='ocrx_word' id='word_1_568' title='bbox 352 4025 408 4076; x_wconf 89' lang='lat' dir='ltr'>ut</span> <span class='ocrx_word' id='word_1_569' title='bbox 427 4023 760 4094; x_wconf 85' lang='lat' dir='ltr'>Postulavi,</span> <span class='ocrx_word' id='word_1_570' title='bbox 785 4025 1056 4097; x_wconf 86' lang='lat' dir='ltr'>Angelus</span> <span class='ocrx_word' id='word_1_571' title='bbox 1077 4031 1289 4095; x_wconf 86' lang='lat' dir='ltr'>autem,</span> <span class='ocrx_word' id='word_1_572' title='bbox 1321 4026 1527 4081; x_wconf 79' lang='lat' dir='ltr'>Jesum</span> <span class='ocrx_word' id='word_1_573' title='bbox 1547 4042 1716 4098; x_wconf 87' lang='lat' dir='ltr'>quem</span> <span class='ocrx_word' id='word_1_574' title='bbox 1833 4024 2068 4078; x_wconf 87' lang='lat' dir='ltr'>alleluia</span> <span class='ocrx_word' id='word_1_575' title='bbox 2097 4027 2179 4092; x_wconf 88' lang='lat' dir='ltr'>ut,</span> <span class='ocrx_word' id='word_1_576' title='bbox 2212 4022 2399 4077; x_wconf 83' lang='lat' dir='ltr'>Stetit</span> <span class='ocrx_word' id='word_1_577' title='bbox 2429 4022 2622 4076; x_wconf 84' lang='lat' dir='ltr'>Jesus.</span> <span class='ocrx_word' id='word_1_578' title='bbox 2645 4020 2986 4091; x_wconf 69' lang='lat' dir='ltr'>Oportebat.</span> <span class='ocrx_word' id='word_1_579' title='bbox 3014 4020 3226 4074; x_wconf 85' lang='lat' dir='ltr'>Nonne</span> <span class='ocrx_word' id='word_1_580' title='bbox 3247 4024 3358 4073; x_wconf 89' lang='lat' dir='ltr'>sic.</span> <span class='ocrx_word' id='word_1_581' title='bbox 3388 4017 3498 4083; x_wconf 89' lang='lat' dir='ltr'>Qui</span> 
     </span>
    </p>
   </div>
   <div class='ocr_carea' id='block_1_42' title="bbox 125 4107 3497 4181">
    <p class='ocr_par' dir='ltr' id='par_1_42' title="bbox 125 4107 3497 4181">
     <span class='ocr_line' id='line_1_42' title="bbox 125 4107 3497 4181; baseline 0.002 -28"><span class='ocrx_word' id='word_1_582' title='bbox 125 4111 554 4169; x_wconf 70' lang='lat' dir='ltr'>qumnantertia</span> <span class='ocrx_word' id='word_1_583' title='bbox 585 4114 756 4178; x_wconf 85' lang='lat' dir='ltr'>feria,</span> <span class='ocrx_word' id='word_1_584' title='bbox 781 4117 862 4181; x_wconf 91' lang='lat' dir='ltr'>ut,</span> <span class='ocrx_word' id='word_1_585' title='bbox 901 4120 959 4168; x_wconf 89' lang='lat' dir='ltr'>et</span> <span class='ocrx_word' id='word_1_586' title='bbox 990 4130 1126 4168; x_wconf 90' lang='lat' dir='ltr'>ecce</span> <span class='ocrx_word' id='word_1_587' title='bbox 1141 4121 1542 4170; x_wconf 67' lang='lat' dir='ltr'>terraemotus.</span> <span class='ocrx_word' id='word_1_588' title='bbox 1575 4115 1719 4170; x_wconf 70' lang='lat' dir='ltr'>Prae</span> <span class='ocrx_word' id='word_1_589' title='bbox 1834 4121 1970 4168; x_wconf 88' lang='lat' dir='ltr'>sunt</span> <span class='ocrx_word' id='word_1_590' title='bbox 1991 4115 2056 4166; x_wconf 80' lang='lat' dir='ltr'>lii</span> <span class='ocrx_word' id='word_1_591' title='bbox 2067 4111 2485 4167; x_wconf 86' lang='lat' dir='ltr'>sermones.De</span> <span class='ocrx_word' id='word_1_592' title='bbox 2509 4109 2848 4179; x_wconf 79' lang='lat' dir='ltr'>Evangelio,</span> <span class='ocrx_word' id='word_1_593' title='bbox 2871 4107 2942 4159; x_wconf 87' lang='lat' dir='ltr'>Et</span> <span class='ocrx_word' id='word_1_594' title='bbox 2962 4115 3300 4176; x_wconf 81' lang='lat' dir='ltr'>coegerunt.</span> <span class='ocrx_word' id='word_1_595' title='bbox 3319 4107 3497 4160; x_wconf 88' lang='lat' dir='ltr'>Mane</span> 
     </span>
    </p>
   </div>
   <div class='ocr_carea' id='block_1_43' title="bbox 124 4192 3495 4273">
    <p class='ocr_par' dir='ltr' id='par_1_43' title="bbox 124 4192 3495 4273">
     <span class='ocr_line' id='line_1_43' title="bbox 124 4192 3495 4273; baseline 0.001 -29"><span class='ocrx_word' id='word_1_596' title='bbox 124 4192 301 4251; x_wconf 79' lang='lat' dir='ltr'>timore.</span> <span class='ocrx_word' id='word_1_597' title='bbox 319 4199 519 4256; x_wconf 77' lang='lat' dir='ltr'>Nonne</span> <span class='ocrx_word' id='word_1_598' title='bbox 540 4208 944 4257; x_wconf 86' lang='lat' dir='ltr'>cornostrum.</span> <span class='ocrx_word' id='word_1_599' title='bbox 972 4202 1035 4256; x_wconf 92' lang='lat' dir='ltr'>In</span> <span class='ocrx_word' id='word_1_600' title='bbox 1063 4206 1268 4273; x_wconf 85' lang='lat' dir='ltr'>quarta</span> <span class='ocrx_word' id='word_1_601' title='bbox 1285 4204 1432 4258; x_wconf 87' lang='lat' dir='ltr'>feria</span> <span class='ocrx_word' id='word_1_602' title='bbox 1456 4210 1536 4271; x_wconf 89' lang='lat' dir='ltr'>ut,</span> <span class='ocrx_word' id='word_1_603' title='bbox 1573 4203 1720 4258; x_wconf 83' lang='lat' dir='ltr'>Erat</span> <span class='ocrx_word' id='word_1_604' title='bbox 1835 4203 2156 4258; x_wconf 84' lang='lat' dir='ltr'>nobiscum.</span> <span class='ocrx_word' id='word_1_605' title='bbox 2180 4201 2392 4254; x_wconf 75' lang='lat' dir='ltr'>Nunne</span> <span class='ocrx_word' id='word_1_606' title='bbox 2410 4214 2512 4252; x_wconf 88' lang='lat' dir='ltr'>cor</span> <span class='ocrx_word' id='word_1_607' title='bbox 2542 4204 2823 4251; x_wconf 89' lang='lat' dir='ltr'>nostrum.</span> <span class='ocrx_word' id='word_1_608' title='bbox 2846 4195 2910 4248; x_wconf 88' lang='lat' dir='ltr'>In</span> <span class='ocrx_word' id='word_1_609' title='bbox 2932 4199 3138 4265; x_wconf 89' lang='lat' dir='ltr'>quarta</span> <span class='ocrx_word' id='word_1_610' title='bbox 3161 4196 3325 4260; x_wconf 86' lang='lat' dir='ltr'>feria,</span> <span class='ocrx_word' id='word_1_611' title='bbox 3351 4193 3495 4248; x_wconf 83' lang='lat' dir='ltr'>Noli</span> 
     </span>
    </p>
   </div>
   <div class='ocr_carea' id='block_1_44' title="bbox 124 4282 3494 4364">
    <p class='ocr_par' dir='ltr' id='par_1_44' title="bbox 124 4282 3494 4364">
     <span class='ocr_line' id='line_1_44' title="bbox 124 4282 3494 4364; baseline 0.001 -31"><span class='ocrx_word' id='word_1_612' title='bbox 124 4286 368 4340; x_wconf 65' lang='lat' dir='ltr'>auteant</span> <span class='ocrx_word' id='word_1_613' title='bbox 391 4292 806 4362; x_wconf 83' lang='lat' dir='ltr'>respicientes.</span> <span class='ocrx_word' id='word_1_614' title='bbox 833 4292 974 4346; x_wconf 89' lang='lat' dir='ltr'>Scio</span> <span class='ocrx_word' id='word_1_615' title='bbox 997 4293 1146 4364; x_wconf 86' lang='lat' dir='ltr'>quod</span> <span class='ocrx_word' id='word_1_616' title='bbox 1172 4292 1396 4346; x_wconf 83' lang='lat' dir='ltr'>Jesum.</span> <span class='ocrx_word' id='word_1_617' title='bbox 1418 4293 1484 4347; x_wconf 92' lang='lat' dir='ltr'>ln</span> <span class='ocrx_word' id='word_1_618' title='bbox 1520 4293 1721 4364; x_wconf 87' lang='lat' dir='ltr'>quinta</span> <span class='ocrx_word' id='word_1_619' title='bbox 1834 4292 2006 4346; x_wconf 83' lang='lat' dir='ltr'>llerc.</span> <span class='ocrx_word' id='word_1_620' title='bbox 2052 4290 2221 4343; x_wconf 85' lang='lat' dir='ltr'>Venit</span> <span class='ocrx_word' id='word_1_621' title='bbox 2241 4288 2459 4342; x_wconf 84' lang='lat' dir='ltr'>Maria.</span> <span class='ocrx_word' id='word_1_622' title='bbox 2486 4286 2557 4339; x_wconf 89' lang='lat' dir='ltr'>Et</span> <span class='ocrx_word' id='word_1_623' title='bbox 2589 4285 2874 4356; x_wconf 86' lang='lat' dir='ltr'>ingressi.</span> <span class='ocrx_word' id='word_1_624' title='bbox 2903 4284 2975 4337; x_wconf 90' lang='lat' dir='ltr'>Et</span> <span class='ocrx_word' id='word_1_625' title='bbox 3013 4282 3181 4336; x_wconf 86' lang='lat' dir='ltr'>valde</span> <span class='ocrx_word' id='word_1_626' title='bbox 3202 4297 3390 4335; x_wconf 86' lang='lat' dir='ltr'>mane.</span> <span class='ocrx_word' id='word_1_627' title='bbox 3413 4282 3494 4335; x_wconf 91' lang='lat' dir='ltr'>De</span> 
     </span>
    </p>
   </div>
   <div class='ocr_carea' id='block_1_45' title="bbox 124 4365 3497 4452">
    <p class='ocr_par' dir='ltr' id='par_1_45' title="bbox 124 4365 3497 4452">
     <span class='ocr_line' id='line_1_45' title="bbox 124 4365 3497 4452; baseline 0.001 -32"><span class='ocrx_word' id='word_1_628' title='bbox 124 4365 229 4424; x_wconf 81' lang='lat' dir='ltr'>feria</span> <span class='ocrx_word' id='word_1_629' title='bbox 253 4379 320 4443; x_wconf 91' lang='lat' dir='ltr'>ut,</span> <span class='ocrx_word' id='word_1_630' title='bbox 352 4377 529 4432; x_wconf 85' lang='lat' dir='ltr'>Stetit</span> <span class='ocrx_word' id='word_1_631' title='bbox 562 4381 764 4434; x_wconf 82' lang='lat' dir='ltr'>Jesus.</span> <span class='ocrx_word' id='word_1_632' title='bbox 805 4380 1147 4452; x_wconf 85' lang='lat' dir='ltr'>Oportebat,</span> <span class='ocrx_word' id='word_1_633' title='bbox 1182 4383 1238 4434; x_wconf 91' lang='lat' dir='ltr'>et</span> <span class='ocrx_word' id='word_1_634' title='bbox 1268 4381 1479 4436; x_wconf 84' lang='lat' dir='ltr'>iterum</span> <span class='ocrx_word' id='word_1_635' title='bbox 1512 4381 1722 4435; x_wconf 81' lang='lat' dir='ltr'>Jesum</span> <span class='ocrx_word' id='word_1_636' title='bbox 1836 4378 2182 4450; x_wconf 80' lang='lat' dir='ltr'>Evangelio,</span> <span class='ocrx_word' id='word_1_637' title='bbox 2218 4377 2309 4431; x_wconf 88' lang='lat' dir='ltr'>Ite</span> <span class='ocrx_word' id='word_1_638' title='bbox 2339 4375 2627 4430; x_wconf 78' lang='lat' dir='ltr'>nuntiate.</span> <span class='ocrx_word' id='word_1_639' title='bbox 2662 4372 2884 4426; x_wconf 87' lang='lat' dir='ltr'>Iterum</span> <span class='ocrx_word' id='word_1_640' title='bbox 2924 4371 3084 4426; x_wconf 89' lang='lat' dir='ltr'>venit</span> <span class='ocrx_word' id='word_1_641' title='bbox 3104 4370 3322 4423; x_wconf 84' lang='lat' dir='ltr'>Maria.</span> <span class='ocrx_word' id='word_1_642' title='bbox 3358 4368 3497 4423; x_wconf 90' lang='lat' dir='ltr'>Scio</span> 
     </span>
    </p>
   </div>
   <div class='ocr_carea' id='block_1_46' title="bbox 125 4451 3498 4540">
    <p class='ocr_par' dir='ltr' id='par_1_46' title="bbox 125 4451 3498 4540">
     <span class='ocr_line' id='line_1_46' title="bbox 125 4451 3498 4540; baseline -0.003 -17"><span class='ocrx_word' id='word_1_643' title='bbox 125 4471 244 4523; x_wconf 55' lang='lat'>[1119112</span> <span class='ocrx_word' id='word_1_644' title='bbox 268 4467 534 4534; x_wconf 71' lang='lat' dir='ltr'>quan-itis.</span> <span class='ocrx_word' id='word_1_645' title='bbox 560 4451 825 4524; x_wconf 17' lang='lat' dir='ltr'>In‘sexta</span> <span class='ocrx_word' id='word_1_646' title='bbox 848 4451 991 4523; x_wconf 64' lang='lat' dir='ltr'>feria</span> <span class='ocrx_word' id='word_1_647' title='bbox 1021 4472 1102 4538; x_wconf 88' lang='lat' dir='ltr'>ut,</span> <span class='ocrx_word' id='word_1_648' title='bbox 1133 4469 1344 4525; x_wconf 88' lang='lat' dir='ltr'>Nonne</span> <span class='ocrx_word' id='word_1_649' title='bbox 1373 4470 1482 4524; x_wconf 88' lang='lat' dir='ltr'>sic.</span> <span class='ocrx_word' id='word_1_650' title='bbox 1519 4470 1600 4523; x_wconf 86' lang='lat' dir='ltr'>Et</span> <span class='ocrx_word' id='word_1_651' title='bbox 1622 4470 1720 4523; x_wconf 93' lang='lat' dir='ltr'>in-</span> <span class='ocrx_word' id='word_1_652' title='bbox 1837 4469 1988 4540; x_wconf 86' lang='lat' dir='ltr'>quod</span> <span class='ocrx_word' id='word_1_653' title='bbox 2007 4468 2227 4524; x_wconf 84' lang='lat' dir='ltr'>Jesum.</span> <span class='ocrx_word' id='word_1_654' title='bbox 2255 4466 2317 4519; x_wconf 92' lang='lat' dir='ltr'>ln</span> <span class='ocrx_word' id='word_1_655' title='bbox 2348 4466 2548 4535; x_wconf 88' lang='lat' dir='ltr'>quinta</span> <span class='ocrx_word' id='word_1_656' title='bbox 2579 4461 2850 4516; x_wconf 89' lang='lat' dir='ltr'>similiter</span> <span class='ocrx_word' id='word_1_657' title='bbox 2881 4463 2942 4515; x_wconf 91' lang='lat' dir='ltr'>ut</span> <span class='ocrx_word' id='word_1_658' title='bbox 2999 4461 3060 4514; x_wconf 90' lang='lat' dir='ltr'>in</span> <span class='ocrx_word' id='word_1_659' title='bbox 3116 4457 3397 4513; x_wconf 88' lang='lat' dir='ltr'>secunda.</span> <span class='ocrx_word' id='word_1_660' title='bbox 3432 4459 3498 4513; x_wconf 92' lang='lat' dir='ltr'>In</span> 
     </span>
    </p>
   </div>
   <div class='ocr_carea' id='block_1_47' title="bbox 122 4550 3497 4629">
    <p class='ocr_par' dir='ltr' id='par_1_47' title="bbox 122 4550 3497 4629">
     <span class='ocr_line' id='line_1_47' title="bbox 122 4550 3497 4629; baseline -0.003 -18"><span class='ocrx_word' id='word_1_661' title='bbox 122 4558 313 4611; x_wconf 60' lang='lat' dir='ltr'>gressa.</span> <span class='ocrx_word' id='word_1_662' title='bbox 363 4554 713 4611; x_wconf 78' lang='lat' dir='ltr'>Cruciiixus.</span> <span class='ocrx_word' id='word_1_663' title='bbox 745 4558 826 4611; x_wconf 92' lang='lat' dir='ltr'>De</span> <span class='ocrx_word' id='word_1_664' title='bbox 877 4557 971 4611; x_wconf 90' lang='lat' dir='ltr'>his</span> <span class='ocrx_word' id='word_1_665' title='bbox 1003 4557 1194 4611; x_wconf 90' lang='lat' dir='ltr'>tribus</span> <span class='ocrx_word' id='word_1_666' title='bbox 1226 4559 1484 4628; x_wconf 79' lang='lat' dir='ltr'>singulis</span> <span class='ocrx_word' id='word_1_667' title='bbox 1533 4559 1721 4629; x_wconf 88' lang='lat' dir='ltr'>prima</span> <span class='ocrx_word' id='word_1_668' title='bbox 1837 4560 2004 4612; x_wconf 83' lang='lat' dir='ltr'>sexta</span> <span class='ocrx_word' id='word_1_669' title='bbox 2029 4560 2089 4611; x_wconf 91' lang='lat' dir='ltr'>ut</span> <span class='ocrx_word' id='word_1_670' title='bbox 2119 4557 2178 4609; x_wconf 91' lang='lat' dir='ltr'>in</span> <span class='ocrx_word' id='word_1_671' title='bbox 2211 4555 2397 4621; x_wconf 89' lang='lat' dir='ltr'>tertia,</span> <span class='ocrx_word' id='word_1_672' title='bbox 2430 4556 2674 4620; x_wconf 84' lang='lat' dir='ltr'>excepto</span> <span class='ocrx_word' id='word_1_673' title='bbox 2696 4550 2854 4620; x_wconf 90' lang='lat' dir='ltr'>quod</span> <span class='ocrx_word' id='word_1_674' title='bbox 2876 4550 2947 4604; x_wconf 90' lang='lat' dir='ltr'>ad</span> <span class='ocrx_word' id='word_1_675' title='bbox 2976 4564 3262 4618; x_wconf 90' lang='lat' dir='ltr'>vesperas</span> <span class='ocrx_word' id='word_1_676' title='bbox 3296 4551 3497 4601; x_wconf 81' lang='lat' dir='ltr'>canta-</span> 
     </span>
    </p>
   </div>
   <div class='ocr_carea' id='block_1_48' title="bbox 125 4635 3498 4717">
    <p class='ocr_par' dir='ltr' id='par_1_48' title="bbox 125 4635 3498 4717">
     <span class='ocr_line' id='line_1_48' title="bbox 125 4635 3498 4717; baseline -0.002 -21"><span class='ocrx_word' id='word_1_677' title='bbox 125 4645 483 4706; x_wconf 72' lang='lat' dir='ltr'>sempercstad</span> <span class='ocrx_word' id='word_1_678' title='bbox 507 4646 734 4714; x_wconf 87' lang='lat' dir='ltr'>primos</span> <span class='ocrx_word' id='word_1_679' title='bbox 752 4662 859 4700; x_wconf 86' lang='lat' dir='ltr'>sex</span> <span class='ocrx_word' id='word_1_680' title='bbox 873 4647 1140 4716; x_wconf 86' lang='lat' dir='ltr'>psalmos</span> <span class='ocrx_word' id='word_1_681' title='bbox 1153 4650 1595 4717; x_wconf 79' lang='lat' dir='ltr'>nocturnorum;</span> <span class='ocrx_word' id='word_1_682' title='bbox 1620 4663 1720 4701; x_wconf 87' lang='lat' dir='ltr'>se-</span> <span class='ocrx_word' id='word_1_683' title='bbox 1838 4653 1934 4703; x_wconf 88' lang='lat' dir='ltr'>tur</span> <span class='ocrx_word' id='word_1_684' title='bbox 1952 4645 2207 4712; x_wconf 88' lang='lat' dir='ltr'>alleluia,</span> <span class='ocrx_word' id='word_1_685' title='bbox 2226 4643 2484 4712; x_wconf 88' lang='lat' dir='ltr'>Vespere</span> <span class='ocrx_word' id='word_1_686' title='bbox 2513 4646 2725 4695; x_wconf 86' lang='lat' dir='ltr'>autem.</span> <span class='ocrx_word' id='word_1_687' title='bbox 2751 4639 2833 4694; x_wconf 92' lang='lat' dir='ltr'>De</span> <span class='ocrx_word' id='word_1_688' title='bbox 2855 4638 3178 4711; x_wconf 81' lang='lat' dir='ltr'>Evangelio</span> <span class='ocrx_word' id='word_1_689' title='bbox 3209 4641 3285 4704; x_wconf 90' lang='lat' dir='ltr'>et,</span> <span class='ocrx_word' id='word_1_690' title='bbox 3310 4635 3498 4690; x_wconf 86' lang='lat' dir='ltr'>Multa</span> 
     </span>
    </p>
   </div>
   <div class='ocr_carea' id='block_1_49' title="bbox 127 4718 3496 4808">
    <p class='ocr_par' dir='ltr' id='par_1_49' title="bbox 127 4718 3496 4808">
     <span class='ocr_line' id='line_1_49' title="bbox 127 4718 3496 4808; baseline 0.001 -36"><span class='ocrx_word' id='word_1_691' title='bbox 127 4724 265 4808; x_wconf 70' lang='lat' dir='ltr'>runda</span> <span class='ocrx_word' id='word_1_692' title='bbox 291 4730 352 4783; x_wconf 90' lang='lat' dir='ltr'>ad</span> <span class='ocrx_word' id='word_1_693' title='bbox 377 4732 519 4786; x_wconf 87' lang='lat' dir='ltr'>alios</span> <span class='ocrx_word' id='word_1_694' title='bbox 551 4750 662 4788; x_wconf 84' lang='lat' dir='ltr'>sex</span> <span class='ocrx_word' id='word_1_695' title='bbox 687 4753 698 4797; x_wconf 94' lang='lat'>;</span> <span class='ocrx_word' id='word_1_696' title='bbox 747 4735 939 4803; x_wconf 86' lang='lat' dir='ltr'>tertia,</span> <span class='ocrx_word' id='word_1_697' title='bbox 995 4751 1160 4805; x_wconf 90' lang='lat' dir='ltr'>vesp.</span> <span class='ocrx_word' id='word_1_698' title='bbox 1206 4735 1269 4789; x_wconf 92' lang='lat' dir='ltr'>In</span> <span class='ocrx_word' id='word_1_699' title='bbox 1316 4735 1574 4790; x_wconf 89' lang='lat' dir='ltr'>Sabbato</span> <span class='ocrx_word' id='word_1_700' title='bbox 1633 4739 1713 4806; x_wconf 89' lang='lat' dir='ltr'>ut,</span> <span class='ocrx_word' id='word_1_701' title='bbox 1748 4718 1802 4779; x_wconf 78' lang='grc' dir='ltr'>Ῐ)</span> <span class='ocrx_word' id='word_1_702' title='bbox 1847 4736 2100 4808; x_wconf 81' lang='lat' dir='ltr'>quidem,</span> <span class='ocrx_word' id='word_1_703' title='bbox 2127 4733 2240 4802; x_wconf 88' lang='lat' dir='ltr'>vel,</span> <span class='ocrx_word' id='word_1_704' title='bbox 2266 4732 2444 4786; x_wconf 84' lang='lat' dir='ltr'>Mitte</span> <span class='ocrx_word' id='word_1_705' title='bbox 2477 4746 2708 4783; x_wconf 88' lang='lat' dir='ltr'>manum</span> <span class='ocrx_word' id='word_1_706' title='bbox 2740 4734 2914 4783; x_wconf 86' lang='lat' dir='ltr'>tuam.</span> <span class='ocrx_word' id='word_1_707' title='bbox 2946 4727 3067 4799; x_wconf 89' lang='lat' dir='ltr'>Ego</span> <span class='ocrx_word' id='word_1_708' title='bbox 3096 4743 3222 4781; x_wconf 87' lang='lat' dir='ltr'>sum</span> <span class='ocrx_word' id='word_1_709' title='bbox 3253 4725 3496 4779; x_wconf 86' lang='lat' dir='ltr'>Pastor.</span> 
     </span>
    </p>
   </div>
   <div class='ocr_carea' id='block_1_50' title="bbox 126 4807 3500 4894">
    <p class='ocr_par' dir='ltr' id='par_1_50' title="bbox 126 4807 3500 4894">
     <span class='ocr_line' id='line_1_50' title="bbox 126 4807 3500 4894; baseline 0.001 -33"><span class='ocrx_word' id='word_1_710' title='bbox 126 4807 226 4864; x_wconf 64' lang='lat' dir='ltr'>Noli</span> <span class='ocrx_word' id='word_1_711' title='bbox 254 4816 402 4874; x_wconf 82' lang='lat' dir='ltr'>ﬂere.</span> <span class='ocrx_word' id='word_1_712' title='bbox 450 4821 616 4876; x_wconf 84' lang='lat' dir='ltr'>Venit</span> <span class='ocrx_word' id='word_1_713' title='bbox 663 4824 878 4877; x_wconf 81' lang='lat' dir='ltr'>Maria.</span> <span class='ocrx_word' id='word_1_714' title='bbox 953 4823 1209 4894; x_wconf 85' lang='lat' dir='ltr'>Vespere</span> <span class='ocrx_word' id='word_1_715' title='bbox 1253 4828 1466 4878; x_wconf 87' lang='lat' dir='ltr'>autem.</span> <span class='ocrx_word' id='word_1_716' title='bbox 1501 4824 1565 4878; x_wconf 92' lang='lat' dir='ltr'>In</span> <span class='ocrx_word' id='word_1_717' title='bbox 1596 4840 1710 4894; x_wconf 90' lang='lat' dir='ltr'>quo</span> <span class='ocrx_word' id='word_1_718' title='bbox 1838 4807 2130 4880; x_wconf 66' lang='lat' dir='ltr'>Modicum</span> <span class='ocrx_word' id='word_1_719' title='bbox 2163 4829 2220 4877; x_wconf 90' lang='lat' dir='ltr'>et</span> <span class='ocrx_word' id='word_1_720' title='bbox 2251 4837 2363 4876; x_wconf 88' lang='lat' dir='ltr'>non</span> <span class='ocrx_word' id='word_1_721' title='bbox 2401 4819 2688 4874; x_wconf 85' lang='lat' dir='ltr'>videbitis</span> <span class='ocrx_word' id='word_1_722' title='bbox 2715 4834 2828 4872; x_wconf 90' lang='lat' dir='ltr'>me.</span> <span class='ocrx_word' id='word_1_723' title='bbox 2854 4818 2918 4871; x_wconf 93' lang='lat' dir='ltr'>In</span> <span class='ocrx_word' id='word_1_724' title='bbox 2948 4816 3200 4872; x_wconf 89' lang='lat' dir='ltr'>Sabbato</span> <span class='ocrx_word' id='word_1_725' title='bbox 3224 4814 3500 4868; x_wconf 89' lang='lat' dir='ltr'>similiter</span> 
     </span>
    </p>
   </div>
   <div class='ocr_carea' id='block_1_51' title="bbox 129 4899 3483 4980">
    <p class='ocr_par' dir='ltr' id='par_1_51' title="bbox 129 4899 3483 4980">
     <span class='ocr_line' id='line_1_51' title="bbox 129 4899 3483 4980; baseline 0.002 -34"><span class='ocrx_word' id='word_1_726' title='bbox 129 4899 255 4955; x_wconf 80' lang='lat' dir='ltr'>etiam</span> <span class='ocrx_word' id='word_1_727' title='bbox 280 4907 343 4959; x_wconf 90' lang='lat' dir='ltr'>ad</span> <span class='ocrx_word' id='word_1_728' title='bbox 370 4909 508 4963; x_wconf 88' lang='lat' dir='ltr'>alias</span> <span class='ocrx_word' id='word_1_729' title='bbox 533 4910 712 4965; x_wconf 82' lang='lat' dir='ltr'>horas</span> <span class='ocrx_word' id='word_1_730' title='bbox 736 4927 849 4966; x_wconf 92' lang='lat' dir='ltr'>non</span> <span class='ocrx_word' id='word_1_731' title='bbox 887 4912 1001 4965; x_wconf 88' lang='lat' dir='ltr'>nisi</span> <span class='ocrx_word' id='word_1_732' title='bbox 1034 4911 1265 4966; x_wconf 86' lang='lat' dir='ltr'>alleluia</span> <span class='ocrx_word' id='word_1_733' title='bbox 1306 4916 1588 4966; x_wconf 86' lang='lat' dir='ltr'>cantatur.</span> <span class='ocrx_word' id='word_1_734' title='bbox 1624 4912 1710 4965; x_wconf 82' lang='lat' dir='ltr'>Ad</span> <span class='ocrx_word' id='word_1_735' title='bbox 1840 4919 1900 4968; x_wconf 91' lang='lat' dir='ltr'>ut</span> <span class='ocrx_word' id='word_1_736' title='bbox 1930 4916 1988 4967; x_wconf 89' lang='lat' dir='ltr'>in</span> <span class='ocrx_word' id='word_1_737' title='bbox 2035 4911 2174 4966; x_wconf 85' lang='lat' dir='ltr'>teria</span> <span class='ocrx_word' id='word_1_738' title='bbox 2211 4911 2435 4980; x_wconf 88' lang='lat' dir='ltr'>quarta,</span> <span class='ocrx_word' id='word_1_739' title='bbox 2469 4909 2716 4976; x_wconf 84' lang='lat' dir='ltr'>excepto</span> <span class='ocrx_word' id='word_1_740' title='bbox 2747 4906 2902 4977; x_wconf 88' lang='lat' dir='ltr'>quod</span> <span class='ocrx_word' id='word_1_741' title='bbox 2933 4905 3003 4958; x_wconf 91' lang='lat' dir='ltr'>ad</span> <span class='ocrx_word' id='word_1_742' title='bbox 3025 4917 3311 4972; x_wconf 89' lang='lat' dir='ltr'>vesperas</span> <span class='ocrx_word' id='word_1_743' title='bbox 3343 4901 3483 4954; x_wconf 87' lang='lat' dir='ltr'>alle-</span> 
     </span>
    </p>
   </div>
   <div class='ocr_carea' id='block_1_52' title="bbox 130 4991 3501 5070">
    <p class='ocr_par' dir='ltr' id='par_1_52' title="bbox 130 4991 3501 5070">
     <span class='ocr_line' id='line_1_52' title="bbox 130 4991 3501 5070; baseline 0.001 -31"><span class='ocrx_word' id='word_1_744' title='bbox 130 4993 227 5041; x_wconf 85' lang='lat' dir='ltr'>mat.</span> <span class='ocrx_word' id='word_1_745' title='bbox 255 4996 323 5062; x_wconf 86' lang='lat' dir='ltr'>ut,</span> <span class='ocrx_word' id='word_1_746' title='bbox 361 4997 618 5069; x_wconf 82' lang='lat' dir='ltr'>Angelus</span> <span class='ocrx_word' id='word_1_747' title='bbox 673 5007 883 5054; x_wconf 85' lang='lat' dir='ltr'>autem.</span> <span class='ocrx_word' id='word_1_748' title='bbox 918 5001 1006 5054; x_wconf 82' lang='lat' dir='ltr'>Ad</span> <span class='ocrx_word' id='word_1_749' title='bbox 1053 5002 1301 5070; x_wconf 89' lang='lat' dir='ltr'>primam</span> <span class='ocrx_word' id='word_1_750' title='bbox 1333 5005 1413 5068; x_wconf 87' lang='lat' dir='ltr'>ut,</span> <span class='ocrx_word' id='word_1_751' title='bbox 1461 5001 1534 5054; x_wconf 85' lang='lat' dir='ltr'>Et</span> <span class='ocrx_word' id='word_1_752' title='bbox 1573 5017 1707 5055; x_wconf 89' lang='lat' dir='ltr'>ecce</span> <span class='ocrx_word' id='word_1_753' title='bbox 1840 5002 1976 5058; x_wconf 90' lang='lat' dir='ltr'>luia.</span> <span class='ocrx_word' id='word_1_754' title='bbox 2027 4999 2429 5069; x_wconf 85' lang='lat' dir='ltr'>Quodcunque</span> <span class='ocrx_word' id='word_1_755' title='bbox 2481 5001 2674 5050; x_wconf 90' lang='lat' dir='ltr'>autem</span> <span class='ocrx_word' id='word_1_756' title='bbox 2735 4995 2794 5048; x_wconf 90' lang='lat' dir='ltr'>in</span> <span class='ocrx_word' id='word_1_757' title='bbox 2880 4993 3202 5063; x_wconf 87' lang='lat' dir='ltr'>septimana</span> <span class='ocrx_word' id='word_1_758' title='bbox 3280 4991 3501 5062; x_wconf 79' lang='lat' dir='ltr'>legitur</span> 
     </span>
    </p>
   </div>
   <div class='ocr_carea' id='block_1_53' title="bbox 129 5079 3501 5162">
    <p class='ocr_par' dir='ltr' id='par_1_53' title="bbox 129 5079 3501 5162">
     <span class='ocr_line' id='line_1_53' title="bbox 129 5079 3501 5162; baseline -0.002 -23"><span class='ocrx_word' id='word_1_759' title='bbox 129 5079 265 5162; x_wconf 64' lang='lat' dir='ltr'>’fme</span> <span class='ocrx_word' id='word_1_760' title='bbox 291 5090 482 5142; x_wconf 88' lang='lat' dir='ltr'>motus.</span> <span class='ocrx_word' id='word_1_761' title='bbox 518 5089 607 5143; x_wconf 82' lang='lat' dir='ltr'>Ad</span> <span class='ocrx_word' id='word_1_762' title='bbox 638 5090 866 5143; x_wconf 87' lang='lat' dir='ltr'>tertiam</span> <span class='ocrx_word' id='word_1_763' title='bbox 901 5088 1042 5144; x_wconf 77' lang='lat' dir='ltr'>Prae</span> <span class='ocrx_word' id='word_1_764' title='bbox 1073 5090 1304 5144; x_wconf 86' lang='lat' dir='ltr'>timore.</span> <span class='ocrx_word' id='word_1_765' title='bbox 1338 5091 1428 5144; x_wconf 83' lang='lat' dir='ltr'>Ad</span> <span class='ocrx_word' id='word_1_766' title='bbox 1457 5093 1706 5162; x_wconf 81' lang='lat' dir='ltr'>sextam,</span> <span class='ocrx_word' id='word_1_767' title='bbox 1839 5088 2248 5161; x_wconf 80' lang='lat' dir='ltr'>Evangelium,</span> <span class='ocrx_word' id='word_1_768' title='bbox 2283 5087 2355 5141; x_wconf 89' lang='lat' dir='ltr'>de</span> <span class='ocrx_word' id='word_1_769' title='bbox 2390 5103 2455 5141; x_wconf 82' lang='lat' dir='ltr'>eo</span> <span class='ocrx_word' id='word_1_770' title='bbox 2487 5085 2561 5139; x_wconf 88' lang='lat' dir='ltr'>ad</span> <span class='ocrx_word' id='word_1_771' title='bbox 2606 5083 2836 5140; x_wconf 90' lang='lat' dir='ltr'>tertiam</span> <span class='ocrx_word' id='word_1_772' title='bbox 2867 5081 3023 5136; x_wconf 90' lang='lat' dir='ltr'>omni</span> <span class='ocrx_word' id='word_1_773' title='bbox 3081 5080 3174 5134; x_wconf 89' lang='lat' dir='ltr'>die</span> <span class='ocrx_word' id='word_1_774' title='bbox 3233 5082 3501 5133; x_wconf 88' lang='lat' dir='ltr'>cantatur</span> 
     </span>
    </p>
   </div>
   <div class='ocr_carea' id='block_1_54' title="bbox 129 5158 2090 5248">
    <p class='ocr_par' dir='ltr' id='par_1_54' title="bbox 129 5158 2090 5248">
     <span class='ocr_line' id='line_1_54' title="bbox 129 5158 2090 5248; baseline 0.007 -29"><span class='ocrx_word' id='word_1_775' title='bbox 129 5158 437 5228; x_wconf 78' lang='lat' dir='ltr'>Eratautem.</span> <span class='ocrx_word' id='word_1_776' title='bbox 461 5177 548 5230; x_wconf 80' lang='lat' dir='ltr'>Ad</span> <span class='ocrx_word' id='word_1_777' title='bbox 570 5193 800 5246; x_wconf 89' lang='lat' dir='ltr'>nonam,</span> <span class='ocrx_word' id='word_1_778' title='bbox 817 5177 890 5232; x_wconf 89' lang='lat' dir='ltr'>Et</span> <span class='ocrx_word' id='word_1_779' title='bbox 910 5179 1327 5248; x_wconf 84' lang='lat' dir='ltr'>respicientes.</span> <span class='ocrx_word' id='word_1_780' title='bbox 1359 5179 1450 5233; x_wconf 85' lang='lat' dir='ltr'>Ad</span> <span class='ocrx_word' id='word_1_781' title='bbox 1470 5158 1714 5234; x_wconf 85' lang='lat' dir='ltr'>missam</span> <span class='ocrx_word' id='word_1_782' title='bbox 1839 5158 2090 5235; x_wconf 78' lang='lat' dir='ltr'>alleluia.</span> 
     </span>
    </p>
   </div>
   <div class='ocr_carea' id='block_1_55' title="bbox 131 5258 2911 5338">
    <p class='ocr_par' dir='ltr' id='par_1_55' title="bbox 131 5258 2911 5338">
     <span class='ocr_line' id='line_1_55' title="bbox 131 5258 2911 5338; baseline 0.007 -35"><span class='ocrx_word' id='word_1_783' title='bbox 131 5258 455 5317; x_wconf 82' lang='lat' dir='ltr'>matutinalem</span> <span class='ocrx_word' id='word_1_784' title='bbox 483 5281 589 5334; x_wconf 84' lang='lat' dir='ltr'>per</span> <span class='ocrx_word' id='word_1_785' title='bbox 614 5269 791 5322; x_wconf 88' lang='lat' dir='ltr'>totam</span> <span class='ocrx_word' id='word_1_786' title='bbox 840 5268 1226 5338; x_wconf 89' lang='lat' dir='ltr'>septimanam</span> <span class='ocrx_word' id='word_1_787' title='bbox 1265 5271 1532 5323; x_wconf 89' lang='lat' dir='ltr'>cantatur</span> <span class='ocrx_word' id='word_1_788' title='bbox 1581 5267 1708 5322; x_wconf 83' lang='lat' dir='ltr'>offi-</span> <span class='ocrx_word' id='word_1_789' title='bbox 2425 5260 2674 5317; x_wconf 80' lang='lat' dir='ltr'>CAPUT</span> <span class='ocrx_word' id='word_1_790' title='bbox 2707 5258 2911 5313; x_wconf 75' lang='lat' dir='ltr'>XVIII-</span> 
     </span>
    </p>
   </div>
   <div class='ocr_carea' id='block_1_56' title="bbox 131 5338 3502 5427">
    <p class='ocr_par' dir='ltr' id='par_1_56' title="bbox 131 5338 3502 5427">
     <span class='ocr_line' id='line_1_56' title="bbox 131 5338 3502 5427; baseline -0.001 -25"><span class='ocrx_word' id='word_1_791' title='bbox 131 5338 259 5415; x_wconf 55' lang='lat' dir='ltr'>‘fium,</span> <span class='ocrx_word' id='word_1_792' title='bbox 277 5347 606 5410; x_wconf 78' lang='lat' dir='ltr'>Resurrexi.</span> <span class='ocrx_word' id='word_1_793' title='bbox 626 5357 767 5422; x_wconf 65' lang='lat' dir='ltr'>Qum</span> <span class='ocrx_word' id='word_1_794' title='bbox 807 5357 859 5412; x_wconf 87' lang='lat' dir='ltr'>si</span> <span class='ocrx_word' id='word_1_795' title='bbox 882 5372 986 5427; x_wconf 87' lang='lat' dir='ltr'>per</span> <span class='ocrx_word' id='word_1_796' title='bbox 999 5359 1124 5412; x_wconf 89' lang='lat' dir='ltr'>tres</span> <span class='ocrx_word' id='word_1_797' title='bbox 1153 5357 1284 5411; x_wconf 90' lang='lat' dir='ltr'>dies</span> <span class='ocrx_word' id='word_1_798' title='bbox 1301 5373 1418 5412; x_wconf 91' lang='lat' dir='ltr'>non</span> <span class='ocrx_word' id='word_1_799' title='bbox 1435 5357 1551 5412; x_wconf 89' lang='lat' dir='ltr'>nisi</span> <span class='ocrx_word' id='word_1_800' title='bbox 1573 5372 1706 5412; x_wconf 90' lang='lat' dir='ltr'>cum</span> <span class='ocrx_word' id='word_1_801' title='bbox 1839 5358 1926 5413; x_wconf 88' lang='lat' dir='ltr'>De</span> <span class='ocrx_word' id='word_1_802' title='bbox 1965 5353 2220 5410; x_wconf 87' lang='lat' dir='ltr'>secunda</span> <span class='ocrx_word' id='word_1_803' title='bbox 2245 5351 2398 5407; x_wconf 82' lang='lat' dir='ltr'>feria</span> <span class='ocrx_word' id='word_1_804' title='bbox 2409 5356 2544 5422; x_wconf 89' lang='lat' dir='ltr'>post</span> <span class='ocrx_word' id='word_1_805' title='bbox 2565 5353 2808 5404; x_wconf 86' lang='lat' dir='ltr'>octavas</span> <span class='ocrx_word' id='word_1_806' title='bbox 2825 5345 3098 5411; x_wconf 73' lang='lat' dir='ltr'>Paschae;</span> <span class='ocrx_word' id='word_1_807' title='bbox 3123 5350 3180 5400; x_wconf 85' lang='lat' dir='ltr'>et</span> <span class='ocrx_word' id='word_1_808' title='bbox 3193 5345 3342 5417; x_wconf 88' lang='lat' dir='ltr'>quod</span> <span class='ocrx_word' id='word_1_809' title='bbox 3365 5350 3502 5398; x_wconf 88' lang='lat' dir='ltr'>tunc</span> 
     </span>
    </p>
   </div>
   <div class='ocr_carea' id='block_1_57' title="bbox 132 5434 3247 5516">
    <p class='ocr_par' dir='ltr' id='par_1_57' title="bbox 132 5434 3247 5516">
     <span class='ocr_line' id='line_1_57' title="bbox 132 5434 3247 5516; baseline -0 -29"><span class='ocrx_word' id='word_1_810' title='bbox 132 5440 212 5483; x_wconf 75' lang='lat' dir='ltr'>una</span> <span class='ocrx_word' id='word_1_811' title='bbox 230 5437 450 5496; x_wconf 87' lang='lat' dir='ltr'>collecta</span> <span class='ocrx_word' id='word_1_812' title='bbox 478 5446 822 5515; x_wconf 88' lang='lat' dir='ltr'>celebratur,</span> <span class='ocrx_word' id='word_1_813' title='bbox 855 5462 963 5516; x_wconf 88' lang='lat' dir='ltr'>per</span> <span class='ocrx_word' id='word_1_814' title='bbox 991 5446 1141 5502; x_wconf 87' lang='lat' dir='ltr'>alios</span> <span class='ocrx_word' id='word_1_815' title='bbox 1157 5449 1277 5502; x_wconf 83' lang='lat' dir='ltr'>tres</span> <span class='ocrx_word' id='word_1_816' title='bbox 1298 5446 1573 5502; x_wconf 90' lang='lat' dir='ltr'>dicuntur</span> <span class='ocrx_word' id='word_1_817' title='bbox 1592 5462 1711 5501; x_wconf 88' lang='lat' dir='ltr'>om-</span> <span class='ocrx_word' id='word_1_818' title='bbox 2073 5439 2365 5497; x_wconf 69' lang='lat' dir='ltr'>nonnullae</span> <span class='ocrx_word' id='word_1_819' title='bbox 2383 5436 2845 5494; x_wconf 87' lang='lat' dir='ltr'>consuetudines</span> <span class='ocrx_word' id='word_1_820' title='bbox 2875 5434 3247 5489; x_wconf 81' lang='lat' dir='ltr'>inchoantur.</span> 
     </span>
    </p>
   </div>
   <div class='ocr_carea' id='block_1_58' title="bbox 133 5522 3503 5606">
    <p class='ocr_par' dir='ltr' id='par_1_58' title="bbox 133 5522 3503 5606">
     <span class='ocr_line' id='line_1_58' title="bbox 133 5522 3503 5606; baseline 0.002 -41"><span class='ocrx_word' id='word_1_821' title='bbox 133 5529 208 5570; x_wconf 86' lang='lat' dir='ltr'>nes</span> <span class='ocrx_word' id='word_1_822' title='bbox 229 5526 477 5600; x_wconf 67' lang='lat' dir='ltr'>collecta),</span> <span class='ocrx_word' id='word_1_823' title='bbox 509 5549 640 5604; x_wconf 66' lang='lat' dir='ltr'>quae</span> <span class='ocrx_word' id='word_1_824' title='bbox 668 5535 728 5588; x_wconf 87' lang='lat' dir='ltr'>in</span> <span class='ocrx_word' id='word_1_825' title='bbox 759 5536 1024 5606; x_wconf 85' lang='lat' dir='ltr'>qualibet</span> <span class='ocrx_word' id='word_1_826' title='bbox 1053 5535 1355 5590; x_wconf 88' lang='lat' dir='ltr'>Dominica</span> <span class='ocrx_word' id='word_1_827' title='bbox 1377 5535 1448 5590; x_wconf 88' lang='lat' dir='ltr'>ad</span> <span class='ocrx_word' id='word_1_828' title='bbox 1487 5535 1714 5590; x_wconf 86' lang='lat' dir='ltr'>matuti-</span> <span class='ocrx_word' id='word_1_829' title='bbox 1907 5535 2055 5588; x_wconf 87' lang='lat' dir='ltr'>Post</span> <span class='ocrx_word' id='word_1_830' title='bbox 2101 5533 2339 5586; x_wconf 87' lang='lat' dir='ltr'>octavas</span> <span class='ocrx_word' id='word_1_831' title='bbox 2386 5532 2577 5582; x_wconf 90' lang='lat' dir='ltr'>autem</span> <span class='ocrx_word' id='word_1_832' title='bbox 2619 5525 2870 5579; x_wconf 85' lang='lat' dir='ltr'>Paschae</span> <span class='ocrx_word' id='word_1_833' title='bbox 2902 5523 3046 5576; x_wconf 89' lang='lat' dir='ltr'>feria</span> <span class='ocrx_word' id='word_1_834' title='bbox 3078 5522 3339 5576; x_wconf 89' lang='lat' dir='ltr'>secunda</span> <span class='ocrx_word' id='word_1_835' title='bbox 3370 5535 3503 5573; x_wconf 91' lang='lat' dir='ltr'>cum</span> 
     </span>
    </p>
   </div>
   <div class='ocr_carea' id='block_1_59' title="bbox 132 5607 3499 5694">
    <p class='ocr_par' dir='ltr' id='par_1_59' title="bbox 132 5607 3499 5694">
     <span class='ocr_line' id='line_1_59' title="bbox 132 5607 3499 5694; baseline 0 -34"><span class='ocrx_word' id='word_1_836' title='bbox 132 5607 275 5664; x_wconf 86' lang='lat' dir='ltr'>nalem</span> <span class='ocrx_word' id='word_1_837' title='bbox 299 5617 524 5674; x_wconf 85' lang='lat' dir='ltr'>missam</span> <span class='ocrx_word' id='word_1_838' title='bbox 553 5628 687 5678; x_wconf 86' lang='lat' dir='ltr'>sunt</span> <span class='ocrx_word' id='word_1_839' title='bbox 707 5623 994 5678; x_wconf 88' lang='lat' dir='ltr'>dicendae.</span> <span class='ocrx_word' id='word_1_840' title='bbox 1028 5623 1172 5678; x_wconf 89' lang='lat' dir='ltr'>Item</span> <span class='ocrx_word' id='word_1_841' title='bbox 1194 5624 1382 5694; x_wconf 88' lang='lat' dir='ltr'>major</span> <span class='ocrx_word' id='word_1_842' title='bbox 1407 5625 1591 5678; x_wconf 88' lang='lat' dir='ltr'>missa</span> <span class='ocrx_word' id='word_1_843' title='bbox 1608 5639 1716 5694; x_wconf 91' lang='lat' dir='ltr'>per</span> <span class='ocrx_word' id='word_1_844' title='bbox 1843 5624 1921 5677; x_wconf 88' lang='lat' dir='ltr'>sit</span> <span class='ocrx_word' id='word_1_845' title='bbox 1962 5621 2134 5694; x_wconf 90' lang='lat' dir='ltr'>quasi</span> <span class='ocrx_word' id='word_1_846' title='bbox 2182 5633 2399 5674; x_wconf 92' lang='lat' dir='ltr'>novum</span> <span class='ocrx_word' id='word_1_847' title='bbox 2439 5615 2662 5672; x_wconf 90' lang='lat' dir='ltr'>initium</span> <span class='ocrx_word' id='word_1_848' title='bbox 2709 5614 3070 5684; x_wconf 89' lang='lat' dir='ltr'>privatorum</span> <span class='ocrx_word' id='word_1_849' title='bbox 3115 5610 3362 5678; x_wconf 89' lang='lat' dir='ltr'>dierum,</span> <span class='ocrx_word' id='word_1_850' title='bbox 3407 5608 3499 5661; x_wconf 89' lang='lat' dir='ltr'>in-</span> 
     </span>
    </p>
   </div>
   <div class='ocr_carea' id='block_1_60' title="bbox 133 5694 3502 5784">
    <p class='ocr_par' dir='ltr' id='par_1_60' title="bbox 133 5694 3502 5784">
     <span class='ocr_line' id='line_1_60' title="bbox 133 5694 3502 5784; baseline -0 -30"><span class='ocrx_word' id='word_1_851' title='bbox 133 5694 220 5748; x_wconf 72' lang='lat' dir='ltr'>lres</span> <span class='ocrx_word' id='word_1_852' title='bbox 245 5703 414 5771; x_wconf 77' lang='lat' dir='ltr'>agitur</span> <span class='ocrx_word' id='word_1_853' title='bbox 441 5712 787 5777; x_wconf 78' lang='lat' dir='ltr'>generaliter</span> <span class='ocrx_word' id='word_1_854' title='bbox 817 5713 888 5784; x_wconf 73' lang='lat' dir='ltr'>in</span> <span class='ocrx_word' id='word_1_855' title='bbox 932 5712 1160 5783; x_wconf 87' lang='lat' dir='ltr'>cappis,</span> <span class='ocrx_word' id='word_1_856' title='bbox 1207 5713 1264 5766; x_wconf 89' lang='lat' dir='ltr'>et</span> <span class='ocrx_word' id='word_1_857' title='bbox 1293 5715 1429 5783; x_wconf 85' lang='lat' dir='ltr'>post</span> <span class='ocrx_word' id='word_1_858' title='bbox 1483 5711 1714 5767; x_wconf 86' lang='lat' dir='ltr'>alleluia</span> <span class='ocrx_word' id='word_1_859' title='bbox 1842 5713 2130 5768; x_wconf 83' lang='lat' dir='ltr'>choantur</span> <span class='ocrx_word' id='word_1_860' title='bbox 2159 5705 2454 5764; x_wconf 62' lang='lat' dir='ltr'>nonnullae</span> <span class='ocrx_word' id='word_1_861' title='bbox 2499 5704 2980 5766; x_wconf 85' lang='lat' dir='ltr'>consuetudines,</span> <span class='ocrx_word' id='word_1_862' title='bbox 3027 5715 3160 5771; x_wconf 83' lang='lat' dir='ltr'>quae</span> <span class='ocrx_word' id='word_1_863' title='bbox 3183 5715 3301 5753; x_wconf 91' lang='lat' dir='ltr'>non</span> <span class='ocrx_word' id='word_1_864' title='bbox 3329 5697 3502 5766; x_wconf 82' lang='lat' dir='ltr'>prius</span> 
     </span>
    </p>
   </div>
  </div>
