4028 6176
467 344 586 408 667

1421 347 1823 409 UDALRICI
1874 347 2476 412 CLUNIACENSIS
2524 349 2940 413 MONACHI.
3731 362 3824 428 668

469 549 528 604 in
557 549 802 619 privatis
835 548 1044 603 diebus
1076 549 1309 603 fiebant.
1350 550 1542 603 Primo
1573 563 1844 620 namque,
1879 547 2035 619 quod
2067 549 2126 602 in
2155 532 2206 592 Ᾰ
2311 547 2602 620 Inlerrog.
2638 550 2780 604 Haec
2810 565 3044 622 quoque
3075 551 3304 606 licentia
3328 557 3380 608 et
3409 553 3543 607 hora
3575 555 3822 629 loquendi,

469 639 582 694 alio
613 640 742 693 loco
790 638 912 710 jam
947 655 1063 693 non
1093 639 1269 707 tacui,
1306 643 1437 693 ante
1481 641 1804 692 nocturnos
1835 653 1949 690 non
2009 639 2124 692 nisi

468 727 801 798 quindecim
836 728 1060 781 cantica
1091 727 1383 799 graduum
1414 728 1704 793 dicuntur,
1737 742 1888 797 quos
1916 731 1972 780 et
2004 743 2118 779 ma-

465 815 666 869 tutinae
697 815 901 869 laudes
933 820 1277 886 sequuntur,
1313 814 1471 869 nullo
1503 831 1752 884 prorsus
1783 813 2010 884 psalmo
2038 815 2119 868 in-

467 904 772 973 terposito;
805 905 908 958 sed
967 908 1100 973 post
1129 904 1441 957 matutinas
1483 903 1687 958 laudes
1737 907 1792 956 et
1839 903 1986 957 alias
2019 903 2120 958 ho-

467 1007 589 1058 ras,
625 992 695 1046 de
721 993 1021 1046 consuetis
1054 993 1299 1062 psalmis
1333 997 1632 1046 remanent
1654 992 1789 1058 duo,
1811 994 2038 1062 primus
2068 997 2122 1046 et

468 1080 788 1148 secundus,
822 1084 875 1134 et
915 1081 1066 1134 inter
1113 1097 1322 1150 preces
1354 1080 1621 1150 psalmus
1651 1081 1987 1151 Miserere;
2021 1083 2118 1152 qui

465 1170 657 1222 tamen
688 1171 823 1237 post
861 1170 1104 1238 primam
1160 1185 1276 1224 non
1317 1170 1596 1224 omittitur
1653 1187 1758 1240 pro
1809 1171 2120 1226 abbatibus

465 1257 686 1310 nostris
709 1257 1149 1327 defunctis,nec
1176 1259 1518 1314 matutinum
1549 1259 1979 1330 defunctorum,
2013 1277 2122 1316 nec

465 1344 626 1398 Deus
655 1345 919 1414 auribus,
937 1363 1043 1401 nec
1074 1351 1206 1417 post
1229 1349 1472 1416 primam
1505 1350 1956 1420 septempsalmi
1989 1367 2119 1405 cum

465 1432 593 1486 suis
615 1433 1001 1503 appendiciis;
1021 1440 1155 1504 post
1175 1436 1437 1505 psalmos
1455 1453 1560 1508 pro
1586 1438 1894 1492 tricenario
1911 1455 2120 1494 recens

465 1519 723 1574 defuncti
765 1522 1076 1576 dormitum
1133 1525 1380 1578 adlecta
1427 1528 1820 1595 revertuntur,
1856 1529 1973 1582 nisi
2003 1532 2118 1582 tam

465 1609 620 1664 clara
653 1610 868 1665 sitdies
893 1611 1294 1681 utjamlittera
1326 1613 1597 1686 dignosci
1629 1616 1822 1686 possit
1851 1617 1910 1671 in
1942 1617 2116 1672 libro.

462 1697 626 1764 Quod
684 1701 738 1754 si
767 1717 978 1754 aurora
1023 1701 1275 1770 primum
1307 1702 1508 1774 incipit
1539 1721 1823 1775 apparere
1857 1707 2120 1761 calceant

463 1803 549 1858 se,
583 1791 639 1842 et
668 1789 811 1842 nihil
830 1792 1116 1844 exuentes
1130 1789 1380 1860 pedibus
1398 1795 1564 1846 extra
1585 1794 1797 1848 lectum
1824 1797 2120 1864 protensis

2239 653 2413 708 quam
2432 638 2657 708 prolixa
2684 640 2835 694 solet
2866 655 3005 694 esse
3026 641 3054 694 ἱ)

2311 727 2494 798 ReSp.
2528 727 2610 781 Eo
2634 733 2895 799 tempore
2925 745 3042 800 quo
3081 730 3331 800 primum
3362 731 3428 785 ad
3457 737 3823 791 monasterium

2242 817 2397 886 veni,
2423 817 2706 872 sacerdos
2729 819 2825 888 qui
2846 819 3128 888 privatam
3161 820 3401 874 missam
3421 823 3638 877 cantare
3659 825 3822 895 voluit,

2240 904 2425 975 potuit
2465 921 2592 962 eam
2616 905 2847 963 interim
2894 907 3090 973 finire;
3122 909 3276 980 quod
3315 911 3499 964 tamen
3524 911 3680 966 modo
3728 929 3833 970 raro

2242 995 2546 1066 contingit,
2607 996 2743 1066 quia
2799 996 3103 1050 multitudo
3158 995 3399 1052 fratrum
3457 1001 3760 1067 acervavit;
3807 1021 3830 1056 a

2241 1083 2455 1156 quibus
2487 1083 2623 1138 dum
2641 1083 2712 1138 ad
2736 1087 3041 1156 utramque
3072 1085 3316 1140 missam
3337 1086 3586 1158 offertur,
3605 1088 3726 1143 dum
3739 1106 3830 1159 pax

2240 1173 2411 1226 datur
2440 1176 2498 1226 et
2525 1173 2993 1242 accipitur,'dum
3032 1175 3089 1227 in
3121 1174 3372 1245 capitulo
3402 1176 3471 1230 de
3501 1192 3607 1230 uno
3648 1181 3733 1232 aut
3757 1181 3825 1232 al-

2237 1265 2362 1315 tero
2386 1261 2498 1316 hoc
2529 1265 2586 1316 et
2613 1261 2754 1316 illud
2785 1262 3158 1332 reclamatur,
3187 1264 3326 1318 dum
3346 1264 3514 1318 tantis
3541 1266 3595 1318 in
3623 1266 3832 1322 refecto-

2241 1351 2327 1404 rio
2351 1351 2624 1418 servitur,
2643 1365 2758 1404 non
2791 1351 3026 1406 minima
3042 1367 3180 1422 pars
3211 1352 3560 1421 expenditur
3579 1353 3698 1419 diei;
3726 1371 3831 1425 quae

2236 1441 2430 1494 tamen
2459 1440 2693 1511 singula
2725 1439 2929 1495 ordine
2961 1443 3166 1496 nostro
3183 1441 3349 1496 salvo
3369 1445 3420 1494 et
3446 1443 3658 1513 integro
3685 1458 3833 1497 rema-

2237 1543 2376 1582 nere
2427 1543 2544 1583 non
2600 1533 2872 1598 possunt.
2933 1530 3181 1600 Propter
3237 1530 3392 1601 quod
3425 1531 3561 1584 hora
3609 1531 3837 1600 loquendi

2235 1618 2582 1672 necessario
2607 1617 2797 1690 magis
2829 1620 2922 1672 est
2949 1619 3178 1688 brevis;
3195 1621 3251 1673 et
3271 1619 3325 1672 si
3349 1619 3535 1673 minus
3561 1618 3838 1690 aliquantu-

2235 1706 2350 1759 lum
2385 1706 2699 1776 loquimur,
2743 1707 2801 1759 in
2833 1706 2945 1761 hoc
2976 1707 3205 1761 ordinis
3246 1707 3480 1778 quidem
3510 1723 3667 1762 nemo
3693 1709 3835 1762 sentit

2234 1794 2457 1848 nullum
2471 1795 3303 1850 essedetrimentum.Pulsato
3317 1796 3490 1868 signo
3503 1797 3567 1850 ad
3579 1797 3838 1853 tertiam.et

466 1877 771 1948 itajacent,
799 1894 988 1950 usque
1003 1879 1140 1933 dum
1159 1881 1416 1934 sonitum
1434 1881 1688 1954 audiant,
1706 1885 1860 1954 quod
1881 1887 2119 1958 signum
2155 1903 2207 1966 Β
2233 1884 2494 1938 oratione
2513 1884 2685 1951 facta,
2719 1884 2924 1938 sedent
2947 1883 3002 1936 in
3037 1883 3218 1938 choro
3248 1884 3515 1956 legentes
3532 1900 3703 1956 usque
3723 1885 3834 1938 dum

463 1969 554 2020 est
581 1967 889 2038 surgendi,
923 1967 1020 2038 qui
1055 1971 1110 2021 et
1140 1967 1243 2022 tali
1270 1985 1508 2040 semper
1537 1971 1681 2027 hora
1737 1973 1867 2027 fieri
1924 1975 2116 2044 debet,

461 2058 522 2110 ut
551 2059 862 2126 postquam
922 2071 1132 2110 manus
1156 2072 1299 2111 suas
1341 2057 1524 2112 frater
1549 2063 1605 2114 et
1648 2061 1857 2116 faciem
1890 2064 2116 2133 laverit,

461 2148 634 2215 caput
661 2145 907 2213 pexerit,
942 2148 998 2199 et
1027 2145 1084 2198 in
1106 2145 1362 2201 ecclesia
1395 2150 1514 2202 tres
1547 2151 1845 2205 orationes
1887 2151 2115 2221 fecerit,

461 2237 515 2287 et
529 2234 587 2287 in
601 2233 860 2286 claustro
874 2231 1093 2287 sedens
1110 2235 1334 2288 tantum
1350 2235 1550 2292 videre
1562 2235 1820 2308 incipiat,
1839 2242 1899 2292 ut
1916 2240 2115 2311 legere

455 2323 669 2394 possit.

526 2413 824 2485 Interrog.
887 2413 957 2468 Et
1012 2415 1143 2468 ista:
1190 2417 1313 2470 tres
1368 2431 1518 2487 quas
1583 2416 1736 2471 dicis
1794 2421 2116 2490 orationes,

459 2502 614 2556 scire
644 2502 817 2557 velim
833 2503 1169 2573 cujusmodi
1195 2519 1332 2559 esse
1351 2503 1620 2576 debeant,
1649 2508 1715 2560 et
1745 2507 1918 2578 cujus
1939 2525 2120 2579 quan-

471 2590 655 2644 itatis.

532 2679 709 2750 Resp.
733 2678 904 2736 Certe
933 2682 1090 2752 quod
1119 2697 1231 2753 ego
1255 2683 1460 2752 sciam,
1494 2683 1693 2738 nullus
1722 2685 1932 2739 modus
1984 2701 2118 2740 cer-

2233 1972 2518 2027 sacerdos
2545 1976 2600 2026 et
2627 1972 2725 2026 alii
2757 1973 2829 2026 ad
2860 1972 3105 2027 missam
3152 1973 3431 2028 servituri
3481 1976 3610 2028 sunt
3659 1973 3838 2028 vestiti.

2230 2062 2372 2116 Post
2395 2061 2640 2115 missam
2661 2061 2870 2116 sedent
2892 2063 2949 2115 in
2981 2061 3243 2116 claustro
3258 2062 3466 2116 iterum
3481 2062 3724 2133 legentes
3735 2077 3839 2115 cum

2233 2165 2443 2218 magna
2474 2150 2787 2221 disciplina
2813 2155 2870 2204 et
2899 2151 3156 2217 silentio,
3193 2166 3386 2222 usque
3415 2151 3548 2204 dum
3575 2150 3743 2220 pueri,
3769 2164 3842 2202 ac-

2233 2242 2400 2308 cepto
2431 2238 2628 2305 misto,
2648 2239 2720 2293 de
2736 2238 3051 2294 refectorio
3074 2243 3302 2306 exeant,
3321 2243 3380 2294 et
3400 2240 3509 2293 alta
3526 2254 3663 2293 voce
3676 2239 3841 2309 legere

2232 2327 2590 2382 adoriantur.
2614 2326 2774 2392 Quos
2807 2343 2936 2382 cum
2961 2329 3210 2398 primum
3230 2333 3438 2396 custos
3458 2328 3739 2384 eccclesiaa
3764 2343 3843 2379 au-

2231 2417 2421 2487 dierit,
2447 2417 2642 2471 statim
2658 2417 2732 2471 ad
2763 2420 2999 2472 sextam
3034 2417 3269 2489 signum
3290 2419 3529 2488 pulsare
3549 2433 3656 2472 non
3670 2415 3840 2470 tardat.

2232 2505 2299 2559 Et
2332 2522 2404 2560 ne
2436 2510 2608 2575 putes
2640 2522 2750 2560 nos
2773 2506 2922 2560 ultra
2961 2506 3195 2560 modum
3228 2506 3455 2577 vigiliis
3484 2506 3728 2578 gravari,
3757 2518 3840 2574 pro

2229 2609 2298 2648 eo
2329 2595 2484 2666 quod
2519 2595 2777 2665 noxjam
2811 2595 3013 2664 incipit
3042 2598 3156 2648 tam
3185 2595 3391 2649 brevis
3423 2609 3576 2661 esse,
3601 2597 3651 2648 et
3677 2598 3832 2646 tamen

2226 2688 2362 2753 post
2396 2684 2711 2738 matutinos
2731 2683 2902 2738 solita
2926 2698 3043 2737 non
3061 2684 3392 2736 minoretur
3412 2682 3735 2752 psalmodia;
3753 2697 3841 2734 ma-

463 2770 559 2822 tus
585 2772 676 2822 est
706 2768 793 2824 eis
824 2769 1131 2839 praefixus,
1165 2771 1299 2841 quia
1321 2787 1438 2826 non
1467 2774 1856 2828 communiter
1883 2774 2047 2843 fiunt,
2063 2779 2119 2829 et
2221 2771 2344 2842 jori
2372 2772 2602 2826 custodi
2634 2771 2908 2826 ecclesiae
2937 2777 3031 2827 est
3061 2770 3395 2841 injunctum
3417 2771 3582 2843 quasi
3608 2786 3703 2839 pro
3721 2768 3842 2840 legi-

461 2857 873 2929 unusquisque
928 2875 1061 2912 cum
1107 2861 1356 2928 primum
1405 2861 1632 2916 venerit
1688 2861 1747 2916 in
1802 2863 2116 2918 ecclesiam

457 2945 595 3000 facit
619 2962 720 3001 eas
753 2947 1133 3020 singulariter
1151 2952 1206 3004 et
1237 2951 1574 3019 separatim;
1606 2966 1760 3005 unus
1789 2954 1984 3006 tamen
2016 2969 2114 3007 se-

457 3036 689 3091 niorum
720 3037 1004 3091 novitium
1029 3053 1120 3092 me
1150 3038 1348 3094 docuit
1378 3042 1439 3094 ut
1469 3042 1696 3109 septem
1727 3041 1989 3110 psalmos
2019 3043 2113 3096 di-

457 3139 651 3180 cerem
681 3125 834 3180 inter
863 3127 1027 3196 ipsas
1075 3131 1197 3182 tres
1247 3129 1566 3189 orationes)
1609 3145 1816 3184 verum
1859 3131 2111 3203 quisque

2223 2861 2364 2914 timo
2397 2863 2778 2931 sempiterno,
2813 2865 2875 2915 ut
2907 2862 3039 2932 ipso
3067 2861 3416 2930 providente
3439 2875 3543 2931 per
3570 2863 3844 2914 totamaes-

2224 2951 2397 3003 tatem
2421 2954 2730 3020 postquam
2753 2949 3060 3020 prandium
3082 2949 3256 3002 fuerit
3273 2952 3731 3017 peractum,tunc
3747 2946 3838 3016 pri-

2224 3053 2382 3093 mum
2403 3039 2482 3093 sit
2498 3038 2688 3093 media
2707 3038 2859 3092 dies.
2886 3037 3104 3092 Eodem
3123 3052 3365 3108 quoque
3378 3040 3658 3092 momento
3673 3035 3837 3090 solent

2225 3143 2292 3182 se
2351 3128 2566 3182 fratres
2615 3126 2972 3198 generaliter
3029 3126 3099 3180 ad
3160 3127 3530 3196 pausandum
3572 3125 3842 3189 collocare,

454 3216 609 3286 quod
643 3216 894 3270 voluerit
923 3221 1068 3284 oret,
1105 3221 1297 3272 tamen
1340 3221 1652 3288 postquam
1702 3221 1866 3288 pueri
1919 3222 1989 3275 de
2017 3236 2112 3275 ec-
2147 3233 2557 3320 cquanquam
2615 3217 2762 3271 tales
2794 3216 2914 3270 sint
2959 3215 3150 3286 magis
3194 3216 3402 3269 intenti
3445 3215 3518 3270 ad
3563 3214 3860 3275 lectionem

455 3303 636 3358 clesia
658 3306 925 3373 exierint,
953 3308 1010 3359 et
1039 3306 1240 3377 legere
1269 3307 1638 3376 incoeperint,
1665 3308 1716 3361 si
1748 3311 1950 3378 postea
1984 3325 2111 3364 mo-

452 3409 576 3446 ram
611 3394 836 3462 fecerit,
870 3399 934 3447 ut
964 3410 1080 3448 non
1109 3398 1166 3448 et
1196 3395 1323 3464 ipse
1353 3395 1423 3448 ad
1474 3395 1782 3450 lectionem
1816 3401 1984 3451 exeat
2009 3413 2110 3452 se-

453 3481 613 3550 dere,
652 3481 820 3535 facile
861 3483 1106 3536 incurrit
1144 3487 1205 3536 ut
1237 3483 1294 3536 in
1335 3483 1588 3553 capitulo
1648 3485 2112 3552 reprehendatur

452 3569 596 3625 Cum
653 3575 845 3624 autem
897 3575 1080 3624 ternae
1122 3571 1394 3624 similiter
1440 3572 1738 3626 orationes
1798 3573 1955 3640 fiant,
2003 3575 2107 3628 sed

453 3659 842 3712 communiter
868 3661 1000 3711 ante
1031 3662 1372 3728 nocturnos,
1396 3663 1453 3714 et
1474 3665 1608 3729 post
1643 3661 2108 3732 complctorium,

453 3751 509 3802 et
539 3747 596 3800 in
667 3746 858 3800 hieme
889 3747 948 3799 in
977 3748 1222 3816 privatis
1257 3754 1388 3803 ante
1439 3750 1687 3818 tertiam,
1734 3750 1805 3804 de
1838 3751 1932 3804 his
1963 3750 2110 3804 forte

451 3850 700 3905 possum
730 3835 948 3904 aliquid
981 3835 1136 3905 quod
1175 3837 1490 3905 quaesieris
1521 3837 1744 3892 dicere.
1797 3839 1942 3892 Nam
1975 3855 2108 3910 quae

450 3930 586 3995 post
617 3924 1060 3992 completorium
1094 3924 1256 3992 fiunt,
1289 3925 1362 3980 de
1395 3926 1489 3980 his
1542 3942 1840 3997 nunquam
1875 3943 1966 3982 me
2003 3944 2113 3982 au-

451 4013 646 4068 diente
678 4013 930 4083 quaestio
945 4017 1070 4067 erat
1098 4019 1158 4068 ut
1187 4015 1440 4084 amplius
1471 4016 1788 4086 quidquam
1815 4017 1886 4070 ad
1910 4017 2108 4088 singu-

450 4102 540 4156 las
569 4117 746 4172 quam
776 4103 904 4156 sola
937 4103 1238 4157 Dominica
1271 4105 1455 4158 oratio
1489 4105 1804 4159 diceretur.
1840 4105 1923 4160 De
1977 4106 2109 4160 aliis

396 4206 398 4208 '
451 4207 583 4245 cum
609 4191 860 4260 qurestio
879 4193 1062 4257 esset,
1089 4196 1158 4244 ad
1183 4193 1447 4246 ultimum
1481 4193 1692 4247 domno
1725 4194 1918 4247 abbati
1951 4210 2108 4248 com-

449 4279 667 4349 placuit
696 4282 752 4334 et
782 4279 895 4333 hoc
928 4279 1201 4333 diffinivit
1233 4283 1292 4334 ut
1338 4281 1409 4334 ad
1443 4281 1605 4350 ipsas
1649 4297 1882 4351 quoque
1913 4282 2108 4336 Oratio

450 4367 751 4422 Dominica
804 4368 1116 4435 diceretur,
1179 4369 1283 4422 sed
1344 4371 1594 4438 tractim,
1657 4369 1994 4441 diligenter,
2054 4376 2110 4424 et

447 4458 662 4510 attente
696 4473 706 4509 :
745 4460 801 4510 et
831 4461 1020 4510 tamen
1048 4458 1157 4511 rite
1198 4457 1310 4511 illa}
1343 4458 1641 4512 orationes
1697 4462 1829 4512 ante
1877 4460 2108 4512 tertiam

448 4560 563 4600 non
596 4545 789 4600 solent
821 4549 935 4599 tam
958 4546 1173 4599 breves
1187 4561 1362 4615 quam
1393 4546 1465 4600 ad
1487 4546 1934 4615 completorium
1981 4551 2108 4600 tei-

2223 3323 2397 3378 quam
2450 3306 2519 3358 ad
2553 3305 2982 3376 pensationem.
3019 3304 3188 3358 Nona
3221 3307 3442 3372 autem,
3476 3305 3546 3358 ad
3565 3318 3725 3375 quam
3751 3316 3843 3355 sun

2223 3411 2289 3450 sc
2311 3395 2580 3463 levaturi,
2606 3394 2753 3448 adeo
2766 3393 2931 3452 tarda
2959 3393 3073 3447 erit
3093 3396 3156 3446 ut
3175 3396 3492 3463 postquam
3507 3393 3560 3447 in
3583 3389 3850 3447 refectorio

2223 3483 2492 3548 biberint,
2529 3485 2585 3537 et
2630 3483 2841 3536 iterum
2873 3481 3152 3551 loquendi
3198 3481 3499 3536 licentiam
3555 3479 3845 3544 habuerint,

2221 3573 2484 3627 eamdem
2530 3571 2812 3642 loquendi
2845 3571 3070 3637 horam,
3105 3574 3160 3624 et
3192 3570 3305 3624 hoc
3343 3570 3708 3625 intervallum
3741 3570 3848 3620 ante

2222 3676 2508 3731 vesperas
2530 3676 2645 3714 non
2670 3660 2958 3713 immerito
2974 3660 3170 3728 potius
3193 3659 3447 3713 dixerim
3466 3659 3678 3714 nullum
3700 3669 3844 3726 quam

2220 3766 2487 3822 parvum.
2521 3748 2753 3819 Saepius
2774 3763 3026 3818 namque
3045 3749 3395 3818 priusquam
3420 3763 3624 3803 omnes
3642 3747 3696 3800 in
3723 3745 3850 3799 clau-

2223 3843 2347 3894 stro
2361 3838 2726 3907 consideant,
2751 3841 2808 3892 et
2829 3837 3044 3908 aliquis
3064 3837 3307 3892 fratrum
3327 3838 3426 3892 vel
3446 3853 3622 3891 unum
3641 3833 3850 3889 verbum

2221 3929 2417 3996 faciat,
2442 3927 2710 3997 pulsatur
2725 3928 2962 3997 signum
2983 3926 3054 3979 ad
3073 3941 3385 3996 vesperas,
3421 3931 3478 3981 et
3496 3940 3632 3980 ecce
3657 3919 3850 3977 ibiiinis

2223 4016 2518 4088 loquendi.
2551 4016 2767 4070 Postea
2789 4030 3158 4087 quaecunque
3174 4018 3312 4069 sunt
3331 4014 3614 4087 gerenda,
3641 4022 3851 4082 perraro

2224 4104 2512 4176 contingit
2545 4107 2608 4158 ut
2637 4119 2754 4158 non
2781 4105 2858 4157 ita
2882 4108 3164 4176 gerantur
3185 4108 3247 4158 ut
3277 4118 3462 4158 unum
3485 4105 3615 4172 post
3642 4101 3852 4153 alterum

2223 4193 2366 4247 nihil
2385 4192 2618 4247 omnino
2636 4192 2956 4247 differatur.
2989 4193 3254 4247 Pulsatio
3289 4207 3546 4263 namque
3574 4191 3852 4262 signorum

2223 4283 2397 4336 citius
2427 4285 2520 4336 est
2534 4281 2705 4351 facta,
2721 4281 2867 4336 nihil
2887 4281 3045 4336 aliud
3059 4281 3300 4336 interim
3312 4280 3668 4335 habentibus
3680 4287 3846 4346 agere.

2221 4370 2338 4424 nisi
2367 4370 2524 4441 quod
2555 4371 2613 4424 in
2643 4369 2824 4424 choro
2848 4369 3057 4424 sedent
3085 4373 3141 4424 et
3163 4370 3387 4441 legunt.
3413 4370 3558 4423 Post
3576 4376 3850 4435 vesperas,

2222 4475 2410 4528 ccena;
2443 4463 2576 4528 post
2604 4475 2852 4526 ccenam,
2879 4473 3046 4513 cmna
3075 4459 3463 4524 servitorum;
3498 4461 3629 4527 post
3657 4464 3853 4507 omnem

2222 4549 2597 4616 servitorum,
2645 4547 2903 4602 officium
2934 4562 3042 4617 pro
3071 4545 3400 4614 defunctis;
3433 4549 3568 4615 post
3601 4541 3851 4601 officium,

447 4635 677 4701 minari,
711 4647 821 4688 nec
852 4633 967 4688 illm
988 4637 1122 4688 ante
1155 4637 1498 4705 nocturnos,
1535 4635 1785 4690 maxime
1814 4635 1875 4688 in
1917 4637 2108 4690 nocti-
2142 4605 2199 4668 Β
2223 4637 2474 4704 collatio,
2508 4641 2564 4690 et
2591 4637 2666 4690 ita
2704 4636 2773 4690 ad
2807 4635 3281 4706 completorium.

446 4722 561 4778 bus
591 4723 986 4794 longioribus,
1042 4728 1156 4777 tam
1205 4725 1424 4778 breves
1456 4739 1630 4795 quam
1671 4727 1806 4779 ante
1855 4726 2104 4779 tertiam.

449 4812 595 4866 Aliae
608 4827 842 4883 quoque
866 4813 1160 4866 orationes
1186 4811 1441 4883 singulis
1464 4811 1633 4867 boris
1658 4814 2102 4882 praemittendae,

447 4900 592 4955 nihil
624 4904 762 4956 sunt
789 4901 1041 4971 amplius
1091 4916 1266 4971 quam
1315 4903 1519 4956 eadem
1549 4901 1744 4957 Oratio
1781 4903 2101 4956 Dominica.

447 4988 537 5044 Ad
570 4989 728 5044 solas
763 5005 1047 5058 vesperas
1087 5005 1194 5059 pro
1215 4989 1452 5060 antiquo
1485 5005 1645 5046 more
1670 4989 1806 5060 plus
1837 4991 2105 5062 aliquan-

446 5077 632 5131 tulum
661 5079 1087 5148 producuntur,
1123 5082 1183 5133 ut
1213 5078 1553 5146 Symbolum
1587 5081 1994 5149 apostolicum,
2051 5082 2104 5134 si

446 5164 699 5234 videtur,
727 5168 918 5234 possit
949 5167 1182 5238 apponi.
1219 5167 1328 5221 His
1376 5172 1538 5222 extra
1570 5168 1834 5222 ordinem
1864 5185 1968 5238 pro
2012 5170 2104 5222 in-

448 5255 853 5325 terrogatione
889 5263 980 5309 tua
1001 5257 1263 5325 insertis,
1299 5257 1670 5310 intendamus
1718 5258 1786 5310 ad
1819 5257 2102 5310 circulum

449 5357 622 5412 quem
669 5343 807 5395 mihi
858 5345 1242 5413 proposuisti,
1277 5349 1333 5398 et
1391 5361 1496 5414 pro
1544 5361 1662 5415 quo
1705 5361 1818 5398 non
1861 5361 2103 5413 possum

446 5445 565 5484 non
603 5430 896 5485 sollicitus
927 5446 1086 5498 esse,
1121 5448 1311 5502 usque
1329 5434 1467 5487 dum
1504 5438 1801 5505 utcunque
1842 5434 2106 5502 perficia-

446 5521 560 5586 tur,
623 5522 685 5573 ut
740 5519 989 5587 primam
1056 5520 1290 5589 letaniu,
1351 5524 1440 5576 sic
1497 5523 1767 5576 letaniam
1839 5523 2107 5593 sequitur

445 5607 632 5662 missa
663 5607 1042 5677 matutinalis;
1083 5609 1400 5680 capitulum
1449 5611 1720 5682 sequitur
1749 5609 1983 5667 licentia
2014 5611 2102 5666 lo-

446 5697 683 5771 quendi.

2823 4759 3078 4814 CAPUT
3112 4758 3271 4812 XIX.

2227 4867 2311 4921 Ile
2343 4867 2524 4920 tertia
2568 4865 2932 4921 hebdomade
2967 4870 3102 4936 post
3134 4864 3388 4933 Pascha,
3445 4863 3604 4918 etde
3647 4854 3855 4915 caeteris

2545 4970 2724 5028 usque
2745 4955 2820 5010 ad
2849 4954 3277 5010 Ascensionem
3309 4953 3574 5007 Domini.

2298 5080 2359 5133 ln
2390 5081 2559 5135 tertia
2592 5084 2725 5149 post
2755 5079 2985 5133 Pascha
3017 5079 3342 5149 septimana
3388 5071 3771 5147 responsoria
3796 5069 3854 5122 de

2229 5169 2584 5240 Apocalypsi
2597 5168 2866 5223 inchoata
2879 5184 2986 5238 per
3004 5168 3153 5222 duas
3176 5168 3539 5237 septimanas
3560 5163 3855 5220 cantantur.

2227 5259 2440 5313 Postea
2499 5258 2905 5326 responsoria,
2950 5255 3021 5310 Si
3066 5256 3287 5310 oblitus
3317 5255 3506 5322 fuero,
3568 5264 3748 5322 usque
3797 5243 3857 5297 ad

2227 5347 2658 5401 Ascensionem
2699 5345 2946 5399 Domini.
2983 5345 3247 5416 Utraque
3275 5347 3469 5398 autem
3506 5334 3858 5411 reSponsoria

2227 5441 2537 5507 postquam
2559 5435 2619 5490 in
2653 5451 2767 5490 una
2799 5435 3103 5489 Dominica
3132 5433 3350 5488 fuerint
3379 5435 3631 5485 cantata.
3663 5429 3720 5481 in
3772 5436 3856 5476 se-

2227 5525 2415 5578 cunda
2471 5524 2672 5578 ultima
2719 5524 3102 5594 responsoria
3130 5526 3557 5578 nocturnorum
3587 5515 3857 5572 mutantur

2223 5629 2355 5669 cum
2376 5613 2472 5668 his
2504 5613 2854 5681 minoribus,
2874 5615 2938 5668 ut
2955 5615 3068 5682 est,
3095 5611 3381 5667 Surrexit
3410 5608 3696 5663 Dominus
3708 5603 3860 5658 dese-

2212 5701 2420 5775 pulcro
2454 5701 2711 5758 alleluia.
2745 5701 2912 5767 Quod
2937 5701 3132 5772 ipsum
3154 5713 3387 5772 quoque
3421 5697 3620 5769 agitur
3649 5695 3704 5750 in
3717 5691 3849 5747 octa-
