4028 6176
156 373 250 436 669
725 367 1425 433 CONSUETUDINES
1467 368 2125 432 CLUNIACENSES.
2167 404 2238 415 -—
2284 368 2540 431 LIBER
2583 370 2909 433 PRIMUS
3412 370 3535 432 670

160 572 234 624 vis
270 568 636 623 Ascensionis
678 567 935 638 Domini,
980 571 1036 622 et
1072 567 1132 623 in
1176 568 1478 623 Dominica
1521 585 1763 641 praece-
1792 550 1852 612 Α
1879 572 2034 641 pitur
2061 586 2093 624 a
2123 570 2345 640 pueris.
2380 571 2526 624 Post
2553 573 2779 625 sextam
2815 571 2981 625 scilla
3010 575 3272 642 sonatur,
3317 587 3533 627 ascen-

160 661 315 714 dente.
1879 661 2021 713 dunt
2064 674 2272 714 omnes
2318 660 2377 713 in
2425 659 2851 729 dormitorium,
2898 661 3065 731 quasi
3112 662 3535 732 aliquantulum

735 753 987 808 CAPUT
1030 754 1138 808 XX
1876 749 2210 819 pausaturi;
2243 763 2376 802 cum
2406 748 2644 819 signum
2684 748 2859 803 fuerit
2887 749 3168 817 auditum,
3204 751 3421 805 calceis
3453 751 3525 804 ad

214 843 285 897 De
327 841 753 914 festivitatibus
795 848 1131 897 sanctorum
1173 859 1301 914 quae
1341 843 1624 898 eveniunt
1664 860 1696 898 ε
1878 837 2025 891 lecta
2057 837 2356 902 dimissis,
2391 838 2566 890 nudis
2613 837 2866 906 pedibus
2916 837 3311 906 descendunt,
3344 839 3539 892 lavant

428 912 660 967 P330,”
701 930 878 984 usque
916 915 991 968 ad
1024 912 1445 969 Ρθηίέοοεεθηο
1879 941 2090 980 manus
2120 928 2177 979 et
2205 923 2435 991 faciem,
2471 926 2656 995 capita
2690 930 2945 996 pexunt,
2989 929 3046 981 et
3074 927 3318 981 veniunt
3347 928 3406 980 in
3437 941 3539 980 ec-

210 1002 251 1054 Α
275 1000 483 1054 Pascha
516 1016 707 1071 usque
725 1001 794 1054 ad
818 1002 1209 1056 Pentecosten
1229 1017 1600 1072 quaecunque
1632 1016 1767 1055 san-

1947 1013 2142 1068 esiam.
2164 1012 2341 1067 Facta
2364 1014 2625 1068 oratione
2650 1014 2966 1083 imponitur
2985 1015 3058 1069 ab
3081 1032 3199 1070 uno
3221 1031 3538 1086 puerorum

153 1092 340 1144 ctorum
368 1088 655 1142 festivitas
678 1090 960 1154 evenerit,
986 1089 1412 1160 quantumlibet
1442 1092 1766 1146 reverenda
1878 1102 2214 1172 “tiphona,
2255 1102 2556 1173 Exsurge,
2602 1102 2879 1167 Domine,-
2914 1106 3047 1173 pust
3084 1104 3242 1157 Deus
3271 1104 3537 1175 auribus,

153 1178 214 1232 sit
236 1181 280 1230 et
307 1176 560 1241 colenda,
588 1180 781 1231 tamen
804 1178 874 1232 ad
898 1182 1218 1232 nocturnos
1248 1194 1365 1233 non
1397 1179 1599 1249 plures
1623 1196 1766 1234 can-
1878 1191 2148 1261 sequitur
2191 1205 2431 1245 versus.
2475 1191 2736 1246 Ostende
2782 1192 2984 1261 nobis;
3036 1192 3245 1264 Kyrie,
3290 1192 3537 1261 eleison,

151 1268 310 1320 tantur
340 1265 670 1351 antiphonae
700 1281 875 1336 quam
906 1282 1018 1320 una
1047 1270 1270 1321 tantum
1302 1267 1555 1338 alleluia,
1598 1268 1742 1322 scili-

1945 1285 2066 1333 ater
2097 1285 2329 1343 noster;
2362 1280 2630 1349 psalmus
2659 1281 3076 1351 sexagesimus
3107 1283 3332 1349 sextus,
3359 1284 3416 1335 et
3444 1281 3536 1335 die

150 1359 219 1408 cet
236 1370 397 1423 super
415 1346 692 1409 Psalnios
722 1370 908 1410 senos
926 1359 982 1410 et
1004 1372 1206 1423 senos,
1222 1359 1466 1427 excepta
1488 1356 1548 1411 S.
1565 1357 1741 1411 Maria

1949 1384 2059 1422 .ero
2094 1368 2513 1440 sexagesimus
2543 1384 2768 1436 nonus;
2791 1384 3026 1437 versus,
3048 1369 3127 1422 Et
3160 1369 3387 1434 veniat;
3421 1370 3540 1423 col-

149 1443 560 1497 Annuntiatione
593 1448 649 1497 et
668 1444 948 1498 Transitu
975 1444 1035 1499 S.
1064 1444 1383 1499 Benedicti.
1409 1446 1498 1499 Ad
1533 1447 1766 1500 matuti-
1875 1456 2046 1524 lecta;
2066 1457 2329 1511 Μθηιθιῃ
2348 1456 2592 1511 [αωίιίεε
2615 1463 2746 1511 ευρ),
2765 1456 3114 1511 sanctorum
3139 1457 3400 1512 ι-θιίουίω
3415 1474 3546 1512 οῖδα-

146 1532 525 1599 naslaudes,sx
546 1532 785 1587 talisest
806 1532 1102 1586 festivitas
1116 1549 1249 1603 quae
1267 1534 1540 1605 proprias
1557 1535 1769 1590 habeat
1875 1545 2104 1612 uiculis,
2140 1545 2424 1615 capsulis,
2463 1549 2518 1599 et
2550 1546 2725 1599 nuxis
2749 1545 2826 1616 (3)
2849 1546 3093 1600 inclusa
3124 1561 3230 1616 per
3260 1546 3475 1601 fratres
3507 1563 3539 1600 a

147 1621 486 1691 antiphonas,
523 1624 586 1675 ut
623 1624 964 1676 sanctorum
992 1623 1394 1692 apostolorum
1426 1624 1681 1694 Philippi
1712 1628 1769 1679 et
1876 1634 2198 1687 secretario
2229 1633 2591 1703 dividuntur,
2615 1640 2677 1688 ut
2701 1635 2771 1688 ab
2796 1634 2883 1688 eis
2903 1635 3054 1688 collo
3078 1650 3394 1705 suspensa)
3411 1651 3541 1706 por-

144 1709 339 1778 Jacobi,
372 1710 459 1763 vel
500 1712 723 1764 sanctae
754 1710 976 1781 crucis,
1000 1710 1095 1765 ha
1124 1727 1241 1765 non
1272 1712 1768 1767 omittunturcan—
1874 1724 2090 1776 tentur.
2125 1722 2480 1792 Priusquam
2511 1726 2742 1791 exeant,
2776 1722 3087 1792 pulsantur
3115 1724 3309 1778 omnia
3340 1726 3534 1795 signa.

144 1798 229 1850 tari
254 1798 317 1850 ad
346 1798 554 1852 laudes
603 1801 662 1852 et
708 1799 854 1853 alias
887 1798 1099 1863 horas;
1131 1803 1189 1854 at
1218 1801 1269 1853 si
1300 1816 1415 1854 non
1446 1800 1622 1855 habet
1651 1802 1767 1855 nisi
1797 1856 1846 1884 Β
1875 1809 2032 1865 crux
2054 1814 2110 1865 οι
2140 1825 2289 1881 aqua
2311 1810 2637 1875 benedicta,
2665 1815 2720 1865 et
2741 1814 2936 1865 textus
2958 1810 3267 1884 Evangelii
3299 1801 3538 1883 prayer.

142 1899 246 1953 quae
271 1901 612 1967 communes
645 1890 803 1955 sunt,
836 1886 907 1940 de
938 1856 1301 1956 quibuslibet
1332 1888 1576 1957 sanctis,
1609 1891 1672 1942 ut
1699 1887 1733 1942 I.

1958 1856 2032 1865 “““·
2056 1856 2109 1865 *⁷
2141 1856 2289 1881 “Ἰ““
2312 1856 2637 1875 "'"""'“‘"""
2666 1856 2720 1865 ν’
2745 1856 2936 1865 "'""""
2959 1856 3006 1864 "‘
3024 1856 3267 1884 '“"O"‘“
3299 1856 3507 1883 r‘W-V'

1942 1917 1969 1954 r
1986 1900 2377 1969 processioni.
2394 1899 2731 1970 Sequuntur
2751 1900 3006 1970 primum
3028 1902 3324 1969 conversi,
3343 1902 3533 1972 pueri,

143 1972 962 2045 wlesfibusregnismtcuhw
980 1990 1088 2029 nec
1107 1975 1554 2045 θάῘθυάθενηθο
1576 1977 1646 2030 δά
1672 1977 1769 2032 Ῐὶο·
1875 1992 2181 2058 cantores,
2234 1992 2291 2043 et
2344 1990 2580 2059 priores
2630 1990 2896 2043 extremi.
2953 1988 3097 2044 Cum
3145 1990 3411 2045 venerint
3466 1989 3538 2044 ad

140 2077 237 2151 iam
263 2062 425 2116 “nam
456 2063 804 2134 Γθϐυὶπθω
835 2064 1170 2134 cantuum“;
1217 2064 1324 2118 sed
1366 2068 1588 2120 tantum
1621 2065 1767 2120 εῙῙθ·
1872 2078 2088 2133 ostium
2120 2078 2400 2132 vestibuli
2421 2078 2713 2143 ecclesiae,
2739 2080 2896 2133 stant
2917 2078 3031 2133 duo
3054 2079 3259 2133 famuli
3289 2095 3421 2133 cum
3441 2095 3537 2151 ge-

138 2149 255 2217 luia,
283 2154 428 2205 eteo
460 2151 642 2205 modo
675 2167 790 2223 quo
824 2152 1161 2207 earumdem
1193 2153 1644 2222 antiphonarum
1677 2170 1729 2208 es

1945 2167 2028 2220 ino
2056 2166 2223 2220 fasce
2251 2166 2617 2233 baculorum,
2652 2169 2709 2222 et
2738 2183 2771 2220 a
2802 2166 3060 2239 singulis
3091 2167 3376 2222 fratribus
3410 2149 3536 2222 sin-

138 2239 367 2293 melodia.
398 2239 688 2294 Cantatur
728 2244 922 2296 autem
966 2241 1079 2295 hoc
1123 2242 1328 2296 ordine
1362 2259 1373 2297 :
1410 2243 1497 2296 Ad
1544 2244 1729 2312 primo

1941 2255 1993 2309 ιιί
2035 2256 2434 2324 accipiuntur;
2480 2271 2631 2326 quos
2678 2256 2892 2310 iterum
2921 2256 3175 2309 reddunt
3204 2256 3276 2309 ad
3316 2257 3532 2310 ostium

136 2343 220 2381 sex
237 2328 488 2397 psalmos
520 2331 941 2384 nocturnoi-um
963 2330 1219 2398 alleluia,
1240 2334 1302 2384 ut
1318 2331 1385 2383 In
1409 2329 1727 2386 velamenta

1944 2344 2031 2398 ius
2063 2343 2336 2397 ecclesiae
2360 2360 2472 2414 qua
2495 2347 2750 2415 pergunt
2775 2359 2787 2397 :
2814 2344 2912 2397 ubi
2937 2344 3007 2397 de
3030 2343 3254 2398 sanctis
3285 2359 3535 2414 quorum

136 2416 191 2470 ad
219 2416 349 2471 θῙίοθ
377 2433 517 2486 εθκι
537 2420 620 2486 Ut,
647 2419 777 2472 Lux
797 2424 1121 2490 ΡθιῬθειιθὶ
1150 2419 1223 2473 ad
1253 2420 1479 2473 cantica
1510 2420 1763 2488 alleluia.
1870 2432 1950 2487 ibi
1981 2432 2308 2502 patrocinia
2328 2434 2484 2499 sunt,
2514 2432 2847 2501 antiphona,
2864 2431 2960 2485 vel
2983 2432 3367 2501 responsorio
3392 2447 3535 2487 can-

134 2509 183 2558 ut
205 2505 319 2577 Ege
345 2523 469 2559 sum
513 2507 689 2571 Vitis,-
730 2507 804 2560 ad
839 2507 1047 2563 laudes
1087 2512 1149 2562 ut
1188 2508 1255 2561 In
1286 2508 1665 2573 ccelestibus;
1695 2524 1725 2561 a

1944 2537 1987 2575 ιο
2018 2521 2383 2591 collectaque
2414 2520 2753 2591 subjuncta,
2795 2519 3013 2574 faciunt
3047 2512 3367 2575 orationem
3403 2536 3535 2575 cum

136 2594 362 2663 primam,
400 2599 461 2649 ut
492 2595 569 2649 In
602 2595 929 2651 velamento
940 2616 959 2661 ;
991 2596 1063 2651 ad
1092 2599 1342 2668 tertiam,
1372 2601 1434 2652 ut
1464 2595 1679 2652 Sancti
1709 2613 1727 2651 ε

1947 2609 2248 2664 alinatione
2273 2612 2577 2663 consueta.
2598 2609 2876 2663 Cantatur
2896 2624 3051 2663 nona
3071 2610 3378 2678 (cantanda
3398 2626 3538 2681 quo-

126 2683 277 2753 justi;
306 2684 372 2738 ad
402 2689 663 2753 sextam,
684 2688 745 2739 ut
767 2686 897 2739 Lux
916 2693 1234 2758 perpetua;
1269 2687 1339 2741 ad
1361 2703 1595 2757 nonam,
1616 2690 1678 2742 ut
1700 2687 1717 2740 λ

1943 2714 1989 2752 te
2020 2699 2078 2751 in
2109 2699 2472 2752 monasterio
2498 2697 2672 2769 signo
2701 2697 2935 2767 pulsato
2964 2698 3038 2752 ad
3069 2697 3274 2752 horam
3304 2714 3534 2769 compe-

134 2771 461 2843 αθίθείίδαεζ
497 2774 578 2827 δά
599 2780 1134 2847 νθερθνθενιιιεθαο
1156 2791 1301 2829 ευω·
1323 2775 1382 2830 Si
1414 2779 1609 2830 ευῖθῐη
1631 2792 1766 2846 Ρνο’
1872 2790 2090 2841 tentem
2121 2802 2153 2840 a
2186 2786 2431 2841 custode
2471 2786 2780 2854 Ecclesiae,
2824 2789 2880 2841 et
2918 2786 2990 2840 ab
3041 2786 3290 2840 inﬁrmis
3332 2787 3432 2858 qui
3464 2789 3536 2842 ad

133 2862 249 2928 prim
275 2862 570 2917 habentur
598 2864 954 2933 antiphonw,
975 2867 1036 2918 ιιι
1058 2864 1129 2917 de
1151 2865 1376 2918 sanctis
1410 2864 1686 2934 Philippo
1710 2868 1769 2919 8t
1871 2875 2319 2946 processionem
2352 2876 2513 2929 exire
2558 2891 2674 2929 non
2724 2876 3082 2944 potuerunt),
3126 2875 3322 2947 agitur
3350 2877 3538 2931 missa

131 2949 336 3020 Jacobe,
376 2956 523 3007 tunc
556 2967 739 3021 super
768 2954 1061 3007 canticum
1092 2968 1209 3007 non
1239 2953 1494 3022 alleluia,
1528 2953 1635 3007 sed
1665 2969 1722 3007 at

1945 2980 2083 3017 :rum
2113 2964 2185 3018 de
2218 2963 2348 3034 die;
2397 2966 2453 3017 et
2496 2967 2628 3032 post
2659 2964 2904 3033 primam
2937 2964 3240 3018 collectam
3270 2980 3389 3019 non
3419 2966 3536 3019 nisi

129 3037 331 3106 tiphona
360 3040 494 3112 Ego
527 3057 656 3095 sum
695 3041 832 3106 vitis
867 3058 1008 3096 vera
1040 3043 1325 3096 cantatur.

1943 3068 1987 3106 la
2018 3052 2280 3107 secundo
2313 3054 2624 3121 apponitur
2667 3052 2739 3106 de
2789 3052 3344 3106 commemoratiOne
3374 3051 3534 3106 illius

188 3127 349 3183 Inter.
383 3130 549 3201 Ipsae
579 3133 774 3185 autem
805 3130 1141 3199 antiphonaa
1188 3131 1260 3186 de
1309 3131 1535 3187 sanctis
1567 3146 1763 3186 rema-

1947 3141 2083 3208 ncti,
2118 3140 2292 3212 cujus
2322 3141 2401 3195 ibi
2433 3140 2735 3194 confessio
2781 3145 2891 3195 est.
2938 3140 3083 3194 Cum
3111 3140 3329 3194 lectum
3359 3139 3536 3194 fuerit

130 3221 309 3273 nenlne
335 3219 411 3272 ita
441 3219 805 3274 incantata?
1797 3210 1848 3272 θ
1873 3210 2282 3302 Evangelium,
2300 3228 2729 3297 obedientiarii,
2747 3245 2997 3299 quorum
3019 3229 3266 3283 interest
3285 3229 3357 3282 ad
3381 3243 3537 3282 men-

185 3304 341 3378 Resp.
376 3308 647 3363 Minime.
680 3308 829 3362 Nam
870 3308 1044 3363 etiam
1088 3309 1350 3379 quotidie
1380 3309 1439 3363 in
1469 3308 1582 3363 hoc
1622 3312 1764 3363 tem-

1941 3337 2001 3375 .m
2034 3321 2277 3374 fratrum
2319 3318 2569 3387 servire,
2610 3318 2901 3372 licentiam
2934 3318 3294 3387 accipientes
3324 3332 3532 3371 rever-

129 3409 242 3462 pore
270 3400 561 3463 cantatur,
597 3398 825 3452 scilicet
855 3398 925 3451 ad
957 3396 1241 3468 suffragia
1285 3400 1659 3467 sanctorum;
1694 3414 1720 3451 a

1940 3412 2092 3477 ntur,
2141 3408 2434 3477 simulque
2480 3407 2595 3460 duo
2645 3408 2865 3461 fratres
2915 3406 3011 3477 qui
3061 3406 3263 3476 cappis
3313 3405 3531 3474 induti,

128 3487 291 3538 matut.
350 3486 568 3540 laudes
613 3489 669 3539 et
718 3501 1003 3555 vesperae
1053 3488 1124 3540 de
1167 3486 1455 3541 Omnibus
1507 3486 1762 3541 Sanctis.
1872 3498 2049 3552 nudis
2081 3501 2275 3551 tamen
2304 3495 2556 3565 pedibus
2604 3496 3050 3565 processionem
3084 3496 3154 3548 ad
3188 3496 3404 3548 ostium
3434 3510 3536 3548 eo-

127 3569 261 3634 000d
291 3590 487 3629 moras
527 3573 669 3628 facit
696 3574 769 3628 δᾶ
799 3574 909 3628 alia
942 3575 1261 3641 festinanti,
1288 3577 1340 3628 εί
1364 3575 1614 3645 expedio
1648 3575 1767 3629 δίο·
1874 3587 2074 3642 clesiae
2099 3578 2236 3641 sunt
2257 3585 2572 3654 recepturi,
2599 3589 2654 3640 et
2673 3586 2945 3639 letaniam
2968 3584 3231 3639 breviter
3260 3584 3317 3636 in
3351 3584 3533 3638 choro

128 3661 354 3731 gulalim,
375 3680 484 3719 nec
513 3678 669 3735 opus
701 3668 791 3719 est
821 3663 1065 3718 multum
1099 3665 1370 3735 cuiquam
1403 3665 1691 3737 diligenti,
1713 3668 1770 3719 et
1874 3676 2082 3731 iterato
2115 3676 2422 3743 cantaturi,
2467 3690 2534 3728 ea
2576 3674 2825 3728 melodia
2864 3676 2921 3728 et
2961 3673 3055 3726 his
3086 3672 3406 3727 versiculis
3436 3672 3539 3743 qui

126 3750 173 3802 in
199 3754 554 3808 monasterio
587 3753 862 3807 manenti.

1976 3764 2087 3819 hoc
2107 3768 2243 3818 sunt
2267 3764 2506 3819 inventi.
2530 3764 2796 3832 Vespere
2818 3778 2922 3832 pro
2942 3762 3218 3816 fidelibus
3240 3761 3536 3816 defunctis

720 3876 971 3932 CAPUT
1014 3877 1149 3931 xx}
1874 3857 2011 3909 sunt
2042 3853 2343 3923 dicendae;
2385 3852 2645 3907 officium
2674 3851 3020 3906 remanebit.

646 3966 735 4019 De
764 3964 1213 4036 Rogationibus.
2475 3964 2726 4019 CAPUT
2775 3964 2935 4018 XXII

181 4060 232 4113 In
265 4061 701 4134 Rogationibus
745 4065 879 4132 post
922 4064 1246 4117 nocturnos
1278 4063 1458 4117 finitis
1489 4063 1765 4118 laudibus
2316 4055 2403 4109 De
2433 4055 2805 4109 Ascensione
2834 4053 3089 4107 Domini.

124 4162 209 4216 pro
232 4150 549 4220 defunctis,
574 4153 713 4205 eunt
734 4151 1068 4219 dormitum,
1085 4154 1141 4205 et
1157 4152 1411 4222 amplius
1433 4152 1607 4206 solito
1632 4152 1765 4205 dor-
1942 4143 2235 4199 Ascensio
2255 4143 2484 4197 Domini
2506 4158 2621 4212 quo
2643 4142 2816 4195 modo
2841 4141 2920 4195 sit
2945 4141 3317 4210 celebranda,
3344 4141 3535 4195 ethoc

124 4237 295 4303 miunt,
321 4241 560 4294 scilicet
590 4255 780 4310 usque
811 4241 883 4293 ad
915 4244 1106 4294 ortum
1137 4240 1305 4309 solis,
1335 4245 1578 4310 propter
1608 4240 1765 4310 quod
1872 4234 2023 4287 inter
2046 4233 2194 4287 alias
2223 4231 2575 4286 festivitates
2595 4229 2919 4293 invenitur;
2947 4228 3104 4298 quod
3129 4232 3321 4281 tamen
3345 4227 3537 4282 adhuc

124 4326 373 4382 omissuri
396 4333 540 4382 sunt
564 4329 968 4397 meridianam,
992 4344 1099 4382 nec
1123 4329 1339 4396 sonitu,
1359 4314 1627 4383 ut'moris
1649 4332 1759 4398 est,
1874 4325 2153 4393 superest
2183 4326 2242 4376 ut
2272 4318 2598 4374 dicatur.1u
2626 4316 2823 4388 vigilia
2856 4316 2926 4369 ad
2956 4330 3244 4385 vesperas
3268 4315 3532 4384 collecta,

124 4416 452 4485 excitantur;
485 4420 686 4471 tamen
716 4420 1025 4488 postquam
1058 4418 1225 4486 pueri
1255 4417 1459 4489 legere
1488 4417 1760 4486 incoepe-
1793 4478 1838 4489 _
1872 4410 2103 4466 Adesto
2130 4406 2660 4480 supplicationibus
2676 4406 2923 4460 nostris.
2944 4405 3007 4458 In
3039 4405 3171 4473 ipso
3194 4404 3288 4457 die
3311 4405 3537 4457 Ascen-

125 4500 235 4565 rint,
264 4506 517 4575 amplius
548 4504 752 4575 jacere
774 4478 893 4559 non
925 4508 1243 4560 morantur.
1263 4478 1408 4560 Post
1436 4506 1685 4575 primam
1708 4507 1764 4559 et
1793 4478 1846 4539 D
1876 4500 2086 4567 sionis,
2106 4497 2461 4568 antiphonm,
2486 4511 2619 4567 qum
2642 4497 2887 4549 cantatae
2919 4496 3056 4547 sunt
3075 4493 3148 4547 ad
3168 4492 3375 4547 laudes
3397 4506 3535 4545 can-

121 4594 364 4655 posttres
389 4594 664 4663 psalmos
682 4593 778 4663 qui
801 4597 1149 4664 sequuntur,
1168 4594 1513 4665 priusquam
1536 4597 1763 4664 septem
1874 4590 2072 4641 tantur
2101 4588 2273 4641 etiam
2304 4586 2376 4639 ad
2407 4585 2553 4638 alias
2583 4584 2793 4652 horas,
2838 4582 2933 4636 illa
2989 4581 3441 4653 praetermissae,
3474 4584 3537 4634 ut

123 4678 303 4744 psalmi
352 4682 649 4751 dicantur,
683 4682 1073 4752 interponitur
1110 4682 1209 4735 illa
1255 4682 1582 4751 psalmodia
1631 4698 1763 4753 quae
1875 4678 2059 4732 moris
2097 4679 2188 4730 est
2227 4689 2481 4743 semper,
2525 4677 2581 4727 et
2630 4672 2739 4727 alia
2790 4671 3020 4727 scilicet
3058 4687 3191 4741 quae
3235 4673 3325 4725 est
3355 4683 3539 4737 super

122 4773 234 4831 post
262 4771 582 4824 matutinos
608 4772 913 4837 remansit,
936 4772 994 4823 id
1016 4774 1127 4839 est,
1155 4770 1314 4825 Deus
1335 4771 1608 4840 auribus;
1631 4774 1686 4825 et
1711 4771 1763 4823 si
1874 4765 2156 4835 hymnum
2187 4764 2361 4818 trium
2392 4778 2732 4833 puerorum.
2755 4761 2844 4815 Ad
2877 4760 3041 4815 solas
3064 4773 3350 4829 vesperae
3368 4756 3537 4811 Alle-

124 4854 273 4923 cujus
300 4858 568 4912 defuncti
599 4858 950 4912 tricenarius
981 4859 1194 4929 agitur,
1229 4858 1419 4913 Verba
1449 4874 1597 4913 mea.
1622 4860 1765 4913 Post
1876 4854 2016 4923 Iuia,
2035 4858 2095 4907 ut
2113 4852 2430 4923 antiphona
2448 4852 2642 4906 Pater
2661 4857 2896 4920 sancte;
2924 4850 2995 4903 ad
3016 4864 3168 4919 quos
3192 4848 3362 4901 etiam
3384 4848 3540 4916 post-

120 4947 317 5011 septem
337 4947 611 5016 psalmos
641 4950 698 5000 et
726 4947 999 5001 letaniam
1032 4948 1230 5001 statim
1261 4949 1532 5018 sequitur
1553 4947 1761 5015 missa,
1874 4958 1942 4997 ea
1973 4942 2131 4995 omni
2160 4941 2274 5009 die,
2310 4947 2367 4994 et
2412 4940 2485 4994 ad
2526 4940 2753 4994 cantica
2784 4953 2976 5008 usque
3025 4936 3097 4989 ad
3147 4935 3538 4989 Pentecosten

124 5044 218 5082 non
246 5037 304 5087 ut
334 5036 489 5090 solet
513 5052 618 5105 pro
642 5035 957 5101 defunctis,
981 5037 1086 5090 sed
1116 5037 1188 5089 de
1218 5036 1310 5089 die
1342 5051 1475 5089 cum
1498 5034 1763 5089 collectis
1875 5034 2145 5084 cantatur
2166 5030 2240 5083 ad
2262 5029 2581 5084 matutinas
2611 5028 2839 5097 laudes,
2865 5030 2927 5081 ut
2945 5025 3047 5081 Sic
3071 5024 3298 5093 veniet;
3325 5022 3397 5076 ad
3429 5025 3541 5076 ter-

124 5123 422 5193 consuetis,
449 5128 510 5178 et
531 5124 858 5178 novissime
885 5125 981 5178 illa
1016 5139 1250 5194 quoque
1280 5123 1493 5191 addita,
1521 5122 1764 5177 Sancto-
1872 5119 2032 5187 tiam,
2070 5118 2164 5172 Illi
2198 5125 2389 5172 autem
2414 5116 2705 5189 profecti;
2738 5116 2811 5170 ad
2841 5117 3165 5170 nocturnos
3196 5115 3253 5166 et
3281 5111 3353 5164 ad
3385 5109 3533 5164 alias

124 5222 231 5261 rum
262 5217 524 5276 tuorum;
558 5212 628 5266 ad
658 5228 835 5283 quam
874 5216 1068 5266 tamen
1107 5226 1313 5266 omnes
1353 5210 1623 5281 offerunt,
1658 5211 1765 5265 sed
1873 5208 2054 5262 horas
2083 5207 2292 5262 eodem
2322 5207 2516 5274 modo,
2540 5209 2602 5260 ut
2622 5205 2788 5276 prius
2820 5205 2891 5258 de
2919 5201 3170 5257 Pascha.
3195 5201 3259 5255 In
3289 5214 3536 5270 proces-

125 5307 219 5349 una
247 5298 438 5354 hostia
463 5305 876 5369 consecratur;
911 5305 967 5354 et
997 5316 1110 5371 pax
1130 5300 1203 5354 ab
1227 5316 1340 5354 uno
1372 5299 1678 5370 accipitur.
1699 5299 1765 5353 In
1876 5296 2043 5352 sione
2070 5312 2306 5367 quoque
2327 5294 2589 5365 praefatae
2617 5294 2732 5348 diei
2756 5308 2871 5347 non
2884 5290 3200 5346 veniturad
3224 5289 3539 5345 ecclesiam

126 5386 351 5453 capitulo
381 5392 523 5458 post
558 5389 723 5442 illum
761 5404 1003 5443 versum
1046 5388 1328 5443 Pretiosa
1358 5388 1420 5443 in
1451 5393 1766 5459 conspectu
1873 5384 2104 5440 Sanctae
2126 5383 2475 5457 Mariw,sed
2495 5386 2716 5437 tantum
2735 5397 2841 5452 per
2859 5381 3183 5435 claustrum
3195 5377 3540 5450 proceditur

125 5468 355 5544 Domini,
370 5492 744 5548 nequaquam
759 5478 972 5532 dicitur
994 5477 1155 5532 Deus
1177 5478 1239 5531 in
1257 5478 1759 5550 adjutorium,etc.
1872 5490 2064 5545 usque
2092 5475 2153 5528 in
2183 5473 2544 5529 vestibulum
2588 5471 2882 5539 ecclesiae,
2917 5470 3017 5524 ubi
3048 5472 3105 5523 et
3133 5469 3309 5523 statio
3340 5467 3539 5538 agitur

125 5574 215 5613 nec
234 5562 557 5634 loquuntur
570 5566 630 5620 in
653 5567 931 5621 claustro.
950 5565 1091 5621 Post
1107 5567 1337 5620 tertiam
1361 5566 1598 5620 mistum
1614 5565 1763 5620 acci-
1876 5578 2011 5618 cum
2040 5563 2380 5634 antiphona,
2408 5560 2454 5615 Ο
2483 5561 2616 5615 Rex
2642 5559 2871 5632 gloriae.
2895 5557 3118 5613 Cantus
3149 5562 3343 5613 autem
3373 5557 3538 5629 prior

186 5802 256 5872 (3)
286 5804 356 5859 Et
383 5805 583 5863 Nuxis
610 5824 719 5866 seu
751 5811 954 5866 nuscis
982 5809 1042 5866 h.
1077 5826 1130 5868 e.
1162 5809 1381 5868 ﬁbulis.
