4028 6176
490 337 606 403 671

1451 340 1858 402 UDALRICI
1908 338 2522 403 CLUNIACENSIS
2570 338 2968 402 MONACHI
3742 316 3836 413 an

492 538 584 592 vel
616 538 912 606 posterior
955 555 1073 593 non
1119 541 1212 594 est
1261 539 1416 595 aliud
1457 557 1630 611 quam
1664 543 2046 611 responsoria
2078 543 2147 596 ad
2181 522 2237 583 Α
2260 540 2552 609 θοοιθείω,
2578 542 2635 594 et
2654 540 2725 594 ad
2749 543 3011 595 sanctam
3033 539 3279 594 Crucem
3300 544 3726 613 responsorium,
3748 547 3837 616 Ap-

492 625 688 696 ipsum
712 628 863 681 diem
886 628 1253 697 pertinentia;
1278 629 1333 682 id
1358 633 1449 683 est
1472 630 1658 699 primo
1682 633 2147 701 responsorium,

490 715 721 770 Eduxit
740 717 1050 785 Dominus;
1074 718 1252 783 aliud,
1270 718 1457 772 Panis
1480 720 1719 789 nubem;
1745 722 2070 775 novissime
2096 722 2151 775 in

493 804 696 870 choro,
737 804 862 857 Viri
896 805 1146 860 Gali/eui.
1192 807 1330 860 Item
1364 823 1496 861 cum
1528 810 1911 877 responsorio
1944 812 2013 863 ad
2046 826 2151 864 ve-

493 908 702 962 speras
736 897 791 947 et
820 895 893 948 ad
924 897 1236 949 matutinas
1268 896 1473 950 laudes
1508 897 1635 951 fieri
1665 900 1814 953 solet
1844 901 2150 968 processio

493 981 565 1035 ad
597 986 857 1036 sanctam
892 1000 1147 1038 crucem.
1183 986 1268 1039 Ad
1303 986 1552 1056 hymnos
1584 989 1842 1042 omnium
1872 988 2151 1042 horarum

492 1071 646 1124 sicut
667 1071 723 1123 in
759 1072 983 1125 Pascha
1015 1075 1325 1142 apponitur
1345 1090 1557 1128 versus
1578 1077 1693 1144 ille,
1712 1076 1798 1130 Da
1820 1077 2152 1132 nobis-illuc

491 1159 694 1214 sedula
729 1161 1044 1215 devotione
1078 1163 1366 1218 tendere:
1389 1168 1463 1231 et,
1490 1164 1692 1219 Gloria
1728 1167 1857 1235 tibi,
1883 1168 2147 1237 Domine,

492 1249 589 1318 qui
619 1248 860 1303 scandis
891 1269 907 1302 :
948 1253 1003 1303 et
1043 1250 1354 1321 hucusque
1385 1253 1455 1306 ad
1488 1253 1910 1325 Pentecosten;
1943 1272 2148 1311 verum

491 1336 662 1389 etiam
694 1337 763 1389 ad
804 1341 1073 1403 octavas,
1118 1340 1189 1392 ad
1236 1345 1370 1394 mat.
1414 1342 1617 1396 laudes
1666 1349 1721 1397 et
1761 1360 1926 1413 vesp.
1962 1347 2148 1414 prima

490 1425 691 1479 eadem
725 1426 969 1480 collecta
1000 1443 1238 1497 semper
1267 1433 1358 1482 est
1388 1431 1654 1500 dicenda,
1692 1433 1961 1488 Concede
1993 1452 2146 1505 quae-

489 1531 707 1570 sumus.
754 1515 878 1580 Quo
928 1520 1119 1571 tamen
1142 1519 1294 1583 ,sola
1337 1525 1623 1589 sequente
1670 1522 1973 1576 Dominica
2032 1540 2148 1577 non

485 1606 738 1657 tenetur.
758 1604 827 1658 Et
847 1606 982 1675 quia
1004 1607 1075 1660 de
1098 1607 1465 1662 Ascensione
1498 1625 1614 1663 non
1645 1612 1841 1665 multae
1862 1616 1999 1667 sunt
2022 1614 2148 1666 col-

485 1691 676 1757 lectae,
718 1694 1019 1764 eliguntur
1048 1711 1281 1766 quoque
1315 1702 1712 1768 competentes
1744 1701 1814 1754 de
1846 1702 2145 1770 paschali-

2255 636 2585 700 paruerunt
2617 628 2924 700 apostolis;
2975 630 3032 682 in
3064 629 3245 683 choro
3277 633 3709 701 responsorium,
3738 633 3837 704 Spi-

2260 719 2417 772 ritus
2446 724 2704 772 sanctus.
2730 718 3007 783 Quamvis
3030 722 3223 773 autem
3243 734 3442 773 omnes
3463 718 3596 773 Galli
3626 737 3726 775 non
3750 738 3841 775 ma-

2261 823 2521 879 gnOpere
2535 812 2738 861 curent
2755 807 2827 861 de
2845 809 3041 877 prosis
3055 808 3694 875 Teutonicorum,tamen
3706 810 3839 864 beato

2258 897 2429 951 Patre
2449 895 2691 951 Odilone
2710 897 3004 951 adnitente
3027 899 3082 951 et
3098 897 3170 951 de
3190 896 3545 950 nostratibus
3564 902 3840 967 asserente,

2259 985 2387 1039 haec
2419 986 2564 1049 sola,
2590 984 2798 1039 Sancti
2828 985 3101 1056 Spiritus
3129 985 3290 1039 adsit
3314 985 3481 1039 nobis
3508 986 3700 1056 gratia,
3722 986 3843 1040 obti-

2259 1074 2382 1127 nuit
2413 1076 2472 1127 ut
2503 1074 2559 1126 in
2591 1078 2796 1128 nostro
2846 1075 2975 1127 loco
3025 1074 3084 1127 in
3133 1075 3247 1127 isto
3290 1073 3382 1126 die
3422 1077 3740 1127 cantaretur.
3778 1076 3845 1128 Ad

2259 1162 2433 1232 cujus
2454 1177 2741 1231 vesperas
2762 1177 2944 1232 super
2967 1163 3232 1232 psalmos
3255 1165 3515 1216 cantatur
3540 1161 3782 1229 Alleluia,
3803 1166 3849 1216 ut

2259 1252 2592 1320 antiphona,
2620 1250 3061 1322 Loquebantur;
3091 1251 3164 1305 ad
3197 1251 3330 1304 Mat.
3360 1252 3418 1303 in
3448 1250 3685 1304 secunda
3715 1251 3846 1318 feria,

2260 1344 2346 1407 ut,
2399 1340 2539 1393 Cum
2572 1339 3038 1409 complerentur;
3088 1340 3159 1393 ad
3207 1341 3456 1407 tertiam,
3495 1338 3723 1409 Repleti.
3765 1340 3849 1392 His

2259 1429 2451 1483 tribus
2484 1428 2935 1497 antiphonarum
2965 1428 3236 1483 melodiis
3284 1431 3472 1483 locum
3519 1429 3685 1481 semel
3711 1443 3851 1481 acce-

2258 1522 2416 1587 ptum
2441 1533 2556 1571 non
2574 1517 2954 1586 mutantibus,
2981 1518 3049 1571 ad
3081 1518 3227 1571 alias
3260 1517 3438 1572 horas
3454 1518 3733 1570 cantautur
3747 1517 3849 1570 aliae

2260 1611 2315 1660 et
2346 1606 2417 1660 de
2446 1605 2696 1675 pascha,
2734 1609 2790 1661 et
2827 1606 2897 1660 de
2942 1605 3293 1677 Evangelio,
3337 1609 3392 1660 et
3430 1604 3498 1659 de
3538 1605 3851 1659 Ascensione

2263 1695 2520 1763 Domini;
2553 1696 2609 1747 in
2642 1696 2858 1764 quibus
2891 1698 2946 1749 et
2977 1710 3091 1748 non
3133 1695 3285 1748 alius
3316 1698 3453 1748 tunc
3482 1692 3619 1747 ordo
3645 1695 3849 1758 tenetur,

485 1780 601 1835 bus
631 1781 703 1834 ad
734 1782 880 1836 alias
915 1782 1114 1852 horas,
1146 1789 1206 1838 ut
1235 1790 1345 1849 est,
1384 1767 1764 1858 Omnipotens
1784 1792 2145 1860 sempiterno
2179 1767 2229 1827 Β
2262 1784 2375 1838 nisi
2409 1786 2739 1853 prmcentor
2760 1784 2871 1838 hoc
2894 1785 3179 1853 providet,
3201 1788 3257 1837 et
3287 1782 3594 1853 imponenti
3618 1796 3853 1851 praemon-

487 1869 666 1938 Deus,
693 1870 900 1937 deduc,
925 1875 1033 1925 etc.
1063 1872 1239 1941 Deus,
1266 1875 1365 1944 qui
1391 1875 1468 1929 ad
1493 1882 1779 1931 aeternam
1809 1880 2004 1948 vitam,
2032 1884 2143 1933 etc.

488 1958 783 2025 Praefatio,
828 1959 939 2023 Qui
963 1968 1097 2030 post
1128 1961 1672 2033 liesurreetiouem,
1708 1970 1839 2032 ete.,
1883 1984 1998 2022 non
2029 1985 2150 2022 am-

487 2046 643 2114 plius
675 2047 890 2101 dicitur
918 2064 1093 2119 quam
1124 2050 1183 2104 in
1216 2052 1406 2120 primo
1436 2054 1529 2106 die
1562 2055 1631 2108 ad
1664 2058 1969 2127 utramque
2000 2057 2148 2111 mis-

490 2151 636 2204 sam,
675 2138 731 2190 et
771 2136 829 2190 in
870 2141 1074 2192 octava
1106 2140 1175 2192 ad
1210 2142 1536 2211 utramque.
1586 2143 1920 2198 Notandum
1956 2148 2149 2199 autem

488 2226 644 2295 quod
674 2226 941 2295 psalmus
972 2228 1069 2282 Ad
1099 2228 1427 2293 Dominum,
1465 2232 1564 2302 qui
1596 2233 1655 2285 in
1686 2233 1996 2288 duodecim
2026 2236 2150 2289 lec-

488 2313 767 2383 tionibus,
791 2315 967 2370 simul
991 2333 1123 2371 cum
1147 2318 1373 2386 psalmo
1405 2318 1551 2375 Voce
1580 2338 1707 2376 mea
1738 2324 2017 2378 soletdici
2042 2341 2148 2394 pro

488 2400 685 2459 ofﬁcio
716 2402 1151 2474 defunctorum,
1175 2422 1291 2461 non
1324 2410 1417 2462 est
1443 2408 1731 2465 dicendus
1760 2413 1820 2466 in
1850 2412 1960 2466 hac
1989 2415 2149 2468 sole-

488 2490 746 2559 mnitate,
785 2507 894 2546 nec
927 2493 983 2546 in
1018 2495 1106 2547 eis
1138 2496 1453 2565 similibus,
1490 2500 1626 2568 quia
1656 2506 1711 2554 et
1739 2502 2061 2572 antiquitus
2091 2505 2150 2557 in

490 2577 705 2633 talibus
736 2579 949 2635 diebus
982 2582 1241 2637 ofﬁcium
1274 2600 1392 2639 non
1423 2587 1614 2641 tiebat.

1078 2706 1328 2762 CAPUT
1361 2710 1547 2765 XXIII

925 2795 1013 2849 De
1061 2797 1261 2868 vigilia
1302 2798 1712 2855 Pentecostes.

560 2882 624 2935 In
654 2881 855 2952 vigilia
886 2884 1269 2939 Pentecostes
1292 2890 1425 2957 post
1448 2890 1763 2958 capitulum
1794 2891 2147 2961 loquuntur;

489 2973 623 3038 post
654 2972 881 3025 tertiam
915 2974 1117 3037 silent;
1157 2978 1291 3044 post
1338 2980 1562 3031 sextam
1594 2983 1731 3033 eunt
1759 2980 1830 3033 ad
1860 2981 2005 3034 lecta
2041 2997 2149 3034 sua

490 3059 696 3112 eodem
726 3061 897 3115 modo
928 3078 1042 3133 quo
1076 3064 1134 3116 in
1164 3065 1578 3136 rogationibus
1602 3067 1831 3138 facturi,
1852 3086 2044 3139 usque
2076 3071 2147 3124 ad

488 3147 920 3204 inchoationem
953 3151 1130 3205 officii
1163 3156 1294 3207 ante
1329 3170 1540 3209 nouam
1573 3156 1906 3227 inehoandi,
1929 3160 2000 3211 de
2030 3175 2146 3229 quo

488 3237 659 3291 lectio
681 3240 887 3308 prima,
923 3239 1199 3295 Tentavit
1230 3241 1419 3312 Deus;
1453 3247 1722 3315 sequitur
1744 3248 1987 3301 collecta
2022 3250 2151 3301 sine

490 3327 861 3394 satutatione,
890 3328 1064 3393 Deus,
1096 3331 1194 3401 qui
1212 3331 1615 3387 inAbraham.
1646 3335 1848 3389 Lectio
1869 3338 2149 3403 secunda,

488 3414 751 3485 Scripsit
772 3416 1035 3487 Moyses.
1062 3419 1336 3488 Tractus,
1362 3422 1625 3476 Attende
1648 3424 1872 3478 emtum.
1897 3425 2151 3479 Colleeta

489 3501 667 3571 Deus,
690 3505 787 3574 qui
819 3520 924 3558 nos
949 3521 1064 3575 per
1089 3507 1428 3576 preplieta‘s.
1462 3510 1661 3564 Lectio
1695 3514 1883 3582 tertia,
1917 3513 2152 3584 Appre-

444 3656 455 3669 '
489 3590 751 3643 liendent
769 3598 993 3662 septem
1025 3594 1327 3649 mulieres.
1355 3596 1623 3659 Tractus,
1664 3599 1843 3654 Vinea
1862 3602 2018 3655 facta
2038 3609 2148 3657 est.

488 3678 763 3742 Collecta,
792 3679 952 3732 Dens
983 3683 1081 3752 qui
1120 3699 1223 3735 nos
1254 3684 1328 3737 ad
1358 3685 1676 3741 caelestem.
1705 3688 1905 3744 Lectio
1924 3695 2147 3761 quarta,

488 3766 646 3820 Audi
660 3767 1154 3838 Israe1.Collecta,
1176 3771 1336 3826 Deus
1355 3775 2147 3847 inconnnutabilis.Tractus,

490 3855 657 3909 Sicut
676 3872 909 3910 cervus.
926 3856 1204 3913 Colleeta.
1226 3860 1495 3917 Concede
1514 3881 1858 3935 quiescimus.
1875 3867 2152 3924 Cantatur

489 3943 699 3997 letania
741 3945 947 3999 eodem
986 3948 1159 4001 modo
1200 3965 1314 4019 quo
1347 3952 1401 4003 in
1436 3953 1656 4024 vigiliis
1700 3956 1979 4025 Paschae;
2023 3959 2150 4027 ipsa

489 4047 726 4103 quoque
764 4034 950 4088 missa
981 4052 1094 4090 non
1128 4038 1496 4095 dissimiliter
1535 4058 1640 4111 per
1670 4045 1882 4115 omnia,
1934 4052 2152 4115 praeter

489 4121 645 4191 quod
678 4121 853 4177 habet
883 4127 1114 4179 cantum
1146 4125 1483 4195 efferendae,
1520 4136 1576 4183 et
1611 4132 1766 4201 quod
1798 4135 2007 4204 Agnus
2041 4135 2153 4189 Dei

489 4210 665 4264 simul
690 4226 820 4265 cum
841 4215 1250 4269 communione
1284 4221 1374 4270 est
1405 4218 1737 4275 dicendum.
1762 4223 1908 4275 Ante
1934 4239 2149 4293 vespe-

490 4313 589 4351 ras
621 4303 903 4368 omnatur,
927 4303 998 4355 ad
1020 4318 1170 4373 quos
1202 4306 1375 4359 etiam
1407 4308 1559 4361 sicut
1585 4309 1640 4361 in
1663 4308 1918 4365 Sabbato
1942 4316 2148 4365 sancto

488 4386 701 4441 iterum
720 4404 833 4442 non
853 4390 945 4442 alii
970 4392 1178 4459 psalmi
1202 4408 1373 4463 quam
1400 4395 1634 4451 feriales
1660 4403 1795 4451 sunt
1817 4398 2069 4468 dicendi,
2092 4402 2147 4455 id

489 4478 580 4530 est
604 4475 1011 4531 Conﬁteantur
1036 4495 1047 4533 :
1084 4481 1347 4550 collecta,
1379 4483 1634 4553 Praesta,
1657 4502 2002 4557 quaesumus,
2030 4493 2143 4543 etc.

1078 4604 1330 4658 CAPUT
1369 4604 1559 4659 XXIV

453 4724 462 4732 -
488 4685 578 4741 De
590 4687 717 4758 ipso
730 4687 1304 4749 diePenlerostes.et
1319 4709 1518 4765 eaque:
1533 4695 2148 4768 sequiturSeptimana

564 4784 639 4837 Ut
668 4784 913 4856 dignum
944 4789 1062 4853 est,
1103 4788 1289 4841 sancti
1322 4787 1576 4858 Spiritus
1610 4790 1899 4845 Adventui
1933 4810 2149 4865 nequa-

488 4888 663 4944 quam
694 4874 890 4929 minus
922 4875 1187 4929 defertur
1216 4893 1389 4947 quam
1423 4882 1478 4931 et
1509 4878 1819 4933 dominicm
1854 4882 2150 4937 Ilesurre-

490 4962 723 5016 ctionis.
748 4962 813 5015 In
833 4963 929 5016 illa
950 4968 1142 5032 nocte,
1165 4967 1221 5017 et
1243 4964 1300 5018 in
1325 4965 1421 5019 illo
1445 4965 1536 5021 die
1558 4968 1840 5039 quidquid
1865 4986 1967 5039 pro
1991 4988 2153 5026 reve-

487 5050 675 5103 rentia
693 5050 1082 5106 solemnitatis
1101 5053 1407 5124 agebatur,
1424 5060 1480 5109 et
1499 5057 1556 5109 in
1580 5056 1691 5111 isto
1714 5064 1805 5111 est
1824 5060 2149 5130 agendum;

490 5139 709 5191 tantum
723 5140 796 5193 ad
816 5142 1127 5197 matutinas
1146 5146 1280 5213 post
1294 5143 1565 5215 singulas
1583 5147 1934 5216 antiphonas
1951 5164 2149 5202 earum

490 5224 741 5279 melodia
772 5243 886 5280 non
918 5229 993 5282 ita
1025 5247 1156 5284 cum
1188 5231 1419 5286 alleluia
1450 5232 1711 5287 iteratur.
1741 5236 1824 5287 Ad
1860 5238 2150 5304 vcszperti~

490 5311 683 5365 nalem
713 5317 1154 5383 processionem
1178 5335 1363 5389 resp.;
1387 5321 1457 5373 ad
1482 5323 1880 5375 matutinalem
1909 5340 2064 5392 resp.
2090 5323 2151 5377 In

491 5400 585 5454 die
616 5401 689 5455 ad
720 5401 877 5455 illam
910 5407 1356 5483 processionem
1397 5425 1513 5463 non
1552 5411 1706 5465 alius
1738 5416 1946 5464 cantus
1977 5429 2151 5481 quam

491 5489 606 5544 illae
627 5490 961 5559 antiphonaa
991 5493 1061 5547 de
1094 5494 1320 5569 Pascha
1355 5514 1545 5569 usque
1578 5499 1637 5552 in
1668 5498 2023 5553 vestibulum
2057 5516 2151 5554 ec-

491 5578 721 5645 clesiae;
754 5579 836 5633 ibi
865 5580 1087 5636 omisso
1121 5598 1321 5655 versu,
1346 5585 1724 5656 Cruci/ixum,
1751 5587 1945 5658 agitur
1977 5589 2150 5643 statio

490 5683 624 5725 eum
653 5668 987 5740 antiphona,
1018 5669 1208 5727 Hodie
1239 5674 1511 5747 completi
1540 5683 1695 5732 sunt.
1730 5676 1819 5731 Ad
1848 5677 2147 5735 introitum

2260 1876 2428 1939 strat,
2467 1876 2523 1926 ut
2571 1872 2727 1926 nulla
2757 1872 3123 1942 relinquatur
3174 1887 3306 1941 quae
3357 1887 3472 1925 non
3500 1871 3555 1924 in
3585 1870 3683 1923 hac
3709 1871 3854 1939 septi-
3914 1942 3921 1949 ο

2256 1977 2426 2015 mana
2457 1966 2792 2016 recantctur
2834 1978 2867 2014 a
2918 1962 3111 2028 nobis,
3152 1960 3426 2015 videlicet
3460 1959 3695 2030 singulis
3721 1957 3856 2027 quasi

2257 2050 2522 2104 ultimum
2554 2050 2682 2103 vale
2714 2050 2980 2103 iacturis.
3006 2050 3304 2103 Horarum
3334 2049 3527 2119 hymni
3556 2048 3742 2101 iterum
3767 2061 3856 2100 non

2258 2142 2456 2192 carent
2484 2154 2598 2192 uno
2621 2154 2798 2193 versu
2823 2139 3227 2208 superaddite,
3249 2138 3479 2192 scilicet
3508 2136 3615 2205 hic,
3638 2135 3853 2200 Christe,

2259 2243 2410 2281 nunc
2432 2227 2734 2298 piissime;
2768 2231 2842 2296 et,
2880 2228 2975 2281 Sit
3006 2227 3136 2281 laus
3165 2226 3364 2281 Patri.

2855 2325 3107 2379 CAPUT
3156 2324 3320 2378 XXV

2623 2396 2712 2452 De
2751 2403 2960 2453 octavo
2997 2397 3096 2451 die
3135 2396 3549 2451 Pentecostes.

2324 2485 2580 2540 Octavus
2612 2486 2741 2539 dies
2776 2488 3158 2539 Pentecostes
3203 2501 3323 2539 non
3373 2489 3490 2538 tam
3531 2498 3628 2554 pro
3666 2484 3858 2543 octavo,

2256 2591 2430 2646 quam
2461 2591 2569 2645 pro
2602 2576 3157 2629 commemoratione
3188 2577 3415 2628 sanetae
3443 2570 3722 2625 Trinitatis
3747 2566 3863 2621 cele-

2255 2666 2479 2719 bratur.
2500 2664 2589 2717 Ad
2606 2664 2779 2733 cujus
2800 2665 2973 2717 etiam
3003 2664 3235 2732 priores
3257 2677 3564 2733 vesperae,
3586 2658 3728 2731 quod
3747 2656 3860 2709 alias

2234 2768 2388 2806 iraro
2402 2754 2529 2807 ﬁeri
2547 2752 2717 2820 solet,
2736 2768 2919 2821 super
2936 2751 3211 2822 singulos
3229 2750 3496 2819 psalmos
3518 2746 3748 2819 singulae
3761 2759 3861 2797 can-

2255 2844 2452 2895 tantur
2497 2842 2830 2911 antiphonaa
2879 2842 2951 2895 de
3010 2844 3215 2895 saneta
3259 2840 3559 2894 Trinitate.
3588 2833 3864 2905 Capitulum

2254 2933 2371 2983 tam
2402 2930 2471 2983 ad
2504 2945 2787 2999 vesperae
2818 2945 2993 3000 quam
3024 2929 3096 2982 ad
3129 2929 3449 2982 matutinas
3482 2925 3694 2993 laudes,
3716 2926 3765 2976 et
3787 2920 3863 2974 ad-

2257 3018 2371 3072 huc
2395 3018 2567 3072 etiam
2598 3018 2669 3071 ad
2702 3018 2949 3086 tertiam,
2976 3016 3347 3071 Benedictio.
3376 3021 3435 3069 et
3456 3014 3705 3081 claritas,
3730 3016 3867 3064 etsao

2183 3100 2232 3160 C
2253 3108 2511 3178 pientia;
2548 3107 2818 3177 hymnus,
2850 3105 2895 3159 0
2926 3106 3029 3159 lux
3055 3105 3230 3159 beata
3263 3104 3547 3158 Trinitas.
3571 3097 3863 3170 Evangelio,

2258 3196 2411 3249 Erat
2436 3197 2602 3250 homo
2632 3212 2709 3249 ex
2736 3194 3092 3258 Pliariszeis,
3116 3194 3515 3263 pronuntiato,
3539 3191 3687 3246 nulla
3712 3192 3867 3242 tamen

2259 3284 2394 3354 ejus
2428 3285 2663 3338 homilia
2695 3284 2930 3355 legitur,
2952 3283 3054 3336 sed
3083 3297 3279 3335 sermo
3314 3283 3504 3336 sancti
3521 3278 3767 3351 Gregorii
3785 3274 3870 3372 Na-

2259 3374 2518 3427 zianzeni
2537 3372 2879 3439 seilicet,De
2891 3371 3269 3426 solemnitate
3282 3369 3868 3425 liodierna.Processio

2261 3478 2393 3515 cum
2425 3462 2806 3531 responsorio
2839 3460 2911 3513 ad
2952 3464 3215 3514 sanetam
3246 3460 3531 3527 Crucem;
3563 3458 3705 3510 sicut
3731 3453 3869 3507 etiam

2258 3554 2393 3620 post
2409 3551 2718 3604 matutinas
2741 3549 2965 3603 laudes.
2982 3549 3070 3602 Ad
3088 3551 3437 3615 nocturnos,
3454 3547 3551 3615 Tu,
3582 3541 3868 3603 Trinitatis,

2263 3640 2486 3708 unitas;
2512 3639 2581 3693 ad
2605 3639 2829 3708 laudes,
2853 3637 3149 3709 Splendor
3173 3642 3448 3707 paternae
3467 3636 3694 3707 glorias;
3713 3636 3869 3685 tamen

2260 3745 2393 3783 cum
2434 3728 2789 3782 solemniore
2828 3726 3077 3780 melodia
3113 3741 3288 3795 quam
3330 3724 3680 3795 quotidiana.
3709 3719 3870 3783 Quan-

2258 3833 2431 3888 quam
2463 3817 2695 3870 illorum
2726 3816 3076 3885 hymnorum
3114 3814 3366 3869 melodia
3417 3814 3517 3883 qui
3570 3813 3805 3865 cantatur
3826 3807 3870 3857 in

2263 3906 2488 3960 Pascha
2510 3906 2585 3959 ita
2614 3905 2691 3958 sit
2721 3902 2890 3973 plana
2923 3908 2979 3957 et
3008 3903 3064 3956 in
3094 3903 3407 3969 directum,
3426 3906 3484 3956 et
3506 3902 3561 3955 in
3584 3902 3705 3970 ipso
3733 3907 3870 3950 sacro

2259 3999 2480 4049 sanctae
2506 3994 2823 4048 Dominicae
2846 3991 3325 4046 Resurrectionis
3354 4007 3473 4045 non
3507 3989 3688 4061 magis
3704 3985 3873 4039 solem-

2258 4084 2352 4137 nis
2383 4099 2553 4153 quam
2590 4081 2642 4135 si
2674 4081 2846 4135 iidem
2872 4079 3067 4151 hymni
3102 4080 3172 4132 ad
3202 4079 3484 4149 aliquem,
3510 4081 3569 4132 ut
3599 4079 3669 4130 ita
3698 4075 3869 4135 dicam,

2259 4172 2551 4241 privatum
2587 4170 2739 4224 diem
2772 4169 3160 4239 pertinerent;
3193 4168 3351 4238 quod
3383 4167 3558 4222 nobis
3586 4164 3826 4220 relictum
3850 4173 3873 4209 θ

2260 4260 2632 4330 simplicitate
2666 4259 2966 4313 seniorum
2989 4261 3325 4311 noztrorum
3342 4256 3550 4315 adhuc
3572 4256 3643 4308 ita
3662 4252 3874 4342 tenetur,

2262 4352 2317 4401 ct
2339 4348 2390 4401 si
2413 4364 2525 4418 qua
2549 4362 2805 4417 persona
2828 4351 2989 4401 esset
3012 4346 3236 4413 idonea,
3263 4362 3396 4416 quae
3422 4346 3477 4399 id
3499 4345 3701 4398 domno
3717 4337 3878 4392 abbati

2178 4441 2228 4500 D
2263 4440 2615 4508 suggereret
2633 4441 2687 4490 et
2712 4436 3005 4503 suaderet,
3029 4434 3308 4488 fortassis
3332 4434 3629 4488 emendari
3653 4427 3875 4499 juberet,

2262 4526 2415 4578 sicut
2444 4528 2498 4579 et
2530 4525 2600 4578 de
2632 4524 2831 4579 multis
2853 4524 3127 4593 aliisjam
3148 4523 3305 4576 fecit.
3332 4523 3393 4575 In
3429 4523 3522 4575 die
3554 4522 3734 4573 autem
3751 4528 3878 4585 pra!-

2260 4615 2375 4667 fato
2417 4614 2602 4667 missa
2644 4613 3000 4666 matutinalis
3051 4616 3141 4666 est
3189 4611 3261 4665 de
3310 4610 3529 4680 Spiritu
3580 4598 3879 4672 sancto;ad

2257 4719 2431 4773 quam
2462 4702 2558 4755 illa
2600 4702 2868 4771 praefatio
2908 4716 3026 4755 non
3066 4700 3380 4767 omittitur,
3440 4698 3552 4764 Qui
3590 4690 3880 4749 ascendens

2256 4806 2435 4861 super
2448 4806 2649 4844 omnes
2667 4790 2867 4859 caelos;
2894 4791 3046 4843 sicut
3064 4789 3237 4843 etiam
3255 4804 3361 4858 per
3380 4791 3561 4841 totam
3584 4780 3879 4855 praeceden-

2255 4884 2370 4933 tem
2404 4879 2787 4948 septimanam
2809 4878 2880 4932 ad
2912 4882 3219 4947 utramque
3250 4877 3521 4929 missam.
3558 4873 3639 4927 Ad
3668 4879 3878 4941 proces-

2256 4967 2484 5022 sionem
2514 4983 2619 5037 per
2650 4967 2993 5036 claustrum,
3016 4971 3074 5020 et
3099 4966 3170 5020 ad
3201 4965 3518 5019 stationem
3542 4964 3599 5016 in
3622 4953 3879 5014 vestibulo

2254 5056 2547 5125 ecclesiae,
2568 5056 2824 5124 idipsum
2849 5057 3116 5109 cantatur
3137 5054 3293 5125 quod
3316 5054 3371 5106 in
3393 5054 3596 5123 priore
3615 5042 3879 5139 Dominira

2253 5145 2322 5198 ad
2346 5147 2609 5198 sanctam
2625 5145 2905 5212 Crucem;
2935 5148 2991 5197 et
3007 5144 3066 5197 in
3091 5143 3333 5197 chorum
3353 5158 3489 5196 cum
3508 5131 3880 5208 responsoriis

2253 5250 2385 5303 quae
2407 5235 2522 5287 sint
2544 5233 2614 5287 de
2634 5237 2835 5286 saneta
2848 5233 3146 5301 Trinitate,
3165 5231 3407 5285 reditur.
3424 5231 3612 5283 Missa
3634 5224 3808 5294 major
3823 5218 3879 5270 de

2254 5327 2455 5376 sancta
2479 5322 2780 5388 Trinitate,
2805 5320 2909 5375 sed
2943 5321 3171 5392 absque
3202 5320 3487 5391 gradualc
3517 5333 3647 5371 eum
3680 5310 3880 5367 duobus

2255 5410 2505 5466 alleluia.
2530 5410 2615 5464 Ad
2641 5413 2866 5464 sextam
2882 5410 3052 5480 capit.
3075 5409 3281 5463 Gratia
3306 5407 3544 5461 Domini
3558 5403 3769 5463 nostri;
3791 5392 3883 5449 col-

2253 5500 2421 5569 lecta,
2447 5498 2693 5553 Domine
2723 5498 2902 5566 Deus,
2939 5497 3128 5551 Pater
3158 5497 3545 5567 omnipotens.
3582 5491 3667 5546 Ad
3698 5495 3881 5543 nonam

2258 5588 2440 5643 Omne
2464 5588 2613 5660 quod
2636 5592 2852 5658 natum,
2873 5588 2966 5640 vel
2989 5587 3167 5656 aliud,
3200 5585 3346 5640 Tres
3366 5589 3506 5637 sunt
3529 5582 3628 5653 qui
3646 5575 3881 5673 ξειςεὶφο-

2255 5678 2440 5748 nium;
2466 5676 2729 5746 collecta,
2747 5676 2910 5731 Ment
2918 5690 2983 5729 es
3002 5680 3258 5745 nostras,
3276 5685 3626 5749 quaesumus,
3643 5666 3878 5723 Domine»
