  <div class='ocr_page' id='page_1' title='image "/cluster/home/n/w/nwhite01/storage/ocr_20150623/149/hvd.32044054760079/342.png"; bbox 0 0 4028 6176; ppageno 0'>
   <div class='ocr_carea' id='block_1_1' title="bbox 195 339 297 402">
    <p class='ocr_par' dir='ltr' id='par_1_1' title="bbox 195 339 297 402">
     <span class='ocr_line' id='line_1_1' title="bbox 195 339 297 402; baseline -0.02 0"><span class='ocrx_word' id='word_1_1' title='bbox 195 339 297 402; x_wconf 88' lang='lat'><strong>673</strong></span> 
     </span>
    </p>
   </div>
   <div class='ocr_carea' id='block_1_2' title="bbox 761 328 2987 397">
    <p class='ocr_par' dir='ltr' id='par_1_2' title="bbox 761 328 2987 397">
     <span class='ocr_line' id='line_1_2' title="bbox 761 328 2987 397; baseline -0.003 -1"><span class='ocrx_word' id='word_1_2' title='bbox 761 328 1473 397; x_wconf 86' lang='lat' dir='ltr'><strong>CONSUETUDINES</strong></span> <span class='ocrx_word' id='word_1_3' title='bbox 1516 328 2176 395; x_wconf 86' lang='lat' dir='ltr'><strong>CLUNIACENSES.</strong></span> <span class='ocrx_word' id='word_1_4' title='bbox 2228 366 2302 378; x_wconf 90' lang='lat'><strong><em>—</em></strong></span> <span class='ocrx_word' id='word_1_5' title='bbox 2345 329 2601 394; x_wconf 87' lang='lat' dir='ltr'><strong>LIBER</strong></span> <span class='ocrx_word' id='word_1_6' title='bbox 2642 334 2987 397; x_wconf 89' lang='lat' dir='ltr'><strong>PRIMUS.</strong></span> 
     </span>
    </p>
   </div>
   <div class='ocr_carea' id='block_1_3' title="bbox 3472 318 3592 397">
    <p class='ocr_par' dir='ltr' id='par_1_3' title="bbox 3472 318 3592 397">
     <span class='ocr_line' id='line_1_3' title="bbox 3472 318 3592 397; baseline -0.017 -1"><span class='ocrx_word' id='word_1_7' title='bbox 3472 318 3592 397; x_wconf 72' lang='lat' dir='ltr'><strong>e74</strong></span> 
     </span>
    </p>
   </div>
   <div class='ocr_carea' id='block_1_4' title="bbox 194 514 3584 605">
    <p class='ocr_par' dir='ltr' id='par_1_4' title="bbox 194 514 3584 605">
     <span class='ocr_line' id='line_1_4' title="bbox 194 514 3584 605; baseline -0 -14"><span class='ocrx_word' id='word_1_8' title='bbox 194 537 266 591; x_wconf 81' lang='lat' dir='ltr'><strong>Ad</strong></span> <span class='ocrx_word' id='word_1_9' title='bbox 293 535 574 590; x_wconf 89' lang='lat' dir='ltr'><strong>secundas</strong></span> <span class='ocrx_word' id='word_1_10' title='bbox 608 535 905 605; x_wconf 88' lang='lat' dir='ltr'><strong>Vesperas</strong></span> <span class='ocrx_word' id='word_1_11' title='bbox 939 535 995 587; x_wconf 91' lang='lat' dir='ltr'><strong>in</strong></span> <span class='ocrx_word' id='word_1_12' title='bbox 1017 534 1218 588; x_wconf 83' lang='lat' dir='ltr'><strong>ultima</strong></span> <span class='ocrx_word' id='word_1_13' title='bbox 1242 531 1701 602; x_wconf 89' lang='lat' dir='ltr'><strong>superpsalmos</strong></span> <span class='ocrx_word' id='word_1_14' title='bbox 1725 546 1819 585; x_wconf 83' lang='lat' dir='ltr'><strong>an-</strong></span> <span class='ocrx_word' id='word_1_15' title='bbox 1863 514 1893 566; x_wconf 52' lang='grc' dir='ltr'><strong>θ’</strong></span> <span class='ocrx_word' id='word_1_16' title='bbox 1934 546 2067 583; x_wconf 90' lang='lat' dir='ltr'><strong>cum</strong></span> <span class='ocrx_word' id='word_1_17' title='bbox 2116 530 2309 584; x_wconf 90' lang='lat' dir='ltr'><strong>visum</strong></span> <span class='ocrx_word' id='word_1_18' title='bbox 2364 530 2557 596; x_wconf 90' lang='lat' dir='ltr'><strong>fuerit,</strong></span> <span class='ocrx_word' id='word_1_19' title='bbox 2606 530 2877 599; x_wconf 77' lang='lat' dir='ltr'><strong>pulsatur</strong></span> <span class='ocrx_word' id='word_1_20' title='bbox 2922 532 3160 603; x_wconf 85' lang='lat' dir='ltr'><strong>signum</strong></span> <span class='ocrx_word' id='word_1_21' title='bbox 3210 535 3277 587; x_wconf 89' lang='lat' dir='ltr'><strong>ad</strong></span> <span class='ocrx_word' id='word_1_22' title='bbox 3324 535 3584 590; x_wconf 77' lang='lat' dir='ltr'><strong>tertiam:</strong></span> 
     </span>
    </p>
   </div>
   <div class='ocr_carea' id='block_1_5' title="bbox 190 619 1815 696">
    <p class='ocr_par' dir='ltr' id='par_1_5' title="bbox 190 619 1815 696">
     <span class='ocr_line' id='line_1_5' title="bbox 190 619 1815 696; baseline -0.005 -17"><span class='ocrx_word' id='word_1_23' title='bbox 190 624 423 696; x_wconf 86' lang='lat' dir='ltr'><strong>tiphona,</strong></span> <span class='ocrx_word' id='word_1_24' title='bbox 458 638 569 677; x_wconf 88' lang='lat' dir='ltr'><strong>non</strong></span> <span class='ocrx_word' id='word_1_25' title='bbox 603 626 741 677; x_wconf 90' lang='lat' dir='ltr'><strong>sunt</strong></span> <span class='ocrx_word' id='word_1_26' title='bbox 770 623 883 676; x_wconf 90' lang='lat' dir='ltr'><strong>alia</strong></span> <span class='ocrx_word' id='word_1_27' title='bbox 912 623 1093 677; x_wconf 86' lang='lat' dir='ltr'><strong>verba</strong></span> <span class='ocrx_word' id='word_1_28' title='bbox 1135 636 1309 693; x_wconf 89' lang='lat' dir='ltr'><strong>quam</strong></span> <span class='ocrx_word' id='word_1_29' title='bbox 1353 620 1512 673; x_wconf 91' lang='lat' dir='ltr'><strong>illius</strong></span> <span class='ocrx_word' id='word_1_30' title='bbox 1561 619 1815 689; x_wconf 90' lang='lat' dir='ltr'><strong>capituli,</strong></span> 
     </span>
    </p>
   </div>
   <div class='ocr_carea' id='block_1_6' title="bbox 189 707 1814 781">
    <p class='ocr_par' dir='ltr' id='par_1_6' title="bbox 189 707 1814 781">
     <span class='ocr_line' id='line_1_6' title="bbox 189 707 1814 781; baseline -0.006 -12"><span class='ocrx_word' id='word_1_31' title='bbox 189 713 509 770; x_wconf 80' lang='lat' dir='ltr'><strong>Benedictio</strong></span> <span class='ocrx_word' id='word_1_32' title='bbox 528 718 586 766; x_wconf 86' lang='lat' dir='ltr'><strong>et</strong></span> <span class='ocrx_word' id='word_1_33' title='bbox 605 712 881 776; x_wconf 79' lang='lat' dir='ltr'><strong>claritas;</strong></span> <span class='ocrx_word' id='word_1_34' title='bbox 902 715 1209 781; x_wconf 78' lang='lat' dir='ltr'><strong>propterea</strong></span> <span class='ocrx_word' id='word_1_35' title='bbox 1228 713 1481 763; x_wconf 88' lang='lat' dir='ltr'><strong>mutatur</strong></span> <span class='ocrx_word' id='word_1_36' title='bbox 1501 707 1814 776; x_wconf 79' lang='lat' dir='ltr'><strong>capitulum</strong></span> 
     </span>
    </p>
   </div>
   <div class='ocr_carea' id='block_1_7' title="bbox 188 795 1815 868">
    <p class='ocr_par' dir='ltr' id='par_1_7' title="bbox 188 795 1815 868">
     <span class='ocr_line' id='line_1_7' title="bbox 188 795 1815 868; baseline -0.004 -12"><span class='ocrx_word' id='word_1_37' title='bbox 188 807 239 857; x_wconf 87' lang='lat' dir='ltr'><strong>ut</strong></span> <span class='ocrx_word' id='word_1_38' title='bbox 264 803 494 868; x_wconf 75' lang='lat' dir='ltr'><strong>dicatur,</strong></span> <span class='ocrx_word' id='word_1_39' title='bbox 531 800 897 855; x_wconf 77' lang='lat' dir='ltr'><strong>Benedictus</strong></span> <span class='ocrx_word' id='word_1_40' title='bbox 930 801 1087 854; x_wconf 84' lang='lat' dir='ltr'><strong>Deus</strong></span> <span class='ocrx_word' id='word_1_41' title='bbox 1127 806 1187 853; x_wconf 85' lang='lat' dir='ltr'><strong>ct</strong></span> <span class='ocrx_word' id='word_1_42' title='bbox 1228 799 1433 852; x_wconf 84' lang='lat' dir='ltr'><strong>Pater.</strong></span> <span class='ocrx_word' id='word_1_43' title='bbox 1468 798 1550 849; x_wconf 92' lang='lat' dir='ltr'><strong>De</strong></span> <span class='ocrx_word' id='word_1_44' title='bbox 1597 795 1815 866; x_wconf 81' lang='lat' dir='ltr'><strong>Spiritu</strong></span> 
     </span>
    </p>
   </div>
   <div class='ocr_carea' id='block_1_8' title="bbox 188 884 1813 959">
    <p class='ocr_par' dir='ltr' id='par_1_8' title="bbox 188 884 1813 959">
     <span class='ocr_line' id='line_1_8' title="bbox 188 884 1813 959; baseline -0.007 -13"><span class='ocrx_word' id='word_1_45' title='bbox 188 896 368 946; x_wconf 86' lang='lat' dir='ltr'><strong>sancto</strong></span> <span class='ocrx_word' id='word_1_46' title='bbox 396 892 664 944; x_wconf 79' lang='lat' dir='ltr'><strong>cantatur</strong></span> <span class='ocrx_word' id='word_1_47' title='bbox 685 889 1021 959; x_wconf 88' lang='lat' dir='ltr'><strong>antiphona,</strong></span> <span class='ocrx_word' id='word_1_48' title='bbox 1050 888 1239 941; x_wconf 84' lang='lat' dir='ltr'><strong>Hodie</strong></span> <span class='ocrx_word' id='word_1_49' title='bbox 1261 885 1534 957; x_wconf 83' lang='lat' dir='ltr'><strong>completi</strong></span> <span class='ocrx_word' id='word_1_50' title='bbox 1554 890 1715 937; x_wconf 85' lang='lat' dir='ltr'><strong>sunt:</strong></span> <span class='ocrx_word' id='word_1_51' title='bbox 1742 884 1813 936; x_wconf 85' lang='lat' dir='ltr'><strong>de</strong></span> 
     </span>
    </p>
   </div>
   <div class='ocr_carea' id='block_1_9' title="bbox 187 973 1809 1048">
    <p class='ocr_par' dir='ltr' id='par_1_9' title="bbox 187 973 1809 1048">
     <span class='ocr_line' id='line_1_9' title="bbox 187 973 1809 1048; baseline -0.006 -14"><span class='ocrx_word' id='word_1_52' title='bbox 187 984 365 1034; x_wconf 86' lang='lat' dir='ltr'><strong>sancta</strong></span> <span class='ocrx_word' id='word_1_53' title='bbox 396 993 596 1047; x_wconf 87' lang='lat' dir='ltr'><strong>cruce,</strong></span> <span class='ocrx_word' id='word_1_54' title='bbox 629 979 721 1031; x_wconf 84' lang='lat' dir='ltr'><strong>vel</strong></span> <span class='ocrx_word' id='word_1_55' title='bbox 754 979 954 1048; x_wconf 88' lang='lat' dir='ltr'><strong>potius</strong></span> <span class='ocrx_word' id='word_1_56' title='bbox 984 978 1056 1031; x_wconf 91' lang='lat' dir='ltr'><strong>de</strong></span> <span class='ocrx_word' id='word_1_57' title='bbox 1081 976 1539 1031; x_wconf 81' lang='lat' dir='ltr'><strong>Resurrectione</strong></span> <span class='ocrx_word' id='word_1_58' title='bbox 1562 973 1809 1041; x_wconf 87' lang='lat' dir='ltr'><strong>Domini,</strong></span> 
     </span>
    </p>
   </div>
   <div class='ocr_carea' id='block_1_10' title="bbox 188 1060 1813 1139">
    <p class='ocr_par' dir='ltr' id='par_1_10' title="bbox 188 1060 1813 1139">
     <span class='ocr_line' id='line_1_10' title="bbox 188 1060 1813 1139; baseline -0.006 -16"><span class='ocrx_word' id='word_1_59' title='bbox 188 1069 440 1123; x_wconf 83' lang='lat' dir='ltr'><strong>Christus</strong></span> <span class='ocrx_word' id='word_1_60' title='bbox 459 1081 811 1139; x_wconf 82' lang='lat' dir='ltr'><strong>resurgens,</strong></span> <span class='ocrx_word' id='word_1_61' title='bbox 837 1066 1225 1136; x_wconf 81' lang='lat' dir='ltr'><strong>sequentibus</strong></span> <span class='ocrx_word' id='word_1_62' title='bbox 1246 1062 1661 1117; x_wconf 79' lang='lat' dir='ltr'><strong>consentaneis</strong></span> <span class='ocrx_word' id='word_1_63' title='bbox 1696 1060 1813 1115; x_wconf 90' lang='lat' dir='ltr'><strong>col-</strong></span> 
     </span>
    </p>
   </div>
   <div class='ocr_carea' id='block_1_11' title="bbox 185 1157 347 1211">
    <p class='ocr_par' dir='ltr' id='par_1_11' title="bbox 185 1157 347 1211">
     <span class='ocr_line' id='line_1_11' title="bbox 185 1157 347 1211; baseline -0.012 0"><span class='ocrx_word' id='word_1_64' title='bbox 185 1157 347 1211; x_wconf 86' lang='lat' dir='ltr'><strong>lectis.</strong></span> 
     </span>
    </p>
   </div>
   <div class='ocr_carea' id='block_1_12' title="bbox 728 1259 1231 1315">
    <p class='ocr_par' dir='ltr' id='par_1_12' title="bbox 728 1259 1231 1315">
     <span class='ocr_line' id='line_1_12' title="bbox 728 1259 1231 1315; baseline -0.004 0"><span class='ocrx_word' id='word_1_65' title='bbox 728 1260 981 1315; x_wconf 82' lang='lat' dir='ltr'><strong>CAPUT</strong></span> <span class='ocrx_word' id='word_1_66' title='bbox 1023 1259 1231 1313; x_wconf 81' lang='lat' dir='ltr'><strong>XXVI.</strong></span> 
     </span>
    </p>
   </div>
   <div class='ocr_carea' id='block_1_13' title="bbox 215 1347 1762 1422">
    <p class='ocr_par' dir='ltr' id='par_1_13' title="bbox 215 1347 1762 1422">
     <span class='ocr_line' id='line_1_13' title="bbox 215 1347 1762 1422; baseline -0.005 -17"><span class='ocrx_word' id='word_1_67' title='bbox 215 1352 291 1405; x_wconf 90' lang='lat' dir='ltr'><strong>De</strong></span> <span class='ocrx_word' id='word_1_68' title='bbox 318 1350 567 1421; x_wconf 81' lang='lat' dir='ltr'><strong>septima</strong></span> <span class='ocrx_word' id='word_1_69' title='bbox 598 1356 884 1422; x_wconf 81' lang='lat' dir='ltr'><strong>sequente</strong></span> <span class='ocrx_word' id='word_1_70' title='bbox 913 1355 1046 1419; x_wconf 85' lang='lat' dir='ltr'><strong>post</strong></span> <span class='ocrx_word' id='word_1_71' title='bbox 1079 1356 1320 1403; x_wconf 81' lang='lat' dir='ltr'><strong>octavas</strong></span> <span class='ocrx_word' id='word_1_72' title='bbox 1350 1347 1762 1401; x_wconf 83' lang='lat' dir='ltr'><strong>Pcntecostcs.</strong></span> 
     </span>
    </p>
   </div>
   <div class='ocr_carea' id='block_1_14' title="bbox 234 1452 1814 1528">
    <p class='ocr_par' dir='ltr' id='par_1_14' title="bbox 234 1452 1814 1528">
     <span class='ocr_line' id='line_1_14' title="bbox 234 1452 1814 1528; baseline -0.005 -15"><span class='ocrx_word' id='word_1_73' title='bbox 234 1457 644 1528; x_wconf 78' lang='lat' dir='ltr'><strong>Interrogatio.</strong></span> <span class='ocrx_word' id='word_1_74' title='bbox 662 1457 857 1528; x_wconf 85' lang='lat' dir='ltr'><strong>Agitis</strong></span> <span class='ocrx_word' id='word_1_75' title='bbox 881 1459 1121 1509; x_wconf 84' lang='lat' dir='ltr'><strong>octavas</strong></span> <span class='ocrx_word' id='word_1_76' title='bbox 1155 1456 1226 1509; x_wconf 85' lang='lat' dir='ltr'><strong>de</strong></span> <span class='ocrx_word' id='word_1_77' title='bbox 1249 1454 1457 1509; x_wconf 86' lang='lat' dir='ltr'><strong>Sancta</strong></span> <span class='ocrx_word' id='word_1_78' title='bbox 1493 1452 1814 1507; x_wconf 72' lang='lat' dir='ltr'><strong>Trinitate‘.’</strong></span> 
     </span>
    </p>
   </div>
   <div class='ocr_carea' id='block_1_15' title="bbox 231 1542 1814 1617">
    <p class='ocr_par' dir='ltr' id='par_1_15' title="bbox 231 1542 1814 1617">
     <span class='ocr_line' id='line_1_15' title="bbox 231 1542 1814 1617; baseline -0.004 -17"><span class='ocrx_word' id='word_1_79' title='bbox 231 1547 568 1617; x_wconf 82' lang='lat' dir='ltr'><strong>Responsio.</strong></span> <span class='ocrx_word' id='word_1_80' title='bbox 602 1546 863 1599; x_wconf 83' lang='lat' dir='ltr'><strong>Minime.</strong></span> <span class='ocrx_word' id='word_1_81' title='bbox 899 1545 1090 1615; x_wconf 82' lang='lat' dir='ltr'><strong>Major</strong></span> <span class='ocrx_word' id='word_1_82' title='bbox 1117 1547 1310 1597; x_wconf 87' lang='lat' dir='ltr'><strong>tamen</strong></span> <span class='ocrx_word' id='word_1_83' title='bbox 1334 1542 1519 1597; x_wconf 92' lang='lat' dir='ltr'><strong>missa</strong></span> <span class='ocrx_word' id='word_1_84' title='bbox 1550 1545 1814 1595; x_wconf 86' lang='lat' dir='ltr'><strong>cantatur</strong></span> 
     </span>
    </p>
   </div>
   <div class='ocr_carea' id='block_1_16' title="bbox 172 1628 1813 1707">
    <p class='ocr_par' dir='ltr' id='par_1_16' title="bbox 172 1628 1813 1707">
     <span class='ocr_line' id='line_1_16' title="bbox 172 1628 1813 1707; baseline -0.005 -16"><span class='ocrx_word' id='word_1_85' title='bbox 172 1652 260 1707; x_wconf 87' lang='lat' dir='ltr'><strong>per</strong></span> <span class='ocrx_word' id='word_1_86' title='bbox 284 1637 455 1689; x_wconf 89' lang='lat' dir='ltr'><strong>totam</strong></span> <span class='ocrx_word' id='word_1_87' title='bbox 490 1635 879 1705; x_wconf 84' lang='lat' dir='ltr'><strong>septimanam</strong></span> <span class='ocrx_word' id='word_1_88' title='bbox 930 1635 1000 1688; x_wconf 90' lang='lat' dir='ltr'><strong>de</strong></span> <span class='ocrx_word' id='word_1_89' title='bbox 1050 1636 1253 1687; x_wconf 86' lang='lat' dir='ltr'><strong>sancta</strong></span> <span class='ocrx_word' id='word_1_90' title='bbox 1301 1632 1602 1697; x_wconf 87' lang='lat' dir='ltr'><strong>Trinitatc,</strong></span> <span class='ocrx_word' id='word_1_91' title='bbox 1638 1634 1692 1683; x_wconf 90' lang='lat' dir='ltr'><strong>ct</strong></span> <span class='ocrx_word' id='word_1_92' title='bbox 1740 1628 1813 1684; x_wconf 83' lang='lat' dir='ltr'><strong>ad</strong></span> 
     </span>
    </p>
   </div>
   <div class='ocr_carea' id='block_1_17' title="bbox 171 1718 1813 1793">
    <p class='ocr_par' dir='ltr' id='par_1_17' title="bbox 171 1718 1813 1793">
     <span class='ocr_line' id='line_1_17' title="bbox 171 1718 1813 1793; baseline -0.004 -16"><span class='ocrx_word' id='word_1_93' title='bbox 171 1739 430 1793; x_wconf 81' lang='lat' dir='ltr'><strong>vesperas</strong></span> <span class='ocrx_word' id='word_1_94' title='bbox 463 1739 653 1793; x_wconf 89' lang='lat' dir='ltr'><strong>super</strong></span> <span class='ocrx_word' id='word_1_95' title='bbox 684 1722 974 1777; x_wconf 81' lang='lat' dir='ltr'><strong>canticum</strong></span> <span class='ocrx_word' id='word_1_96' title='bbox 1008 1721 1315 1792; x_wconf 79' lang='lat' dir='ltr'><strong>Evangelii</strong></span> <span class='ocrx_word' id='word_1_97' title='bbox 1346 1721 1615 1773; x_wconf 84' lang='lat' dir='ltr'><strong>cantatur</strong></span> <span class='ocrx_word' id='word_1_98' title='bbox 1662 1718 1813 1772; x_wconf 79' lang='lat' dir='ltr'><strong>anti-</strong></span> 
     </span>
    </p>
   </div>
   <div class='ocr_carea' id='block_1_18' title="bbox 170 1808 1811 1884">
    <p class='ocr_par' dir='ltr' id='par_1_18' title="bbox 170 1808 1811 1884">
     <span class='ocr_line' id='line_1_18' title="bbox 170 1808 1811 1884; baseline -0.005 -17"><span class='ocrx_word' id='word_1_99' title='bbox 170 1812 357 1884; x_wconf 89' lang='lat' dir='ltr'><strong>phona.</strong></span> <span class='ocrx_word' id='word_1_100' title='bbox 398 1812 729 1882; x_wconf 83' lang='lat' dir='ltr'><strong>Postquam</strong></span> <span class='ocrx_word' id='word_1_101' title='bbox 779 1812 906 1865; x_wconf 88' lang='lat' dir='ltr'><strong>sola</strong></span> <span class='ocrx_word' id='word_1_102' title='bbox 940 1810 1243 1864; x_wconf 89' lang='lat' dir='ltr'><strong>Dominica</strong></span> <span class='ocrx_word' id='word_1_103' title='bbox 1290 1808 1465 1862; x_wconf 90' lang='lat' dir='ltr'><strong>fuerit</strong></span> <span class='ocrx_word' id='word_1_104' title='bbox 1493 1810 1811 1874; x_wconf 85' lang='lat' dir='ltr'><strong>transacta,</strong></span> 
     </span>
    </p>
   </div>
   <div class='ocr_carea' id='block_1_19' title="bbox 170 1894 1813 1971">
    <p class='ocr_par' dir='ltr' id='par_1_19' title="bbox 170 1894 1813 1971">
     <span class='ocr_line' id='line_1_19' title="bbox 170 1894 1813 1971; baseline -0.004 -18"><span class='ocrx_word' id='word_1_105' title='bbox 170 1904 337 1955; x_wconf 88' lang='lat' dir='ltr'><strong>statim</strong></span> <span class='ocrx_word' id='word_1_106' title='bbox 368 1901 640 1955; x_wconf 89' lang='lat' dir='ltr'><strong>redimus</strong></span> <span class='ocrx_word' id='word_1_107' title='bbox 673 1900 743 1953; x_wconf 92' lang='lat' dir='ltr'><strong>ad</strong></span> <span class='ocrx_word' id='word_1_108' title='bbox 773 1903 1026 1971; x_wconf 82' lang='lat' dir='ltr'><strong>quatuor</strong></span> <span class='ocrx_word' id='word_1_109' title='bbox 1070 1899 1337 1969; x_wconf 89' lang='lat' dir='ltr'><strong>psalmos</strong></span> <span class='ocrx_word' id='word_1_110' title='bbox 1386 1913 1492 1967; x_wconf 91' lang='lat' dir='ltr'><strong>per</strong></span> <span class='ocrx_word' id='word_1_111' title='bbox 1539 1894 1813 1966; x_wconf 88' lang='lat' dir='ltr'><strong>singulas</strong></span> 
     </span>
    </p>
   </div>
   <div class='ocr_carea' id='block_1_20' title="bbox 169 1983 1811 2057">
    <p class='ocr_par' dir='ltr' id='par_1_20' title="bbox 169 1983 1811 2057">
     <span class='ocr_line' id='line_1_20' title="bbox 169 1983 1811 2057; baseline -0.004 -14"><span class='ocrx_word' id='word_1_112' title='bbox 169 1990 324 2044; x_wconf 89' lang='lat' dir='ltr'><strong>horas</strong></span> <span class='ocrx_word' id='word_1_113' title='bbox 352 1988 664 2057; x_wconf 87' lang='lat' dir='ltr'><strong>dicendas,</strong></span> <span class='ocrx_word' id='word_1_114' title='bbox 698 1994 753 2042; x_wconf 92' lang='lat' dir='ltr'><strong>et</strong></span> <span class='ocrx_word' id='word_1_115' title='bbox 786 1989 857 2041; x_wconf 88' lang='lat' dir='ltr'><strong>ad</strong></span> <span class='ocrx_word' id='word_1_116' title='bbox 879 1988 1087 2042; x_wconf 83' lang='lat' dir='ltr'><strong>venias</strong></span> <span class='ocrx_word' id='word_1_117' title='bbox 1111 1986 1394 2056; x_wconf 89' lang='lat' dir='ltr'><strong>petendas</strong></span> <span class='ocrx_word' id='word_1_118' title='bbox 1419 1985 1489 2038; x_wconf 87' lang='lat' dir='ltr'><strong>ad</strong></span> <span class='ocrx_word' id='word_1_119' title='bbox 1522 1984 1681 2037; x_wconf 83' lang='lat' dir='ltr'><strong>initia</strong></span> <span class='ocrx_word' id='word_1_120' title='bbox 1700 1983 1811 2037; x_wconf 89' lang='lat' dir='ltr'><strong>ho-</strong></span> 
     </span>
    </p>
   </div>
   <div class='ocr_carea' id='block_1_21' title="bbox 167 2072 1811 2147">
    <p class='ocr_par' dir='ltr' id='par_1_21' title="bbox 167 2072 1811 2147">
     <span class='ocr_line' id='line_1_21' title="bbox 167 2072 1811 2147; baseline -0.004 -15"><span class='ocrx_word' id='word_1_121' title='bbox 167 2094 337 2132; x_wconf 85' lang='lat' dir='ltr'><strong>rarum</strong></span> <span class='ocrx_word' id='word_1_122' title='bbox 366 2092 380 2145; x_wconf 82' lang='lat'><strong>;</strong></span> <span class='ocrx_word' id='word_1_123' title='bbox 412 2077 487 2130; x_wconf 91' lang='lat' dir='ltr'><strong>ad</strong></span> <span class='ocrx_word' id='word_1_124' title='bbox 526 2081 849 2131; x_wconf 90' lang='lat' dir='ltr'><strong>nocturnos</strong></span> <span class='ocrx_word' id='word_1_125' title='bbox 878 2092 1115 2147; x_wconf 89' lang='lat' dir='ltr'><strong>quoque</strong></span> <span class='ocrx_word' id='word_1_126' title='bbox 1146 2075 1205 2128; x_wconf 93' lang='lat' dir='ltr'><strong>in</strong></span> <span class='ocrx_word' id='word_1_127' title='bbox 1244 2073 1491 2144; x_wconf 86' lang='lat' dir='ltr'><strong>privatis</strong></span> <span class='ocrx_word' id='word_1_128' title='bbox 1538 2072 1811 2126; x_wconf 89' lang='lat' dir='ltr'><strong>noctibus</strong></span> 
     </span>
    </p>
   </div>
   <div class='ocr_carea' id='block_1_22' title="bbox 167 2162 1812 2236">
    <p class='ocr_par' dir='ltr' id='par_1_22' title="bbox 167 2162 1812 2236">
     <span class='ocr_line' id='line_1_22' title="bbox 167 2162 1812 2236; baseline -0.004 -17"><span class='ocrx_word' id='word_1_129' title='bbox 167 2166 288 2220; x_wconf 88' lang='lat' dir='ltr'><strong>nihil</strong></span> <span class='ocrx_word' id='word_1_130' title='bbox 328 2166 590 2235; x_wconf 86' lang='lat' dir='ltr'><strong>amplius</strong></span> <span class='ocrx_word' id='word_1_131' title='bbox 636 2165 854 2236; x_wconf 82' lang='lat' dir='ltr'><strong>legitur</strong></span> <span class='ocrx_word' id='word_1_132' title='bbox 898 2180 1071 2235; x_wconf 87' lang='lat' dir='ltr'><strong>quam</strong></span> <span class='ocrx_word' id='word_1_133' title='bbox 1100 2165 1253 2233; x_wconf 64' lang='lat' dir='ltr'><strong>:quae</strong></span> <span class='ocrx_word' id='word_1_134' title='bbox 1303 2162 1512 2215; x_wconf 88' lang='lat' dir='ltr'><strong>scribit</strong></span> <span class='ocrx_word' id='word_1_135' title='bbox 1570 2164 1812 2214; x_wconf 90' lang='lat' dir='ltr'><strong>sanctus</strong></span> 
     </span>
    </p>
   </div>
   <div class='ocr_carea' id='block_1_23' title="bbox 166 2250 1813 2323">
    <p class='ocr_par' dir='ltr' id='par_1_23' title="bbox 166 2250 1813 2323">
     <span class='ocr_line' id='line_1_23' title="bbox 166 2250 1813 2323; baseline -0.004 -15"><span class='ocrx_word' id='word_1_136' title='bbox 166 2254 651 2321; x_wconf 86' lang='lat' dir='ltr'><strong>Benedictus,una</strong></span> <span class='ocrx_word' id='word_1_137' title='bbox 664 2253 1017 2323; x_wconf 83' lang='lat' dir='ltr'><strong>parvissima</strong></span> <span class='ocrx_word' id='word_1_138' title='bbox 1031 2253 1204 2306; x_wconf 88' lang='lat' dir='ltr'><strong>lectio</strong></span> <span class='ocrx_word' id='word_1_139' title='bbox 1229 2268 1360 2305; x_wconf 89' lang='lat' dir='ltr'><strong>cum</strong></span> <span class='ocrx_word' id='word_1_140' title='bbox 1377 2250 1551 2304; x_wconf 88' lang='lat' dir='ltr'><strong>simili</strong></span> <span class='ocrx_word' id='word_1_141' title='bbox 1569 2265 1813 2319; x_wconf 85' lang='lat' dir='ltr'><strong>respon-</strong></span> 
     </span>
    </p>
   </div>
   <div class='ocr_carea' id='block_1_24' title="bbox 164 2337 1815 2412">
    <p class='ocr_par' dir='ltr' id='par_1_24' title="bbox 164 2337 1815 2412">
     <span class='ocr_line' id='line_1_24' title="bbox 164 2337 1815 2412; baseline -0.004 -15"><span class='ocrx_word' id='word_1_142' title='bbox 164 2344 321 2397; x_wconf 89' lang='lat' dir='ltr'><strong>sorio.</strong></span> <span class='ocrx_word' id='word_1_143' title='bbox 345 2342 453 2397; x_wconf 84' lang='lat' dir='ltr'><strong>Est</strong></span> <span class='ocrx_word' id='word_1_144' title='bbox 486 2341 650 2395; x_wconf 85' lang='lat' dir='ltr'><strong>aliud</strong></span> <span class='ocrx_word' id='word_1_145' title='bbox 679 2341 835 2412; x_wconf 86' lang='lat' dir='ltr'><strong>quod</strong></span> <span class='ocrx_word' id='word_1_146' title='bbox 867 2341 1246 2395; x_wconf 87' lang='lat' dir='ltr'><strong>constitutum</strong></span> <span class='ocrx_word' id='word_1_147' title='bbox 1272 2344 1362 2394; x_wconf 89' lang='lat' dir='ltr'><strong>est</strong></span> <span class='ocrx_word' id='word_1_148' title='bbox 1386 2339 1521 2393; x_wconf 88' lang='lat' dir='ltr'><strong>utin</strong></span> <span class='ocrx_word' id='word_1_149' title='bbox 1552 2337 1815 2392; x_wconf 87' lang='lat' dir='ltr'><strong>secunda</strong></span> 
     </span>
    </p>
   </div>
   <div class='ocr_carea' id='block_1_25' title="bbox 165 2427 1812 2502">
    <p class='ocr_par' dir='ltr' id='par_1_25' title="bbox 165 2427 1812 2502">
     <span class='ocr_line' id='line_1_25' title="bbox 165 2427 1812 2502; baseline -0.004 -18"><span class='ocrx_word' id='word_1_150' title='bbox 165 2432 287 2485; x_wconf 84' lang='lat' dir='ltr'><strong>feria</strong></span> <span class='ocrx_word' id='word_1_151' title='bbox 317 2432 509 2502; x_wconf 83' lang='lat' dir='ltr'><strong>hujus</strong></span> <span class='ocrx_word' id='word_1_152' title='bbox 545 2431 814 2500; x_wconf 78' lang='lat' dir='ltr'><strong>septimae</strong></span> <span class='ocrx_word' id='word_1_153' title='bbox 846 2446 1081 2499; x_wconf 87' lang='lat' dir='ltr'><strong>semper</strong></span> <span class='ocrx_word' id='word_1_154' title='bbox 1109 2431 1358 2499; x_wconf 82' lang='lat' dir='ltr'><strong>agatur;</strong></span> <span class='ocrx_word' id='word_1_155' title='bbox 1391 2427 1606 2498; x_wconf 87' lang='lat' dir='ltr'><strong>quippe</strong></span> <span class='ocrx_word' id='word_1_156' title='bbox 1639 2429 1812 2497; x_wconf 91' lang='lat' dir='ltr'><strong>quot-</strong></span> 
     </span>
    </p>
   </div>
   <div class='ocr_carea' id='block_1_26' title="bbox 165 2516 1813 2590">
    <p class='ocr_par' dir='ltr' id='par_1_26' title="bbox 165 2516 1813 2590">
     <span class='ocr_line' id='line_1_26' title="bbox 165 2516 1813 2590; baseline -0.004 -17"><span class='ocrx_word' id='word_1_157' title='bbox 165 2523 285 2590; x_wconf 85' lang='lat' dir='ltr'><strong>quot</strong></span> <span class='ocrx_word' id='word_1_158' title='bbox 313 2521 733 2574; x_wconf 81' lang='lat' dir='ltr'><strong>defunctorum</strong></span> <span class='ocrx_word' id='word_1_159' title='bbox 766 2520 823 2572; x_wconf 91' lang='lat' dir='ltr'><strong>in</strong></span> <span class='ocrx_word' id='word_1_160' title='bbox 857 2520 985 2572; x_wconf 92' lang='lat' dir='ltr'><strong>loco</strong></span> <span class='ocrx_word' id='word_1_161' title='bbox 1016 2523 1219 2572; x_wconf 89' lang='lat' dir='ltr'><strong>nostro</strong></span> <span class='ocrx_word' id='word_1_162' title='bbox 1251 2521 1389 2571; x_wconf 87' lang='lat' dir='ltr'><strong>sunt</strong></span> <span class='ocrx_word' id='word_1_163' title='bbox 1439 2516 1673 2586; x_wconf 87' lang='lat' dir='ltr'><strong>sepulti,</strong></span> <span class='ocrx_word' id='word_1_164' title='bbox 1707 2530 1813 2584; x_wconf 89' lang='lat' dir='ltr'><strong>pro</strong></span> 
     </span>
    </p>
   </div>
   <div class='ocr_carea' id='block_1_27' title="bbox 163 2604 1813 2677">
    <p class='ocr_par' dir='ltr' id='par_1_27' title="bbox 163 2604 1813 2677">
     <span class='ocr_line' id='line_1_27' title="bbox 163 2604 1813 2677; baseline -0.005 -15"><span class='ocrx_word' id='word_1_165' title='bbox 163 2608 242 2663; x_wconf 88' lang='lat' dir='ltr'><strong>his</strong></span> <span class='ocrx_word' id='word_1_166' title='bbox 268 2609 526 2663; x_wconf 91' lang='lat' dir='ltr'><strong>domnus</strong></span> <span class='ocrx_word' id='word_1_167' title='bbox 558 2608 745 2661; x_wconf 83' lang='lat' dir='ltr'><strong>abbas</strong></span> <span class='ocrx_word' id='word_1_168' title='bbox 779 2606 1116 2677; x_wconf 88' lang='lat' dir='ltr'><strong>specialiter</strong></span> <span class='ocrx_word' id='word_1_169' title='bbox 1149 2604 1452 2659; x_wconf 86' lang='lat' dir='ltr'><strong>constituit</strong></span> <span class='ocrx_word' id='word_1_170' title='bbox 1501 2607 1561 2657; x_wconf 91' lang='lat' dir='ltr'><strong>ut</strong></span> <span class='ocrx_word' id='word_1_171' title='bbox 1610 2618 1813 2657; x_wconf 90' lang='lat' dir='ltr'><strong>eorum</strong></span> 
     </span>
    </p>
   </div>
   <div class='ocr_carea' id='block_1_28' title="bbox 162 2692 1813 2757">
    <p class='ocr_par' dir='ltr' id='par_1_28' title="bbox 162 2692 1813 2757">
     <span class='ocr_line' id='line_1_28' title="bbox 162 2692 1813 2757; baseline -0.004 -7"><span class='ocrx_word' id='word_1_172' title='bbox 162 2698 470 2753; x_wconf 83' lang='lat' dir='ltr'><strong>recordatio</strong></span> <span class='ocrx_word' id='word_1_173' title='bbox 508 2697 623 2752; x_wconf 91' lang='lat' dir='ltr'><strong>hac</strong></span> <span class='ocrx_word' id='word_1_174' title='bbox 653 2697 783 2751; x_wconf 89' lang='lat' dir='ltr'><strong>vice</strong></span> <span class='ocrx_word' id='word_1_175' title='bbox 816 2695 1258 2750; x_wconf 86' lang='lat' dir='ltr'><strong>studiosissime</strong></span> <span class='ocrx_word' id='word_1_176' title='bbox 1294 2695 1407 2747; x_wconf 81' lang='lat' dir='ltr'><strong>fiat.</strong></span> <span class='ocrx_word' id='word_1_177' title='bbox 1441 2692 1605 2757; x_wconf 88' lang='lat' dir='ltr'><strong>Quod</strong></span> <span class='ocrx_word' id='word_1_178' title='bbox 1641 2693 1813 2745; x_wconf 84' lang='lat' dir='ltr'><strong>etiam</strong></span> 
     </span>
    </p>
   </div>
   <div class='ocr_carea' id='block_1_29' title="bbox 160 2780 1810 2858">
    <p class='ocr_par' dir='ltr' id='par_1_29' title="bbox 160 2780 1810 2858">
     <span class='ocr_line' id='line_1_29' title="bbox 160 2780 1810 2858; baseline -0.004 -18"><span class='ocrx_word' id='word_1_179' title='bbox 160 2802 251 2856; x_wconf 89' lang='lat' dir='ltr'><strong>pro</strong></span> <span class='ocrx_word' id='word_1_180' title='bbox 278 2788 469 2858; x_wconf 90' lang='lat' dir='ltr'><strong>ipsius</strong></span> <span class='ocrx_word' id='word_1_181' title='bbox 511 2786 707 2841; x_wconf 87' lang='lat' dir='ltr'><strong>edicto</strong></span> <span class='ocrx_word' id='word_1_182' title='bbox 738 2801 846 2854; x_wconf 89' lang='lat' dir='ltr'><strong>per</strong></span> <span class='ocrx_word' id='word_1_183' title='bbox 877 2784 1067 2838; x_wconf 89' lang='lat' dir='ltr'><strong>omnia</strong></span> <span class='ocrx_word' id='word_1_184' title='bbox 1099 2784 1223 2837; x_wconf 90' lang='lat' dir='ltr'><strong>loca</strong></span> <span class='ocrx_word' id='word_1_185' title='bbox 1257 2786 1458 2836; x_wconf 81' lang='lat' dir='ltr'><strong>nostra</strong></span> <span class='ocrx_word' id='word_1_186' title='bbox 1493 2781 1620 2835; x_wconf 80' lang='lat' dir='ltr'><strong>fieri</strong></span> <span class='ocrx_word' id='word_1_187' title='bbox 1641 2780 1810 2835; x_wconf 88' lang='lat' dir='ltr'><strong>solet.</strong></span> 
     </span>
    </p>
   </div>
   <div class='ocr_carea' id='block_1_30' title="bbox 163 2867 1815 2946">
    <p class='ocr_par' dir='ltr' id='par_1_30' title="bbox 163 2867 1815 2946">
     <span class='ocr_line' id='line_1_30' title="bbox 163 2867 1815 2946; baseline -0.004 -19"><span class='ocrx_word' id='word_1_188' title='bbox 163 2875 258 2928; x_wconf 85' lang='lat' dir='ltr'><strong>Pro</strong></span> <span class='ocrx_word' id='word_1_189' title='bbox 279 2874 631 2946; x_wconf 87' lang='lat' dir='ltr'><strong>hujusmodi</strong></span> <span class='ocrx_word' id='word_1_190' title='bbox 648 2876 783 2943; x_wconf 90' lang='lat' dir='ltr'><strong>post</strong></span> <span class='ocrx_word' id='word_1_191' title='bbox 805 2887 1092 2943; x_wconf 89' lang='lat' dir='ltr'><strong>vesperas</strong></span> <span class='ocrx_word' id='word_1_192' title='bbox 1112 2872 1438 2941; x_wconf 79' lang='lat' dir='ltr'><strong>regulares,</strong></span> <span class='ocrx_word' id='word_1_193' title='bbox 1458 2874 1512 2924; x_wconf 88' lang='lat' dir='ltr'><strong>et</strong></span> <span class='ocrx_word' id='word_1_194' title='bbox 1531 2867 1815 2940; x_wconf 74' lang='lat' dir='ltr'><strong>suffragia</strong></span> 
     </span>
    </p>
   </div>
   <div class='ocr_carea' id='block_1_31' title="bbox 161 2956 1813 3033">
    <p class='ocr_par' dir='ltr' id='par_1_31' title="bbox 161 2956 1813 3033">
     <span class='ocr_line' id='line_1_31' title="bbox 161 2956 1813 3033; baseline -0.003 -17"><span class='ocrx_word' id='word_1_195' title='bbox 161 2967 507 3031; x_wconf 81' lang='lat' dir='ltr'><strong>sanctorum,</strong></span> <span class='ocrx_word' id='word_1_196' title='bbox 526 2963 871 3033; x_wconf 86' lang='lat' dir='ltr'><strong>priusquam</strong></span> <span class='ocrx_word' id='word_1_197' title='bbox 888 2960 1240 3031; x_wconf 83' lang='lat' dir='ltr'><strong>procedatur</strong></span> <span class='ocrx_word' id='word_1_198' title='bbox 1256 2960 1326 3013; x_wconf 88' lang='lat' dir='ltr'><strong>ad</strong></span> <span class='ocrx_word' id='word_1_199' title='bbox 1341 2958 1653 3013; x_wconf 89' lang='lat' dir='ltr'><strong>ecclesiam</strong></span> <span class='ocrx_word' id='word_1_200' title='bbox 1669 2956 1813 3011; x_wconf 84' lang='lat' dir='ltr'><strong>San-</strong></span> 
     </span>
    </p>
   </div>
   <div class='ocr_carea' id='block_1_32' title="bbox 160 3047 1813 3120">
    <p class='ocr_par' dir='ltr' id='par_1_32' title="bbox 160 3047 1813 3120">
     <span class='ocr_line' id='line_1_32' title="bbox 160 3047 1813 3120; baseline -0.001 -17"><span class='ocrx_word' id='word_1_201' title='bbox 160 3056 255 3106; x_wconf 73' lang='lat' dir='ltr'><strong>ctae</strong></span> <span class='ocrx_word' id='word_1_202' title='bbox 300 3052 531 3118; x_wconf 73' lang='lat' dir='ltr'><strong>Mariae,</strong></span> <span class='ocrx_word' id='word_1_203' title='bbox 582 3050 834 3120; x_wconf 89' lang='lat' dir='ltr'><strong>pulsatis</strong></span> <span class='ocrx_word' id='word_1_204' title='bbox 880 3048 1107 3118; x_wconf 87' lang='lat' dir='ltr'><strong>prolixe</strong></span> <span class='ocrx_word' id='word_1_205' title='bbox 1156 3048 1429 3103; x_wconf 88' lang='lat' dir='ltr'><strong>omnibus</strong></span> <span class='ocrx_word' id='word_1_206' title='bbox 1489 3048 1703 3119; x_wconf 81' lang='lat' dir='ltr'><strong>signis,</strong></span> <span class='ocrx_word' id='word_1_207' title='bbox 1753 3047 1813 3101; x_wconf 89' lang='lat' dir='ltr'><strong>in</strong></span> 
     </span>
    </p>
   </div>
   <div class='ocr_carea' id='block_1_33' title="bbox 162 3136 1817 3212">
    <p class='ocr_par' dir='ltr' id='par_1_33' title="bbox 162 3136 1817 3212">
     <span class='ocr_line' id='line_1_33' title="bbox 162 3136 1817 3212; baseline 0.001 -21"><span class='ocrx_word' id='word_1_208' title='bbox 162 3140 320 3195; x_wconf 87' lang='lat' dir='ltr'><strong>choro</strong></span> <span class='ocrx_word' id='word_1_209' title='bbox 350 3142 622 3212; x_wconf 88' lang='lat' dir='ltr'><strong>aguntur</strong></span> <span class='ocrx_word' id='word_1_210' title='bbox 650 3155 918 3208; x_wconf 81' lang='lat' dir='ltr'><strong>vesperae</strong></span> <span class='ocrx_word' id='word_1_211' title='bbox 948 3154 1056 3209; x_wconf 91' lang='lat' dir='ltr'><strong>pro</strong></span> <span class='ocrx_word' id='word_1_212' title='bbox 1089 3136 1364 3191; x_wconf 83' lang='lat' dir='ltr'><strong>fidelibus</strong></span> <span class='ocrx_word' id='word_1_213' title='bbox 1404 3137 1722 3204; x_wconf 84' lang='lat' dir='ltr'><strong>defunctis,</strong></span> <span class='ocrx_word' id='word_1_214' title='bbox 1758 3140 1817 3193; x_wconf 82' lang='lat' dir='ltr'><strong>et</strong></span> 
     </span>
    </p>
   </div>
   <div class='ocr_carea' id='block_1_34' title="bbox 158 3222 1906 3297">
    <p class='ocr_par' dir='ltr' id='par_1_34' title="bbox 158 3222 1906 3297">
     <span class='ocr_line' id='line_1_34' title="bbox 158 3222 1906 3297; baseline -0.003 -15"><span class='ocrx_word' id='word_1_215' title='bbox 158 3232 341 3297; x_wconf 88' lang='lat' dir='ltr'><strong>postea</strong></span> <span class='ocrx_word' id='word_1_216' title='bbox 372 3228 646 3283; x_wconf 83' lang='lat' dir='ltr'><strong>officium</strong></span> <span class='ocrx_word' id='word_1_217' title='bbox 681 3226 858 3280; x_wconf 90' lang='lat' dir='ltr'><strong>simili</strong></span> <span class='ocrx_word' id='word_1_218' title='bbox 891 3226 1083 3280; x_wconf 88' lang='lat' dir='ltr'><strong>modo.</strong></span> <span class='ocrx_word' id='word_1_219' title='bbox 1112 3222 1175 3278; x_wconf 89' lang='lat' dir='ltr'><strong>In</strong></span> <span class='ocrx_word' id='word_1_220' title='bbox 1200 3225 1469 3295; x_wconf 87' lang='lat' dir='ltr'><strong>sequenti</strong></span> <span class='ocrx_word' id='word_1_221' title='bbox 1505 3225 1597 3279; x_wconf 92' lang='lat' dir='ltr'><strong>die</strong></span> <span class='ocrx_word' id='word_1_222' title='bbox 1628 3226 1811 3278; x_wconf 89' lang='lat' dir='ltr'><strong>missa</strong></span> <span class='ocrx_word' id='word_1_223' title='bbox 1855 3227 1906 3290; x_wconf 88' lang='lat' dir='ltr'><strong>C</strong></span> 
     </span>
    </p>
   </div>
   <div class='ocr_carea' id='block_1_35' title="bbox 159 3313 1812 3387">
    <p class='ocr_par' dir='ltr' id='par_1_35' title="bbox 159 3313 1812 3387">
     <span class='ocr_line' id='line_1_35' title="bbox 159 3313 1812 3387; baseline -0.001 -19"><span class='ocrx_word' id='word_1_224' title='bbox 159 3317 504 3371; x_wconf 87' lang='lat' dir='ltr'><strong>matutinalis</strong></span> <span class='ocrx_word' id='word_1_225' title='bbox 526 3315 918 3387; x_wconf 87' lang='lat' dir='ltr'><strong>propensiore</strong></span> <span class='ocrx_word' id='word_1_226' title='bbox 944 3315 1142 3368; x_wconf 89' lang='lat' dir='ltr'><strong>studio</strong></span> <span class='ocrx_word' id='word_1_227' title='bbox 1167 3316 1257 3368; x_wconf 90' lang='lat' dir='ltr'><strong>est</strong></span> <span class='ocrx_word' id='word_1_228' title='bbox 1275 3313 1645 3383; x_wconf 85' lang='lat' dir='ltr'><strong>celebranda,</strong></span> <span class='ocrx_word' id='word_1_229' title='bbox 1664 3314 1812 3367; x_wconf 89' lang='lat' dir='ltr'><strong>etab</strong></span> 
     </span>
    </p>
   </div>
   <div class='ocr_carea' id='block_1_36' title="bbox 160 3403 1813 3474">
    <p class='ocr_par' dir='ltr' id='par_1_36' title="bbox 160 3403 1813 3474">
     <span class='ocr_line' id='line_1_36' title="bbox 160 3403 1813 3474; baseline -0.002 -15"><span class='ocrx_word' id='word_1_230' title='bbox 160 3406 413 3461; x_wconf 88' lang='lat' dir='ltr'><strong>omnibus</strong></span> <span class='ocrx_word' id='word_1_231' title='bbox 446 3404 874 3461; x_wconf 88' lang='lat' dir='ltr'><strong>sacerdotibus</strong></span> <span class='ocrx_word' id='word_1_232' title='bbox 904 3404 1147 3474; x_wconf 64' lang='lat' dir='ltr'><strong>privatae</strong></span> <span class='ocrx_word' id='word_1_233' title='bbox 1193 3404 1394 3456; x_wconf 75' lang='lat' dir='ltr'><strong>missae</strong></span> <span class='ocrx_word' id='word_1_234' title='bbox 1444 3419 1548 3472; x_wconf 92' lang='lat' dir='ltr'><strong>pro</strong></span> <span class='ocrx_word' id='word_1_235' title='bbox 1588 3403 1813 3457; x_wconf 89' lang='lat' dir='ltr'><strong>eisdem</strong></span> 
     </span>
    </p>
   </div>
   <div class='ocr_carea' id='block_1_37' title="bbox 160 3491 1813 3561">
    <p class='ocr_par' dir='ltr' id='par_1_37' title="bbox 160 3491 1813 3561">
     <span class='ocr_line' id='line_1_37' title="bbox 160 3491 1813 3561; baseline 0 -16"><span class='ocrx_word' id='word_1_236' title='bbox 160 3494 466 3549; x_wconf 62' lang='lat' dir='ltr'><strong>cantanda.</strong></span> <span class='ocrx_word' id='word_1_237' title='bbox 506 3493 726 3548; x_wconf 73' lang='lat' dir='ltr'><strong>Verum</strong></span> <span class='ocrx_word' id='word_1_238' title='bbox 761 3495 816 3546; x_wconf 89' lang='lat' dir='ltr'><strong>et</strong></span> <span class='ocrx_word' id='word_1_239' title='bbox 847 3494 914 3547; x_wconf 88' lang='lat' dir='ltr'><strong>ad</strong></span> <span class='ocrx_word' id='word_1_240' title='bbox 949 3494 1192 3561; x_wconf 87' lang='lat' dir='ltr'><strong>missas,</strong></span> <span class='ocrx_word' id='word_1_241' title='bbox 1225 3493 1296 3545; x_wconf 83' lang='lat' dir='ltr'><strong>ad</strong></span> <span class='ocrx_word' id='word_1_242' title='bbox 1326 3507 1613 3561; x_wconf 85' lang='lat' dir='ltr'><strong>vesperas</strong></span> <span class='ocrx_word' id='word_1_243' title='bbox 1656 3496 1711 3545; x_wconf 88' lang='lat' dir='ltr'><strong>et</strong></span> <span class='ocrx_word' id='word_1_244' title='bbox 1740 3491 1813 3545; x_wconf 87' lang='lat' dir='ltr'><strong>ad</strong></span> 
     </span>
    </p>
   </div>
   <div class='ocr_carea' id='block_1_38' title="bbox 159 3568 1814 3652">
    <p class='ocr_par' dir='ltr' id='par_1_38' title="bbox 159 3568 1814 3652">
     <span class='ocr_line' id='line_1_38' title="bbox 159 3568 1814 3652; baseline -0.001 -16"><span class='ocrx_word' id='word_1_245' title='bbox 159 3581 420 3650; x_wconf 80' lang='lat' dir='ltr'><strong>ofﬁcium,</strong></span> <span class='ocrx_word' id='word_1_246' title='bbox 456 3587 520 3638; x_wconf 89' lang='lat' dir='ltr'><strong>et</strong></span> <span class='ocrx_word' id='word_1_247' title='bbox 551 3582 865 3637; x_wconf 86' lang='lat' dir='ltr'><strong>matutinas</strong></span> <span class='ocrx_word' id='word_1_248' title='bbox 897 3568 1084 3652; x_wconf 88' lang='lat' dir='ltr'><strong>primo</strong></span> <span class='ocrx_word' id='word_1_249' title='bbox 1110 3581 1354 3635; x_wconf 85' lang='lat' dir='ltr'><strong>dicenda</strong></span> <span class='ocrx_word' id='word_1_250' title='bbox 1376 3585 1549 3635; x_wconf 88' lang='lat' dir='ltr'><strong>estea</strong></span> <span class='ocrx_word' id='word_1_251' title='bbox 1569 3581 1814 3635; x_wconf 86' lang='lat' dir='ltr'><strong>collecta</strong></span> 
     </span>
    </p>
   </div>
   <div class='ocr_carea' id='block_1_39' title="bbox 159 3669 1813 3744">
    <p class='ocr_par' dir='ltr' id='par_1_39' title="bbox 159 3669 1813 3744">
     <span class='ocr_line' id='line_1_39' title="bbox 159 3669 1813 3744; baseline 0.001 -21"><span class='ocrx_word' id='word_1_252' title='bbox 159 3669 300 3724; x_wconf 86' lang='lat' dir='ltr'><strong>Deus</strong></span> <span class='ocrx_word' id='word_1_253' title='bbox 330 3675 505 3744; x_wconf 75' lang='lat' dir='ltr'><strong>cujus</strong></span> <span class='ocrx_word' id='word_1_254' title='bbox 538 3672 941 3725; x_wconf 81' lang='lat' dir='ltr'><strong>miseratione.</strong></span> <span class='ocrx_word' id='word_1_255' title='bbox 970 3670 1292 3725; x_wconf 79' lang='lat' dir='ltr'><strong>Duodecim</strong></span> <span class='ocrx_word' id='word_1_256' title='bbox 1316 3686 1605 3740; x_wconf 86' lang='lat' dir='ltr'><strong>pauperes</strong></span> <span class='ocrx_word' id='word_1_257' title='bbox 1626 3671 1697 3723; x_wconf 89' lang='lat' dir='ltr'><strong>ad</strong></span> <span class='ocrx_word' id='word_1_258' title='bbox 1721 3687 1813 3740; x_wconf 88' lang='lat' dir='ltr'><strong>pa-</strong></span> 
     </span>
    </p>
   </div>
   <div class='ocr_carea' id='block_1_40' title="bbox 157 3758 1816 3830">
    <p class='ocr_par' dir='ltr' id='par_1_40' title="bbox 157 3758 1816 3830">
     <span class='ocr_line' id='line_1_40' title="bbox 157 3758 1816 3830; baseline 0 -19"><span class='ocrx_word' id='word_1_259' title='bbox 157 3773 274 3813; x_wconf 89' lang='lat' dir='ltr'><strong>nem</strong></span> <span class='ocrx_word' id='word_1_260' title='bbox 304 3762 359 3814; x_wconf 91' lang='lat' dir='ltr'><strong>et</strong></span> <span class='ocrx_word' id='word_1_261' title='bbox 390 3761 623 3827; x_wconf 71' lang='lat' dir='ltr'><strong>vinum,</strong></span> <span class='ocrx_word' id='word_1_262' title='bbox 647 3759 840 3813; x_wconf 84' lang='lat' dir='ltr'><strong>cdulio</strong></span> <span class='ocrx_word' id='word_1_263' title='bbox 867 3760 1059 3813; x_wconf 87' lang='lat' dir='ltr'><strong>carnis</strong></span> <span class='ocrx_word' id='word_1_264' title='bbox 1081 3758 1380 3830; x_wconf 78' lang='lat' dir='ltr'><strong>adjuncto,</strong></span> <span class='ocrx_word' id='word_1_265' title='bbox 1403 3759 1653 3812; x_wconf 88' lang='lat' dir='ltr'><strong>ubertim</strong></span> <span class='ocrx_word' id='word_1_266' title='bbox 1678 3761 1816 3812; x_wconf 88' lang='lat' dir='ltr'><strong>sunt</strong></span> 
     </span>
    </p>
   </div>
   <div class='ocr_carea' id='block_1_41' title="bbox 160 3847 1816 3918">
    <p class='ocr_par' dir='ltr' id='par_1_41' title="bbox 160 3847 1816 3918">
     <span class='ocr_line' id='line_1_41' title="bbox 160 3847 1816 3918; baseline -0.001 -17"><span class='ocrx_word' id='word_1_267' title='bbox 160 3848 471 3917; x_wconf 79' lang='lat' dir='ltr'><strong>reficiendi,</strong></span> <span class='ocrx_word' id='word_1_268' title='bbox 501 3850 560 3903; x_wconf 89' lang='lat' dir='ltr'><strong>et</strong></span> <span class='ocrx_word' id='word_1_269' title='bbox 589 3849 819 3901; x_wconf 80' lang='lat' dir='ltr'><strong>cunctis</strong></span> <span class='ocrx_word' id='word_1_270' title='bbox 842 3847 974 3901; x_wconf 88' lang='lat' dir='ltr'><strong>aliis</strong></span> <span class='ocrx_word' id='word_1_271' title='bbox 1007 3847 1368 3918; x_wconf 86' lang='lat' dir='ltr'><strong>pauperibus</strong></span> <span class='ocrx_word' id='word_1_272' title='bbox 1392 3847 1816 3916; x_wconf 81' lang='lat' dir='ltr'><strong>supervenien-</strong></span> 
     </span>
    </p>
   </div>
   <div class='ocr_carea' id='block_1_42' title="bbox 158 3935 1676 4009">
    <p class='ocr_par' dir='ltr' id='par_1_42' title="bbox 158 3935 1676 4009">
     <span class='ocr_line' id='line_1_42' title="bbox 158 3935 1676 4009; baseline 0.002 -22"><span class='ocrx_word' id='word_1_273' title='bbox 158 3935 302 3992; x_wconf 85' lang='lat' dir='ltr'><strong>tibus</strong></span> <span class='ocrx_word' id='word_1_274' title='bbox 329 3938 400 3991; x_wconf 88' lang='lat' dir='ltr'><strong>dc</strong></span> <span class='ocrx_word' id='word_1_275' title='bbox 431 3952 593 4009; x_wconf 90' lang='lat' dir='ltr'><strong>pane</strong></span> <span class='ocrx_word' id='word_1_276' title='bbox 624 3940 679 3989; x_wconf 87' lang='lat' dir='ltr'><strong>et</strong></span> <span class='ocrx_word' id='word_1_277' title='bbox 712 3936 845 3990; x_wconf 90' lang='lat' dir='ltr'><strong>vino</strong></span> <span class='ocrx_word' id='word_1_278' title='bbox 878 3936 1231 3991; x_wconf 88' lang='lat' dir='ltr'><strong>misecordia</strong></span> <span class='ocrx_word' id='word_1_279' title='bbox 1262 3935 1676 4006; x_wconf 81' lang='lat' dir='ltr'><strong>impendenda.</strong></span> 
     </span>
    </p>
   </div>
   <div class='ocr_carea' id='block_1_43' title="bbox 718 4042 1249 4097">
    <p class='ocr_par' dir='ltr' id='par_1_43' title="bbox 718 4042 1249 4097">
     <span class='ocr_line' id='line_1_43' title="bbox 718 4042 1249 4097; baseline 0.002 -2"><span class='ocrx_word' id='word_1_280' title='bbox 718 4042 970 4097; x_wconf 85' lang='lat' dir='ltr'><strong>CAPUT</strong></span> <span class='ocrx_word' id='word_1_281' title='bbox 1012 4042 1249 4096; x_wconf 87' lang='lat' dir='ltr'><strong>XXVII.</strong></span> 
     </span>
    </p>
   </div>
   <div class='ocr_carea' id='block_1_44' title="bbox 202 4147 1752 4222">
    <p class='ocr_par' dir='ltr' id='par_1_44' title="bbox 202 4147 1752 4222">
     <span class='ocr_line' id='line_1_44' title="bbox 202 4147 1752 4222; baseline 0.001 -20"><span class='ocrx_word' id='word_1_282' title='bbox 202 4148 538 4222; x_wconf 69' lang='lat' dir='ltr'><strong>Dejeiunio</strong></span> <span class='ocrx_word' id='word_1_283' title='bbox 568 4147 831 4213; x_wconf 80' lang='lat' dir='ltr'><strong>Quatuor</strong></span> <span class='ocrx_word' id='word_1_284' title='bbox 866 4148 1207 4220; x_wconf 74' lang='lat' dir='ltr'><strong>Temporam</strong></span> <span class='ocrx_word' id='word_1_285' title='bbox 1229 4150 1290 4203; x_wconf 85' lang='lat' dir='ltr'><strong>in</strong></span> <span class='ocrx_word' id='word_1_286' title='bbox 1321 4165 1529 4205; x_wconf 88' lang='lat' dir='ltr'><strong>mense</strong></span> <span class='ocrx_word' id='word_1_287' title='bbox 1560 4150 1752 4205; x_wconf 83' lang='lat' dir='ltr'><strong>Junio.</strong></span> 
     </span>
    </p>
   </div>
   <div class='ocr_carea' id='block_1_45' title="bbox 218 4254 1816 4327">
    <p class='ocr_par' dir='ltr' id='par_1_45' title="bbox 218 4254 1816 4327">
     <span class='ocr_line' id='line_1_45' title="bbox 218 4254 1816 4327; baseline 0.003 -20"><span class='ocrx_word' id='word_1_288' title='bbox 218 4254 579 4326; x_wconf 85' lang='lat' dir='ltr'><strong>Priusquam</strong></span> <span class='ocrx_word' id='word_1_289' title='bbox 610 4256 758 4309; x_wconf 87' lang='lat' dir='ltr'><strong>ultra</strong></span> <span class='ocrx_word' id='word_1_290' title='bbox 795 4256 1555 4326; x_wconf 84' lang='lat' dir='ltr'><strong>progrediamurdebemus</strong></span> <span class='ocrx_word' id='word_1_291' title='bbox 1579 4260 1633 4311; x_wconf 89' lang='lat' dir='ltr'><strong>et</strong></span> <span class='ocrx_word' id='word_1_292' title='bbox 1660 4255 1816 4327; x_wconf 89' lang='lat' dir='ltr'><strong>jeju-</strong></span> 
     </span>
    </p>
   </div>
   <div class='ocr_carea' id='block_1_46' title="bbox 156 4342 1816 4416">
    <p class='ocr_par' dir='ltr' id='par_1_46' title="bbox 156 4342 1816 4416">
     <span class='ocr_line' id='line_1_46' title="bbox 156 4342 1816 4416; baseline 0.002 -20"><span class='ocrx_word' id='word_1_293' title='bbox 156 4343 228 4397; x_wconf 92' lang='lat' dir='ltr'><strong>nii</strong></span> <span class='ocrx_word' id='word_1_294' title='bbox 242 4342 507 4409; x_wconf 85' lang='lat' dir='ltr'><strong>Quatuor</strong></span> <span class='ocrx_word' id='word_1_295' title='bbox 523 4344 879 4414; x_wconf 88' lang='lat' dir='ltr'><strong>Temporum</strong></span> <span class='ocrx_word' id='word_1_296' title='bbox 893 4344 1417 4416; x_wconf 88' lang='lat' dir='ltr'><strong>meminisse,quod</strong></span> <span class='ocrx_word' id='word_1_297' title='bbox 1435 4361 1568 4400; x_wconf 85' lang='lat' dir='ltr'><strong>cum</strong></span> <span class='ocrx_word' id='word_1_298' title='bbox 1592 4346 1650 4399; x_wconf 92' lang='lat' dir='ltr'><strong>in</strong></span> <span class='ocrx_word' id='word_1_299' title='bbox 1664 4361 1816 4400; x_wconf 90' lang='lat' dir='ltr'><strong>anno</strong></span> 
     </span>
    </p>
   </div>
   <div class='ocr_carea' id='block_1_47' title="bbox 157 4433 1816 4503">
    <p class='ocr_par' dir='ltr' id='par_1_47' title="bbox 157 4433 1816 4503">
     <span class='ocr_line' id='line_1_47' title="bbox 157 4433 1816 4503; baseline 0.001 -18"><span class='ocrx_word' id='word_1_300' title='bbox 157 4437 355 4501; x_wconf 87' lang='lat' dir='ltr'><strong>quater</strong></span> <span class='ocrx_word' id='word_1_301' title='bbox 386 4434 647 4501; x_wconf 87' lang='lat' dir='ltr'><strong>eveniat,</strong></span> <span class='ocrx_word' id='word_1_302' title='bbox 670 4433 741 4486; x_wconf 85' lang='lat' dir='ltr'><strong>ad</strong></span> <span class='ocrx_word' id='word_1_303' title='bbox 774 4448 981 4487; x_wconf 91' lang='lat' dir='ltr'><strong>omnes</strong></span> <span class='ocrx_word' id='word_1_304' title='bbox 1001 4433 1163 4487; x_wconf 89' lang='lat' dir='ltr'><strong>vices</strong></span> <span class='ocrx_word' id='word_1_305' title='bbox 1187 4433 1245 4485; x_wconf 89' lang='lat' dir='ltr'><strong>in</strong></span> <span class='ocrx_word' id='word_1_306' title='bbox 1266 4434 1399 4503; x_wconf 89' lang='lat' dir='ltr'><strong>ejus</strong></span> <span class='ocrx_word' id='word_1_307' title='bbox 1422 4435 1668 4489; x_wconf 88' lang='lat' dir='ltr'><strong>sabbato</strong></span> <span class='ocrx_word' id='word_1_308' title='bbox 1690 4449 1816 4486; x_wconf 87' lang='lat' dir='ltr'><strong>ma-</strong></span> 
     </span>
    </p>
   </div>
   <div class='ocr_carea' id='block_1_48' title="bbox 154 4518 1816 4591">
    <p class='ocr_par' dir='ltr' id='par_1_48' title="bbox 154 4518 1816 4591">
     <span class='ocr_line' id='line_1_48' title="bbox 154 4518 1816 4591; baseline 0.001 -17"><span class='ocrx_word' id='word_1_309' title='bbox 154 4518 244 4590; x_wconf 80' lang='lat' dir='ltr'><strong>jor</strong></span> <span class='ocrx_word' id='word_1_310' title='bbox 270 4523 458 4576; x_wconf 89' lang='lat' dir='ltr'><strong>missa</strong></span> <span class='ocrx_word' id='word_1_311' title='bbox 491 4538 613 4576; x_wconf 91' lang='lat' dir='ltr'><strong>non</strong></span> <span class='ocrx_word' id='word_1_312' title='bbox 646 4522 1006 4591; x_wconf 77' lang='lat' dir='ltr'><strong>praevenitur</strong></span> <span class='ocrx_word' id='word_1_313' title='bbox 1036 4537 1169 4574; x_wconf 91' lang='lat' dir='ltr'><strong>cum</strong></span> <span class='ocrx_word' id='word_1_314' title='bbox 1198 4521 1430 4588; x_wconf 88' lang='lat' dir='ltr'><strong>letania,</strong></span> <span class='ocrx_word' id='word_1_315' title='bbox 1463 4539 1571 4577; x_wconf 87' lang='lat' dir='ltr'><strong>nec</strong></span> <span class='ocrx_word' id='word_1_316' title='bbox 1595 4523 1667 4576; x_wconf 90' lang='lat' dir='ltr'><strong>ad</strong></span> <span class='ocrx_word' id='word_1_317' title='bbox 1687 4538 1816 4577; x_wconf 89' lang='lat' dir='ltr'><strong>eam</strong></span> 
     </span>
    </p>
   </div>
   <div class='ocr_carea' id='block_1_49' title="bbox 158 4610 1814 4681">
    <p class='ocr_par' dir='ltr' id='par_1_49' title="bbox 158 4610 1814 4681">
     <span class='ocr_line' id='line_1_49' title="bbox 158 4610 1814 4681; baseline 0.002 -19"><span class='ocrx_word' id='word_1_318' title='bbox 158 4610 534 4665; x_wconf 80' lang='lat' dir='ltr'><strong>oollectarum</strong></span> <span class='ocrx_word' id='word_1_319' title='bbox 565 4610 821 4679; x_wconf 85' lang='lat' dir='ltr'><strong>amplius</strong></span> <span class='ocrx_word' id='word_1_320' title='bbox 844 4626 1019 4681; x_wconf 90' lang='lat' dir='ltr'><strong>quam</strong></span> <span class='ocrx_word' id='word_1_321' title='bbox 1043 4610 1115 4664; x_wconf 90' lang='lat' dir='ltr'><strong>de</strong></span> <span class='ocrx_word' id='word_1_322' title='bbox 1144 4610 1340 4664; x_wconf 83' lang='lat' dir='ltr'><strong>officio</strong></span> <span class='ocrx_word' id='word_1_323' title='bbox 1362 4613 1452 4664; x_wconf 90' lang='lat' dir='ltr'><strong>est</strong></span> <span class='ocrx_word' id='word_1_324' title='bbox 1474 4611 1814 4676; x_wconf 90' lang='lat' dir='ltr'><strong>dicendum;</strong></span> 
     </span>
    </p>
   </div>
   <div class='ocr_carea' id='block_1_50' title="bbox 158 4698 1819 4769">
    <p class='ocr_par' dir='ltr' id='par_1_50' title="bbox 158 4698 1819 4769">
     <span class='ocr_line' id='line_1_50' title="bbox 158 4698 1819 4769; baseline 0.001 -20"><span class='ocrx_word' id='word_1_325' title='bbox 158 4712 257 4752; x_wconf 88' lang='lat' dir='ltr'><strong>nec</strong></span> <span class='ocrx_word' id='word_1_326' title='bbox 286 4698 559 4767; x_wconf 85' lang='lat' dir='ltr'><strong>offertur,</strong></span> <span class='ocrx_word' id='word_1_327' title='bbox 593 4699 689 4753; x_wconf 89' lang='lat' dir='ltr'><strong>vel</strong></span> <span class='ocrx_word' id='word_1_328' title='bbox 721 4714 836 4768; x_wconf 88' lang='lat' dir='ltr'><strong>pax</strong></span> <span class='ocrx_word' id='word_1_329' title='bbox 866 4699 1170 4769; x_wconf 87' lang='lat' dir='ltr'><strong>recipitur,</strong></span> <span class='ocrx_word' id='word_1_330' title='bbox 1201 4698 1318 4752; x_wconf 89' lang='lat' dir='ltr'><strong>nisi</strong></span> <span class='ocrx_word' id='word_1_331' title='bbox 1347 4700 1420 4752; x_wconf 86' lang='lat' dir='ltr'><strong>ab</strong></span> <span class='ocrx_word' id='word_1_332' title='bbox 1451 4714 1599 4768; x_wconf 84' lang='lat' dir='ltr'><strong>uno;</strong></span> <span class='ocrx_word' id='word_1_333' title='bbox 1629 4715 1739 4753; x_wconf 91' lang='lat' dir='ltr'><strong>nec</strong></span> <span class='ocrx_word' id='word_1_334' title='bbox 1760 4700 1819 4752; x_wconf 91' lang='lat' dir='ltr'><strong>in</strong></span> 
     </span>
    </p>
   </div>
   <div class='ocr_carea' id='block_1_51' title="bbox 160 4786 1817 4854">
    <p class='ocr_par' dir='ltr' id='par_1_51' title="bbox 160 4786 1817 4854">
     <span class='ocr_line' id='line_1_51' title="bbox 160 4786 1817 4854; baseline 0.001 -15"><span class='ocrx_word' id='word_1_335' title='bbox 160 4786 468 4842; x_wconf 85' lang='lat' dir='ltr'><strong>refectorio</strong></span> <span class='ocrx_word' id='word_1_336' title='bbox 488 4788 707 4842; x_wconf 87' lang='lat' dir='ltr'><strong>dantur</strong></span> <span class='ocrx_word' id='word_1_337' title='bbox 732 4787 943 4842; x_wconf 76' lang='lat' dir='ltr'><strong>hostiae</strong></span> <span class='ocrx_word' id='word_1_338' title='bbox 961 4788 1409 4854; x_wconf 66' lang='lat' dir='ltr'><strong>inconsecrataa,</strong></span> <span class='ocrx_word' id='word_1_339' title='bbox 1434 4789 1586 4841; x_wconf 90' lang='lat' dir='ltr'><strong>sicut</strong></span> <span class='ocrx_word' id='word_1_340' title='bbox 1608 4789 1667 4841; x_wconf 92' lang='lat' dir='ltr'><strong>in</strong></span> <span class='ocrx_word' id='word_1_341' title='bbox 1685 4787 1817 4841; x_wconf 85' lang='lat' dir='ltr'><strong>aliis</strong></span> 
     </span>
    </p>
   </div>
   <div class='ocr_carea' id='block_1_52' title="bbox 159 4874 1816 4947">
    <p class='ocr_par' dir='ltr' id='par_1_52' title="bbox 159 4874 1816 4947">
     <span class='ocr_line' id='line_1_52' title="bbox 159 4874 1816 4947; baseline 0.002 -21"><span class='ocrx_word' id='word_1_342' title='bbox 159 4876 396 4941; x_wconf 80' lang='lat' dir='ltr'><strong>privatis</strong></span> <span class='ocrx_word' id='word_1_343' title='bbox 429 4877 648 4931; x_wconf 87' lang='lat' dir='ltr'><strong>diebus</strong></span> <span class='ocrx_word' id='word_1_344' title='bbox 681 4876 893 4930; x_wconf 88' lang='lat' dir='ltr'><strong>solent.</strong></span> <span class='ocrx_word' id='word_1_345' title='bbox 929 4876 1053 4930; x_wconf 85' lang='lat' dir='ltr'><strong>Hoc</strong></span> <span class='ocrx_word' id='word_1_346' title='bbox 1088 4878 1278 4929; x_wconf 90' lang='lat' dir='ltr'><strong>autem</strong></span> <span class='ocrx_word' id='word_1_347' title='bbox 1306 4874 1621 4946; x_wconf 82' lang='lat' dir='ltr'><strong>jejunium,</strong></span> <span class='ocrx_word' id='word_1_348' title='bbox 1659 4875 1816 4947; x_wconf 88' lang='lat' dir='ltr'><strong>quod</strong></span> 
     </span>
    </p>
   </div>
   <div class='ocr_carea' id='block_1_53' title="bbox 155 4961 1812 5036">
    <p class='ocr_par' dir='ltr' id='par_1_53' title="bbox 155 4961 1812 5036">
     <span class='ocr_line' id='line_1_53' title="bbox 155 4961 1812 5036; baseline 0.003 -23"><span class='ocrx_word' id='word_1_349' title='bbox 155 4961 207 5014; x_wconf 87' lang='lat' dir='ltr'><strong>in</strong></span> <span class='ocrx_word' id='word_1_350' title='bbox 235 4979 451 5018; x_wconf 85' lang='lat' dir='ltr'><strong>mense</strong></span> <span class='ocrx_word' id='word_1_351' title='bbox 482 4964 658 5019; x_wconf 69' lang='lat' dir='ltr'><strong>Iunio</strong></span> <span class='ocrx_word' id='word_1_352' title='bbox 690 4965 906 5036; x_wconf 88' lang='lat' dir='ltr'><strong>agitur,</strong></span> <span class='ocrx_word' id='word_1_353' title='bbox 939 4979 1237 5034; x_wconf 90' lang='lat' dir='ltr'><strong>nunquam</strong></span> <span class='ocrx_word' id='word_1_354' title='bbox 1274 4964 1468 5035; x_wconf 88' lang='lat' dir='ltr'><strong>agitur</strong></span> <span class='ocrx_word' id='word_1_355' title='bbox 1497 4968 1628 5018; x_wconf 89' lang='lat' dir='ltr'><strong>ante</strong></span> <span class='ocrx_word' id='word_1_356' title='bbox 1660 4964 1812 5018; x_wconf 88' lang='lat' dir='ltr'><strong>Pen-</strong></span> 
     </span>
    </p>
   </div>
   <div class='ocr_carea' id='block_1_54' title="bbox 156 5052 1813 5125">
    <p class='ocr_par' dir='ltr' id='par_1_54' title="bbox 156 5052 1813 5125">
     <span class='ocr_line' id='line_1_54' title="bbox 156 5052 1813 5125; baseline 0.002 -22"><span class='ocrx_word' id='word_1_357' title='bbox 156 5053 435 5116; x_wconf 82' lang='lat' dir='ltr'><strong>tecosten,</strong></span> <span class='ocrx_word' id='word_1_358' title='bbox 474 5053 708 5107; x_wconf 59' lang='lat' dir='ltr'><strong>taznetsi</strong></span> <span class='ocrx_word' id='word_1_359' title='bbox 737 5053 904 5122; x_wconf 91' lang='lat' dir='ltr'><strong>prius</strong></span> <span class='ocrx_word' id='word_1_360' title='bbox 926 5054 1158 5107; x_wconf 88' lang='lat' dir='ltr'><strong>eveniat</strong></span> <span class='ocrx_word' id='word_1_361' title='bbox 1179 5054 1466 5106; x_wconf 87' lang='lat' dir='ltr'><strong>terminus</strong></span> <span class='ocrx_word' id='word_1_362' title='bbox 1491 5052 1623 5123; x_wconf 86' lang='lat' dir='ltr'><strong>ejus</strong></span> <span class='ocrx_word' id='word_1_363' title='bbox 1642 5068 1813 5125; x_wconf 86' lang='lat' dir='ltr'><strong>regu-</strong></span> 
     </span>
    </p>
   </div>
   <div class='ocr_carea' id='block_1_55' title="bbox 160 5136 1811 5210">
    <p class='ocr_par' dir='ltr' id='par_1_55' title="bbox 160 5136 1811 5210">
     <span class='ocr_line' id='line_1_55' title="bbox 160 5136 1811 5210; baseline 0.003 -22"><span class='ocrx_word' id='word_1_364' title='bbox 160 5136 328 5194; x_wconf 88' lang='lat' dir='ltr'><strong>laris:</strong></span> <span class='ocrx_word' id='word_1_365' title='bbox 363 5144 420 5193; x_wconf 82' lang='lat' dir='ltr'><strong>at</strong></span> <span class='ocrx_word' id='word_1_366' title='bbox 448 5142 495 5192; x_wconf 74' lang='lat' dir='ltr'><strong>si</strong></span> <span class='ocrx_word' id='word_1_367' title='bbox 532 5142 761 5196; x_wconf 73' lang='lat' dir='ltr'><strong>venerit</strong></span> <span class='ocrx_word' id='word_1_368' title='bbox 788 5141 845 5193; x_wconf 91' lang='lat' dir='ltr'><strong>in</strong></span> <span class='ocrx_word' id='word_1_369' title='bbox 876 5141 1004 5209; x_wconf 89' lang='lat' dir='ltr'><strong>ipsa</strong></span> <span class='ocrx_word' id='word_1_370' title='bbox 1038 5141 1363 5210; x_wconf 88' lang='lat' dir='ltr'><strong>septimana</strong></span> <span class='ocrx_word' id='word_1_371' title='bbox 1405 5142 1811 5209; x_wconf 88' lang='lat' dir='ltr'><strong>Pentecostes,</strong></span> 
     </span>
    </p>
   </div>
   <div class='ocr_carea' id='block_1_56' title="bbox 160 5227 709 5284">
    <p class='ocr_par' dir='ltr' id='par_1_56' title="bbox 160 5227 709 5284">
     <span class='ocr_line' id='line_1_56' title="bbox 160 5227 709 5284; baseline 0.011 -7"><span class='ocrx_word' id='word_1_372' title='bbox 160 5227 385 5283; x_wconf 89' lang='lat' dir='ltr'><strong>minimc</strong></span> <span class='ocrx_word' id='word_1_373' title='bbox 422 5228 709 5284; x_wconf 75' lang='lat' dir='ltr'><strong>difl‘crtur.</strong></span> 
     </span>
    </p>
   </div>
   <div class='ocr_carea' id='block_1_57' title="bbox 224 5315 1815 5389">
    <p class='ocr_par' dir='ltr' id='par_1_57' title="bbox 224 5315 1815 5389">
     <span class='ocr_line' id='line_1_57' title="bbox 224 5315 1815 5389; baseline 0.004 -22"><span class='ocrx_word' id='word_1_374' title='bbox 224 5315 409 5373; x_wconf 87' lang='lat' dir='ltr'><strong>Inter.</strong></span> <span class='ocrx_word' id='word_1_375' title='bbox 448 5318 518 5373; x_wconf 84' lang='lat' dir='ltr'><strong>Et</strong></span> <span class='ocrx_word' id='word_1_376' title='bbox 550 5318 846 5389; x_wconf 86' lang='lat' dir='ltr'><strong>quomodo</strong></span> <span class='ocrx_word' id='word_1_377' title='bbox 877 5320 1014 5371; x_wconf 90' lang='lat' dir='ltr'><strong>tunc</strong></span> <span class='ocrx_word' id='word_1_378' title='bbox 1047 5317 1240 5371; x_wconf 89' lang='lat' dir='ltr'><strong>facitis</strong></span> <span class='ocrx_word' id='word_1_379' title='bbox 1287 5322 1627 5389; x_wconf 85' lang='lat' dir='ltr'><strong>utrumque,</strong></span> <span class='ocrx_word' id='word_1_380' title='bbox 1652 5319 1815 5389; x_wconf 81' lang='lat' dir='ltr'><strong>jeju-</strong></span> 
     </span>
    </p>
   </div>
   <div class='ocr_carea' id='block_1_58' title="bbox 163 5404 919 5461">
    <p class='ocr_par' dir='ltr' id='par_1_58' title="bbox 163 5404 919 5461">
     <span class='ocr_line' id='line_1_58' title="bbox 163 5404 919 5461; baseline 0.007 -6"><span class='ocrx_word' id='word_1_381' title='bbox 163 5404 315 5458; x_wconf 87' lang='lat' dir='ltr'><strong>nium</strong></span> <span class='ocrx_word' id='word_1_382' title='bbox 345 5409 405 5459; x_wconf 88' lang='lat' dir='ltr'><strong>et</strong></span> <span class='ocrx_word' id='word_1_383' title='bbox 438 5406 869 5461; x_wconf 80' lang='lat' dir='ltr'><strong>solemnitatem</strong></span> <span class='ocrx_word' id='word_1_384' title='bbox 890 5409 919 5459; x_wconf 68' lang='grc' dir='ltr'><strong>ε)</strong></span> 
     </span>
    </p>
   </div>
   <div class='ocr_carea' id='block_1_59' title="bbox 228 5492 1815 5565">
    <p class='ocr_par' dir='ltr' id='par_1_59' title="bbox 228 5492 1815 5565">
     <span class='ocr_line' id='line_1_59' title="bbox 228 5492 1815 5565; baseline 0.002 -19"><span class='ocrx_word' id='word_1_385' title='bbox 228 5492 405 5564; x_wconf 72' lang='lat' dir='ltr'><strong>Resp.</strong></span> <span class='ocrx_word' id='word_1_386' title='bbox 423 5494 487 5547; x_wconf 89' lang='lat' dir='ltr'><strong>In</strong></span> <span class='ocrx_word' id='word_1_387' title='bbox 509 5494 622 5549; x_wconf 88' lang='lat' dir='ltr'><strong>hoc</strong></span> <span class='ocrx_word' id='word_1_388' title='bbox 644 5495 789 5548; x_wconf 90' lang='lat' dir='ltr'><strong>nihil</strong></span> <span class='ocrx_word' id='word_1_389' title='bbox 813 5509 1106 5550; x_wconf 86' lang='lat' dir='ltr'><strong>erramus.</strong></span> <span class='ocrx_word' id='word_1_390' title='bbox 1134 5495 1303 5564; x_wconf 89' lang='lat' dir='ltr'><strong>Nam,</strong></span> <span class='ocrx_word' id='word_1_391' title='bbox 1325 5496 1386 5548; x_wconf 92' lang='lat' dir='ltr'><strong>ut</strong></span> <span class='ocrx_word' id='word_1_392' title='bbox 1406 5495 1590 5564; x_wconf 91' lang='lat' dir='ltr'><strong>primo</strong></span> <span class='ocrx_word' id='word_1_393' title='bbox 1605 5495 1815 5565; x_wconf 88' lang='lat' dir='ltr'><strong>dicam,</strong></span> 
     </span>
    </p>
   </div>
   <div class='ocr_carea' id='block_1_60' title="bbox 160 5578 1822 5656">
    <p class='ocr_par' dir='ltr' id='par_1_60' title="bbox 160 5578 1822 5656">
     <span class='ocr_line' id='line_1_60' title="bbox 160 5578 1822 5656; baseline 0.004 -25"><span class='ocrx_word' id='word_1_394' title='bbox 160 5578 227 5633; x_wconf 83' lang='lat' dir='ltr'><strong>de</strong></span> <span class='ocrx_word' id='word_1_395' title='bbox 252 5582 450 5649; x_wconf 88' lang='lat' dir='ltr'><strong>primo</strong></span> <span class='ocrx_word' id='word_1_396' title='bbox 480 5599 712 5655; x_wconf 88' lang='lat' dir='ltr'><strong>quoque</strong></span> <span class='ocrx_word' id='word_1_397' title='bbox 735 5583 973 5655; x_wconf 88' lang='lat' dir='ltr'><strong>jejunii,</strong></span> <span class='ocrx_word' id='word_1_398' title='bbox 1008 5584 1066 5638; x_wconf 90' lang='lat' dir='ltr'><strong>id</strong></span> <span class='ocrx_word' id='word_1_399' title='bbox 1095 5587 1206 5653; x_wconf 89' lang='lat' dir='ltr'><strong>est,</strong></span> <span class='ocrx_word' id='word_1_400' title='bbox 1240 5585 1446 5656; x_wconf 87' lang='lat' dir='ltr'><strong>quarta</strong></span> <span class='ocrx_word' id='word_1_401' title='bbox 1480 5581 1651 5652; x_wconf 89' lang='lat' dir='ltr'><strong>feria,</strong></span> <span class='ocrx_word' id='word_1_402' title='bbox 1684 5585 1822 5653; x_wconf 89' lang='lat' dir='ltr'><strong>post</strong></span> 
     </span>
    </p>
   </div>
   <div class='ocr_carea' id='block_1_61' title="bbox 162 5668 1812 5742">
    <p class='ocr_par' dir='ltr' id='par_1_61' title="bbox 162 5668 1812 5742">
     <span class='ocr_line' id='line_1_61' title="bbox 162 5668 1812 5742; baseline 0.005 -22"><span class='ocrx_word' id='word_1_403' title='bbox 162 5668 477 5740; x_wconf 80' lang='lat' dir='ltr'><strong>capitulum</strong></span> <span class='ocrx_word' id='word_1_404' title='bbox 507 5672 716 5730; x_wconf 86' lang='lat' dir='ltr'><strong>sedent</strong></span> <span class='ocrx_word' id='word_1_405' title='bbox 742 5687 951 5730; x_wconf 89' lang='lat' dir='ltr'><strong>omnes</strong></span> <span class='ocrx_word' id='word_1_406' title='bbox 982 5674 1041 5728; x_wconf 92' lang='lat' dir='ltr'><strong>in</strong></span> <span class='ocrx_word' id='word_1_407' title='bbox 1071 5674 1329 5729; x_wconf 87' lang='lat' dir='ltr'><strong>claustro</strong></span> <span class='ocrx_word' id='word_1_408' title='bbox 1358 5673 1432 5728; x_wconf 81' lang='lat' dir='ltr'><strong>ad</strong></span> <span class='ocrx_word' id='word_1_409' title='bbox 1470 5670 1812 5742; x_wconf 85' lang='lat' dir='ltr'><strong>lectionem;</strong></span> 
     </span>
    </p>
   </div>
   <div class='ocr_carea' id='block_1_62' title="bbox 1930 619 3585 695">
    <p class='ocr_par' dir='ltr' id='par_1_62' title="bbox 1930 619 3585 695">
     <span class='ocr_line' id='line_1_62' title="bbox 1930 619 3585 695; baseline 0.005 -24"><span class='ocrx_word' id='word_1_410' title='bbox 1930 619 2196 673; x_wconf 89' lang='lat' dir='ltr'><strong>oratione</strong></span> <span class='ocrx_word' id='word_1_411' title='bbox 2226 619 2395 688; x_wconf 88' lang='lat' dir='ltr'><strong>facta,</strong></span> <span class='ocrx_word' id='word_1_412' title='bbox 2423 619 2741 673; x_wconf 88' lang='lat' dir='ltr'><strong>induuntur</strong></span> <span class='ocrx_word' id='word_1_413' title='bbox 2761 619 2933 688; x_wconf 89' lang='lat' dir='ltr'><strong>albis,</strong></span> <span class='ocrx_word' id='word_1_414' title='bbox 2957 624 3090 689; x_wconf 89' lang='lat' dir='ltr'><strong>post</strong></span> <span class='ocrx_word' id='word_1_415' title='bbox 3110 623 3340 676; x_wconf 87' lang='lat' dir='ltr'><strong>tertiam</strong></span> <span class='ocrx_word' id='word_1_416' title='bbox 3360 625 3585 695; x_wconf 89' lang='lat' dir='ltr'><strong>cappis.</strong></span> 
     </span>
    </p>
   </div>
   <div class='ocr_carea' id='block_1_63' title="bbox 1931 706 3587 781">
    <p class='ocr_par' dir='ltr' id='par_1_63' title="bbox 1931 706 3587 781">
     <span class='ocr_line' id='line_1_63' title="bbox 1931 706 3587 781; baseline 0.005 -22"><span class='ocrx_word' id='word_1_417' title='bbox 1931 708 2210 760; x_wconf 74' lang='lat' dir='ltr'><strong>(lantatur</strong></span> <span class='ocrx_word' id='word_1_418' title='bbox 2239 707 2499 762; x_wconf 81' lang='lat' dir='ltr'><strong>ofﬁcium</strong></span> <span class='ocrx_word' id='word_1_419' title='bbox 2550 706 3124 776; x_wconf 81' lang='lat' dir='ltr'><strong>Spiritus&#39;Domini:</strong></span> <span class='ocrx_word' id='word_1_420' title='bbox 3177 711 3247 764; x_wconf 89' lang='lat' dir='ltr'><strong>ad</strong></span> <span class='ocrx_word' id='word_1_421' title='bbox 3296 714 3450 781; x_wconf 89' lang='lat' dir='ltr'><strong>quod</strong></span> <span class='ocrx_word' id='word_1_422' title='bbox 3497 716 3587 767; x_wconf 90' lang='lat' dir='ltr'><strong>ta-</strong></span> 
     </span>
    </p>
   </div>
   <div class='ocr_carea' id='block_1_64' title="bbox 1933 797 3587 871">
    <p class='ocr_par' dir='ltr' id='par_1_64' title="bbox 1933 797 3587 871">
     <span class='ocr_line' id='line_1_64' title="bbox 1933 797 3587 871; baseline 0.004 -23"><span class='ocrx_word' id='word_1_423' title='bbox 1933 810 2063 848; x_wconf 88' lang='lat' dir='ltr'><strong>men</strong></span> <span class='ocrx_word' id='word_1_424' title='bbox 2095 797 2311 868; x_wconf 83' lang='lat' dir='ltr'><strong>legitur</strong></span> <span class='ocrx_word' id='word_1_425' title='bbox 2339 797 2411 851; x_wconf 91' lang='lat' dir='ltr'><strong>de</strong></span> <span class='ocrx_word' id='word_1_426' title='bbox 2443 797 2691 851; x_wconf 87' lang='lat' dir='ltr'><strong>Actibus</strong></span> <span class='ocrx_word' id='word_1_427' title='bbox 2724 797 3126 866; x_wconf 89' lang='lat' dir='ltr'><strong>apostolorum</strong></span> <span class='ocrx_word' id='word_1_428' title='bbox 3152 798 3370 854; x_wconf 88' lang='lat' dir='ltr'><strong>ferialis</strong></span> <span class='ocrx_word' id='word_1_429' title='bbox 3392 800 3587 871; x_wconf 89' lang='lat' dir='ltr'><strong>lectio,</strong></span> 
     </span>
    </p>
   </div>
   <div class='ocr_carea' id='block_1_65' title="bbox 1932 884 3592 958">
    <p class='ocr_par' dir='ltr' id='par_1_65' title="bbox 1932 884 3592 958">
     <span class='ocr_line' id='line_1_65' title="bbox 1932 884 3592 958; baseline 0.003 -20"><span class='ocrx_word' id='word_1_430' title='bbox 1932 889 1987 938; x_wconf 91' lang='lat' dir='ltr'><strong>et</strong></span> <span class='ocrx_word' id='word_1_431' title='bbox 2016 884 2401 956; x_wconf 84' lang='lat' dir='ltr'><strong>Evangelium</strong></span> <span class='ocrx_word' id='word_1_432' title='bbox 2437 885 2656 939; x_wconf 86' lang='lat' dir='ltr'><strong>ferialc.</strong></span> <span class='ocrx_word' id='word_1_433' title='bbox 2678 886 2821 939; x_wconf 87' lang='lat' dir='ltr'><strong>Post</strong></span> <span class='ocrx_word' id='word_1_434' title='bbox 2842 890 3069 941; x_wconf 84' lang='lat' dir='ltr'><strong>sextam</strong></span> <span class='ocrx_word' id='word_1_435' title='bbox 3089 888 3260 958; x_wconf 88' lang='lat' dir='ltr'><strong>quasi</strong></span> <span class='ocrx_word' id='word_1_436' title='bbox 3290 891 3592 957; x_wconf 88' lang='lat' dir='ltr'><strong>pausaturi</strong></span> 
     </span>
    </p>
   </div>
   <div class='ocr_carea' id='block_1_66' title="bbox 1933 974 3588 1047">
    <p class='ocr_par' dir='ltr' id='par_1_66' title="bbox 1933 974 3588 1047">
     <span class='ocr_line' id='line_1_66' title="bbox 1933 974 3588 1047; baseline 0.004 -22"><span class='ocrx_word' id='word_1_437' title='bbox 1933 974 2337 1027; x_wconf 76' lang='lat' dir='ltr'><strong>dormitoruim</strong></span> <span class='ocrx_word' id='word_1_438' title='bbox 2367 974 2732 1029; x_wconf 90' lang='lat' dir='ltr'><strong>ascendunt:</strong></span> <span class='ocrx_word' id='word_1_439' title='bbox 2767 976 2965 1029; x_wconf 87' lang='lat' dir='ltr'><strong>audito</strong></span> <span class='ocrx_word' id='word_1_440' title='bbox 2992 976 3166 1047; x_wconf 86' lang='lat' dir='ltr'><strong>signo</strong></span> <span class='ocrx_word' id='word_1_441' title='bbox 3203 978 3588 1047; x_wconf 62' lang='lat' dir='ltr'><strong>descendunt,</strong></span> 
     </span>
    </p>
   </div>
   <div class='ocr_carea' id='block_1_67' title="bbox 1933 1061 3594 1131">
    <p class='ocr_par' dir='ltr' id='par_1_67' title="bbox 1933 1061 3594 1131">
     <span class='ocr_line' id='line_1_67' title="bbox 1933 1061 3594 1131; baseline 0.004 -18"><span class='ocrx_word' id='word_1_442' title='bbox 1933 1061 2127 1115; x_wconf 89' lang='lat' dir='ltr'><strong>lavant</strong></span> <span class='ocrx_word' id='word_1_443' title='bbox 2155 1077 2364 1117; x_wconf 90' lang='lat' dir='ltr'><strong>manus</strong></span> <span class='ocrx_word' id='word_1_444' title='bbox 2395 1066 2451 1116; x_wconf 91' lang='lat' dir='ltr'><strong>et</strong></span> <span class='ocrx_word' id='word_1_445' title='bbox 2482 1062 2714 1131; x_wconf 88' lang='lat' dir='ltr'><strong>faciem,</strong></span> <span class='ocrx_word' id='word_1_446' title='bbox 2739 1068 2796 1118; x_wconf 87' lang='lat' dir='ltr'><strong>et</strong></span> <span class='ocrx_word' id='word_1_447' title='bbox 2825 1065 3139 1118; x_wconf 87' lang='lat' dir='ltr'><strong>ecclesiam</strong></span> <span class='ocrx_word' id='word_1_448' title='bbox 3171 1066 3405 1119; x_wconf 89' lang='lat' dir='ltr'><strong>intrant.</strong></span> <span class='ocrx_word' id='word_1_449' title='bbox 3446 1066 3594 1120; x_wconf 88' lang='lat' dir='ltr'><strong>Post</strong></span> 
     </span>
    </p>
   </div>
   <div class='ocr_carea' id='block_1_68' title="bbox 1933 1150 3591 1222">
    <p class='ocr_par' dir='ltr' id='par_1_68' title="bbox 1933 1150 3591 1222">
     <span class='ocr_line' id='line_1_68' title="bbox 1933 1150 3591 1222; baseline 0.003 -19"><span class='ocrx_word' id='word_1_450' title='bbox 1933 1150 2279 1215; x_wconf 85' lang='lat' dir='ltr'><strong>orationem,</strong></span> <span class='ocrx_word' id='word_1_451' title='bbox 2298 1154 2352 1204; x_wconf 90' lang='lat' dir='ltr'><strong>et</strong></span> <span class='ocrx_word' id='word_1_452' title='bbox 2372 1155 2757 1222; x_wconf 87' lang='lat' dir='ltr'><strong>posteaquam</strong></span> <span class='ocrx_word' id='word_1_453' title='bbox 2778 1154 3062 1208; x_wconf 90' lang='lat' dir='ltr'><strong>sacerdos</strong></span> <span class='ocrx_word' id='word_1_454' title='bbox 3077 1169 3209 1208; x_wconf 92' lang='lat' dir='ltr'><strong>cum</strong></span> <span class='ocrx_word' id='word_1_455' title='bbox 3228 1155 3357 1208; x_wconf 89' lang='lat' dir='ltr'><strong>suis</strong></span> <span class='ocrx_word' id='word_1_456' title='bbox 3381 1153 3591 1208; x_wconf 72' lang='lat' dir='ltr'><strong>suifra-</strong></span> 
     </span>
    </p>
   </div>
   <div class='ocr_carea' id='block_1_69' title="bbox 1933 1238 3592 1313">
    <p class='ocr_par' dir='ltr' id='par_1_69' title="bbox 1933 1238 3592 1313">
     <span class='ocr_line' id='line_1_69' title="bbox 1933 1238 3592 1313; baseline 0.002 -22"><span class='ocrx_word' id='word_1_457' title='bbox 1933 1238 2142 1309; x_wconf 84' lang='lat' dir='ltr'><strong>ganeis</strong></span> <span class='ocrx_word' id='word_1_458' title='bbox 2174 1240 2286 1293; x_wconf 90' lang='lat' dir='ltr'><strong>erit</strong></span> <span class='ocrx_word' id='word_1_459' title='bbox 2318 1242 2588 1306; x_wconf 86' lang='lat' dir='ltr'><strong>vestitus,</strong></span> <span class='ocrx_word' id='word_1_460' title='bbox 2622 1241 2939 1313; x_wconf 85' lang='lat' dir='ltr'><strong>imponitur</strong></span> <span class='ocrx_word' id='word_1_461' title='bbox 2970 1242 3250 1310; x_wconf 77' lang='lat' dir='ltr'><strong>officium,</strong></span> <span class='ocrx_word' id='word_1_462' title='bbox 3278 1244 3437 1297; x_wconf 85' lang='lat' dir='ltr'><strong>Deus</strong></span> <span class='ocrx_word' id='word_1_463' title='bbox 3466 1258 3592 1297; x_wconf 88' lang='lat' dir='ltr'><strong>cum</strong></span> 
     </span>
    </p>
   </div>
   <div class='ocr_carea' id='block_1_70' title="bbox 1935 1328 3591 1402">
    <p class='ocr_par' dir='ltr' id='par_1_70' title="bbox 1935 1328 3591 1402">
     <span class='ocr_line' id='line_1_70' title="bbox 1935 1328 3591 1402; baseline 0.004 -23"><span class='ocrx_word' id='word_1_464' title='bbox 1935 1328 2337 1397; x_wconf 81' lang='lat' dir='ltr'><strong>egrcdcrcris.</strong></span> <span class='ocrx_word' id='word_1_465' title='bbox 2379 1329 2466 1383; x_wconf 86' lang='lat' dir='ltr'><strong>Ad</strong></span> <span class='ocrx_word' id='word_1_466' title='bbox 2517 1330 2674 1399; x_wconf 87' lang='lat' dir='ltr'><strong>quod</strong></span> <span class='ocrx_word' id='word_1_467' title='bbox 2721 1347 2853 1384; x_wconf 89' lang='lat' dir='ltr'><strong>cum</strong></span> <span class='ocrx_word' id='word_1_468' title='bbox 2904 1332 3178 1402; x_wconf 87' lang='lat' dir='ltr'><strong>legantur</strong></span> <span class='ocrx_word' id='word_1_469' title='bbox 3222 1333 3353 1386; x_wconf 84' lang='lat' dir='ltr'><strong>duae</strong></span> <span class='ocrx_word' id='word_1_470' title='bbox 3385 1333 3591 1386; x_wconf 88' lang='lat' dir='ltr'><strong>lectio-</strong></span> 
     </span>
    </p>
   </div>
   <div class='ocr_carea' id='block_1_71' title="bbox 1932 1418 3588 1493">
    <p class='ocr_par' dir='ltr' id='par_1_71' title="bbox 1932 1418 3588 1493">
     <span class='ocr_line' id='line_1_71' title="bbox 1932 1418 3588 1493; baseline 0.004 -23"><span class='ocrx_word' id='word_1_471' title='bbox 1932 1434 2060 1487; x_wconf 88' lang='lat' dir='ltr'><strong>nes,</strong></span> <span class='ocrx_word' id='word_1_472' title='bbox 2095 1418 2228 1472; x_wconf 84' lang='lat' dir='ltr'><strong>duae</strong></span> <span class='ocrx_word' id='word_1_473' title='bbox 2252 1434 2486 1490; x_wconf 91' lang='lat' dir='ltr'><strong>quoque</strong></span> <span class='ocrx_word' id='word_1_474' title='bbox 2506 1420 2769 1475; x_wconf 65' lang='lat' dir='ltr'><strong>collectae</strong></span> <span class='ocrx_word' id='word_1_475' title='bbox 2786 1422 3083 1491; x_wconf 87' lang='lat' dir='ltr'><strong>dicuntur,</strong></span> <span class='ocrx_word' id='word_1_476' title='bbox 3100 1425 3157 1477; x_wconf 90' lang='lat' dir='ltr'><strong>et</strong></span> <span class='ocrx_word' id='word_1_477' title='bbox 3177 1438 3292 1476; x_wconf 91' lang='lat' dir='ltr'><strong>non</strong></span> <span class='ocrx_word' id='word_1_478' title='bbox 3314 1423 3588 1493; x_wconf 86' lang='lat' dir='ltr'><strong>amplius.</strong></span> 
     </span>
    </p>
   </div>
   <div class='ocr_carea' id='block_1_72' title="bbox 1936 1505 3589 1582">
    <p class='ocr_par' dir='ltr' id='par_1_72' title="bbox 1936 1505 3589 1582">
     <span class='ocr_line' id='line_1_72' title="bbox 1936 1505 3589 1582; baseline 0.005 -25"><span class='ocrx_word' id='word_1_479' title='bbox 1936 1505 2126 1559; x_wconf 86' lang='lat' dir='ltr'><strong>Prima</strong></span> <span class='ocrx_word' id='word_1_480' title='bbox 2160 1507 2333 1561; x_wconf 89' lang='lat' dir='ltr'><strong>lectio</strong></span> <span class='ocrx_word' id='word_1_481' title='bbox 2361 1512 2455 1562; x_wconf 88' lang='lat' dir='ltr'><strong>est</strong></span> <span class='ocrx_word' id='word_1_482' title='bbox 2491 1509 2561 1562; x_wconf 91' lang='lat' dir='ltr'><strong>de</strong></span> <span class='ocrx_word' id='word_1_483' title='bbox 2611 1508 2764 1563; x_wconf 88' lang='lat' dir='ltr'><strong>libro</strong></span> <span class='ocrx_word' id='word_1_484' title='bbox 2816 1510 3159 1580; x_wconf 64' lang='lat' dir='ltr'><strong>Sapientiae;</strong></span> <span class='ocrx_word' id='word_1_485' title='bbox 3205 1511 3589 1582; x_wconf 85' lang='lat' dir='ltr'><strong>Evangelium</strong></span> 
     </span>
    </p>
   </div>
   <div class='ocr_carea' id='block_1_73' title="bbox 1932 1594 3590 1670">
    <p class='ocr_par' dir='ltr' id='par_1_73' title="bbox 1932 1594 3590 1670">
     <span class='ocr_line' id='line_1_73' title="bbox 1932 1594 3590 1670; baseline 0.004 -23"><span class='ocrx_word' id='word_1_486' title='bbox 1932 1594 2003 1648; x_wconf 91' lang='lat' dir='ltr'><strong>de</strong></span> <span class='ocrx_word' id='word_1_487' title='bbox 2034 1598 2294 1666; x_wconf 89' lang='lat' dir='ltr'><strong>quinque</strong></span> <span class='ocrx_word' id='word_1_488' title='bbox 2325 1597 2585 1651; x_wconf 89' lang='lat' dir='ltr'><strong>millibus</strong></span> <span class='ocrx_word' id='word_1_489' title='bbox 2616 1598 2916 1652; x_wconf 89' lang='lat' dir='ltr'><strong>hominum</strong></span> <span class='ocrx_word' id='word_1_490' title='bbox 2961 1600 3019 1652; x_wconf 93' lang='lat' dir='ltr'><strong>in</strong></span> <span class='ocrx_word' id='word_1_491' title='bbox 3052 1601 3308 1670; x_wconf 90' lang='lat' dir='ltr'><strong>quinque</strong></span> <span class='ocrx_word' id='word_1_492' title='bbox 3337 1600 3590 1670; x_wconf 88' lang='lat' dir='ltr'><strong>panibus</strong></span> 
     </span>
    </p>
   </div>
   <div class='ocr_carea' id='block_1_74' title="bbox 1931 1684 3589 1758">
    <p class='ocr_par' dir='ltr' id='par_1_74' title="bbox 1931 1684 3589 1758">
     <span class='ocr_line' id='line_1_74' title="bbox 1931 1684 3589 1758; baseline 0.004 -23"><span class='ocrx_word' id='word_1_493' title='bbox 1931 1687 1987 1736; x_wconf 89' lang='lat' dir='ltr'><strong>et</strong></span> <span class='ocrx_word' id='word_1_494' title='bbox 2032 1684 2266 1737; x_wconf 89' lang='lat' dir='ltr'><strong>duobus</strong></span> <span class='ocrx_word' id='word_1_495' title='bbox 2318 1685 2588 1754; x_wconf 90' lang='lat' dir='ltr'><strong>piscibus</strong></span> <span class='ocrx_word' id='word_1_496' title='bbox 2638 1686 2937 1740; x_wconf 89' lang='lat' dir='ltr'><strong>saturatis.</strong></span> <span class='ocrx_word' id='word_1_497' title='bbox 2985 1688 3242 1755; x_wconf 87' lang='lat' dir='ltr'><strong>Cantus,</strong></span> <span class='ocrx_word' id='word_1_498' title='bbox 3291 1687 3589 1758; x_wconf 81' lang='lat' dir='ltr'><strong>Alleluia,</strong></span> 
     </span>
    </p>
   </div>
   <div class='ocr_carea' id='block_1_75' title="bbox 1930 1771 3588 1846">
    <p class='ocr_par' dir='ltr' id='par_1_75' title="bbox 1930 1771 3588 1846">
     <span class='ocr_line' id='line_1_75' title="bbox 1930 1771 3588 1846; baseline 0.005 -23"><span class='ocrx_word' id='word_1_499' title='bbox 1930 1771 2167 1825; x_wconf 88' lang='lat' dir='ltr'><strong>minime</strong></span> <span class='ocrx_word' id='word_1_500' title='bbox 2200 1776 2482 1837; x_wconf 85' lang='lat' dir='ltr'><strong>cantatur,</strong></span> <span class='ocrx_word' id='word_1_501' title='bbox 2518 1775 2621 1828; x_wconf 86' lang='lat' dir='ltr'><strong>sed</strong></span> <span class='ocrx_word' id='word_1_502' title='bbox 2672 1775 3071 1830; x_wconf 88' lang='lat' dir='ltr'><strong>tantummodo</strong></span> <span class='ocrx_word' id='word_1_503' title='bbox 3118 1777 3588 1846; x_wconf 89' lang='lat' dir='ltr'><strong>responsorium,</strong></span> 
     </span>
    </p>
   </div>
   <div class='ocr_carea' id='block_1_76' title="bbox 1862 1860 3591 1939">
    <p class='ocr_par' dir='ltr' id='par_1_76' title="bbox 1862 1860 3591 1939">
     <span class='ocr_line' id='line_1_76' title="bbox 1862 1860 3591 1939; baseline 0.005 -27"><span class='ocrx_word' id='word_1_504' title='bbox 1862 1878 1908 1939; x_wconf 80' lang='grc' dir='ltr'>Β</span> <span class='ocrx_word' id='word_1_505' title='bbox 1930 1860 2022 1913; x_wconf 91' lang='lat' dir='ltr'><strong>vel</strong></span> <span class='ocrx_word' id='word_1_506' title='bbox 2055 1861 2211 1931; x_wconf 88' lang='lat' dir='ltr'><strong>quod</strong></span> <span class='ocrx_word' id='word_1_507' title='bbox 2242 1861 2339 1914; x_wconf 90' lang='lat' dir='ltr'><strong>alii</strong></span> <span class='ocrx_word' id='word_1_508' title='bbox 2370 1862 2721 1916; x_wconf 89' lang='lat' dir='ltr'><strong>Gradualem</strong></span> <span class='ocrx_word' id='word_1_509' title='bbox 2742 1868 2969 1916; x_wconf 82' lang='lat' dir='ltr'><strong>vocant.</strong></span> <span class='ocrx_word' id='word_1_510' title='bbox 2994 1864 3123 1917; x_wconf 88' lang='lat' dir='ltr'><strong>Una</strong></span> <span class='ocrx_word' id='word_1_511' title='bbox 3148 1864 3275 1918; x_wconf 88' lang='lat' dir='ltr'><strong>vice</strong></span> <span class='ocrx_word' id='word_1_512' title='bbox 3294 1865 3591 1934; x_wconf 81' lang='lat' dir='ltr'><strong>reficiunt,</strong></span> 
     </span>
    </p>
   </div>
   <div class='ocr_carea' id='block_1_77' title="bbox 1928 1952 3591 2023">
    <p class='ocr_par' dir='ltr' id='par_1_77' title="bbox 1928 1952 3591 2023">
     <span class='ocr_line' id='line_1_77' title="bbox 1928 1952 3591 2023; baseline 0.003 -21"><span class='ocrx_word' id='word_1_513' title='bbox 1928 1952 2064 2018; x_wconf 91' lang='lat' dir='ltr'><strong>post</strong></span> <span class='ocrx_word' id='word_1_514' title='bbox 2093 1965 2324 2017; x_wconf 87' lang='lat' dir='ltr'><strong>nonam,</strong></span> <span class='ocrx_word' id='word_1_515' title='bbox 2361 1955 2418 2004; x_wconf 88' lang='lat' dir='ltr'><strong>et</strong></span> <span class='ocrx_word' id='word_1_516' title='bbox 2465 1952 2635 2020; x_wconf 89' lang='lat' dir='ltr'><strong>adipe</strong></span> <span class='ocrx_word' id='word_1_517' title='bbox 2677 1952 2993 2006; x_wconf 89' lang='lat' dir='ltr'><strong>abstinent.</strong></span> <span class='ocrx_word' id='word_1_518' title='bbox 3047 1953 3110 2006; x_wconf 89' lang='lat' dir='ltr'><strong>In</strong></span> <span class='ocrx_word' id='word_1_519' title='bbox 3142 1953 3352 2007; x_wconf 85' lang='lat' dir='ltr'><strong>diebus</strong></span> <span class='ocrx_word' id='word_1_520' title='bbox 3379 1952 3591 2023; x_wconf 88' lang='lat' dir='ltr'><strong>jejunii</strong></span> 
     </span>
    </p>
   </div>
   <div class='ocr_carea' id='block_1_78' title="bbox 1929 2038 3592 2112">
    <p class='ocr_par' dir='ltr' id='par_1_78' title="bbox 1929 2038 3592 2112">
     <span class='ocr_line' id='line_1_78' title="bbox 1929 2038 3592 2112; baseline 0.004 -22"><span class='ocrx_word' id='word_1_521' title='bbox 1929 2039 2229 2091; x_wconf 89' lang='lat' dir='ltr'><strong>secuturis</strong></span> <span class='ocrx_word' id='word_1_522' title='bbox 2248 2038 2391 2092; x_wconf 84' lang='lat' dir='ltr'><strong>nihil</strong></span> <span class='ocrx_word' id='word_1_523' title='bbox 2415 2041 2506 2093; x_wconf 91' lang='lat' dir='ltr'><strong>est</strong></span> <span class='ocrx_word' id='word_1_524' title='bbox 2522 2041 2692 2093; x_wconf 90' lang='lat' dir='ltr'><strong>aliter</strong></span> <span class='ocrx_word' id='word_1_525' title='bbox 2708 2041 3024 2111; x_wconf 88' lang='lat' dir='ltr'><strong>agendum,</strong></span> <span class='ocrx_word' id='word_1_526' title='bbox 3042 2045 3286 2111; x_wconf 84' lang='lat' dir='ltr'><strong>excepto</strong></span> <span class='ocrx_word' id='word_1_527' title='bbox 3309 2041 3465 2112; x_wconf 90' lang='lat' dir='ltr'><strong>quod</strong></span> <span class='ocrx_word' id='word_1_528' title='bbox 3483 2057 3592 2096; x_wconf 89' lang='lat' dir='ltr'><strong>nec</strong></span> 
     </span>
    </p>
   </div>
   <div class='ocr_carea' id='block_1_79' title="bbox 1932 2127 3587 2200">
    <p class='ocr_par' dir='ltr' id='par_1_79' title="bbox 1932 2127 3587 2200">
     <span class='ocr_line' id='line_1_79' title="bbox 1932 2127 3587 2200; baseline 0.004 -22"><span class='ocrx_word' id='word_1_529' title='bbox 1932 2127 2155 2195; x_wconf 88' lang='lat' dir='ltr'><strong>cappis,</strong></span> <span class='ocrx_word' id='word_1_530' title='bbox 2173 2142 2280 2181; x_wconf 86' lang='lat' dir='ltr'><strong>nec</strong></span> <span class='ocrx_word' id='word_1_531' title='bbox 2298 2127 2450 2181; x_wconf 87' lang='lat' dir='ltr'><strong>albis</strong></span> <span class='ocrx_word' id='word_1_532' title='bbox 2472 2130 2831 2198; x_wconf 83' lang='lat' dir='ltr'><strong>generaliter</strong></span> <span class='ocrx_word' id='word_1_533' title='bbox 2862 2130 3200 2199; x_wconf 90' lang='lat' dir='ltr'><strong>induuntur,</strong></span> <span class='ocrx_word' id='word_1_534' title='bbox 3219 2133 3273 2184; x_wconf 91' lang='lat' dir='ltr'><strong>et</strong></span> <span class='ocrx_word' id='word_1_535' title='bbox 3303 2131 3587 2200; x_wconf 73' lang='lat' dir='ltr'><strong>collectae,</strong></span> 
     </span>
    </p>
   </div>
   <div class='ocr_carea' id='block_1_80' title="bbox 1931 2216 3589 2289">
    <p class='ocr_par' dir='ltr' id='par_1_80' title="bbox 1931 2216 3589 2289">
     <span class='ocr_line' id='line_1_80' title="bbox 1931 2216 3589 2289; baseline 0.004 -23"><span class='ocrx_word' id='word_1_536' title='bbox 1931 2229 2063 2284; x_wconf 72' lang='lat' dir='ltr'><strong>quae</strong></span> <span class='ocrx_word' id='word_1_537' title='bbox 2081 2216 2356 2269; x_wconf 87' lang='lat' dir='ltr'><strong>dicuntur</strong></span> <span class='ocrx_word' id='word_1_538' title='bbox 2372 2216 2428 2269; x_wconf 91' lang='lat' dir='ltr'><strong>in</strong></span> <span class='ocrx_word' id='word_1_539' title='bbox 2450 2217 2695 2284; x_wconf 87' lang='lat' dir='ltr'><strong>privatis</strong></span> <span class='ocrx_word' id='word_1_540' title='bbox 2709 2217 2941 2287; x_wconf 90' lang='lat' dir='ltr'><strong>diebus,</strong></span> <span class='ocrx_word' id='word_1_541' title='bbox 2958 2219 3027 2271; x_wconf 91' lang='lat' dir='ltr'><strong>ad</strong></span> <span class='ocrx_word' id='word_1_542' title='bbox 3044 2219 3286 2272; x_wconf 90' lang='lat' dir='ltr'><strong>missam</strong></span> <span class='ocrx_word' id='word_1_543' title='bbox 3306 2218 3589 2289; x_wconf 89' lang='lat' dir='ltr'><strong>majorem</strong></span> 
     </span>
    </p>
   </div>
   <div class='ocr_carea' id='block_1_81' title="bbox 1931 2304 3592 2378">
    <p class='ocr_par' dir='ltr' id='par_1_81' title="bbox 1931 2304 3592 2378">
     <span class='ocr_line' id='line_1_81' title="bbox 1931 2304 3592 2378; baseline 0.002 -21"><span class='ocrx_word' id='word_1_544' title='bbox 1931 2320 2045 2357; x_wconf 88' lang='lat' dir='ltr'><strong>non</strong></span> <span class='ocrx_word' id='word_1_545' title='bbox 2079 2304 2439 2358; x_wconf 86' lang='lat' dir='ltr'><strong>omittuntur.</strong></span> <span class='ocrx_word' id='word_1_546' title='bbox 2464 2305 2619 2358; x_wconf 91' lang='lat' dir='ltr'><strong>Idem</strong></span> <span class='ocrx_word' id='word_1_547' title='bbox 2652 2309 2842 2359; x_wconf 85' lang='lat' dir='ltr'><strong>autem</strong></span> <span class='ocrx_word' id='word_1_548' title='bbox 2872 2305 3165 2377; x_wconf 83' lang='lat' dir='ltr'><strong>jejunium</strong></span> <span class='ocrx_word' id='word_1_549' title='bbox 3196 2308 3247 2361; x_wconf 91' lang='lat' dir='ltr'><strong>si</strong></span> <span class='ocrx_word' id='word_1_550' title='bbox 3279 2309 3592 2378; x_wconf 80' lang='lat' dir='ltr'><strong>contigerit</strong></span> 
     </span>
    </p>
   </div>
   <div class='ocr_carea' id='block_1_82' title="bbox 1928 2392 3590 2464">
    <p class='ocr_par' dir='ltr' id='par_1_82' title="bbox 1928 2392 3590 2464">
     <span class='ocr_line' id='line_1_82' title="bbox 1928 2392 3590 2464; baseline 0.002 -18"><span class='ocrx_word' id='word_1_551' title='bbox 1928 2396 2090 2446; x_wconf 90' lang='lat' dir='ltr'><strong>extra</strong></span> <span class='ocrx_word' id='word_1_552' title='bbox 2127 2392 2533 2461; x_wconf 82' lang='lat' dir='ltr'><strong>Pentecosten,</strong></span> <span class='ocrx_word' id='word_1_553' title='bbox 2568 2409 2684 2447; x_wconf 92' lang='lat' dir='ltr'><strong>non</strong></span> <span class='ocrx_word' id='word_1_554' title='bbox 2716 2394 2825 2447; x_wconf 88' lang='lat' dir='ltr'><strong>alia</strong></span> <span class='ocrx_word' id='word_1_555' title='bbox 2855 2396 3050 2448; x_wconf 87' lang='lat' dir='ltr'><strong>tamen</strong></span> <span class='ocrx_word' id='word_1_556' title='bbox 3090 2395 3283 2448; x_wconf 79' lang='lat' dir='ltr'><strong>officia</strong></span> <span class='ocrx_word' id='word_1_557' title='bbox 3329 2410 3504 2464; x_wconf 89' lang='lat' dir='ltr'><strong>quam</strong></span> <span class='ocrx_word' id='word_1_558' title='bbox 3534 2396 3590 2449; x_wconf 89' lang='lat' dir='ltr'><strong>et</strong></span> 
     </span>
    </p>
   </div>
   <div class='ocr_carea' id='block_1_83' title="bbox 1927 2479 3585 2553">
    <p class='ocr_par' dir='ltr' id='par_1_83' title="bbox 1927 2479 3585 2553">
     <span class='ocr_line' id='line_1_83' title="bbox 1927 2479 3585 2553; baseline 0.002 -20"><span class='ocrx_word' id='word_1_559' title='bbox 1927 2481 2000 2534; x_wconf 90' lang='lat' dir='ltr'><strong>ad</strong></span> <span class='ocrx_word' id='word_1_560' title='bbox 2031 2479 2422 2534; x_wconf 86' lang='lat' dir='ltr'><strong>Pentecosten</strong></span> <span class='ocrx_word' id='word_1_561' title='bbox 2455 2482 2804 2550; x_wconf 88' lang='lat' dir='ltr'><strong>pertinentia</strong></span> <span class='ocrx_word' id='word_1_562' title='bbox 2837 2497 2909 2535; x_wconf 87' lang='lat' dir='ltr'><strong>ex</strong></span> <span class='ocrx_word' id='word_1_563' title='bbox 2940 2498 3103 2537; x_wconf 89' lang='lat' dir='ltr'><strong>more</strong></span> <span class='ocrx_word' id='word_1_564' title='bbox 3138 2486 3474 2548; x_wconf 87' lang='lat' dir='ltr'><strong>cantantur;</strong></span> <span class='ocrx_word' id='word_1_565' title='bbox 3509 2486 3585 2553; x_wconf 89' lang='lat' dir='ltr'><strong>et,</strong></span> 
     </span>
    </p>
   </div>
   <div class='ocr_carea' id='block_1_84' title="bbox 1927 2568 3588 2641">
    <p class='ocr_par' dir='ltr' id='par_1_84' title="bbox 1927 2568 3588 2641">
     <span class='ocr_line' id='line_1_84' title="bbox 1927 2568 3588 2641; baseline 0.002 -20"><span class='ocrx_word' id='word_1_566' title='bbox 1927 2569 1988 2622; x_wconf 90' lang='lat' dir='ltr'><strong>in</strong></span> <span class='ocrx_word' id='word_1_567' title='bbox 2017 2568 2272 2622; x_wconf 71' lang='lat' dir='ltr'><strong>Sabbato</strong></span> <span class='ocrx_word' id='word_1_568' title='bbox 2294 2573 2428 2639; x_wconf 92' lang='lat' dir='ltr'><strong>post</strong></span> <span class='ocrx_word' id='word_1_569' title='bbox 2459 2568 2839 2639; x_wconf 74' lang='lat' dir='ltr'><strong>offerendam,</strong></span> <span class='ocrx_word' id='word_1_570' title='bbox 2858 2571 2957 2640; x_wconf 86' lang='lat' dir='ltr'><strong>qui</strong></span> <span class='ocrx_word' id='word_1_571' title='bbox 2975 2572 3423 2641; x_wconf 89' lang='lat' dir='ltr'><strong>responsorium</strong></span> <span class='ocrx_word' id='word_1_572' title='bbox 3446 2587 3588 2626; x_wconf 89' lang='lat' dir='ltr'><strong>can-</strong></span> 
     </span>
    </p>
   </div>
   <div class='ocr_carea' id='block_1_85' title="bbox 1928 2657 3589 2729">
    <p class='ocr_par' dir='ltr' id='par_1_85' title="bbox 1928 2657 3589 2729">
     <span class='ocr_line' id='line_1_85' title="bbox 1928 2657 3589 2729; baseline 0.003 -20"><span class='ocrx_word' id='word_1_573' title='bbox 1928 2658 2157 2726; x_wconf 90' lang='lat' dir='ltr'><strong>taverit,</strong></span> <span class='ocrx_word' id='word_1_574' title='bbox 2190 2661 2244 2711; x_wconf 81' lang='lat' dir='ltr'><strong>et</strong></span> <span class='ocrx_word' id='word_1_575' title='bbox 2275 2657 2584 2712; x_wconf 90' lang='lat' dir='ltr'><strong>lectionem</strong></span> <span class='ocrx_word' id='word_1_576' title='bbox 2618 2658 2827 2729; x_wconf 88' lang='lat' dir='ltr'><strong>legerit</strong></span> <span class='ocrx_word' id='word_1_577' title='bbox 2856 2664 3076 2728; x_wconf 67' lang='lat' dir='ltr'><strong>printer</strong></span> <span class='ocrx_word' id='word_1_578' title='bbox 3100 2661 3409 2729; x_wconf 88' lang='lat' dir='ltr'><strong>epistolam</strong></span> <span class='ocrx_word' id='word_1_579' title='bbox 3454 2676 3589 2715; x_wconf 91' lang='lat' dir='ltr'><strong>cum</strong></span> 
     </span>
    </p>
   </div>
   <div class='ocr_carea' id='block_1_86' title="bbox 1929 2745 3592 2820">
    <p class='ocr_par' dir='ltr' id='par_1_86' title="bbox 1929 2745 3592 2820">
     <span class='ocr_line' id='line_1_86' title="bbox 1929 2745 3592 2820; baseline 0.004 -22"><span class='ocrx_word' id='word_1_580' title='bbox 1929 2745 2083 2800; x_wconf 89' lang='lat' dir='ltr'><strong>albis</strong></span> <span class='ocrx_word' id='word_1_581' title='bbox 2114 2750 2277 2799; x_wconf 84' lang='lat' dir='ltr'><strong>esset</strong></span> <span class='ocrx_word' id='word_1_582' title='bbox 2299 2745 2538 2800; x_wconf 87' lang='lat' dir='ltr'><strong>indutus</strong></span> <span class='ocrx_word' id='word_1_583' title='bbox 2559 2747 2708 2801; x_wconf 86' lang='lat' dir='ltr'><strong>solet</strong></span> <span class='ocrx_word' id='word_1_584' title='bbox 2726 2763 2793 2801; x_wconf 92' lang='lat' dir='ltr'><strong>se</strong></span> <span class='ocrx_word' id='word_1_585' title='bbox 2815 2763 3055 2802; x_wconf 83' lang='lat' dir='ltr'><strong>exuere.</strong></span> <span class='ocrx_word' id='word_1_586' title='bbox 3081 2749 3296 2803; x_wconf 87' lang='lat' dir='ltr'><strong>Cantor</strong></span> <span class='ocrx_word' id='word_1_587' title='bbox 3312 2750 3414 2820; x_wconf 88' lang='lat' dir='ltr'><strong>qui</strong></span> <span class='ocrx_word' id='word_1_588' title='bbox 3433 2751 3592 2804; x_wconf 83' lang='lat' dir='ltr'><strong>tenet</strong></span> 
     </span>
    </p>
   </div>
   <div class='ocr_carea' id='block_1_87' title="bbox 1931 2834 3588 2907">
    <p class='ocr_par' dir='ltr' id='par_1_87' title="bbox 1931 2834 3588 2907">
     <span class='ocr_line' id='line_1_87' title="bbox 1931 2834 3588 2907; baseline 0.004 -21"><span class='ocrx_word' id='word_1_589' title='bbox 1931 2834 2174 2887; x_wconf 86' lang='lat' dir='ltr'><strong>chorum</strong></span> <span class='ocrx_word' id='word_1_590' title='bbox 2195 2835 2251 2887; x_wconf 90' lang='lat' dir='ltr'><strong>in</strong></span> <span class='ocrx_word' id='word_1_591' title='bbox 2272 2850 2472 2905; x_wconf 83' lang='lat' dir='ltr'><strong>cappa,</strong></span> <span class='ocrx_word' id='word_1_592' title='bbox 2490 2835 2621 2888; x_wconf 85' lang='lat' dir='ltr'><strong>aliis</strong></span> <span class='ocrx_word' id='word_1_593' title='bbox 2640 2836 2709 2888; x_wconf 87' lang='lat' dir='ltr'><strong>ad</strong></span> <span class='ocrx_word' id='word_1_594' title='bbox 2725 2837 3047 2891; x_wconf 89' lang='lat' dir='ltr'><strong>orationem</strong></span> <span class='ocrx_word' id='word_1_595' title='bbox 3061 2837 3588 2907; x_wconf 88' lang='lat' dir='ltr'><strong>procumbentibus</strong></span> 
     </span>
    </p>
   </div>
   <div class='ocr_carea' id='block_1_88' title="bbox 1927 2922 3587 2997">
    <p class='ocr_par' dir='ltr' id='par_1_88' title="bbox 1927 2922 3587 2997">
     <span class='ocr_line' id='line_1_88' title="bbox 1927 2922 3587 2997; baseline 0.004 -23"><span class='ocrx_word' id='word_1_596' title='bbox 1927 2937 2043 2975; x_wconf 91' lang='lat' dir='ltr'><strong>non</strong></span> <span class='ocrx_word' id='word_1_597' title='bbox 2072 2922 2427 2992; x_wconf 89' lang='lat' dir='ltr'><strong>procumbit,</strong></span> <span class='ocrx_word' id='word_1_598' title='bbox 2461 2926 2517 2976; x_wconf 89' lang='lat' dir='ltr'><strong>et</strong></span> <span class='ocrx_word' id='word_1_599' title='bbox 2546 2924 2617 2977; x_wconf 90' lang='lat' dir='ltr'><strong>ad</strong></span> <span class='ocrx_word' id='word_1_600' title='bbox 2651 2924 2808 2977; x_wconf 89' lang='lat' dir='ltr'><strong>illam</strong></span> <span class='ocrx_word' id='word_1_601' title='bbox 2839 2926 3161 2980; x_wconf 90' lang='lat' dir='ltr'><strong>orationem</strong></span> <span class='ocrx_word' id='word_1_602' title='bbox 3203 2942 3336 2997; x_wconf 84' lang='lat' dir='ltr'><strong>quae</strong></span> <span class='ocrx_word' id='word_1_603' title='bbox 3367 2927 3421 2980; x_wconf 83' lang='lat' dir='ltr'><strong>fit</strong></span> <span class='ocrx_word' id='word_1_604' title='bbox 3455 2931 3587 2981; x_wconf 85' lang='lat' dir='ltr'><strong>ante</strong></span> 
     </span>
    </p>
   </div>
   <div class='ocr_carea' id='block_1_89' title="bbox 1926 3011 2624 3065">
    <p class='ocr_par' dir='ltr' id='par_1_89' title="bbox 1926 3011 2624 3065">
     <span class='ocr_line' id='line_1_89' title="bbox 1926 3011 2624 3065; baseline 0.004 -3"><span class='ocrx_word' id='word_1_605' title='bbox 1926 3025 2138 3063; x_wconf 88' lang='lat' dir='ltr'><strong>nonam</strong></span> <span class='ocrx_word' id='word_1_606' title='bbox 2169 3011 2288 3065; x_wconf 87' lang='lat' dir='ltr'><strong>exit</strong></span> <span class='ocrx_word' id='word_1_607' title='bbox 2318 3011 2390 3064; x_wconf 87' lang='lat' dir='ltr'><strong>de</strong></span> <span class='ocrx_word' id='word_1_608' title='bbox 2422 3011 2624 3065; x_wconf 90' lang='lat' dir='ltr'><strong>choro.</strong></span> 
     </span>
    </p>
   </div>
   <div class='ocr_carea' id='block_1_90' title="bbox 2470 3099 3033 3156">
    <p class='ocr_par' dir='ltr' id='par_1_90' title="bbox 2470 3099 3033 3156">
     <span class='ocr_line' id='line_1_90' title="bbox 2470 3099 3033 3156; baseline 0.004 -3"><span class='ocrx_word' id='word_1_609' title='bbox 2470 3099 2725 3153; x_wconf 83' lang='lat' dir='ltr'><strong>CAPUT</strong></span> <span class='ocrx_word' id='word_1_610' title='bbox 2766 3101 3033 3156; x_wconf 87' lang='lat' dir='ltr'><strong>XXVIII.</strong></span> 
     </span>
    </p>
   </div>
   <div class='ocr_carea' id='block_1_91' title="bbox 1926 3188 3580 3261">
    <p class='ocr_par' dir='ltr' id='par_1_91' title="bbox 1926 3188 3580 3261">
     <span class='ocr_line' id='line_1_91' title="bbox 1926 3188 3580 3261; baseline 0.004 -20"><span class='ocrx_word' id='word_1_611' title='bbox 1926 3188 2013 3242; x_wconf 89' lang='lat' dir='ltr'><strong>De</strong></span> <span class='ocrx_word' id='word_1_612' title='bbox 2043 3188 2223 3242; x_wconf 78' lang='lat' dir='ltr'><strong>festis</strong></span> <span class='ocrx_word' id='word_1_613' title='bbox 2251 3193 2586 3242; x_wconf 81' lang='lat' dir='ltr'><strong>sanctorum</strong></span> <span class='ocrx_word' id='word_1_614' title='bbox 2623 3190 3001 3244; x_wconf 85' lang='lat' dir='ltr'><strong>venientibus</strong></span> <span class='ocrx_word' id='word_1_615' title='bbox 3010 3197 3144 3261; x_wconf 85' lang='lat' dir='ltr'><strong>post</strong></span> <span class='ocrx_word' id='word_1_616' title='bbox 3163 3191 3580 3247; x_wconf 85' lang='lat' dir='ltr'><strong>Pcntecostcn.</strong></span> 
     </span>
    </p>
   </div>
   <div class='ocr_carea' id='block_1_92' title="bbox 1998 3277 3585 3348">
    <p class='ocr_par' dir='ltr' id='par_1_92' title="bbox 1998 3277 3585 3348">
     <span class='ocr_line' id='line_1_92' title="bbox 1998 3277 3585 3348; baseline 0.003 -18"><span class='ocrx_word' id='word_1_617' title='bbox 1998 3277 2357 3348; x_wconf 85' lang='lat' dir='ltr'><strong>Interrogat.</strong></span> <span class='ocrx_word' id='word_1_618' title='bbox 2393 3278 2480 3331; x_wconf 89' lang='lat' dir='ltr'><strong>Ad</strong></span> <span class='ocrx_word' id='word_1_619' title='bbox 2511 3281 2832 3332; x_wconf 89' lang='lat' dir='ltr'><strong>nocturnos</strong></span> <span class='ocrx_word' id='word_1_620' title='bbox 2863 3279 3223 3347; x_wconf 88' lang='lat' dir='ltr'><strong>privatarum</strong></span> <span class='ocrx_word' id='word_1_621' title='bbox 3251 3282 3509 3335; x_wconf 90' lang='lat' dir='ltr'><strong>noctium</strong></span> <span class='ocrx_word' id='word_1_622' title='bbox 3532 3282 3585 3335; x_wconf 90' lang='lat' dir='ltr'><strong>si</strong></span> 
     </span>
    </p>
   </div>
   <div class='ocr_carea' id='block_1_93' title="bbox 1924 3365 3586 3439">
    <p class='ocr_par' dir='ltr' id='par_1_93' title="bbox 1924 3365 3586 3439">
     <span class='ocr_line' id='line_1_93' title="bbox 1924 3365 3586 3439; baseline 0.003 -20"><span class='ocrx_word' id='word_1_623' title='bbox 1924 3366 2057 3420; x_wconf 90' lang='lat' dir='ltr'><strong>talis</strong></span> <span class='ocrx_word' id='word_1_624' title='bbox 2091 3366 2285 3434; x_wconf 90' lang='lat' dir='ltr'><strong>lectio,</strong></span> <span class='ocrx_word' id='word_1_625' title='bbox 2320 3368 2380 3419; x_wconf 90' lang='lat' dir='ltr'><strong>ut</strong></span> <span class='ocrx_word' id='word_1_626' title='bbox 2413 3365 2694 3436; x_wconf 89' lang='lat' dir='ltr'><strong>superius</strong></span> <span class='ocrx_word' id='word_1_627' title='bbox 2718 3366 2939 3436; x_wconf 83' lang='lat' dir='ltr'><strong>dixisti,</strong></span> <span class='ocrx_word' id='word_1_628' title='bbox 2957 3366 3183 3439; x_wconf 86' lang='lat' dir='ltr'><strong>jugiter</strong></span> <span class='ocrx_word' id='word_1_629' title='bbox 3202 3371 3295 3423; x_wconf 90' lang='lat' dir='ltr'><strong>est</strong></span> <span class='ocrx_word' id='word_1_630' title='bbox 3315 3369 3586 3439; x_wconf 89' lang='lat' dir='ltr'><strong>deputata</strong></span> 
     </span>
    </p>
   </div>
   <div class='ocr_carea' id='block_1_94' title="bbox 1924 3454 3584 3528">
    <p class='ocr_par' dir='ltr' id='par_1_94' title="bbox 1924 3454 3584 3528">
     <span class='ocr_line' id='line_1_94' title="bbox 1924 3454 3584 3528; baseline 0.004 -21"><span class='ocrx_word' id='word_1_631' title='bbox 1924 3454 2216 3525; x_wconf 92' lang='lat' dir='ltr'><strong>quomodo</strong></span> <span class='ocrx_word' id='word_1_632' title='bbox 2245 3455 2420 3525; x_wconf 89' lang='lat' dir='ltr'><strong>agitis</strong></span> <span class='ocrx_word' id='word_1_633' title='bbox 2453 3456 3062 3509; x_wconf 88' lang='lat' dir='ltr'><strong>commemorationem</strong></span> <span class='ocrx_word' id='word_1_634' title='bbox 3097 3459 3454 3528; x_wconf 89' lang='lat' dir='ltr'><strong>sanctorum,</strong></span> <span class='ocrx_word' id='word_1_635' title='bbox 3478 3475 3584 3528; x_wconf 89' lang='lat' dir='ltr'><strong>pro</strong></span> 
     </span>
    </p>
   </div>
   <div class='ocr_carea' id='block_1_95' title="bbox 1924 3543 3395 3613">
    <p class='ocr_par' dir='ltr' id='par_1_95' title="bbox 1924 3543 3395 3613">
     <span class='ocr_line' id='line_1_95' title="bbox 1924 3543 3395 3613; baseline 0.004 -18"><span class='ocrx_word' id='word_1_636' title='bbox 1924 3543 2141 3613; x_wconf 89' lang='lat' dir='ltr'><strong>quibus</strong></span> <span class='ocrx_word' id='word_1_637' title='bbox 2169 3545 2364 3596; x_wconf 87' lang='lat' dir='ltr'><strong>tamen</strong></span> <span class='ocrx_word' id='word_1_638' title='bbox 2396 3543 2706 3597; x_wconf 89' lang='lat' dir='ltr'><strong>duodecim</strong></span> <span class='ocrx_word' id='word_1_639' title='bbox 2738 3544 3023 3599; x_wconf 88' lang='lat' dir='ltr'><strong>lectiones</strong></span> <span class='ocrx_word' id='word_1_640' title='bbox 3055 3561 3172 3599; x_wconf 90' lang='lat' dir='ltr'><strong>non</strong></span> <span class='ocrx_word' id='word_1_641' title='bbox 3205 3546 3395 3601; x_wconf 81' lang='lat' dir='ltr'><strong>fiunt?</strong></span> 
     </span>
    </p>
   </div>
   <div class='ocr_carea' id='block_1_96' title="bbox 1995 3632 3585 3707">
    <p class='ocr_par' dir='ltr' id='par_1_96' title="bbox 1995 3632 3585 3707">
     <span class='ocr_line' id='line_1_96' title="bbox 1995 3632 3585 3707; baseline 0.004 -23"><span class='ocrx_word' id='word_1_642' title='bbox 1995 3632 2173 3702; x_wconf 79' lang='lat' dir='ltr'><strong>Resp.</strong></span> <span class='ocrx_word' id='word_1_643' title='bbox 2211 3632 2370 3685; x_wconf 90' lang='lat' dir='ltr'><strong>Bene</strong></span> <span class='ocrx_word' id='word_1_644' title='bbox 2402 3647 2650 3702; x_wconf 89' lang='lat' dir='ltr'><strong>mones;</strong></span> <span class='ocrx_word' id='word_1_645' title='bbox 2684 3648 2818 3686; x_wconf 87' lang='lat' dir='ltr'><strong>nam</strong></span> <span class='ocrx_word' id='word_1_646' title='bbox 2848 3634 2920 3687; x_wconf 88' lang='lat' dir='ltr'><strong>de</strong></span> <span class='ocrx_word' id='word_1_647' title='bbox 2967 3636 3193 3689; x_wconf 90' lang='lat' dir='ltr'><strong>sanctis</strong></span> <span class='ocrx_word' id='word_1_648' title='bbox 3243 3634 3585 3707; x_wconf 83' lang='lat' dir='ltr'><strong>liujusmodi</strong></span> 
     </span>
    </p>
   </div>
   <div class='ocr_carea' id='block_1_97' title="bbox 1924 3721 3582 3797">
    <p class='ocr_par' dir='ltr' id='par_1_97' title="bbox 1924 3721 3582 3797">
     <span class='ocr_line' id='line_1_97' title="bbox 1924 3721 3582 3797; baseline 0.005 -24"><span class='ocrx_word' id='word_1_649' title='bbox 1924 3721 2124 3791; x_wconf 88' lang='lat' dir='ltr'><strong>utique</strong></span> <span class='ocrx_word' id='word_1_650' title='bbox 2156 3721 2299 3774; x_wconf 81' lang='lat' dir='ltr'><strong>fiunt</strong></span> <span class='ocrx_word' id='word_1_651' title='bbox 2315 3725 2437 3776; x_wconf 90' lang='lat' dir='ltr'><strong>tres</strong></span> <span class='ocrx_word' id='word_1_652' title='bbox 2460 3721 2746 3776; x_wconf 90' lang='lat' dir='ltr'><strong>lectiones</strong></span> <span class='ocrx_word' id='word_1_653' title='bbox 2771 3737 2902 3775; x_wconf 90' lang='lat' dir='ltr'><strong>cum</strong></span> <span class='ocrx_word' id='word_1_654' title='bbox 2926 3725 3330 3792; x_wconf 90' lang='lat' dir='ltr'><strong>responsoriis</strong></span> <span class='ocrx_word' id='word_1_655' title='bbox 3347 3741 3582 3797; x_wconf 89' lang='lat' dir='ltr'><strong>quoque</strong></span> 
     </span>
    </p>
   </div>
   <div class='ocr_carea' id='block_1_98' title="bbox 1922 3810 3584 3885">
    <p class='ocr_par' dir='ltr' id='par_1_98' title="bbox 1922 3810 3584 3885">
     <span class='ocr_line' id='line_1_98' title="bbox 1922 3810 3584 3885; baseline 0.004 -24"><span class='ocrx_word' id='word_1_656' title='bbox 1922 3810 2115 3864; x_wconf 90' lang='lat' dir='ltr'><strong>tribus</strong></span> <span class='ocrx_word' id='word_1_657' title='bbox 2144 3828 2155 3873; x_wconf 94' lang='lat'>;</span> <span class='ocrx_word' id='word_1_658' title='bbox 2190 3813 2246 3864; x_wconf 93' lang='lat' dir='ltr'><strong>et</strong></span> <span class='ocrx_word' id='word_1_659' title='bbox 2278 3811 2424 3879; x_wconf 80' lang='lat' dir='ltr'><strong>ipsae</strong></span> <span class='ocrx_word' id='word_1_660' title='bbox 2455 3810 2741 3865; x_wconf 89' lang='lat' dir='ltr'><strong>lectiones</strong></span> <span class='ocrx_word' id='word_1_661' title='bbox 2775 3816 3069 3881; x_wconf 71' lang='lat' dir='ltr'><strong>excerptas</strong></span> <span class='ocrx_word' id='word_1_662' title='bbox 3117 3815 3256 3866; x_wconf 87' lang='lat' dir='ltr'><strong>sunt</strong></span> <span class='ocrx_word' id='word_1_663' title='bbox 3286 3813 3355 3867; x_wconf 87' lang='lat' dir='ltr'><strong>de</strong></span> <span class='ocrx_word' id='word_1_664' title='bbox 3387 3814 3584 3885; x_wconf 88' lang='lat' dir='ltr'><strong>aliquo</strong></span> 
     </span>
    </p>
   </div>
   <div class='ocr_carea' id='block_1_99' title="bbox 1924 3899 3585 3972">
    <p class='ocr_par' dir='ltr' id='par_1_99' title="bbox 1924 3899 3585 3972">
     <span class='ocr_line' id='line_1_99' title="bbox 1924 3899 3585 3972; baseline 0.002 -20"><span class='ocrx_word' id='word_1_665' title='bbox 1924 3913 2198 3952; x_wconf 89' lang='lat' dir='ltr'><strong>sermone</strong></span> <span class='ocrx_word' id='word_1_666' title='bbox 2229 3899 2321 3953; x_wconf 92' lang='lat' dir='ltr'><strong>vel</strong></span> <span class='ocrx_word' id='word_1_667' title='bbox 2341 3899 2578 3953; x_wconf 86' lang='lat' dir='ltr'><strong>homilia</strong></span> <span class='ocrx_word' id='word_1_668' title='bbox 2598 3916 2730 3970; x_wconf 86' lang='lat' dir='ltr'><strong>quae</strong></span> <span class='ocrx_word' id='word_1_669' title='bbox 2752 3901 2824 3954; x_wconf 88' lang='lat' dir='ltr'><strong>ad</strong></span> <span class='ocrx_word' id='word_1_670' title='bbox 2846 3901 2959 3955; x_wconf 87' lang='lat' dir='ltr'><strong>hoc</strong></span> <span class='ocrx_word' id='word_1_671' title='bbox 2980 3902 3230 3956; x_wconf 85' lang='lat' dir='ltr'><strong>maxime</strong></span> <span class='ocrx_word' id='word_1_672' title='bbox 3253 3905 3585 3972; x_wconf 87' lang='lat' dir='ltr'><strong>competere</strong></span> 
     </span>
    </p>
   </div>
   <div class='ocr_carea' id='block_1_100' title="bbox 1922 3987 3585 4059">
    <p class='ocr_par' dir='ltr' id='par_1_100' title="bbox 1922 3987 3585 4059">
     <span class='ocr_line' id='line_1_100' title="bbox 1922 3987 3585 4059; baseline 0.005 -21"><span class='ocrx_word' id='word_1_673' title='bbox 1922 3987 2173 4055; x_wconf 81' lang='lat' dir='ltr'><strong>videtur,</strong></span> <span class='ocrx_word' id='word_1_674' title='bbox 2209 4002 2561 4057; x_wconf 89' lang='lat' dir='ltr'><strong>quamquam</strong></span> <span class='ocrx_word' id='word_1_675' title='bbox 2593 4004 2712 4042; x_wconf 90' lang='lat' dir='ltr'><strong>non</strong></span> <span class='ocrx_word' id='word_1_676' title='bbox 2753 3990 2829 4042; x_wconf 91' lang='lat' dir='ltr'><strong>ita</strong></span> <span class='ocrx_word' id='word_1_677' title='bbox 2878 3990 3044 4044; x_wconf 82' lang='lat' dir='ltr'><strong>ﬁeret</strong></span> <span class='ocrx_word' id='word_1_678' title='bbox 3090 3991 3147 4043; x_wconf 90' lang='lat' dir='ltr'><strong>in</strong></span> <span class='ocrx_word' id='word_1_679' title='bbox 3198 3991 3585 4059; x_wconf 84' lang='lat' dir='ltr'><strong>paschalibus</strong></span> 
     </span>
    </p>
   </div>
   <div class='ocr_carea' id='block_1_101' title="bbox 1926 4075 3586 4147">
    <p class='ocr_par' dir='ltr' id='par_1_101' title="bbox 1926 4075 3586 4147">
     <span class='ocr_line' id='line_1_101' title="bbox 1926 4075 3586 4147; baseline 0.004 -19"><span class='ocrx_word' id='word_1_680' title='bbox 1926 4075 2156 4143; x_wconf 89' lang='lat' dir='ltr'><strong>diebus,</strong></span> <span class='ocrx_word' id='word_1_681' title='bbox 2190 4076 2247 4127; x_wconf 90' lang='lat' dir='ltr'><strong>in</strong></span> <span class='ocrx_word' id='word_1_682' title='bbox 2281 4076 2497 4146; x_wconf 89' lang='lat' dir='ltr'><strong>quibus</strong></span> <span class='ocrx_word' id='word_1_683' title='bbox 2548 4077 2597 4129; x_wconf 89' lang='lat' dir='ltr'><strong>si</strong></span> <span class='ocrx_word' id='word_1_684' title='bbox 2643 4078 2753 4131; x_wconf 86' lang='lat' dir='ltr'><strong>tria</strong></span> <span class='ocrx_word' id='word_1_685' title='bbox 2794 4079 3175 4147; x_wconf 88' lang='lat' dir='ltr'><strong>responsoria</strong></span> <span class='ocrx_word' id='word_1_686' title='bbox 3226 4081 3586 4135; x_wconf 83' lang='lat' dir='ltr'><strong>canebantur</strong></span> 
     </span>
    </p>
   </div>
   <div class='ocr_carea' id='block_1_102' title="bbox 1923 4164 3582 4239">
    <p class='ocr_par' dir='ltr' id='par_1_102' title="bbox 1923 4164 3582 4239">
     <span class='ocr_line' id='line_1_102' title="bbox 1923 4164 3582 4239; baseline 0.002 -20"><span class='ocrx_word' id='word_1_687' title='bbox 1923 4164 1995 4219; x_wconf 89' lang='lat' dir='ltr'><strong>de</strong></span> <span class='ocrx_word' id='word_1_688' title='bbox 2027 4164 2270 4231; x_wconf 90' lang='lat' dir='ltr'><strong>sanctis,</strong></span> <span class='ocrx_word' id='word_1_689' title='bbox 2304 4168 2497 4217; x_wconf 90' lang='lat' dir='ltr'><strong>tamen</strong></span> <span class='ocrx_word' id='word_1_690' title='bbox 2529 4165 2813 4219; x_wconf 90' lang='lat' dir='ltr'><strong>lectiones</strong></span> <span class='ocrx_word' id='word_1_691' title='bbox 2846 4170 3011 4219; x_wconf 91' lang='lat' dir='ltr'><strong>erant</strong></span> <span class='ocrx_word' id='word_1_692' title='bbox 3059 4168 3129 4219; x_wconf 86' lang='lat' dir='ltr'><strong>de</strong></span> <span class='ocrx_word' id='word_1_693' title='bbox 3180 4183 3248 4221; x_wconf 92' lang='lat' dir='ltr'><strong>eo</strong></span> <span class='ocrx_word' id='word_1_694' title='bbox 3296 4168 3449 4222; x_wconf 90' lang='lat' dir='ltr'><strong>libro</strong></span> <span class='ocrx_word' id='word_1_695' title='bbox 3482 4169 3582 4239; x_wconf 88' lang='lat' dir='ltr'><strong>qui</strong></span> 
     </span>
    </p>
   </div>
   <div class='ocr_carea' id='block_1_103' title="bbox 1920 4252 3582 4325">
    <p class='ocr_par' dir='ltr' id='par_1_103' title="bbox 1920 4252 3582 4325">
     <span class='ocr_line' id='line_1_103' title="bbox 1920 4252 3582 4325; baseline 0.001 -17"><span class='ocrx_word' id='word_1_696' title='bbox 1920 4256 1978 4308; x_wconf 92' lang='lat' dir='ltr'><strong>in</strong></span> <span class='ocrx_word' id='word_1_697' title='bbox 2008 4268 2075 4307; x_wconf 87' lang='lat' dir='ltr'><strong>ea</strong></span> <span class='ocrx_word' id='word_1_698' title='bbox 2106 4252 2395 4324; x_wconf 88' lang='lat' dir='ltr'><strong>legendus</strong></span> <span class='ocrx_word' id='word_1_699' title='bbox 2426 4256 2548 4305; x_wconf 88' lang='lat' dir='ltr'><strong>erat</strong></span> <span class='ocrx_word' id='word_1_700' title='bbox 2578 4255 2923 4321; x_wconf 89' lang='lat' dir='ltr'><strong>septimana.</strong></span> <span class='ocrx_word' id='word_1_701' title='bbox 2942 4254 3011 4308; x_wconf 87' lang='lat' dir='ltr'><strong>Et</strong></span> <span class='ocrx_word' id='word_1_702' title='bbox 3043 4258 3104 4308; x_wconf 90' lang='lat' dir='ltr'><strong>ut</strong></span> <span class='ocrx_word' id='word_1_703' title='bbox 3135 4257 3446 4325; x_wconf 84' lang='lat' dir='ltr'><strong>quaestioni</strong></span> <span class='ocrx_word' id='word_1_704' title='bbox 3466 4260 3582 4311; x_wconf 62' lang='lat' dir='ltr'><strong>tua;</strong></span> 
     </span>
    </p>
   </div>
   <div class='ocr_carea' id='block_1_104' title="bbox 1919 4341 3576 4413">
    <p class='ocr_par' dir='ltr' id='par_1_104' title="bbox 1919 4341 3576 4413">
     <span class='ocr_line' id='line_1_104' title="bbox 1919 4341 3576 4413; baseline 0.001 -16"><span class='ocrx_word' id='word_1_705' title='bbox 1919 4342 2111 4397; x_wconf 90' lang='lat' dir='ltr'><strong>adhuc</strong></span> <span class='ocrx_word' id='word_1_706' title='bbox 2141 4341 2361 4411; x_wconf 88' lang='lat' dir='ltr'><strong>aliquid</strong></span> <span class='ocrx_word' id='word_1_707' title='bbox 2394 4342 2951 4412; x_wconf 87' lang='lat' dir='ltr'><strong>supererogaverim</strong></span> <span class='ocrx_word' id='word_1_708' title='bbox 2970 4343 3041 4396; x_wconf 88' lang='lat' dir='ltr'><strong>de</strong></span> <span class='ocrx_word' id='word_1_709' title='bbox 3071 4343 3297 4397; x_wconf 88' lang='lat' dir='ltr'><strong>eisdem</strong></span> <span class='ocrx_word' id='word_1_710' title='bbox 3328 4345 3576 4413; x_wconf 88' lang='lat' dir='ltr'><strong>sanctis,</strong></span> 
     </span>
    </p>
   </div>
   <div class='ocr_carea' id='block_1_105' title="bbox 1921 4431 3580 4501">
    <p class='ocr_par' dir='ltr' id='par_1_105' title="bbox 1921 4431 3580 4501">
     <span class='ocr_line' id='line_1_105' title="bbox 1921 4431 3580 4501; baseline 0.001 -18"><span class='ocrx_word' id='word_1_711' title='bbox 1921 4433 1988 4484; x_wconf 92' lang='lat' dir='ltr'><strong>ad</strong></span> <span class='ocrx_word' id='word_1_712' title='bbox 2020 4433 2347 4485; x_wconf 89' lang='lat' dir='ltr'><strong>nocturnos</strong></span> <span class='ocrx_word' id='word_1_713' title='bbox 2379 4433 2615 4500; x_wconf 90' lang='lat' dir='ltr'><strong>propter</strong></span> <span class='ocrx_word' id='word_1_714' title='bbox 2647 4432 2779 4484; x_wconf 91' lang='lat' dir='ltr'><strong>illos</strong></span> <span class='ocrx_word' id='word_1_715' title='bbox 2811 4445 2920 4485; x_wconf 90' lang='lat' dir='ltr'><strong>nec</strong></span> <span class='ocrx_word' id='word_1_716' title='bbox 2950 4431 3204 4501; x_wconf 74' lang='lat' dir='ltr'><strong>hymnus</strong></span> <span class='ocrx_word' id='word_1_717' title='bbox 3227 4445 3335 4485; x_wconf 92' lang='lat' dir='ltr'><strong>nec</strong></span> <span class='ocrx_word' id='word_1_718' title='bbox 3364 4431 3580 4501; x_wconf 86' lang='lat' dir='ltr'><strong>psalmi</strong></span> 
     </span>
    </p>
   </div>
   <div class='ocr_carea' id='block_1_106' title="bbox 1926 4519 3584 4589">
    <p class='ocr_par' dir='ltr' id='par_1_106' title="bbox 1926 4519 3584 4589">
     <span class='ocr_line' id='line_1_106' title="bbox 1926 4519 3584 4589; baseline 0.002 -17"><span class='ocrx_word' id='word_1_719' title='bbox 1926 4519 2160 4573; x_wconf 88' lang='lat' dir='ltr'><strong>feriales</strong></span> <span class='ocrx_word' id='word_1_720' title='bbox 2174 4519 2921 4588; x_wconf 74' lang='lat' dir='ltr'><strong>mutanturJnvitatorium,</strong></span> <span class='ocrx_word' id='word_1_721' title='bbox 2938 4520 3277 4589; x_wconf 90' lang='lat' dir='ltr'><strong>capitulum,</strong></span> <span class='ocrx_word' id='word_1_722' title='bbox 3293 4536 3511 4575; x_wconf 87' lang='lat' dir='ltr'><strong>versus</strong></span> <span class='ocrx_word' id='word_1_723' title='bbox 3526 4525 3584 4576; x_wconf 88' lang='lat' dir='ltr'><strong>et</strong></span> 
     </span>
    </p>
   </div>
   <div class='ocr_carea' id='block_1_107' title="bbox 1924 4608 3583 4680">
    <p class='ocr_par' dir='ltr' id='par_1_107' title="bbox 1924 4608 3583 4680">
     <span class='ocr_line' id='line_1_107' title="bbox 1924 4608 3583 4680; baseline 0.002 -19"><span class='ocrx_word' id='word_1_724' title='bbox 1924 4608 2191 4663; x_wconf 71' lang='lat' dir='ltr'><strong>collectae</strong></span> <span class='ocrx_word' id='word_1_725' title='bbox 2225 4608 2297 4663; x_wconf 91' lang='lat' dir='ltr'><strong>de</strong></span> <span class='ocrx_word' id='word_1_726' title='bbox 2328 4608 2416 4661; x_wconf 91' lang='lat' dir='ltr'><strong>eis</strong></span> <span class='ocrx_word' id='word_1_727' title='bbox 2448 4612 2587 4662; x_wconf 87' lang='lat' dir='ltr'><strong>sunt</strong></span> <span class='ocrx_word' id='word_1_728' title='bbox 2617 4608 2885 4663; x_wconf 88' lang='lat' dir='ltr'><strong>dicenda.</strong></span> <span class='ocrx_word' id='word_1_729' title='bbox 2912 4609 2999 4663; x_wconf 87' lang='lat' dir='ltr'><strong>Ad</strong></span> <span class='ocrx_word' id='word_1_730' title='bbox 3023 4609 3229 4664; x_wconf 87' lang='lat' dir='ltr'><strong>laudes</strong></span> <span class='ocrx_word' id='word_1_731' title='bbox 3246 4610 3583 4680; x_wconf 72' lang='lat' dir='ltr'><strong>antiphonaa</strong></span> 
     </span>
    </p>
   </div>
   <div class='ocr_carea' id='block_1_108' title="bbox 1922 4697 3585 4770">
    <p class='ocr_par' dir='ltr' id='par_1_108' title="bbox 1922 4697 3585 4770">
     <span class='ocr_line' id='line_1_108' title="bbox 1922 4697 3585 4770; baseline 0.002 -20"><span class='ocrx_word' id='word_1_732' title='bbox 1922 4713 2030 4767; x_wconf 91' lang='lat' dir='ltr'><strong>pro</strong></span> <span class='ocrx_word' id='word_1_733' title='bbox 2061 4698 2153 4751; x_wconf 88' lang='lat' dir='ltr'><strong>eis</strong></span> <span class='ocrx_word' id='word_1_734' title='bbox 2185 4697 2257 4751; x_wconf 90' lang='lat' dir='ltr'><strong>de</strong></span> <span class='ocrx_word' id='word_1_735' title='bbox 2288 4697 2507 4767; x_wconf 89' lang='lat' dir='ltr'><strong>quibus</strong></span> <span class='ocrx_word' id='word_1_736' title='bbox 2538 4699 2706 4765; x_wconf 87' lang='lat' dir='ltr'><strong>sunt;</strong></span> <span class='ocrx_word' id='word_1_737' title='bbox 2737 4701 2794 4751; x_wconf 90' lang='lat' dir='ltr'><strong>et</strong></span> <span class='ocrx_word' id='word_1_738' title='bbox 2815 4698 3037 4770; x_wconf 85' lang='lat' dir='ltr'><strong>singuli</strong></span> <span class='ocrx_word' id='word_1_739' title='bbox 3060 4700 3272 4769; x_wconf 89' lang='lat' dir='ltr'><strong>psalmi</strong></span> <span class='ocrx_word' id='word_1_740' title='bbox 3293 4699 3585 4753; x_wconf 87' lang='lat' dir='ltr'><strong>habentur</strong></span> 
     </span>
    </p>
   </div>
   <div class='ocr_carea' id='block_1_109' title="bbox 1920 4784 3582 4858">
    <p class='ocr_par' dir='ltr' id='par_1_109' title="bbox 1920 4784 3582 4858">
     <span class='ocr_line' id='line_1_109' title="bbox 1920 4784 3582 4858; baseline 0.001 -19"><span class='ocrx_word' id='word_1_741' title='bbox 1920 4786 1991 4839; x_wconf 94' lang='lat' dir='ltr'><strong>de</strong></span> <span class='ocrx_word' id='word_1_742' title='bbox 2013 4784 2101 4839; x_wconf 88' lang='lat' dir='ltr'><strong>eis</strong></span> <span class='ocrx_word' id='word_1_743' title='bbox 2123 4786 2323 4855; x_wconf 87' lang='lat' dir='ltr'><strong>utique</strong></span> <span class='ocrx_word' id='word_1_744' title='bbox 2352 4789 2649 4839; x_wconf 88' lang='lat' dir='ltr'><strong>mutantur</strong></span> <span class='ocrx_word' id='word_1_745' title='bbox 2664 4788 2721 4840; x_wconf 86' lang='lat' dir='ltr'><strong>et</strong></span> <span class='ocrx_word' id='word_1_746' title='bbox 2742 4787 2813 4841; x_wconf 90' lang='lat' dir='ltr'><strong>ad</strong></span> <span class='ocrx_word' id='word_1_747' title='bbox 2834 4788 3093 4858; x_wconf 88' lang='lat' dir='ltr'><strong>reliquas</strong></span> <span class='ocrx_word' id='word_1_748' title='bbox 3115 4788 3294 4842; x_wconf 89' lang='lat' dir='ltr'><strong>horas</strong></span> <span class='ocrx_word' id='word_1_749' title='bbox 3317 4787 3582 4857; x_wconf 90' lang='lat' dir='ltr'><strong>antipho-</strong></span> 
     </span>
    </p>
   </div>
   <div class='ocr_carea' id='block_1_110' title="bbox 1922 4864 3582 4944">
    <p class='ocr_par' dir='ltr' id='par_1_110' title="bbox 1922 4864 3582 4944">
     <span class='ocr_line' id='line_1_110' title="bbox 1922 4864 3582 4944; baseline 0.002 -17"><span class='ocrx_word' id='word_1_750' title='bbox 1922 4889 2013 4928; x_wconf 68' lang='lat' dir='ltr'><strong>nte</strong></span> <span class='ocrx_word' id='word_1_751' title='bbox 2045 4889 2237 4944; x_wconf 88' lang='lat' dir='ltr'><strong>usque</strong></span> <span class='ocrx_word' id='word_1_752' title='bbox 2269 4874 2341 4927; x_wconf 90' lang='lat' dir='ltr'><strong>ad</strong></span> <span class='ocrx_word' id='word_1_753' title='bbox 2363 4864 2623 4928; x_wconf 78' lang='lat' dir='ltr'><strong>officium</strong></span> <span class='ocrx_word' id='word_1_754' title='bbox 2645 4876 2879 4940; x_wconf 83' lang='lat' dir='ltr'><strong>missae;</strong></span> <span class='ocrx_word' id='word_1_755' title='bbox 2905 4892 3036 4929; x_wconf 91' lang='lat' dir='ltr'><strong>cum</strong></span> <span class='ocrx_word' id='word_1_756' title='bbox 3057 4876 3254 4930; x_wconf 84' lang='lat' dir='ltr'><strong>officio</strong></span> <span class='ocrx_word' id='word_1_757' title='bbox 3277 4892 3582 4931; x_wconf 87' lang='lat' dir='ltr'><strong>eorumre-</strong></span> 
     </span>
    </p>
   </div>
   <div class='ocr_carea' id='block_1_111' title="bbox 1925 4963 3582 5035">
    <p class='ocr_par' dir='ltr' id='par_1_111' title="bbox 1925 4963 3582 5035">
     <span class='ocr_line' id='line_1_111' title="bbox 1925 4963 3582 5035; baseline 0.002 -19"><span class='ocrx_word' id='word_1_758' title='bbox 1925 4963 2187 5017; x_wconf 89' lang='lat' dir='ltr'><strong>cordatio</strong></span> <span class='ocrx_word' id='word_1_759' title='bbox 2218 4977 2290 5017; x_wconf 84' lang='lat' dir='ltr'><strong>ex</strong></span> <span class='ocrx_word' id='word_1_760' title='bbox 2319 4966 2439 5017; x_wconf 93' lang='lat' dir='ltr'><strong>toto</strong></span> <span class='ocrx_word' id='word_1_761' title='bbox 2470 4964 2760 5017; x_wconf 90' lang='lat' dir='ltr'><strong>clauditur</strong></span> <span class='ocrx_word' id='word_1_762' title='bbox 2788 4967 2846 5018; x_wconf 91' lang='lat' dir='ltr'><strong>et</strong></span> <span class='ocrx_word' id='word_1_763' title='bbox 2876 4964 3090 5018; x_wconf 88' lang='lat' dir='ltr'><strong>finitur.</strong></span> <span class='ocrx_word' id='word_1_764' title='bbox 3109 4964 3256 5018; x_wconf 89' lang='lat' dir='ltr'><strong>Nam</strong></span> <span class='ocrx_word' id='word_1_765' title='bbox 3273 4969 3481 5035; x_wconf 87' lang='lat' dir='ltr'><strong>postea</strong></span> <span class='ocrx_word' id='word_1_766' title='bbox 3510 4965 3582 5020; x_wconf 88' lang='lat' dir='ltr'><strong>ad</strong></span> 
     </span>
    </p>
   </div>
   <div class='ocr_carea' id='block_1_112' title="bbox 1926 5051 3583 5124">
    <p class='ocr_par' dir='ltr' id='par_1_112' title="bbox 1926 5051 3583 5124">
     <span class='ocr_line' id='line_1_112' title="bbox 1926 5051 3583 5124; baseline 0.003 -20"><span class='ocrx_word' id='word_1_767' title='bbox 1926 5051 2107 5105; x_wconf 81' lang='lat' dir='ltr'><strong>horas</strong></span> <span class='ocrx_word' id='word_1_768' title='bbox 2135 5068 2269 5122; x_wconf 63' lang='lat' dir='ltr'><strong>quae</strong></span> <span class='ocrx_word' id='word_1_769' title='bbox 2302 5051 2562 5106; x_wconf 80' lang='lat' dir='ltr'><strong>officium</strong></span> <span class='ocrx_word' id='word_1_770' title='bbox 2592 5056 2942 5123; x_wconf 88' lang='lat' dir='ltr'><strong>sequuntur,</strong></span> <span class='ocrx_word' id='word_1_771' title='bbox 2975 5067 3084 5106; x_wconf 90' lang='lat' dir='ltr'><strong>nec</strong></span> <span class='ocrx_word' id='word_1_772' title='bbox 3102 5053 3583 5124; x_wconf 82' lang='lat' dir='ltr'><strong>antiphonac,nec</strong></span> 
     </span>
    </p>
   </div>
   <div class='ocr_carea' id='block_1_113' title="bbox 1927 5140 3585 5213">
    <p class='ocr_par' dir='ltr' id='par_1_113' title="bbox 1927 5140 3585 5213">
     <span class='ocr_line' id='line_1_113' title="bbox 1927 5140 3585 5213; baseline 0.003 -20"><span class='ocrx_word' id='word_1_773' title='bbox 1927 5140 2081 5194; x_wconf 87' lang='lat' dir='ltr'><strong>aliud</strong></span> <span class='ocrx_word' id='word_1_774' title='bbox 2112 5141 2429 5210; x_wconf 89' lang='lat' dir='ltr'><strong>quidquam</strong></span> <span class='ocrx_word' id='word_1_775' title='bbox 2480 5142 2572 5194; x_wconf 89' lang='lat' dir='ltr'><strong>est</strong></span> <span class='ocrx_word' id='word_1_776' title='bbox 2613 5140 2684 5193; x_wconf 91' lang='lat' dir='ltr'><strong>de</strong></span> <span class='ocrx_word' id='word_1_777' title='bbox 2732 5141 2903 5209; x_wconf 87' lang='lat' dir='ltr'><strong>ipsis.</strong></span> <span class='ocrx_word' id='word_1_778' title='bbox 2938 5140 3053 5194; x_wconf 90' lang='lat' dir='ltr'><strong>Sed</strong></span> <span class='ocrx_word' id='word_1_779' title='bbox 3107 5142 3160 5195; x_wconf 92' lang='lat' dir='ltr'><strong>si</strong></span> <span class='ocrx_word' id='word_1_780' title='bbox 3209 5143 3490 5213; x_wconf 90' lang='lat' dir='ltr'><strong>evenerit,</strong></span> <span class='ocrx_word' id='word_1_781' title='bbox 3525 5146 3585 5198; x_wconf 90' lang='lat' dir='ltr'><strong>ut</strong></span> 
     </span>
    </p>
   </div>
   <div class='ocr_carea' id='block_1_114' title="bbox 1928 5229 3579 5305">
    <p class='ocr_par' dir='ltr' id='par_1_114' title="bbox 1928 5229 3579 5305">
     <span class='ocr_line' id='line_1_114' title="bbox 1928 5229 3579 5305; baseline 0.002 -21"><span class='ocrx_word' id='word_1_782' title='bbox 1928 5245 2135 5284; x_wconf 88' lang='lat' dir='ltr'><strong>eorum</strong></span> <span class='ocrx_word' id='word_1_783' title='bbox 2184 5229 2464 5282; x_wconf 90' lang='lat' dir='ltr'><strong>memoria</strong></span> <span class='ocrx_word' id='word_1_784' title='bbox 2510 5230 2570 5282; x_wconf 89' lang='lat' dir='ltr'><strong>in</strong></span> <span class='ocrx_word' id='word_1_785' title='bbox 2616 5229 2808 5299; x_wconf 87' lang='lat' dir='ltr'><strong>aliqua</strong></span> <span class='ocrx_word' id='word_1_786' title='bbox 2857 5230 3158 5285; x_wconf 87' lang='lat' dir='ltr'><strong>Dominica</strong></span> <span class='ocrx_word' id='word_1_787' title='bbox 3208 5233 3285 5285; x_wconf 88' lang='lat' dir='ltr'><strong>sit</strong></span> <span class='ocrx_word' id='word_1_788' title='bbox 3332 5233 3579 5305; x_wconf 85' lang='lat' dir='ltr'><strong>agenda,</strong></span> 
     </span>
    </p>
   </div>
   <div class='ocr_carea' id='block_1_115' title="bbox 1924 5318 3584 5387">
    <p class='ocr_par' dir='ltr' id='par_1_115' title="bbox 1924 5318 3584 5387">
     <span class='ocr_line' id='line_1_115' title="bbox 1924 5318 3584 5387; baseline 0.002 -15"><span class='ocrx_word' id='word_1_789' title='bbox 1924 5321 2059 5387; x_wconf 90' lang='lat' dir='ltr'><strong>post</strong></span> <span class='ocrx_word' id='word_1_790' title='bbox 2081 5333 2367 5387; x_wconf 88' lang='lat' dir='ltr'><strong>vesperas</strong></span> <span class='ocrx_word' id='word_1_791' title='bbox 2391 5318 2702 5387; x_wconf 86' lang='lat' dir='ltr'><strong>regulares</strong></span> <span class='ocrx_word' id='word_1_792' title='bbox 2725 5318 2783 5371; x_wconf 88' lang='lat' dir='ltr'><strong>in</strong></span> <span class='ocrx_word' id='word_1_793' title='bbox 2807 5318 3061 5374; x_wconf 88' lang='lat' dir='ltr'><strong>Sabbato</strong></span> <span class='ocrx_word' id='word_1_794' title='bbox 3087 5324 3395 5375; x_wconf 90' lang='lat' dir='ltr'><strong>cantantur</strong></span> <span class='ocrx_word' id='word_1_795' title='bbox 3416 5323 3584 5377; x_wconf 80' lang='lat' dir='ltr'><strong>Anti—</strong></span> 
     </span>
    </p>
   </div>
   <div class='ocr_carea' id='block_1_116' title="bbox 1924 5406 3581 5476">
    <p class='ocr_par' dir='ltr' id='par_1_116' title="bbox 1924 5406 3581 5476">
     <span class='ocr_line' id='line_1_116' title="bbox 1924 5406 3581 5476; baseline 0.004 -17"><span class='ocrx_word' id='word_1_796' title='bbox 1924 5408 2138 5476; x_wconf 68' lang='lat' dir='ltr'><strong>phonm</strong></span> <span class='ocrx_word' id='word_1_797' title='bbox 2171 5407 2242 5460; x_wconf 90' lang='lat' dir='ltr'><strong>de</strong></span> <span class='ocrx_word' id='word_1_798' title='bbox 2273 5406 2414 5473; x_wconf 87' lang='lat' dir='ltr'><strong>illis,</strong></span> <span class='ocrx_word' id='word_1_799' title='bbox 2447 5410 2503 5459; x_wconf 90' lang='lat' dir='ltr'><strong>et</strong></span> <span class='ocrx_word' id='word_1_800' title='bbox 2535 5407 2804 5476; x_wconf 89' lang='lat' dir='ltr'><strong>sequitur</strong></span> <span class='ocrx_word' id='word_1_801' title='bbox 2832 5408 3097 5463; x_wconf 87' lang='lat' dir='ltr'><strong>collecta.</strong></span> <span class='ocrx_word' id='word_1_802' title='bbox 3133 5410 3219 5463; x_wconf 90' lang='lat' dir='ltr'><strong>Ad</strong></span> <span class='ocrx_word' id='word_1_803' title='bbox 3258 5414 3581 5466; x_wconf 89' lang='lat' dir='ltr'><strong>nocturnos</strong></span> 
     </span>
    </p>
   </div>
   <div class='ocr_carea' id='block_1_117' title="bbox 1924 5494 3583 5570">
    <p class='ocr_par' dir='ltr' id='par_1_117' title="bbox 1924 5494 3583 5570">
     <span class='ocr_line' id='line_1_117' title="bbox 1924 5494 3583 5570; baseline 0.003 -22"><span class='ocrx_word' id='word_1_804' title='bbox 1924 5495 2100 5549; x_wconf 90' lang='lat' dir='ltr'><strong>simul</strong></span> <span class='ocrx_word' id='word_1_805' title='bbox 2131 5512 2262 5549; x_wconf 90' lang='lat' dir='ltr'><strong>cum</strong></span> <span class='ocrx_word' id='word_1_806' title='bbox 2294 5494 2649 5563; x_wconf 90' lang='lat' dir='ltr'><strong>invitatorio,</strong></span> <span class='ocrx_word' id='word_1_807' title='bbox 2684 5498 2741 5548; x_wconf 89' lang='lat' dir='ltr'><strong>et</strong></span> <span class='ocrx_word' id='word_1_808' title='bbox 2771 5511 2904 5549; x_wconf 90' lang='lat' dir='ltr'><strong>cum</strong></span> <span class='ocrx_word' id='word_1_809' title='bbox 2938 5496 3281 5570; x_wconf 86' lang='lat' dir='ltr'><strong>Evangelio,</strong></span> <span class='ocrx_word' id='word_1_810' title='bbox 3333 5503 3583 5570; x_wconf 88' lang='lat' dir='ltr'><strong>quatuor</strong></span> 
     </span>
    </p>
   </div>
   <div class='ocr_carea' id='block_1_118' title="bbox 1926 5584 3580 5658">
    <p class='ocr_par' dir='ltr' id='par_1_118' title="bbox 1926 5584 3580 5658">
     <span class='ocr_line' id='line_1_118' title="bbox 1926 5584 3580 5658; baseline 0.002 -20"><span class='ocrx_word' id='word_1_811' title='bbox 1926 5589 2204 5638; x_wconf 85' lang='lat' dir='ltr'><strong>extremae</strong></span> <span class='ocrx_word' id='word_1_812' title='bbox 2226 5584 2515 5639; x_wconf 89' lang='lat' dir='ltr'><strong>lectiones</strong></span> <span class='ocrx_word' id='word_1_813' title='bbox 2546 5584 2691 5638; x_wconf 87' lang='lat' dir='ltr'><strong>fiunt</strong></span> <span class='ocrx_word' id='word_1_814' title='bbox 2710 5584 2782 5638; x_wconf 88' lang='lat' dir='ltr'><strong>de</strong></span> <span class='ocrx_word' id='word_1_815' title='bbox 2811 5584 2983 5655; x_wconf 89' lang='lat' dir='ltr'><strong>ipsis,</strong></span> <span class='ocrx_word' id='word_1_816' title='bbox 3007 5589 3216 5657; x_wconf 90' lang='lat' dir='ltr'><strong>postea</strong></span> <span class='ocrx_word' id='word_1_817' title='bbox 3245 5587 3495 5658; x_wconf 88' lang='lat' dir='ltr'><strong>pleniter</strong></span> <span class='ocrx_word' id='word_1_818' title='bbox 3509 5587 3580 5641; x_wconf 90' lang='lat' dir='ltr'><strong>ad</strong></span> 
     </span>
    </p>
   </div>
   <div class='ocr_carea' id='block_1_119' title="bbox 1924 5672 3581 5745">
    <p class='ocr_par' dir='ltr' id='par_1_119' title="bbox 1924 5672 3581 5745">
     <span class='ocr_line' id='line_1_119' title="bbox 1924 5672 3581 5745; baseline 0.004 -16"><span class='ocrx_word' id='word_1_819' title='bbox 1924 5674 2238 5731; x_wconf 87' lang='lat' dir='ltr'><strong>matutinas</strong></span> <span class='ocrx_word' id='word_1_820' title='bbox 2269 5673 2498 5745; x_wconf 84' lang='lat' dir='ltr'><strong>laudes,</strong></span> <span class='ocrx_word' id='word_1_821' title='bbox 2532 5676 2589 5729; x_wconf 91' lang='lat' dir='ltr'><strong>et</strong></span> <span class='ocrx_word' id='word_1_822' title='bbox 2635 5672 2695 5728; x_wconf 89' lang='lat' dir='ltr'><strong>in</strong></span> <span class='ocrx_word' id='word_1_823' title='bbox 2725 5673 2819 5730; x_wconf 87' lang='lat' dir='ltr'><strong>die</strong></span> <span class='ocrx_word' id='word_1_824' title='bbox 2869 5675 3054 5731; x_wconf 84' lang='lat' dir='ltr'><strong>missa</strong></span> <span class='ocrx_word' id='word_1_825' title='bbox 3084 5675 3461 5734; x_wconf 87' lang='lat' dir='ltr'><strong>matutinalis.</strong></span> <span class='ocrx_word' id='word_1_826' title='bbox 3498 5675 3581 5736; x_wconf 82' lang='lat' dir='ltr'><strong>De</strong></span> 
     </span>
    </p>
   </div>
  </div>
