3956 6176
440 256 560 319 675

1385 252 1796 317 UDALRICI
1844 250 2454 314 CLUNIACENSIS
2496 250 2922 313 MONACHII

3702 257 3789 319 676

446 458 662 510 caetero
693 455 851 526 quod
883 455 955 510 ad
986 453 1348 510 Dominicam
1369 452 1622 522 pertinet
1640 449 2107 505 tenetur.Scien-
2140 436 2193 501 Α
2220 449 2361 520 vidi,
2395 465 2511 505 non
2541 454 2666 505 erat
2693 451 2850 506 aliud
2879 467 3053 523 quam
3098 450 3261 506 fabas
3304 466 3483 505 novas
3511 457 3560 506 et
3593 455 3793 509 nondum

446 544 584 598 dum
615 560 850 615 quoque
882 545 940 599 in
973 543 1221 614 privatis
1252 542 1464 596 diebus
1486 555 1855 611 quaecunque
1877 538 1948 593 de
1973 555 2110 593 san-

444 634 556 687 ctis
591 635 838 688 collecta
867 633 1020 686 dicta
1053 632 1230 686 fuerit
1259 631 1331 685 ad
1352 645 1659 700 vesperas,
1692 628 1847 699 quod
1880 627 1975 681 illa
1998 643 2107 682 nec

441 721 515 775 ad
550 722 866 775 matutinas
898 720 1125 786 laudes,
1161 735 1269 774 nec
1301 719 1372 773 ad
1400 719 1651 787 tertiam,
1682 732 1790 771 nec
1819 716 1891 771 ad
1922 715 2107 787 majo-

445 824 569 863 rem
602 810 849 864 missam
878 812 1154 864 mutatur.

1022 898 1274 953 CAPUT
1315 897 1530 953 XXIX.

444 985 534 1040 De
560 985 820 1057 jejuniis
859 1002 983 1058 quae
1020 985 1158 1040 ﬁeri
1186 986 1378 1041 solent
1411 991 1617 1057 quarta
1657 990 1715 1040 et
1744 989 1917 1040 sexta
1947 982 2105 1039 feria

516 1074 578 1129 Si
608 1074 981 1128 imbecillitas
1012 1078 1215 1129 nostra
1264 1078 1593 1144 pateretur,
1628 1073 1873 1146 dignum
1918 1076 2100 1142 esset,

445 1163 773 1217 secundum
806 1163 1058 1217 edictum
1091 1164 1476 1234 praeceptoris
1499 1163 1687 1217 nostri
1707 1162 1895 1217 sancti
1927 1161 2107 1216 Bene-

445 1252 605 1321 dicti,
640 1255 700 1305 ut
730 1256 866 1321 post
896 1255 1135 1307 octavas
1164 1253 1554 1307 Pentecostes
1598 1251 1795 1304 statim
1842 1252 1900 1304 in
1949 1250 2105 1304 omni

444 1343 648 1410 quarta
681 1342 736 1394 et
768 1342 934 1394 sexta
965 1341 1109 1395 feria
1134 1340 1430 1413 jejunium
1461 1340 1794 1395 faceremus
1820 1357 1834 1404 ;
1868 1338 2026 1409 quod
2054 1339 2106 1392 si

443 1444 560 1483 non
587 1429 860 1498 amplius,
893 1431 1088 1484 tamen
1135 1433 1434 1501 utcunque
1483 1444 1599 1484 non
1646 1428 1967 1483 omittimus
2018 1427 2107 1480 fa-

445 1532 578 1571 cere
610 1517 671 1570 in
704 1532 819 1571 uno
852 1521 907 1571 et
927 1516 1117 1586 pridie
1134 1518 1549 1587 praedictarum
1572 1517 1884 1581 feriarum;
1909 1518 1965 1570 in
1991 1531 2107 1586 quo

441 1608 578 1676 post
620 1606 851 1659 tertiam
912 1606 1158 1660 silemus
1185 1648 1198 1674 ,
1247 1610 1383 1676 post
1430 1609 1658 1661 sextam
1702 1605 2109 1660 dormitorium

447 1695 843 1749 ascendentes
862 1695 1211 1749 simulamus
1225 1695 1607 1749 meridianam
1618 1694 1813 1765 potius
1827 1709 2001 1764 quam
2015 1708 2112 1764 ge-

454 1799 676 1852 ramus,
709 1782 846 1853 quia
879 1799 1016 1836 mox
1042 1783 1312 1853 pulsatur
1344 1784 1582 1855 signum
1618 1785 1679 1837 ut
1707 1783 1764 1836 in
1795 1782 2107 1836 ecclesiam

446 1871 783 1939 redeamus,
805 1871 1013 1925 facturi
1033 1871 1208 1925 nudis
1226 1872 1477 1940 pedibus
1495 1870 1971 1941 processionem:
1994 1870 2111 1924 cal-

444 1975 587 2014 ceos
618 1964 861 2014 nostros
893 1960 1243 2029 deponimus
1276 1961 1337 2013 in
1366 1960 1625 2014 claustro
1644 1975 1828 2029 prope
1848 1958 2107 2028 canales,

445 2052 506 2102 ut
536 2048 720 2118 pedes
752 2048 1003 2102 lavaturi
1036 2048 1154 2102 sint
1200 2049 1257 2100 in
1307 2050 1601 2118 promptu.
1644 2047 1959 2102 Inchoatur
2001 2063 2109 2101 au-

442 2141 562 2190 tem
592 2138 721 2205 ipsa
750 2137 1060 2207 processio
1089 2137 1297 2191 eodem
1328 2137 1500 2191 modo
1533 2152 1650 2207 quo
1681 2137 1737 2190 in
1770 2136 2111 2208 Hogationi-

443 2227 581 2295 bus,
616 2241 749 2279 cum
790 2226 1155 2280 orationibus
1205 2226 1562 2295 antiphonaa,
1595 2224 1824 2296 psalmo
1881 2228 1937 2278 et
1985 2224 2109 2279 col-

444 2315 625 2381 lecta;
652 2314 845 2368 omnia
865 2314 1038 2385 signa
1068 2329 1186 2368 non
1214 2316 1548 2385 pulsantur,
1574 2315 1681 2369 sed
1711 2316 1930 2368 tantum
1961 2313 2109 2383 duo;

454 2408 511 2457 et
540 2404 654 2457 hoc
685 2402 997 2457 inchoatur
1038 2406 1171 2457 ante
1220 2403 1520 2458 introitum
1568 2418 1902 2473 puerorum.
1954 2401 2113 2473 Ergo

450 2491 736 2546 cantando
783 2491 1003 2561 aliquid
1047 2507 1154 2561 pro
1203 2492 1486 2561 peccatis,
1541 2495 1603 2546 ut
1634 2494 1723 2566 est
1774 2490 2109 2560 antiphona,

448 2579 765 2650 Propitius
777 2584 922 2648 esto,
939 2582 994 2633 et
1006 2580 1469 2649 alia,Miserere,
1494 2579 1761 2649 Domine,
1777 2579 2115 2649 proceditur

450 2684 558 2739 per
586 2668 989 2723 cmmeterium
1017 2668 1090 2721 ad
1120 2669 1435 2723 ecclesiam
1467 2668 1526 2722 S.
1564 2668 1800 2723 Mariae:
1840 2668 1911 2721 ad
1939 2666 2113 2737 cujus

450 2757 754 2811 introitum
803 2760 858 2811 et
907 2758 1114 2811 cantus
1173 2760 1228 2810 et
1276 2756 1521 2811 collecta
1570 2759 1661 2811 est
1709 2757 1780 2811 de
1825 2756 1954 2827 ipsa
1993 2755 2113 2809 Do-

453 2847 612 2899 mina
641 2848 866 2900 nostra.
901 2845 1314 2899 Procumbitur
1362 2860 1544 2915 super
1583 2846 1807 2900 formas
1854 2844 1926 2898 ad
1978 2860 2115 2898 ora-

450 2934 706 3003 tionem;
736 2934 992 2988 domnus
1024 2932 1210 2987 abbas
1241 2933 1486 3003 imponit
1517 2934 1810 3004 psalmum
1834 2949 1983 2988 cxnv
2004 2948 2114 3002 pro

457 3020 552 3075 his
583 3022 684 3093 qui
714 3021 773 3074 in
805 3020 1139 3074 caemeterio
1169 3023 1308 3073 sunt
1339 3020 1573 3090 sepulti,
1599 3024 1655 3074 et
1677 3020 1961 3074 sacerdos
1980 3035 2117 3090 pro-

462 3109 734 3181 sequitur
764 3125 897 3164 cum
930 3109 1194 3173 collecta,
1223 3108 1489 3179 Domine,
1514 3109 1684 3180 cuius
1705 3109 2114 3164 miseratione.

452 3199 739 3268 Incipitur
793 3197 1005 3252 letania
1066 3197 1302 3252 duobus
1362 3198 1921 3268 pronuntiantibus,
1983 3214 2117 3254 cum

452 3304 567 3358 qua
598 3303 703 3358 per
731 3288 1054 3342 claustrum
1087 3290 1143 3341 et
1171 3303 1277 3356 per
1306 3286 1664 3341 vestibulum
1704 3287 1976 3342 ecclesiae
2009 3305 2117 3343 ve-

454 3378 611 3431 nitur
639 3377 699 3431 in
731 3376 995 3431 chorum.
1021 3376 1195 3443 Sane,
1219 3379 1283 3429 ut
1311 3375 1689 3444 praemissum
1717 3380 1828 3446 est,
1864 3378 2117 3446 primum

454 3463 996 3535 diemjejunamus;
1021 3466 1226 3534 postea
1244 3464 1304 3517 in
1328 3463 1686 3535 locojejunii
1710 3465 1945 3535 aliquod
1967 3481 2116 3535 opus

454 3568 733 3606 manuum
782 3553 1006 3621 saepius
1050 3553 1246 3623 agitur
1296 3567 1329 3606 a
1386 3552 1581 3607 nobis.
1641 3553 2118 3625 Quotiescunque

456 3643 651 3696 autem
680 3654 787 3710 per
815 3641 1070 3711 aliquam
1102 3640 1845 3711 occasionemjejunamus
1866 3643 1924 3695 in
1947 3646 2120 3696 aesta-

452 3734 533 3800 te,
565 3744 683 3784 non
714 3731 971 3783 mutatur
997 3729 1141 3783 illud
1190 3729 1261 3783 de
1311 3728 1547 3784 silentio
1591 3732 1728 3799 post
1769 3731 2028 3800 tertiam,
2062 3734 2121 3787 et

456 3818 528 3873 de
558 3819 913 3873 ascensione
930 3817 1257 3872 dormitorii
1278 3834 1385 3888 per
1400 3822 1650 3873 sextam.
1667 3818 1738 3872 Et
1758 3820 1811 3873 si
1834 3823 1925 3874 est
1945 3835 2118 3890 quar-

453 3910 511 3963 ta
542 3910 639 3961 aut
670 3912 836 3962 sexta
867 3907 1032 3975 feria,
1068 3905 1339 3975 facimus,
1388 3907 1544 3962 sicut
1591 3908 1766 3963 modo
1815 3910 1957 3978 dixi,
1991 3909 2119 3964 dis-

457 3996 700 4051 calceati
728 3997 1202 4066 processionem,
1236 4001 1482 4066 excepta
1513 3997 1641 4052 sola
1658 3998 1861 4069 vigilia
1879 4001 2118 4052 sancto-

454 4100 585 4138 rum
616 4084 1017 4155 apostolorum
1052 4084 1209 4138 Petri
1239 4088 1295 4139 et
1345 4085 1531 4153 Pauli,
1565 4088 1622 4140 et
1669 4086 2119 4156 Assumptionis

454 4178 677 4228 sanctae
712 4174 951 4244 Mariae;
983 4174 1033 4228 si
1064 4177 1259 4229 tamen
1291 4176 1347 4227 et
1377 4174 1525 4243 ipsae
1559 4174 1874 4245 aliquando
1906 4190 2117 4230 evene-

453 4264 572 4317 rint
601 4263 660 4316 in
690 4262 788 4316 tali
820 4263 935 4317 die.
965 4262 1127 4317 Solet
1157 4264 1329 4316 etiam
1362 4278 1690 4332 remanere,
1725 4264 1778 4317 si
1809 4280 1982 4334 quem
2015 4264 2119 4318 de-

455 4351 794 4406 functorum
827 4351 1175 4421 sepelimus,
1230 4351 1325 4406 vel
1357 4352 1411 4405 si
1440 4368 1555 4423 qua
1588 4368 1847 4422 persona
1890 4353 2026 4407 talis
2065 4356 2123 4406 et

454 4440 638 4511 hujus
670 4440 972 4512 dignitatis
1003 4441 1331 4508 advenerit,
1350 4442 1445 4495 cui
1475 4442 1921 4511 processioncm
1945 4441 2119 4496 facia-

457 4545 603 4595 mus,
637 4528 733 4582 vel
763 4529 816 4583 si
839 4527 1098 4599 majores
1121 4544 1334 4598 capsas
1352 4532 1591 4584 nostras
1618 4546 1748 4584 cum
1782 4533 2120 4584 sanctorum

456 4617 728 4688 reliquiis
759 4617 832 4670 ad
870 4617 1120 4687 aliquam
1175 4618 1373 4671 villam
1424 4622 1688 4673 nostram
1732 4619 2118 4687 destinamus,

454 4709 518 4761 ut
549 4722 710 4776 saepe
743 4706 1048 4776 contingit,
1083 4721 1188 4776 pro
1234 4707 1443 4761 timore
1474 4708 1815 4777 praedarum
1865 4712 1921 4762 et
1963 4707 2121 4777 rapi-

457 4804 686 4864 narum,
721 4811 855 4849 cum
901 4795 1121 4865 quibus
1154 4798 1210 4848 et
1258 4810 1466 4850 omnes
1517 4795 1716 4867 albati,
1768 4800 1824 4851 et
1870 4797 2121 4867 pulsatis

457 4884 733 4939 omnibus
801 4884 995 4956 signis
1069 4899 1260 4954 usque
1328 4884 1400 4937 ad
1469 4886 1819 4940 exteriorem
1893 4888 2123 4956 portam

457 4973 708 5043 eximus,
745 4978 801 5029 et
831 4973 1097 5028 eamdem
1128 4974 1515 5029 reverentiam
1563 4974 1885 5029 deferimus
1931 4975 1992 5028 in
2022 4990 2122 5028 re-

458 5062 765 5129 portando.

1049 5151 1301 5206 CAPUT
1341 5151 1523 5206 XXX.

982 5239 1071 5293 De
1102 5255 1280 5310 opere
1308 5256 1598 5294 manuum.

532 5322 832 5395 Interrog.
864 5326 1027 5390 Quod
1061 5328 1359 5397 paululum
1392 5327 1639 5399 tetigisti
1667 5326 1739 5382 de
1771 5342 1947 5398 Opere
1997 5342 2121 5381 ma-

462 5425 667 5479 nuum,
727 5410 863 5480 plus
912 5412 1336 5483 aliquantulum
1384 5414 1582 5481 refer;
1632 5413 1810 5482 refer,
1859 5414 2121 5485 inquam,

461 5497 604 5572 quid
636 5498 715 5553 sit
744 5498 887 5553 illud
917 5516 1067 5570 opus
1090 5517 1385 5573 manuum,
1420 5505 1476 5557 et
1505 5502 1797 5574 quomodo
1835 5501 1933 5556 fiat
1953 5504 1981 5556 ‘2

532 5586 719 5664 Resp.
749 5587 943 5661 Certe,
975 5595 1039 5645 ut
1087 5606 1203 5647 non
1246 5592 1494 5649 mentiar
1540 5592 1693 5667 quod
1739 5606 1853 5664 ego
1896 5591 2120 5665 saepius

2219 538 2371 594 bene
2422 541 2682 593 maturas
2740 540 2812 594 de
2864 540 3143 594 folliculis
3186 541 3311 595 suis
3359 555 3603 612 egerere,
3647 544 3721 597 vel
3753 544 3795 598 in

2222 628 2393 682 horto
2424 629 2611 681 malas
2645 629 2863 684 herbas
2894 633 2950 684 et
2980 629 3237 696 inutiles,
3270 633 3325 684 et
3356 646 3481 699 quae
3509 631 3671 684 bonas
3696 632 3797 685 her-

2218 717 2328 771 bas
2362 715 2747 787 suﬂ'ocabant,
2800 733 3045 783 eruere;
3099 721 3155 772 et
3199 717 3500 790 aliquando
3533 736 3689 788 panes
3714 720 3799 775 for-

2221 821 2383 860 mare
2414 806 2470 859 in
2503 806 2778 875 pistrino.
2810 805 3070 871 Qualiter
3100 809 3289 861 autem
3320 806 3417 860 ﬁat
3452 811 3510 861 ut
3536 807 3634 862 hoc
3671 810 3802 862 etiam

2224 894 2508 965 digeram,
2542 894 2602 948 in
2630 895 2723 949 die
2753 910 2870 965 quo
2901 896 3196 966 agendum
3227 898 3337 962 est,
3366 895 3513 950 illico
3557 898 3612 951 ut
3636 896 3803 954 intres

2223 983 2613 1053 surrexerint,
2647 983 2819 1037 factis
2851 984 3217 1038 orationibus
3254 984 3486 1056 signum
3510 985 3738 1054 pulsatur
3753 968 3807 1040 ad

2223 1072 2493 1142 primam,
2510 1088 2683 1142 quam
2702 1072 2836 1127 aliis
2870 1072 3118 1143 psalmis
3142 1073 3517 1141 intermissis,
3532 1074 3643 1127 sola
3660 1075 3810 1146 sequi-

2220 1163 2317 1215 tur
2345 1161 2577 1229 letania,
2612 1160 2913 1232 missaque
2945 1161 3300 1215 matutinalis
3326 1179 3340 1225 ;
3383 1161 3669 1231 capitulum
3693 1177 3808 1232 quo-

2223 1265 2336 1320 que
2368 1250 2502 1319 plus
2534 1250 2850 1319 corripitur
2878 1264 3071 1320 quam,
3098 1251 3156 1303 in
3178 1249 3311 1304 aliis
3344 1249 3573 1318 diebus;
3595 1264 3687 1304 nec
3710 1266 3808 1304 cum

2222 1338 2571 1410 psalmodia,
2608 1341 2670 1392 ut
2697 1338 2882 1392 moris
2914 1341 3024 1405 est,
3059 1340 3176 1391 itur
3205 1338 3274 1391 ad
3308 1337 3569 1391 Sanctam
3602 1339 3809 1407 Mariam,

2223 1427 2328 1482 sed
2359 1442 2652 1496 percussa
2674 1426 2889 1497 tabula,
2911 1431 2965 1480 et
2988 1427 3305 1497 praemisso
3325 1426 3670 1495 Benedicite,
3691 1426 3811 1481 dom-

2221 1532 2335 1570 nus
2369 1516 2555 1570 abbas
2584 1516 2956 1586 pronuntiat:
2993 1514 3210 1570 Eamus
3259 1515 3333 1570 ad
3383 1530 3527 1585 opus
3573 1531 3812 1570 manuum.

2220 1603 2545 1673 Iinponitur
2575 1603 2903 1673 psalmodia
2935 1619 3066 1674 quae
3102 1606 3235 1672 post
3266 1604 3509 1673 primam
3555 1608 3636 1658 cst
3676 1604 3815 1657 inter-

2222 1692 2443 1747 missa:
2480 1692 2760 1745 incedunt
2788 1708 2920 1746 cum
2950 1693 3361 1763 processione,
3396 1693 3471 1747 ita
3496 1696 3551 1747 ut
3572 1693 3713 1762 pueri
3730 1692 3815 1746 sint

2145 1811 2193 1869 Β
2223 1781 2665 1851 primi,priores
2687 1780 3019 1835 novissimi.
3054 1781 3200 1835 Cum
3230 1785 3468 1835 ventum
3498 1781 3656 1835 fuerit
3673 1780 3731 1834 ad
3756 1780 3816 1834 lo-

2226 1885 2360 1924 cum
2391 1869 2690 1939 operandi,
2725 1869 2890 1924 versi
2920 1885 3125 1924 omnes
3156 1870 3228 1924 ad
3260 1871 3537 1924 orientem
3578 1885 3671 1940 per
3695 1869 3816 1924 ordi—

2225 1972 2357 2012 nem
2389 1955 2742 2010 consistunt.
2777 1955 2863 2009 Ad
2888 1955 3061 2010 finem
3082 1957 3259 2010 unius
3278 1956 3488 2026 psalmi
3508 1956 3701 2010 faciunt
3715 1958 3815 2009 ante

2226 2049 2281 2099 et
2314 2049 2493 2113 retro,
2527 2049 2583 2098 et
2614 2044 2850 2098 domino
2889 2045 3100 2099 abbate
3151 2045 3557 2115 pronuntiante
3598 2046 3715 2099 tunc
3751 2042 3818 2097 di-

2228 2136 2367 2187 cunt
2405 2133 2562 2188 hunc
2595 2149 2858 2203 versum,
2889 2133 3051 2188 Deus
3095 2134 3156 2187 in
3200 2134 3567 2204 adiutorium,
3598 2137 3713 2200 etc.,
3739 2131 3819 2185 Se-

2227 2224 2444 2293 quitur,
2481 2222 2671 2295 Kyrie
2702 2221 2950 2293 eleison,
2968 2222 3154 2278 Pater
3173 2227 3414 2287 noster;
3436 2222 3663 2291 Versus,
3680 2219 3820 2291 Adju-

2230 2312 2441 2366 torium
2458 2317 2750 2375 nostrum;
2778 2310 2931 2364 facta
2950 2326 3164 2365 rursus
3188 2311 3582 2379 inclinatione,
3596 2309 3822 2378 incipiunt

2229 2399 2481 2471 operari.
2519 2399 2662 2453 Haec
2693 2402 2889 2453 autem
2918 2399 3247 2468 psalmodia
3279 2416 3415 2470 quae
3448 2401 3689 2453 cantatur
3711 2398 3822 2450 inter

2228 2487 2620 2559 operandum;
2644 2487 2897 2557 primum
2923 2503 3055 2558 quae
3088 2488 3379 2542 remansit
3397 2494 3529 2559 post
3547 2488 3769 2558 primam,
3781 2489 3822 2538 et

2225 2581 2361 2646 post
2379 2576 2729 2647 capitulum;
2754 2580 2962 2646 postea
2984 2592 3193 2631 omnes
3212 2577 3520 2649 regulares
3537 2578 3683 2631 horae
3701 2588 3822 2627 more

2229 2665 2647 2719 canonicorum
2677 2682 2709 2719 a
2737 2666 2923 2735 prima
2945 2666 3317 2736 incipientes.
3344 2665 3500 2721 Inter
3519 2664 3677 2735 cujus
3694 2663 3822 2718 etiam

2227 2769 2439 2824 preces
2472 2752 2858 2825 subjungitur
2887 2756 3062 2808 etiam
3093 2754 3364 2825 psalmus
3395 2755 3641 2827 quintus,
3668 2756 3715 2806 et
3752 2765 3825 2803 se-

2226 2846 2383 2913 ptem
2414 2842 2627 2912 psalmi
2657 2859 2763 2913 per
2783 2843 2932 2897 alias
2966 2843 3147 2898 horas
3176 2843 3393 2913 divisi;
3425 2847 3541 2898 tres
3568 2841 3658 2912 qui
3683 2854 3823 2895 rema-

2228 2934 2367 2985 nent
2396 2931 2498 2984 toti
2530 2931 2682 2984 inter
2696 2928 2909 3000 preces
2932 2931 3302 3001 completorii
3325 2932 3616 2999 dicuntur;
3638 2932 3683 2983 et
3702 2943 3825 2981 com-

2228 3019 2539 3090 pletorium
2572 3020 2768 3091 ipsum
2798 3020 3143 3089 praecedunt
3173 3036 3446 3091 vesperm
3476 3036 3577 3092 pro
3605 3016 3822 3073 fidelibus

2229 3108 2547 3177 defunctis,
2563 3108 2955 3164 adnectuntur
2975 3110 3186 3180 psalmi
3205 3111 3304 3181 qui
3332 3110 3524 3165 solent
3541 3110 3645 3164 dici
3661 3122 3750 3178 pro
3768 3105 3825 3157 ia-

2232 3197 2562 3252 miliaribus
2594 3200 2729 3268 post
2758 3200 3006 3269 tertiam,
3043 3203 3099 3253 et
3147 3202 3286 3269 post
3338 3200 3485 3255 duas
3531 3199 3690 3253 horas
3727 3208 3826 3265 qua)

2231 3291 2581 3358 sequuntur.
2614 3287 2677 3341 Si
2707 3288 2903 3343 visum
2933 3288 3109 3342 fuerit
3140 3288 3382 3343 domino
3429 3287 3614 3342 abbati
3652 3289 3703 3340 ut
3731 3299 3826 3336 am-

2230 3376 2388 3447 plius
2421 3381 2756 3448 operentur,
2803 3377 3114 3446 ampliatur
3161 3393 3400 3448 quoque
3451 3373 3742 3447 psalmodia
3777 3370 3829 3424 de

2232 3465 2480 3535 psalmo,
2507 3466 2603 3519 Ad
2632 3465 2939 3520 Dominum
2980 3483 3105 3520 cum
3141 3465 3495 3534 tribu/arar,
3518 3478 3687 3534 usque
3709 3461 3765 3515 ad
3782 3458 3828 3511 li-

2233 3569 2367 3607 nem
2398 3554 2696 3622 Psalterii,
2744 3560 2799 3609 et
2840 3559 2978 3609 tunc
3027 3555 3200 3610 etiam
3248 3571 3280 3608 a
3328 3554 3627 3626 principio,
3675 3547 3829 3605 Gloria

2232 3641 2430 3712 Patri,
2446 3645 2722 3714 etc.,post
2739 3648 2864 3697 tres
2882 3643 3145 3714 psalmos
3170 3637 3830 3715 interposito.\"erumillis

2231 3730 2478 3800 psalmis
2508 3747 2614 3801 pro
2646 3730 3035 3786 familiaribus
3066 3732 3266 3801 finitis,
3290 3736 3496 3801 postea
3521 3732 3741 3785 domnus
3757 3724 3828 3778 ab-

2230 3818 2339 3873 bas
2372 3835 2506 3873 cum
2528 3819 2781 3889 primum
2805 3820 3076 3889 voluerit,
3094 3820 3284 3873 innuit
3314 3820 3596 3875 fratribus
3612 3819 3674 3872 ab
3695 3827 3828 3885 opere

2233 3924 2495 3978 cessare,
2530 3913 2585 3964 et
2618 3910 2689 3963 ad
2723 3925 2789 3964 se
2814 3909 3008 3981 magis
3039 3898 3830 3981 appropiare,jubetutaliquid

2230 3997 2673 4069 legatur,citius
2703 4002 2896 4053 tamen
2928 3998 3270 4066 ﬁniendum,
3305 4000 3444 4070 quia
3474 3999 3595 4067 ipse
3622 3995 3832 4048 facturus

2232 4089 2324 4140 est
2340 4086 2475 4140 inde
2493 4102 2827 4141 sermonem
2844 4104 2859 4152 ;
2884 4088 3135 4157 loquens
3159 4087 3381 4157 aliquid
3405 4087 3535 4155 tale,
3551 4083 3765 4138 maxime
3780 4076 3832 4129 de

2231 4174 2349 4228 vita
2384 4175 2638 4247 Patrum,
2679 4176 2836 4246 quod
2885 4176 3137 4232 aedificet
3179 4176 3510 4231 audientes.
3550 4173 3664 4238 Quo
3690 4167 3829 4229 ﬁnito.

2232 4262 2439 4317 iterum
2472 4265 2746 4333 imposita
2778 4265 3104 4335 psalmodia
3134 4269 3549 4327 revertuntur;
3592 4273 3768 4331 quam,
3794 4256 3833 4306 ει

2230 4352 2399 4421 pueri
2431 4368 2563 4406 cum
2593 4353 2850 4422 primum
2873 4354 3115 4408 clanstri
3147 4354 3327 4409 limen
3357 4347 3833 4424 attigerint,altiore

2232 4456 2377 4495 voce
2408 4440 2621 4506 levant,
2657 4458 2766 4496 nec
2799 4443 2965 4512 prius
2996 4443 3055 4495 in
3089 4442 3343 4513 capitulo
3368 4438 3683 4497 consistunt
3700 4444 3833 4503 quam

2233 4533 2563 4584 conventus
2594 4535 2728 4584 ante
2759 4531 3095 4601 capitulum,
3130 4530 3367 4585 domino
3398 4530 3599 4584 abbate
3627 4534 3833 4596 pronun-

2230 4618 2412 4672 tionte
2446 4634 2705 4689 versum,
2738 4620 3137 4691 Adjutorium,
3168 4619 3392 4674 faciunt
3413 4607 3836 4673 universianteet

2234 4712 2433 4776 retro;
2470 4713 2527 4762 et
2557 4708 2769 4763 iterum
2827 4709 3167 4778 praemisso,
3200 4707 3569 4774 Benedicite,
3602 4695 3838 4770 accipit!!!t

2233 4794 2531 4850 licentiam
2559 4796 2857 4867 loquendi.
2875 4796 3034 4868 Ergo
3064 4813 3218 4851 nona
3248 4811 3483 4868 quoque
3497 4793 3675 4863 magis
3700 4797 3833 4858 quam

2235 4884 2296 4940 in
2316 4886 2447 4939 aliis
2473 4885 2684 4939 diebus
2706 4886 3092 4940 acceleretur.
3116 4885 3439 4956 Postquam
3460 4886 3679 4938 ventum
3698 4871 3835 4930 fuerit

2236 4974 2307 5028 ad
2343 4973 2548 5028 horam
2596 4973 2893 5044 loquendi,
2926 4989 3140 5028 rursus
3188 4974 3261 5027 ad
3309 4988 3459 5043 opus
3501 4980 3749 5025 manuum
3770 4961 3833 5013 ire

2241 5063 2691 5133 compelluntur.

2306 5132 2449 5204 Haec
2482 5152 2574 5203 est
2601 5149 2929 5219 psalmodia
2961 5165 3136 5220 quam
3167 5152 3306 5203 tunc
3351 5147 3691 5203 adoriuntur.
3731 5132 3832 5191 Pri-

2232 5253 2392 5292 mum
2421 5236 2634 5306 psalmi
2664 5252 2768 5307 pro
2801 5236 3211 5306 familiaribus,
3229 5236 3328 5307 qui
3359 5238 3489 5305 post
3512 5240 3765 5300 vesperas
3781 5235 3835 5274 ex

2233 5342 2400 5381 more
2429 5325 2741 5393 dicuntur;
2776 5325 3062 5395 Vesperaa
3084 5324 3156 5379 de
3187 5323 3471 5379 Omnibus
3499 5316 3728 5382 Sanctis,
3744 5309 3832 5395 νᾳ·

2237 5430 2432 5485 sperae
2462 5430 2569 5484 pro
2600 5414 2875 5467 ﬁdelibus
2897 5393 3193 5467 defunctis
3216 5428 3349 5467 cum
3370 5404 3710 5479 antiphonis:
3730 5393 3832 5453 Ofﬁ-

2234 5503 2392 5557 cium
2424 5518 2530 5572 pro
2562 5501 2859 5556 defunctis
2888 5502 3116 5572 absque
3137 5494 3829 5572 matutinislaudibus,qu‘a?

2233 5569 2479 5663 semper
2499 5590 2572 5648 ad
2599 5592 2833 5647 noctem
2863 5569 3201 5660 servantur,
3224 5589 3383 5647 Deus
3410 5583 3659 5645 auribus.
3682 5569 3831 5633 Verba
