3956 6176
123 295 216 357 677

123 509 238 548 mea.
266 492 454 544 Postea
483 487 746 541 inchoant
785 488 1174 558 psalmodiam
1224 487 1326 541 ubi
1357 503 1484 542 eam
1513 487 1709 558 priore
1734 472 1785 533 Ᾱ

122 584 219 635 vice
245 577 667 632 intermiserunt.
697 576 835 630 Post
868 592 1043 647 quam
1091 577 1318 631 reversi
1368 576 1602 645 fuerint,
1638 593 1704 630 ea

121 673 219 723 vice
245 683 416 722 sermo
444 665 562 719 fieri
593 665 814 720 soletin
838 665 1096 718 claustra
1121 683 1134 730 ;
1168 681 1200 718 a
1232 681 1348 735 qua
1373 681 1699 735 exsurgen-

118 763 185 812 tes
213 760 258 810 et
282 756 540 809 facientes
570 758 700 808 ante
724 757 778 808 et
803 759 979 821 retro,
1002 754 1216 808 damna
1241 754 1449 809 abbate
1480 770 1554 808 ex
1586 757 1702 808 toto

119 844 488 916 pronuntiante,
537 846 654 896 tum
693 843 905 896 iterum
957 843 1156 896 dicunt
1215 843 1371 897 hunc
1415 859 1699 897 versum:

114 932 414 987 Benedictus
441 947 535 998 es,
570 930 816 984 Domine
858 930 1018 984 Deus
1060 946 1071 983 :
1117 935 1172 984 et
1215 931 1483 1001 sequitur
1514 931 1705 1002 lx'yrie

116 1023 292 1076 eleison
321 1036 440 1074 cum
459 1019 722 1072 familiari
741 1019 1088 1089 appendicia
1115 1038 1126 1082 ;
1161 1019 1558 1073 etnavissime
1575 1035 1702 1073 vcr-

112 1127 208 1177 sus,
229 1109 568 1180 Adjutorium
600 1114 884 1175 nostrum,
920 1111 974 1161 et
1007 1107 1160 1161 facta
1184 1111 1317 1160 ante
1350 1110 1406 1160 et
1427 1111 1584 1161 retro
1605 1108 1702 1161 da-

111 1205 180 1252 tur
203 1198 402 1252 licentia
431 1197 724 1266 loquendi.
758 1195 818 1250 Si
852 1197 1086 1249 videtur
1131 1196 1367 1250 domino
1399 1196 1608 1249 Abbati
1643 1198 1704 1249 ut

112 1302 245 1355 opere
272 1287 406 1339 facta
433 1286 651 1351 bibant,
677 1289 988 1354 postquam
1009 1285 1242 1354 pulsato
1266 1286 1439 1356 signa
1473 1285 1540 1337 ad
1567 1301 1701 1338 ves-

112 1391 244 1444 peras
266 1375 489 1428 fecerint
510 1375 854 1442 orationem,
880 1374 1147 1444 cymbala
1171 1389 1459 1444 percusso
1483 1374 1701 1426 vadunt

109 1464 150 1516 in
176 1463 533 1530 rcfectorium,
566 1466 624 1516 et
668 1463 828 1532 potia
869 1464 1209 1531 prapinatur
1240 1462 1430 1528 melle,
1477 1463 1613 1514 vino
1645 1466 1699 1515 et

107 1551 360 1622 absynthio
390 1551 672 1606 confecta.
711 1551 778 1604 Et
823 1551 1131 1604 sciendum
1174 1556 1267 1604 est
1297 1551 1435 1620 quia
1467 1551 1698 1620 quoties

109 1641 190 1693 hoc
228 1639 548 1710 contigerit,
594 1641 800 1708 postea
839 1654 1242 1710 nequaquam,
1279 1642 1340 1692 ut
1387 1638 1698 1707 aliquando

106 1728 276 1796 solent,
311 1729 508 1781 bibunt
541 1729 698 1782 inter
734 1727 1122 1782 collationem.
1161 1727 1325 1792 Quod
1363 1727 1416 1781 si
1446 1725 1699 1780 nonnisi

669 287 1376 352 CONSUETUDINES
1417 289 2075 352 CLUNIACENSES.
2127 327 2198 336 —
2246 291 2504 354 LIBER
2543 294 2889 361 PRIMUS.

3359 304 3479 367 678

1807 443 1958 559 ’luia,
1994 495 2054 544 ut
2084 491 2416 561 antiphona,
2451 493 2538 546 De
2571 494 2734 548 Sion.
2771 498 2856 551 Ad
2889 500 3090 555 Iaudes
3124 518 3305 573 super
3322 504 3477 574 psal-

1821 595 1950 633 mas
1976 582 2115 646 tres,
2133 581 2383 649 alleluia,
2411 587 2489 648 ut,
2515 583 2658 638 Dico
2678 585 2860 640 vobis.
2887 589 2974 640 Ad
2999 590 3275 659 hymnum
3296 594 3476 647 trium

1819 684 2136 736 puerorum
2159 671 2492 738 antiphanze
2511 676 2766 742 propriae
2796 676 3115 748 habentur;
3141 682 3209 734 ad
3231 698 3476 752 sequen-

1823 764 1936 812 tem
1967 759 2278 829 psalmum,
2332 762 2582 830 alleluia,
2635 766 2696 817 ut
2739 765 3075 834 antiphona,
3115 769 3182 821 In
3231 771 3476 824 Domino

1823 846 2180 903 laudabitur.
2218 849 2401 920 Capit.
2448 851 2800 908 Benedictio
2843 862 2901 909 et
2933 855 3197 912 claritas.
3233 861 3320 913 Ad
3354 863 3475 929 pri-

1823 953 1993 1006 mum,
2027 937 2277 1007 alleluia,
2300 943 2360 992 ut
2390 939 2614 994 Hortus
2636 943 2942 997 conclusus
2971 952 3095 1010 est;
3133 949 3470 1019 capitulum,

1822 1025 1974 1097 Regi
2004 1033 2195 1080 autem
2226 1027 2588 1095 saeculorum,
2639 1031 2880 1086 collecta
2930 1034 3000 1087 de
3050 1040 3251 1090 sancta
3281 1037 3474 1092 Trini-

1821 1118 1953 1182 tate,
1989 1131 2120 1185 quae
2152 1117 2324 1170 etiam
2357 1118 2427 1170 ad
2460 1118 2608 1171 hanc
2642 1119 2864 1187 horam,
2901 1125 2955 1176 et
2984 1123 3040 1176 in
3075 1124 3186 1179 hoc
3224 1127 3336 1195 die,
3370 1144 3477 1197 per

1821 1208 2001 1257 totum
2033 1220 2247 1257 annum
2280 1221 2515 1274 semper
2560 1207 2617 1260 in
2666 1209 2947 1274 dicenda;
2992 1228 3098 1266 nec
3145 1231 3247 1282 pro
3280 1215 3472 1286 aliqua

1816 1293 1910 1346 vel
1943 1294 2237 1362 praecipua
2271 1293 2585 1348 festivitate
2631 1299 2924 1352 mutanda.
2981 1301 3120 1354 Post
3153 1319 3473 1358 consecra-

1815 1381 2029 1434 tionem
2064 1382 2208 1434 salis
2250 1385 2304 1435 et
2333 1399 2503 1453 aqua)
2553 1386 2886 1455 antiphona,
2922 1389 3230 1462 Aspcrges
3250 1408 3342 1445 me
3364 1413 3382 1456 ;
3414 1394 3472 1446 in

1814 1470 1971 1523 exitu
1996 1472 2402 1538 pracessianis
2433 1473 2505 1525 ad
2536 1474 2851 1529 ecclesiam
2881 1478 3111 1532 Sanctae
3145 1479 3341 1535 Mariae
3373 1499 3471 1535 an-

1812 1559 2050 1626 tiphona
2083 1561 2172 1613 vel
2209 1564 2652 1628 responsorium
2700 1565 2770 1618 de
2801 1566 2959 1634 ipsa;
3011 1583 3114 1637 per
3146 1569 3470 1625 claustrum

1813 1647 1884 1702 de
1917 1647 2050 1702 istis
2082 1650 2274 1703 tribus
2305 1651 2640 1719 antiphonis
2673 1669 2805 1721 una,
2838 1655 2894 1708 id
2926 1659 3034 1722 est,
3067 1656 3205 1710 Cum
3237 1661 3466 1714 veneri-

1810 1753 1980 1801 mus;
2011 1737 2142 1805 alia,
2181 1738 2430 1793 Oremus
2458 1739 2838 1796 dilectissimi
2868 1744 3073 1809 nobis;
3123 1748 3234 1799 alia
3267 1747 3468 1801 Omni-

102 1817 239 1869 semel
266 1821 586 1886 operantur,
619 1820 760 1871 tunc
792 1817 1086 1871 sermonis
1118 1817 1286 1870 locus
1319 1819 1409 1869 est
1442 1815 1500 1867 in
1532 1816 1694 1868 Clau-
1729 1844 1773 1901 Β
1804 1831 2018 1896 potens
2048 1826 2226 1894 Deus,
2252 1827 2549 1897 supplices
2571 1836 2666 1899 te;
2699 1833 2754 1883 et
2772 1832 2986 1901 siapus
3011 1834 3183 1888 fuerit
3214 1836 3465 1904 amplius

101 1908 210 1971 stro,
229 1909 277 1958 et
305 1920 510 1958 versus
541 1905 639 1959 ille
671 1921 787 1959 non
817 1904 1104 1974 differtur,
1143 1909 1202 1958 ut
1231 1921 1347 1958 non
1379 1903 1575 1958 statim
1606 1904 1696 1956 di-

102 1996 255 2061 catur,
285 1993 638 2047 Benedictus
669 2009 736 2048 es
758 2035 771 2062 ,
815 1994 1081 2048 Domine.
1122 1993 1265 2050 Etsi
1296 1993 1528 2063 quando
1561 1992 1699 2045 fient

100 2081 140 2131 in
166 2086 413 2150 sequente
443 2085 615 2136 nocte
650 2082 959 2136 duodecim
997 2082 1304 2150 lectiones,
1338 2081 1573 2136 minime
1606 2080 1696 2133 bis

98 2173 374 2237 operantur.
408 2170 468 2224 Si
497 2170 556 2224 in
588 2170 903 2240 pistrinum
934 2170 1108 2224 ierint
1139 2174 1199 2224 ut
1221 2185 1430 2240 panem
1461 2170 1694 2236 faciant,

96 2261 284 2326 propter
309 2274 449 2327 opus
472 2258 572 2330 huj
584 2259 820 2313 usmodi
842 2275 958 2312 nan
982 2257 1257 2312 differunt
1275 2259 1408 2312 illas
1426 2262 1560 2327 post
1581 2258 1697 2327 pri-

96 2359 208 2396 mam
227 2344 468 2412 psalmos
484 2360 593 2414 pra
618 2345 1028 2413 familiaribus,
1054 2345 1145 2400 vel
1165 2350 1391 2414 septem
1406 2344 1694 2415 psalmos.

95 2431 202 2484 Post
228 2433 523 2502 capitulum
571 2433 774 2487 lavant
822 2435 1178 2505 generaliter
1221 2450 1460 2503 manus,
1495 2439 1550 2488 et
1580 2450 1696 2487 non

96 2521 310 2591 tergunt;
349 2525 401 2576 et
444 2523 532 2577 sic
580 2523 859 2592 imposita
905 2523 1231 2592 psalmodia
1281 2523 1608 2590 procedunt
1640 2523 1694 2574 in

97 2609 370 2675 pistrinum.
415 2611 622 2680 Pueri,
659 2610 752 2664 vel
797 2611 849 2664 si
882 2613 1015 2682 quis
1048 2627 1222 2666 sanas
1260 2627 1466 2664 manus
1500 2611 1694 2676 habet,

97 2712 183 2750 non
209 2713 266 2752 se
305 2699 690 2754 intromittunt
729 2703 790 2753 ut
835 2703 1078 2771 tangant
1124 2699 1262 2770 quid
1305 2699 1374 2753 de
1411 2714 1698 2768 consper-

99 2787 224 2840 sione
253 2787 439 2842 farina:
465 2794 522 2843 et
554 2788 616 2842 hi
649 2804 681 2842 a
721 2789 938 2859 quibus
964 2803 1149 2857 panes
1183 2788 1530 2856 formantur,
1555 2804 1697 2856 pas-

92 2875 158 2926 tea
183 2876 434 2946 quidquid
465 2877 712 2932 sudoris
742 2878 918 2932 fuerit
951 2878 1005 2930 in
1030 2892 1232 2930 eorum
1258 2876 1426 2944 facie,
1462 2877 1698 2930 minime

90 2965 287 3034 tangunt
311 2966 461 3033 illos,
497 2981 613 3020 nec
657 2982 726 3020 as
767 2965 1036 3036 aperiunt
1067 2966 1138 3018 ad
1187 2965 1594 3034 psalmodiam,
1628 2981 1698 3018 ne

91 3048 203 3104 forte
229 3052 289 3106 de
318 3055 498 3108 saliva
529 3054 677 3125 quid
711 3053 882 3108 saliat
912 3053 972 3106 in
1002 3069 1280 3107 massam.
1319 3055 1401 3107 De
1423 3069 1698 3108 sermone

88 3153 269 3210 quoque
296 3143 446 3196 nulla
478 3147 624 3198 tunc
657 3143 876 3196 mentio
900 3142 1024 3196 fieri
1056 3143 1228 3211 solet,
1248 3157 1356 3196 nec
1379 3142 1493 3196 alia
1517 3158 1698 3197 versu

92 3225 324 3284 clauditur
353 3232 492 3286 illud
535 3248 696 3301 opus
747 3247 1044 3299 manuum,
1079 3247 1253 3301 quam
1287 3247 1420 3285 cum
1451 3247 1541 3300 ea,
1577 3231 1698 3285 Ad-
1732 3199 1780 3260 Ο

87 3314 310 3379 [utor-ium
340 3327 605 3375 nostrum
641 3321 702 3373 in
735 3320 968 3375 nomine
1001 3320 1256 3374 Domini.

605 3425 861 3481 CAPUT
895 3426 1113 3480 XXXI.

88 3524 149 3581 De
170 3529 442 3588 Dominica
475 3534 666 3588 tertia
691 3539 825 3604 post
851 3533 1265 3596 Pentecosten,
1294 3538 1353 3586 et
1374 3533 1698 3603 septimana

137 3617 252 3672 Post
267 3622 888 3677 commemorationem
919 3625 1140 3676 sancta
1173 3621 1496 3689 Trinitatis,
1522 3621 1581 3674 in
1602 3620 1700 3674 illa

89 3702 331 3762 Dominica
352 3726 484 3780 quin
497 3713 694 3782 prima
709 3711 972 3765 accurrit
986 3712 1294 3764 cantantur
1312 3711 1697 3779 responsoria

85 3791 136 3844 de
152 3793 274 3850 libro
298 3799 519 3871 Regum
539 3815 734 3869 usque
753 3798 824 3852 ad
849 3798 1144 3854 Kalendas
1162 3799 1442 3870 Augusti.
1469 3797 1538 3851 Et
1557 3801 1698 3852 tunc

86 3880 134 3933 de
157 3882 282 3940 libro
309 3885 647 3943 Salomonis
690 3903 882 3958 usque
916 3887 986 3940 ad
1018 3886 1266 3940 Kalend.
1298 3886 1685 3956 Septembris.

85 3967 259 4030 Quibus
285 3976 351 4028 ad
381 3993 554 4030 unam
590 3975 781 4030 vicem
835 3977 1084 4030 cantatis
1135 3976 1194 4028 in
1225 3976 1462 4030 caeteris
1496 3975 1697 4030 Dami-

85 4057 194 4114 nicis
213 4063 274 4116 ad
289 4070 609 4120 nocturnos
634 4067 888 4133 tertium,
914 4066 1226 4135 septimum
1249 4067 1305 4119 et
1326 4065 1698 4119 undecimum

85 4155 402 4217 responsaria
421 4158 736 4209 cantantur
760 4155 831 4208 de
855 4157 1057 4208 sancta
1080 4153 1380 4224 Trinitate,
1401 4157 1694 4223 quartum,

83 4241 292 4294 octavum
316 4246 367 4296 et
397 4243 818 4298 duodecimum
838 4243 934 4296 illa
954 4242 1198 4311 minora,
1238 4247 1298 4296 ut
1320 4247 1432 4310 est,
1462 4243 1698 4296 Domini

85 4330 150 4376 est
171 4332 311 4383 terra
345 4351 360 4384 :
390 4331 658 4397 Quarum
691 4333 862 4387 etiam
895 4332 1109 4386 similia
1141 4335 1466 4401 cantantur,
1502 4334 1552 4385 si
1585 4347 1698 4402 qua

85 4419 367 4473 sanctarum
399 4420 697 4476 festivitas
722 4438 856 4475 cum
875 4421 1181 4475 duodecim
1208 4421 1560 4475 lectionibus
1575 4422 1696 4492 agi-

91 4501 184 4566 tur;
210 4522 326 4575 quae
356 4515 546 4564 tamen
583 4527 703 4564 non
735 4512 812 4564 sit
843 4511 912 4564 de
939 4509 1293 4580 majoribus,
1327 4510 1434 4563 sed
1463 4511 1618 4578 talis,
1640 4514 1700 4563 ut

88 4592 154 4640 est
178 4597 430 4662 quaelibet
460 4599 770 4654 Dominica
808 4616 818 4652 :
856 4604 912 4653 et
943 4615 1059 4653 non
1091 4599 1283 4656 solum
1315 4599 1374 4651 in
1405 4599 1515 4652 hac
1549 4602 1696 4651 tem-

82 4690 204 4747 POl‘e,
233 4686 329 4738 sed
359 4689 533 4742 etiam
567 4691 775 4757 postea
812 4704 1049 4757 semper
1076 4704 1250 4758 quam
1287 4689 1513 4742 venerit
1543 4689 1698 4740 Pas-

87 4764 181 4820 cha.
212 4771 282 4824 De
310 4774 415 4828 hac
450 4779 648 4830 autem
679 4777 1006 4846 Dominica,
1042 4780 1098 4831 et
1117 4777 1442 4846 septimana
1466 4793 1583 4830 non
1609 4780 1701 4830 est

89 4851 168 4908 abs
192 4875 246 4912 re
273 4863 321 4915 si
351 4863 485 4932 plus
520 4864 946 4934 aliquantulum
977 4865 1185 4920 dixero
1218 4881 1390 4936 quam
1423 4867 1494 4919 de
1526 4866 1658 4918 aliis
1685 4881 1698 4934 ;

87 4944 187 5007 quia
210 4952 494 5021 nonnulla,
531 4969 784 5023 quorum
825 4970 974 5007 usus
1016 4957 1107 5008 est
1154 4955 1211 5006 in
1258 4955 1391 5007 istis
1423 4955 1494 5007 ad
1525 4955 1701 5008 obse-

87 5032 242 5095 quium
269 5038 548 5109 diviuum,
601 5045 871 5096 tenentur
910 5042 1082 5096 etiam
1114 5057 1221 5110 per
1259 5057 1466 5097 omnes
1501 5041 1699 5095 Dami-

89 5117 214 5174 nicas
241 5128 290 5177 et
318 5131 678 5197 septimanas
711 5146 901 5200 usque
952 5131 1020 5183 ad
1067 5131 1397 5184 Adventum
1442 5131 1694 5197 Domini,

89 5217 282 5280 excepto
304 5218 487 5272 sinon
511 5235 617 5288 pro
641 5219 834 5289 aliqua
871 5219 1187 5273 festivitate
1229 5222 1542 5273 mutantur.
1574 5220 1696 5272 Pri-

86 5305 152 5346 mo
179 5301 236 5353 ad
267 5319 545 5374 vesperas
581 5307 638 5360 in
668 5307 924 5362 Sabbato
958 5308 1298 5377 capitulum,
1332 5308 1699 5362 Benedictus

86 5377 218 5440 Deus.
249 5391 404 5454 Quod
433 5395 610 5448 etiam
643 5400 759 5449 tam
787 5398 847 5448 in
878 5397 1122 5465 privatis
1155 5397 1386 5464 diebus,
1423 5411 1597 5466 quam
1642 5395 1698 5448 in

89 5467 337 5534 Dominica
365 5483 434 5536 ad
457 5498 769 5553 vesperas,
794 5500 1032 5555 semper
1056 5486 1211 5540 idem
1234 5491 1344 5539 est.
1373 5485 1461 5539 Ad
1491 5489 1699 5540 noctes

87 5569 349 5631 sequentes
376 5572 485 5625 tria
515 5577 651 5627 sunt
679 5573 1019 5628 invitatoria
1064 5573 1354 5644 vicissim,
1387 5575 1448 5629 id
1481 5577 1590 5644 est,
1634 5575 1701 5630 In

91 5661 224 5708 manu
251 5663 356 5714 tua.
387 5660 725 5718 Adoremus
760 5662 1094 5721 Dominum.
1128 5663 1218 5719 Ad
1252 5664 1497 5734 cantica,
1533 5664 1696 5722 Alle-

1727 4554 1780 4616 D

1811 1915 1948 1984 quid
1981 1915 2156 1982 addit,
2190 1915 2409 1984 antiph.
2479 1917 2729 1972 Dimitte
2786 1921 2976 1991 nobis,
3047 1923 3312 1978 Domine.
3383 1925 3470 1978 Ad

1813 2003 2121 2058 stationem
2157 2004 2214 2057 in
2231 2005 2522 2059 vestibulo
2551 2009 2823 2063 ecclesiae
2848 2011 3184 2081 antiphona,
3214 2013 3470 2067 Benedi-

1811 2098 1904 2145 cat
1939 2109 2042 2146 nos
2073 2093 2251 2159 Deus,
2274 2095 2364 2147 vel
2396 2095 2631 2166 aliquod
2666 2100 3115 2166 responsorium
3147 2102 3218 2154 de
3249 2101 3310 2156 S.
3344 2102 3468 2155 Tri-

1811 2182 2020 2245 nitate;
2057 2182 2113 2234 in
2148 2181 2388 2236 charum
2424 2185 2722 2238 redeunda
2753 2187 3070 2256 antiphona
3101 2188 3192 2242 vel
3227 2206 3470 2258 respon-

1812 2270 2038 2324 sorium
2070 2272 2140 2324 de
2172 2273 2397 2325 sanctis
2429 2273 2715 2341 apostolis
2744 2275 2917 2330 Petro
2939 2281 2992 2330 et
3016 2277 3216 2331 Paula.
3253 2279 3468 2332 Adter-

1813 2358 1968 2425 tiam,
2004 2358 2255 2428 alleluia,
2291 2364 2350 2419 ut
2384 2361 2717 2430 antiphona,
2756 2362 2989 2417 Christi
3028 2363 3241 2434 Virgo;
3286 2383 3467 2435 capue

1813 2447 2017 2513 tulum,
2048 2447 2208 2502 Deus
2234 2449 2502 2502 charitas
2537 2456 2666 2514 est;
2701 2450 2772 2504 ad
2823 2457 3072 2529 sextam,
3124 2453 3374 2522 alleluia,
3408 2459 3470 2508 ut

1812 2535 1982 2589 Inter
2013 2543 2208 2604 natos;
2249 2553 2375 2606 cap.
2410 2537 2590 2592 Alter
2619 2539 2904 2604 alterius;
2947 2541 3017 2594 ad
3063 2557 3296 2610 nonam,
3331 2544 3466 2597 alle-

1812 2624 1946 2692 luia,
1974 2628 2054 2691 ut,
2081 2625 2440 2695 Innuebant;
2467 2642 2592 2696 cap.
2622 2627 2990 2699 Emptienim
3014 2631 3164 2684 estis
3190 2646 3202 2700 ;
3228 2632 3472 2686 collecta

1813 2713 1882 2766 ad
1917 2717 2144 2766 sextam
2175 2717 2232 2768 et
2280 2730 2510 2777 nonam,
2555 2716 2714 2770 Deus
2764 2719 2862 2788 qui
2892 2720 3204 2790 οοιιερίρίε.
3248 2720 3472 2774 Gratim

1815 2808 1945 2870 tuae,
1981 2819 2327 2873 quaesumus.

1885 2891 1949 2944 In
1977 2891 2226 2960 privatis
2258 2893 2532 2947 noctibus
2565 2895 2635 2947 ad
2666 2898 2986 2950 nocturnas
3019 2900 3110 2952 est
3133 2898 3468 2968 capitulum,

1827 2979 2098 3048 Vigilate.
2134 2981 2218 3034 Ad
2263 2981 2491 3050 laudes,
2543 2983 2684 3038 Nox
2712 2990 3059 3056 praecessit;
3105 2987 3177 3039 ad
3224 2988 3470 3056 primam

1815 3069 2150 3138 capitulum,
2187 3069 2404 3124 Pacem
2442 3076 2499 3124 et
2543 3079 2890 3138 veritatem;
2926 3074 3189 3143 collecta,
3223 3076 3470 3129 Domine

1814 3157 1992 3226 Deus,
2017 3156 2222 3222 Pater,
2248 3158 2346 3229 qui
2373 3158 2447 3212 ad
2471 3160 2849 3231 principium.
2871 3161 3011 3226 Quae
3034 3163 3206 3217 ambo
3224 3164 3470 3232 privatis

1812 3246 2022 3300 diebus
2055 3247 2131 3300 ita
2163 3249 2298 3300 sunt
2333 3248 2728 3318 conglutinata
2760 3253 3135 3321 utnunquam
3164 3251 3236 3305 ab
3255 3253 3343 3306 eis
3377 3269 3470 3308 se-

1812 3340 2109 3405 parentur.
2137 3335 2224 3389 Ad
2256 3337 2487 3389 tertiam
2509 3338 2846 3409 capitulum,
2873 3342 3030 3393 Sana
3054 3356 3164 3409 me,
3192 3340 3467 3412 Domine;

1812 3425 1882 3478 ad
1916 3428 2144 3478 sextam
2176 3429 2232 3478 et
2253 3441 2466 3479 nonam
2490 3426 2691 3480 eadem
2725 3444 2858 3498 quae
2886 3429 2946 3482 in
2977 3429 3276 3484 Darnmica
3306 3449 3318 3495 ;
3345 3431 3470 3484 cal-

1811 3516 1980 3568 lectae
2011 3530 2143 3584 quae
2176 3517 2450 3569 notantur
2483 3517 2541 3568 in
2585 3517 2965 3571 collectanea.
3019 3519 3108 3571 Ad
3147 3521 3470 3589 completa-

1814 3605 1966 3657 rium
1998 3619 2124 3673 cap.
2174 3603 2252 3658 Tu
2297 3610 2488 3659 autem
2519 3605 2580 3658 in
2611 3605 2823 3676 nobis;
2866 3610 2922 3660 et
2964 3607 3206 3661 collecta
3265 3608 3468 3675 Visita,

1815 3708 2176 3765 quaesumus;
2203 3693 2312 3746 ista
2344 3696 2482 3748 sunt
2501 3694 2841 3765 immobilia,
2866 3700 2925 3750 ut
2948 3695 3077 3750 sive
3110 3697 3186 3749 sit
3204 3697 3331 3752 dies
3355 3699 3472 3768 pri-

1814 3787 2007 3852 vatus,
2047 3783 2174 3837 sive
2206 3781 2513 3852 solemnis,
2549 3783 2679 3853 ipsa
2703 3799 3077 3855 nequaquam
3107 3791 3469 3841 moveantur.

1813 3868 1976 3933 Quod
2009 3871 2062 3924 si
2091 3887 2208 3926 non
2239 3875 2331 3925 est
2358 3872 2661 3926 Dominica
2685 3873 2834 3942 dies,
2866 3877 2923 3927 et
2956 3878 3147 3928 tamen
3162 3875 3474 3930 duodecim

1814 3959 2122 4028 lectiones,
2156 3960 2228 4014 ad
2246 3960 2493 4028 primam
2515 3964 2607 4015 est
2629 3962 2873 4016 collecta
2904 3962 2971 4016 In
2988 3963 3099 4017 hac
3129 3963 3274 4019 liora
3297 3965 3472 4036 huius

1815 4049 1957 4117 diei,
1992 4063 2338 4119 quaesumus.
2370 4047 2512 4114 Quae
2544 4050 2773 4104 notiora
2806 4051 3115 4122 aestimavi,
3149 4055 3472 4124 praeterivi,

1813 4137 1974 4192 velut
2002 4138 2158 4208 quod
2192 4136 2251 4192 in
2280 4138 2536 4192 Sabbato
2566 4140 2635 4192 ad
2669 4155 2954 4209 vesperas
2973 4155 3154 4210 super
3185 4143 3476 4196 canticum

1815 4225 2121 4298 Evangelii
2143 4227 2481 4297 antiphona,
2522 4226 2703 4292 Quasi
2730 4245 3013 4298 germana
3037 4236 3128 4282 est
3149 4248 3168 4292 ;
3200 4231 3475 4297 Respon-

1815 4318 2039 4371 sarium
2087 4316 2159 4369 de
2209 4317 2415 4371 eadem
2461 4315 2641 4383 libra;
2694 4317 2761 4371 ad
2809 4317 3034 4385 laudes,
3084 4321 3140 4370 et
3178 4319 3474 4372 secundas

1814 4421 2099 4476 vesperas
2130 4406 2201 4459 de
2234 4405 2590 4475 Evangelia,
2625 4406 2717 4459 vel
2763 4406 2919 4475 quod
2967 4407 3025 4459 in
3055 4407 3304 4476 privatis
3338 4422 3474 4460 noc-

1814 4497 1972 4549 tibus
2005 4495 2074 4548 ad
2107 4495 2421 4548 matutinas
2442 4499 2533 4547 est
2563 4495 2634 4549 de
2655 4495 2781 4563 ipsa
2815 4495 3062 4564 cantica,
3088 4495 3162 4549 ad
3186 4511 3472 4564 vesperas

1813 4585 2024 4638 iterum
2057 4585 2128 4636 de
2164 4583 2508 4653 Evangelia.
2544 4583 2626 4637 Eo
2645 4599 2878 4655 quoque
2902 4585 3180 4653 Sabbato,
3206 4585 3264 4637 in
3297 4583 3474 4654 cujus

1814 4677 2099 4743 sequente
2130 4677 2300 4727 nacte
2331 4673 2526 4742 aliqua
2559 4676 2695 4727 sunt
2713 4675 3094 4743 responsoria
3117 4673 3471 4740 inchoanda,

1813 4777 1930 4814 non
1961 4766 2228 4816 cantatur
2249 4762 2321 4814 ad
2340 4777 2625 4832 vesperas
2647 4763 2847 4817 feriale
2881 4764 3350 4833 responsorium,
3368 4763 3476 4816 sed

1812 4868 1991 4905 unum
2025 4853 2095 4904 de
2147 4852 2294 4921 ipsis
2337 4853 2739 4920 responsariis
2790 4853 3158 4906 inchoandis.
3189 4851 3249 4906 Si
3283 4853 3477 4905 autem

1811 4941 2132 4994 meministi
2165 4955 2368 4994 eorum
2417 4957 2548 5010 quae
2580 4942 2859 5010 superius
2909 4942 2967 4994 in
3008 4941 3141 4994 aliis
3167 4940 3316 4994 locis
3346 4956 3475 4994 me-

1811 5030 2072 5098 moravi;
2106 5033 2457 5101 me_tacente
2487 5031 2681 5098 modo,
2717 5034 2909 5084 tamen
2931 5030 3088 5084 scire
3122 5032 3288 5099 potes
3318 5029 3476 5100 quod

1813 5119 2057 5174 collecta
2088 5135 2220 5188 quae
2251 5120 2322 5174 ad
2354 5120 2673 5190 quamlibet
2700 5119 3060 5173 Dominicam
3081 5119 3351 5188 pertinet,
3383 5118 3474 5172 di-

1816 5212 2000 5265 cenda
2033 5215 2122 5264 est
2154 5211 2211 5264 in
2243 5209 2498 5264 Sabbato
2529 5209 2599 5262 ad
2633 5224 2937 5277 vesperas,
2971 5212 3026 5262 et
3068 5212 3202 5278 post
3232 5210 3475 5262 noctur-

1818 5315 1927 5353 nas
1958 5298 2470 5370 adgEvangelium,
2516 5298 2587 5350 ad
2619 5297 2931 5350 matutinas
2963 5297 3190 5367 laudes,
3226 5298 3475 5351 missam

1815 5388 2230 5456 matutinalem,
2249 5389 2318 5441 ad
2335 5389 2587 5456 tertiam,
2604 5387 2673 5440 ad
2697 5386 2983 5457 majorem
3003 5387 3266 5454 missam,
3290 5391 3479 5441 utras-

1812 5497 1926 5550 que
1957 5494 2270 5550 vesperas.
2307 5479 2370 5532 ln
2401 5476 2646 5548 privatis
2665 5479 2859 5530 autem
2879 5476 3152 5531 noctibus
3181 5475 3475 5531 habentur

1810 5572 1871 5625 in
1903 5571 2283 5638 collectanea,
2317 5571 2370 5622 et
2412 5568 2504 5622 hae
2548 5566 2811 5621 collactea
2856 5581 2988 5637 quas
3037 5565 3306 5620 dicendae
3340 5567 3478 5620 sunt

1810 5661 1883 5716 ad
1914 5665 2258 5732 nocturnas,
2291 5663 2348 5716 et
2375 5657 2603 5730 laudes,
2637 5661 2694 5713 et
2725 5671 3034 5732 vesperas.
3068 5654 3139 5711 Et
3167 5655 3472 5728 sacerdos,
