4028 6176
493 270 614 334 6'19

1455 266 1863 332 UDALRICI
1898 264 2511 330 CLUNIACENSIS
2546 266 2967 329 MONACHI.

3752 273 3847 337 680

3308 404 3325 443 I

500 468 554 524 si
573 470 842 539 voluerit,
864 473 1053 525 utnon
1078 470 1560 540 reprehendatur,
1577 469 1781 523 caveat
1802 482 1875 523 ne
1906 467 2161 539 aliquam
2189 452 2255 512 Ᾱ’
2275 465 2562 519 dicantur.

497 558 652 612 dicat
682 558 1086 630 ignotam,sed
1099 560 1395 629 quaebene
1425 558 1665 614 simulet
1692 559 1913 629 stylum
1927 556 2159 626 Grego-

500 647 748 715 rianum,
788 652 844 701 et
871 648 965 701 sui
1012 648 1410 702 mediocritate
1460 652 1516 702 et
1543 647 1813 717 ipsorum
1843 647 2163 700 verborum

502 736 849 791 humilitate.

1071 825 1322 880 CAPUT
1350 825 1594 880 XXXII.

738 931 826 986 De
855 932 1190 988 Nativitate
1222 932 1284 986 S.
1327 932 1575 987 Joannis
1612 932 1920 1003 Baptistae.

582 1021 750 1076 Inter
781 1028 949 1075 natos
975 1020 1306 1090 mulierum,
1335 1020 1505 1092 juxta
1553 1021 1744 1089 ipsius
1776 1018 2007 1073 Domini
2038 1019 2160 1072 tes-

503 1113 827 1180 timonium,
860 1127 985 1164 cum
1010 1124 1176 1164 nemo
1195 1110 1540 1164 surrexerit
1561 1109 1750 1180 major
1767 1109 1991 1163 Joanne
2013 1107 2162 1177 Bap-

505 1206 663 1266 tista,
691 1217 807 1256 non
838 1205 930 1255 est
958 1199 1263 1269 indignum
1294 1198 1345 1252 si
1374 1197 1509 1269 ejus
1541 1212 1777 1269 quoque
1819 1196 2164 1251 solemnitas

506 1290 832 1346 solemnius
882 1304 1057 1359 quam
1104 1287 1356 1341 aliorum
1417 1291 1760 1341 sanctorum
1809 1286 2161 1340 celebretur.

504 1380 849 1435 Celebratur
877 1381 1072 1432 autem
1101 1376 1235 1447 ejus
1278 1375 1567 1431 Nativitas
1612 1393 1746 1430 cum
1777 1374 2022 1441 octavis,
2059 1389 2167 1427 nec

507 1471 644 1523 sunt
672 1468 875 1538 plures
909 1468 1248 1520 sanctorum
1281 1480 1386 1533 pro
1418 1465 1636 1535 quibus
1659 1465 1772 1519 hoc
1794 1464 1912 1529 ﬁat,
1946 1465 2168 1517 tantum

507 1558 638 1611 aliae
670 1558 921 1627 quatuor
968 1554 1327 1608 festivitates
1361 1553 1632 1606 similiter
1661 1555 1935 1623 aguntur,
1968 1551 2025 1604 id
2054 1555 2165 1619 est,

508 1646 736 1699 Natalis
796 1645 1136 1698 sanctorum
1192 1642 1595 1711 apostolorum
1654 1641 1818 1694 Petri
1873 1643 1930 1694 et
1980 1639 2166 1708 Pauli,

507 1733 841 1788 Translatio
870 1731 930 1786 S.
967 1730 1290 1798 Benedicti,
1315 1730 1662 1799 Assumptio
1694 1731 1914 1782 sanctae
1947 1728 2166 1795 Mariae,

2344 554 2520 626 Resp.
2566 554 2693 608 Hoc
2724 555 2897 609 etiam
2940 570 2972 607 a
3002 554 3202 623 fratre,
3238 553 3408 624 cujus
3441 570 3605 624 supra
3640 559 3850 623 menimi,

2277 657 2546 714 quaerere
2595 658 2707 697 non
2730 644 2924 712 omisi,
2962 646 3019 698 et
3051 643 3208 697 aliud
3239 643 3436 697 nescio
3459 644 3543 697 vel
3562 645 3626 698 de
3645 645 3770 715 ipsis
3787 664 3859 701 oc-

2275 733 2450 800 tavis,
2475 731 2568 787 vel
2591 732 2662 785 de
2685 732 2838 797 aliis,
2873 731 3161 802 nisiquod
3189 731 3287 786 ille
3312 747 3516 785 rursus
3545 732 3671 786 mihi
3688 734 3856 803 dixeri;

2278 837 2385 891 pro
2416 819 2590 891 cujus
2622 821 2973 889 testimonio,
3009 820 3349 875 solemnitas
3380 820 3489 874 diei
3509 822 3698 892 agitur,
3722 823 3766 876 si
3790 838 3860 877 ve-

2280 909 2452 979 nerit,
2485 909 2648 963 verbi
2682 909 2866 980 gratia
2895 909 2953 963 in
2986 909 3130 963 feria
3162 912 3346 975 sexta,
3377 910 3436 963 in
3462 908 3695 964 Sabbato
3736 913 3859 981 quod

2282 998 2550 1067 sequitur
2593 998 2653 1051 in
2683 998 2872 1067 primo
2930 1001 3217 1052 nocturno
3270 1014 3446 1068 super
3470 999 3706 1067 psalmos
3744 999 3864 1052 anti-

2281 1086 2495 1155 phona,
2514 1086 2869 1158 Priusquam
2891 1093 2949 1141 te
2971 1087 3310 1142 formarem.
3332 1088 3393 1140 In
3422 1086 3455 1140 2
3479 1086 3773 1156 antiphona,
3792 1086 3867 1141 Ad

2282 1176 2494 1229 omnia.
2518 1175 2607 1230 Ad
2637 1176 2952 1231 matutinas
2983 1177 3195 1231 iternm
3226 1193 3406 1246 super
3423 1175 3683 1246 psalmos.
3710 1175 3866 1229 Elisu-

2285 1263 2429 1317 betli
2462 1263 2791 1319 Zachariae.
2825 1264 3017 1336 Super
3046 1269 3197 1320 cant.
3250 1264 3566 1336 Evangelii,
3598 1263 3869 1318 Innueliant

2280 1354 2442 1424 patri
2465 1353 2593 1424 ejus
2616 1372 2630 1419 ;
2664 1354 2735 1408 ad
2756 1355 3021 1424 primam,
3044 1355 3140 1409 Ne
3155 1355 3367 1409 timeas
3385 1371 3399 1417 ;
3417 1352 3484 1406 ad
3497 1353 3719 1420 tertiam,
3736 1352 3871 1406 Misit

2286 1443 2597 1508 Dominus;
2618 1444 2692 1497 ad
2714 1445 2964 1511 sextam,
2997 1443 3157 1497 Ecce
3181 1442 3323 1498 dedi
3343 1458 3358 1511 ;
3381 1443 3450 1496 ad
3471 1456 3684 1508 nonam,
3716 1440 3870 1494 Domi-

2286 1548 2395 1586 nus
2413 1532 2486 1586 ab
2505 1538 2693 1597 utero;
2718 1532 2786 1587 ad
2829 1547 3136 1602 vesperas,
3175 1532 3433 1586 Joannes
3455 1536 3541 1584 est
3569 1544 3782 1596 nomen;
3816 1527 3870 1580 ad

2284 1620 2640 1692 Magniﬁcat,
2663 1620 2785 1676 Pro
2806 1637 2875 1676 eo
2903 1620 3054 1693 quod
3064 1636 3177 1675 non
3209 1619 3541 1674 credidisti.
3563 1618 3644 1672 Ad
3659 1615 3871 1671 Domini-

2285 1726 2413 1763 cam
2444 1712 2502 1763 in
2539 1711 2558 1763 l
2594 1710 3132 1779 nocturno,Posuit
3162 1726 3228 1764 os
3259 1723 3467 1777 meum;
3492 1708 3547 1760 in
3565 1706 3613 1773 2,
3633 1706 3873 1760 Formans

506 1825 562 1876 et
594 1821 898 1891 Depositio
928 1819 989 1873 S.
1011 1794 1284 1884 Martini;
1316 1819 1388 1872 de
1405 1794 1644 1888 quib—us,
1675 1821 1740 1872 ut
1760 1817 1949 1887 primo
1980 1816 2170 1870 dicam
2206 1823 2257 1884 Β
2283 1800 2511 1891 {mimi
2541 1803 2693 1853 cant.
2748 1804 2804 1853 et
2847 1799 2921 1891 ad
2969 1795 3575 1891 matutinasude‘SS.
3602 1794 3798 1891 Joonna
3833 1794 3876 1845 et

510 1911 670 1981 quod
702 1924 909 1963 omnes
941 1908 1331 1963 communiter
1351 1906 1585 1971 habent,
1620 1906 1806 1976 prima
1834 1911 2006 1960 nocte
2037 1908 2174 1976 post

506 2000 715 2054 laudes
748 2001 804 2053 et
833 1997 1242 2068 praecedentes
1290 2011 1577 2064 vesperae
1628 1996 1823 2066 agitur
1860 1994 2172 2064 processio

506 2089 579 2143 ad
609 2088 812 2141 altaria
840 2086 1238 2157 singulorum,
1265 2088 1511 2154 excepto
1544 2085 1736 2137 Natali
1768 2084 2172 2155 apostolorum

506 2177 667 2230 Petri
699 2179 755 2229 et
789 2174 981 2243 Pauli,
1015 2175 1074 2227 in
1105 2188 1359 2244 quorum
1388 2173 1614 2227 honore
1646 2176 1737 2227 est
1767 2172 1962 2242 ipsum
1991 2174 2172 2227 altare

507 2263 852 2336 principale.
889 2263 1103 2334 Agitur
1129 2265 1325 2316 autem
1358 2278 1491 2316 cum
1532 2262 1728 2332 aliquo
1761 2262 2169 2330 responsorio,

509 2353 754 2409 collecta
777 2367 1012 2423 quoque
1033 2351 1228 2422 aliqua
1256 2353 1540 2421 sequente
1561 2366 1695 2404 cum
1717 2350 1893 2404 tonali
1914 2365 2175 2420 pronun-

509 2443 768 2496 tiatione.
803 2441 918 2494 Per
946 2442 1124 2493 totam
1156 2439 1525 2512 singularum
1574 2438 1956 2494 festivitatum
1987 2438 2174 2508 septi-

511 2545 743 2584 manam
772 2528 945 2582 venia
984 2543 1100 2582 non
1145 2531 1359 2596 petitur
1407 2529 1479 2581 ad
1526 2527 1689 2582 initia
1729 2527 2029 2596 horarum,
2064 2543 2173 2581 nec

511 2617 919 2688 procumbitur
951 2630 1133 2685 super
1162 2614 1387 2669 formas
1409 2617 1482 2669 ad
1513 2630 1745 2684 preces.
1770 2616 1911 2669 Item
1943 2616 2014 2670 ad
2046 2616 2174 2669 sin-

513 2705 685 2776 gulas
733 2704 916 2758 horas
956 2703 1027 2757 de
1076 2703 1406 2772 psalmodia
1452 2717 1569 2757 non
1630 2705 1824 2757 minus
1889 2703 2175 2757 omittitur

512 2808 687 2864 quam
717 2792 776 2846 in
808 2791 1031 2861 pascali
1058 2795 1324 2861 tempore
1355 2792 1589 2862 quoties
1634 2791 1944 2846 duodecim
1973 2792 2175 2846 lectio-

514 2897 622 2936 nes
653 2896 772 2934 non
802 2880 1040 2935 ﬁebant.
1079 2878 1340 2934 Octavus
1385 2880 1515 2934 dies
1550 2883 1708 2934 totus
1741 2884 1833 2934 est
1864 2881 2172 2949 solemnis,

511 2969 824 3024 duodecim
848 2968 1203 3022 lectionibus
1225 2969 1515 3039 agendus.
1539 2968 1603 3022 In
1629 2984 1697 3023 ea
1720 2984 1956 3040 quoque
1986 2969 2176 3023 Domi-

512 3059 663 3127 nica,
698 3059 752 3111 si
783 3074 897 3129 qua
927 3057 1174 3124 venerit,
1208 3071 1326 3111 non
1358 3057 1516 3111 aliud
1540 3058 1756 3129 legitur
1786 3059 1878 3111 vel
1911 3062 2177 3112 cantatur

511 3164 686 3218 quam
737 3147 809 3201 de
852 3146 1023 3216 ipsis.
1067 3145 1133 3199 In
1164 3147 1414 3216 privatis
1474 3147 1770 3215 noctibus,
1818 3147 2050 3201 etiamsi
2098 3148 2177 3201 sit
2214 3182 2266 3244 Ο

508 3239 743 3306 tempus
773 3236 1068 3305 aestivum,
1104 3239 1298 3290 tamen
1340 3238 1463 3289 tres
1498 3235 1781 3290 lectiones
1813 3252 1944 3290 cum
1978 3236 2172 3290 tribus

513 3325 919 3394 responsoriis
935 3326 1111 3389 fiunt;
1135 3324 1482 3394 principalis
1496 3339 1731 3394 quoque
1750 3325 2015 3393 collecta,
2041 3340 2175 3395 quae

512 3413 571 3466 in
589 3414 778 3480 primo
808 3414 902 3466 die
932 3413 1006 3465 ad
1036 3412 1323 3483 majorem
1347 3413 1591 3466 missam
1611 3413 1938 3482 dicebatur,
1966 3417 2176 3482 postea

511 3516 703 3570 usque
731 3500 805 3577 ad
828 3504 1100 3554 octavum
1127 3500 1283 3554 diem
1305 3516 1542 3570 semper
1572 3504 1665 3555 est
1681 3501 1929 3556 dicenda
1954 3502 2024 3555 ad
2044 3504 2173 3555 lau-

515 3588 645 3658 des,
676 3589 929 3657 tertiam,
962 3588 1249 3659 majorem
1292 3589 1539 3643 missam
1569 3594 1628 3644 et
1656 3605 1962 3660 vesperae.
2008 3592 2174 3646 Pras-

515 3675 655 3731 fatio
684 3678 879 3731 autem
906 3681 1133 3731 tantum
1162 3677 1223 3731 in
1249 3678 1438 3747 primo
1468 3677 1563 3733 die
1593 3679 1666 3732 ad
1694 3681 2003 3750 utramque
2032 3680 2174 3735 mis-

513 3780 662 3835 sam,
695 3766 755 3819 in
785 3768 993 3820 octavo
1024 3765 1117 3820 die
1159 3764 1233 3818 ad
1262 3766 1451 3820 solam
1478 3766 1785 3838 majorem.
1825 3767 1954 3823 Hoc
1983 3769 2176 3823 solum

513 3855 710 3908 minus
740 3853 978 3923 habent,
1008 3856 1067 3907 et
1093 3854 1167 3908 ab
1189 3852 1322 3908 aliis
1339 3854 1650 3924 dissimile,
1678 3855 1970 3912 Nativitas
1985 3860 2175 3913 sancti

512 3942 782 4012 Joannis,
834 3946 891 3996 et
937 3941 1268 3996 Translatio
1315 3943 1504 3997 sancti
1546 3944 1877 4017 Benedicti,
1927 3948 2086 4017 quod
2117 3947 2175 4000 in

516 4033 722 4085 octava
750 4034 923 4086 nocte
967 4032 1293 4086 novissima
1340 4035 1762 4088 nocturnorum
1790 4036 2177 4105 responsoria

514 4122 654 4173 sunt
697 4120 770 4173 de
817 4120 911 4174 his
954 4120 1308 4188 minoribus,
1355 4123 1415 4174 ut
1459 4124 1573 4192 est,
1615 4121 1824 4177 Justus
1873 4130 1932 4178 ut
1955 4123 2172 4194 palma.

512 4208 677 4272 Quod
709 4212 901 4263 tamen
929 4210 1205 4264 omnibus
1247 4210 1518 4280 ejusdem
1548 4210 2006 4284 festivitatibus,
2039 4229 2174 4284 quae

512 4297 573 4350 in
606 4299 810 4352 aestate
840 4298 1105 4367 veniunt,
1125 4303 1218 4353 est
1240 4314 1569 4368 commune,
1596 4301 2171 4357 Bominicainterve-

511 4388 708 4441 niente
738 4389 801 4440 ut
827 4387 1043 4441 similia
1063 4389 1449 4457 responsoria
1470 4390 1799 4444 cantentur.
1827 4389 2016 4461 Igitur
2045 4406 2173 4445 suc-

514 4477 706 4531 cincte
735 4475 1043 4545 praelibato
1074 4477 1250 4547 quod,
1272 4480 1334 4531 ut
1362 4477 1505 4546 dixi,
1528 4479 1915 4533 communiter
1935 4479 2172 4549 habent,

2286 1889 2497 1954 Paulo;
2548 1893 2683 1958 post
2713 1889 3005 1942 canticum
3028 1886 3359 1958 Evangelii,
3391 1885 3663 1956 Apertum
3690 1888 3767 1937 est
3811 1897 3874 1939 os:

2287 1979 2357 2031 ad
2387 1978 2657 2047 primam,
2689 1976 3042 2047 Elizabetli;
3077 1976 3147 2029 ad
3177 1975 3429 2043 tertiam,
3463 1971 3783 2037 Innuebant;
3824 1968 3876 2022 ad

2288 2070 2537 2135 sextam,
2562 2066 2731 2120 Inter
2746 2071 2934 2131 natos;
2969 2065 3040 2119 ad
3072 2080 3307 2133 nonam,
3350 2063 3429 2117 Tu
3452 2076 3613 2133 puer;
3630 2059 3695 2113 ad
3718 2072 3879 2126 vespe-

2286 2172 2409 2224 ras,
2442 2156 2542 2209 Ex
2572 2164 2740 2210 utero
2768 2154 3099 2209 senectutis
3120 2154 3189 2206 ad
3220 2151 3555 2224 Magniﬁcat
3583 2165 3594 2203 :
3624 2148 3879 2217 Exposae-

2288 2251 2430 2300 runt
2453 2243 2857 2300 omnes.Feria
2881 2243 3141 2298 secunda
3163 2242 3221 2295 in
3251 2241 3275 2294 1
3314 2244 3612 2304 nocturno,
3644 2234 3819 2291 Posuit
3833 2249 3881 2288 os

2293 2350 2500 2405 meum;
2535 2335 2594 2388 in
2621 2331 2675 2400 ‘3;
2710 2333 3000 2388 Formans
3027 2346 3140 2401 me,
3172 2330 3247 2384 ad
3274 2329 3586 2383 matutinas
3615 2326 3679 2379 de
3705 2323 3756 2378 S.
3785 2322 3878 2375 lie-

2290 2440 2420 2478 naeo
2451 2427 2508 2478 et
2536 2423 2721 2477 sociis
2743 2420 2901 2492 ejus;
2935 2421 3007 2475 de
3037 2420 3097 2475 S.
3150 2420 3380 2474 Joanne
3422 2415 3630 2486 antiph.
3676 2413 3881 2469 Joannes

2296 2512 2621 2577 vocabitur;
2656 2513 2726 2566 ad
2749 2514 2999 2579 sextam,
3021 2509 3218 2581 Reges
3236 2506 3540 2575 videbunt;
3570 2503 3637 2556 ad
3658 2498 3879 2555 namNa-

2287 2618 2522 2656 zaraeus
2557 2600 2885 2668 vocabitur;
2918 2599 2988 2651 ad
3023 2611 3334 2667 vesperae,
3370 2595 3502 2666 Ipse
3525 2591 3760 2665 praeibit;
3778 2588 3881 2641 item

2288 2691 2456 2746 Puer
2487 2691 2584 2762 qui
2595 2695 2769 2743 natus
2786 2694 2897 2742 est.
2914 2686 3084 2741 Feria
3101 2686 3154 2755 3,
3170 2686 3230 2739 in
3254 2684 3277 2738 1
3300 2687 3606 2745 nocturno,
3626 2680 3748 2734 Erit
3766 2677 3882 2730 enim

2289 2793 2576 2851 magnus;
2604 2780 2662 2832 in
2691 2778 2746 2847 2,
2782 2777 2948 2830 Inter
2969 2781 3159 2844 natos,
3212 2774 3511 2827 matutinae
3533 2771 3600 2825 de
3628 2768 3682 2823 S.
3712 2767 3882 2827 Leone,

2290 2870 2363 2923 de
2410 2867 2470 2922 S.
2505 2869 2752 2935 Joanne,
2787 2865 2868 2919 Tu
2898 2880 3088 2935 puer;
3151 2862 3512 2916 matutinalis
3559 2860 3726 2912 missa
3759 2855 3816 2907 de
3839 2853 3883 2904 S.

2292 2959 2508 3023 Leone;
2542 2956 2674 3010 ideo
2705 2955 2776 3008 ad
2799 2955 2987 3008 solam
3007 2953 3253 3022 primam
3283 2949 3597 3020 antiphona
3625 2946 3689 3000 de
3707 2942 3883 3003 eodem.

2268 3047 2363 3101 'ad
2394 3047 2642 3109 tertiam,
2677 3044 2938 3098 Joannes
2967 3049 3058 3097 est
3080 3056 3311 3105 nomen;
3338 3040 3413 3093 ad
3443 3041 3587 3093 sext.
3622 3035 3737 3107 Ipse
3758 3028 3888 3100 praei-

2288 3136 2399 3206 bit;
2434 3136 2505 3188 ad
2536 3150 2671 3188 non.
2698 3133 2798 3186 Ex
2819 3139 3006 3201 utero;
3040 3131 3112 3183 ad
3133 3143 3428 3199 vesperas
3449 3142 3563 3181 non
3591 3125 3656 3178 de
3674 3123 3726 3176 S.
3754 3120 3886 3173 Joan-

2291 3239 2384 3290 ne,
2411 3223 2517 3277 sed
2548 3222 2621 3276 de
2650 3222 2710 3274 S.
2744 3222 2940 3288 Petro;
2975 3224 3030 3272 et
3062 3219 3086 3272 1
3149 3218 3491 3288 antiphona,
3537 3212 3699 3269 Beati
3723 3206 3879 3266 eritis;

2291 3315 2533 3383 propter
2564 3326 2715 3380 quos
2771 3309 2944 3363 etiam
2974 3311 3271 3362 mutantur
3298 3311 3545 3373 octavae,
3577 3305 3633 3356 ut
3665 3313 3766 3352 non
3787 3308 3884 3383 amf

2294 3402 2448 3472 plius
2479 3401 2751 3455 dicantur
2779 3398 2850 3451 de
2880 3397 2940 3452 S.
2974 3398 3220 3464 Joanne,
3247 3396 3371 3449 nisi
3400 3398 3534 3465 post
3555 3388 3823 3445 matutinas
3846 3382 3888 3472 et

2295 3470 2580 3560 vesperas
2610 3489 2939 3559 regulares,
2964 3503 3080 3540 una
3121 3485 3443 3555 antiphona
3472 3485 3526 3536 et
3556 3478 3787 3537 collecta;
3835 3470 3886 3522 de

2293 3596 2409 3651 quo
2442 3583 2636 3634 tamen
2695 3581 2942 3632 octavus
2980 3577 3109 3629 dies
3140 3574 3393 3644 pleniter
3450 3570 3757 3625 celebratur
3801 3564 3888 3651 tam

2292 3650 2426 3724 cum
2448 3668 2756 3723 duodecim
2779 3667 2849 3720 ad
2864 3669 3184 3720 nocturnos
3198 3661 3559 3732 antiphonis,
3583 3670 3737 3728 quam
3757 3650 3889 3705 etiam

2293 3757 2733 3813 lﬂlectionibus
2765 3758 2822 3810 et
2852 3752 3275 3824 responsoriis.

2846 3845 3097 3900 CAPUT
3119 3841 3396 3896 XXXIII.

2504 3941 2590 3995 De
2606 3935 2813 3993 Natali
2833 3933 3223 4008 apostolorum
3244 3931 3429 3985 Petri
3458 3934 3516 3982 et
3546 3920 3722 3980 Pauli.

2362 4030 2580 4103 Vigilia
2600 4027 2827 4083 Natalis
2841 4026 2946 4080 SS.
2969 4022 3401 4093 apostolorum,
3417 4025 3474 4074 et
3504 4013 3692 4088 vigilia
3703 4012 3895 4103 assum:

2290 4092 2509 4189 ptionis
2541 4120 2764 4172 sanctae
2796 4092 3242 4168 Mariaeihabent
3270 4107 3495 4180 aliquid
3541 4099 3826 4173 singulare,
3851 4092 3892 4188 et

2289 4208 2446 4280 quod
2493 4208 2553 4260 in
2602 4205 2782 4260 nullis
2840 4202 2973 4256 aliis
3005 4204 3347 4256 sanctorum
3389 4195 3609 4267 vigiliis
3641 4190 3892 4282 soletagli

2290 4279 2424 4350 nam
2452 4296 2524 4349 ad
2574 4293 2861 4363 majorem
2898 4291 3145 4346 missam
3181 4287 3496 4359 pulsantur
3537 4279 3716 4337 omnia
3754 4279 3892 4364 sigilli

2291 4391 2368 4457 et,
2402 4389 2615 4456 praeter
2644 4361 2801 4455 quod
2831 4397 2947 4436 non
2972 4378 3279 4451 angelicus
3300 4375 3568 4446 Hymnus
3588 4384 3688 4424 nec
3704 4361 3889 4457 alleluia

2290 4444 2580 4544 cantetur,
2612 4473 2724 4526 alia
2756 4470 3101 4526 solemniter
3128 4466 3320 4521 omnia
3373 4464 3539 4517 ﬁunt.
3604 4457 3825 4544 Chorus:
3853 4444 3897 4495 υί

516 4563 836 4620 videndum
867 4566 959 4618 est
986 4564 1159 4619 modo
1189 4565 1346 4635 quod
1394 4566 1630 4635 proprie
1662 4568 1914 4635 pertinet
1944 4568 2017 4622 ad
2051 4539 2175 4624 me;
2213 4539 2261 4600 Ῑ)
2290 4566 2471 4634 aiunt,
2503 4563 2574 4617 ab
2609 4577 2724 4616 uno
2773 4563 3003 4614 tenetur
3033 4557 3093 4610 in
3152 4570 3356 4625 cappa,
3418 4542 3841 4635 responsoitlum‘
3873 4544 3897 4582 ³

514 4653 763 4708 moriam
793 4652 852 4706 S.
878 4652 1144 4707 Joannis.
1170 4651 1233 4705 In
1250 4652 1451 4724 vigilia
1475 4654 1546 4708 ad
1568 4669 1876 4725 vesperae,
1903 4657 2172 4727 collecta,

514 4743 780 4807 Praesta,
822 4756 1178 4813 quaesumus,
1212 4742 1579 4812 omnipotens
1613 4742 1805 4814 Deus,
1853 4751 1911 4799 ut
1951 4746 2176 4801 familia

517 4837 633 4885 tua.
668 4829 730 4883 In
773 4832 944 4884 nocte
966 4829 1040 4882 ad
1062 4828 1467 4901 Evangelium,
1506 4830 1794 4901 Concede,
1828 4850 2175 4907 quaesumus,

516 4919 881 4989 omnipotens
902 4918 1079 4973 Deus.
1112 4917 1254 4982 Quae
1280 4922 1336 4973 et
1356 4935 1460 4988 per
1490 4924 1728 4975 octavas
1749 4920 2173 4993 frequentatur.

517 5008 603 5061 Ad
635 5009 969 5077 matutinas,
1005 5007 1167 5062 Deus
1196 5010 1291 5079 qui
1314 5014 1674 5078 praesentem
1714 5011 1870 5066 diem
1896 5027 1909 5082 ;
1941 5029 2073 5083 quae
2105 5013 2179 5066 ad

394 5090 405 5095 ’
514 5097 764 5164 tertiam,
799 5096 874 5150 ad
902 5097 1168 5165 missam,
1206 5100 1261 5150 et
1290 5096 1361 5150 ad
1380 5113 1665 5167 vesperas
1687 5099 1950 5171 iteratur,
1976 5103 2175 5172 ibique

515 5200 588 5239 ex
619 5188 739 5239 toto
770 5185 986 5239 finitur.
1024 5186 1240 5240 Verum
1264 5187 1523 5241 nesciosi
1548 5188 1688 5257 quid
1717 5188 1916 5243 dicere
1946 5191 2173 5258 possim

515 5273 673 5345 quod
704 5288 822 5326 non
860 5272 987 5341 jam
1026 5276 1269 5328 noveris
1298 5291 1406 5346 per
1433 5291 1502 5330 ea
1545 5292 1678 5346 quas
1709 5293 1742 5330 a
1771 5292 1864 5331 me
1895 5280 2174 5346 superius

517 5364 588 5415 de
619 5360 1092 5415 solemnitatibus
1123 5365 1261 5416 sunt
1292 5365 1491 5417 relata.

588 5447 889 5519 Interrog.
920 5448 1052 5503 Non
1075 5466 1209 5505 sum
1236 5452 1454 5506 oblitus
1472 5453 1737 5516 illorum;
1770 5460 2174 5512 verumtamen

519 5540 613 5592 est
640 5537 797 5608 quod
826 5536 1018 5591 adhuc
1048 5538 1298 5594 libenter
1326 5541 1633 5612 audierim,
1686 5558 1800 5613 quo
1833 5544 2038 5600 ordine
2067 5562 2173 5617 per

519 5628 763 5685 octavas
809 5625 883 5681 ad
924 5630 1269 5699 nocturnos,
1317 5632 1375 5685 et
1420 5630 1568 5687 alias
1617 5631 1797 5689 horas
1845 5633 2181 5707 antiphonw

2290 4624 2524 4709 duobus
2546 4652 2812 4705 ca’ntatur
2834 4648 2893 4702 in
2926 4645 3150 4716 cappis,
3178 4624 3584 4699 subdiaconus
3599 4624 3894 4717 vestiturlll'

2294 4744 2446 4812 nica,
2479 4741 2766 4795 diaconus
2797 4736 3124 4803 dalmatica,
3150 4747 3304 4787 unus
3335 4727 3525 4797 offert,
3558 4735 3747 4779 omnes
3774 4725 3897 4812 eieci-

2295 4800 2459 4903 piunt
2482 4845 2721 4900 pacem;
2752 4826 2942 4899 Kyrie
2999 4824 3245 4891 eleison,
3278 4820 3552 4881 Sanctus,
3579 4814 3771 4903 Agmis
3794 4800 3896 4903 Peli

2299 4893 2534 4992 singula
2565 4893 3064 4988 cum'qu'otidiana
3088 4910 3340 4966 melodia
3371 4909 3689 4992 cantantur.
3720 4893 3903 4992 Est

2303 4980 2432 5066 teni,
2447 5010 2503 5063 in
2519 5009 2714 5079 priore
2749 5005 2969 5075 vigilia,
2995 5005 3129 5057 utet
3157 5014 3342 5069 supra
3360 4993 3616 5060 memini,
3644 4980 3896 5079 Deposmg

2297 5100 2357 5155 S.
2410 5066 2627 5153 Lco‘nis
2658 5066 2845 5165 papae";
2877 5066 2965 5160 et;
2988 5093 3047 5145 in
3076 5066 3381 5159 sequente,
3416 5077 3708 5170 Deposui?
3745 5066 3897 5170 fuit:

2302 5153 2543 5244 ISiusebii
2572 5153 3022 5255 presbyteripde
3048 5153 3266 5250 quibus
3282 5179 3340 5231 et
3365 5153 3563 5228 missa
3594 5153 3897 5258 matutinalif

2299 5251 2591 5345 cantatur;
2615 5251 2853 5345 propter
2883 5270 3039 5341 quod
3060 5272 3252 5322 tamen
3285 5260 3583 5336 generalis
3601 5251 3796 5346 oblatio
3811 5251 3898 5346 ηοξ

2297 5341 2697 5433 omittitur,—et
2729 5341 2856 5433 pax
2884 5361 2956 5414 ab
2991 5375 3105 5413 uno
3156 5354 3464 5425 accipitur.
3505 5347 3648 5403 Post
3696 5341 3899 5433 priinﬂlll

2294 5427 2599 5512 collectam
2628 5427 2859 5507 caeteras
2891 5466 3023 5520 quas
3085 5447 3413 5516 sequuntur
3442 5449 3645 5494 omnes
3675 5427 3899 5520 sunt???

2296 5509 2620 5608 defunctis;
2654 5540 2812 5612 quod
2842 5509 3115 5593 similiter
3144 5509 3274 5589 fieri
3306 5531 3456 5586 solet
3486 5523 3719 5612 quoties,
3739 5509 3902 5612 ead???

2298 5635 2487 5692 missa
2515 5592 2784 5690 cantaltur
2810 5643 2919 5703 pro
2952 5625 3141 5683 salute
3168 5623 3465 5691 vivorum;
3492 5629 3609 5683 non
3636 5611 3808 5667 autem
3831 5592 3901 5651 εει
