3956 6176
164 281 263 352 681
756 284 1446 350 CONSUETUDINES
1491 287 2153 354 CLUNIACENSES.
2202 323 2280 336 —
2325 291 2575 355 LIBER
2616 291 2933 358 PRIMUS
3465 293 3588 364 682

165 489 506 549 consuetudo
556 490 614 547 ut
654 505 913 561 unquam
957 486 1018 544 in
1071 486 1380 543 duodecim
1436 488 1794 546 lectionibus
1825 471 1885 534 Α
1903 491 2198 562 patientia
2223 498 2455 558 vestra;
2473 494 2546 548 ad
2569 511 2876 566 vesperas,
2900 495 2964 549 In
2987 497 3482 568 regeneratione;
3505 499 3580 554 ad

169 584 265 639 hoc
290 580 402 636 ﬁat.

221 671 324 726 Sed
356 670 723 724 revertamur
768 668 842 723 ad
887 668 1086 739 ipsum
1134 669 1402 725 Natalem
1454 672 1796 725 sanctorum

164 760 559 832 apostolorum.
576 759 839 814 Domnus
861 759 1047 814 abbas
1071 759 1371 814 constituit
1391 762 1524 814 ante
1556 759 1669 814 hos
1693 775 1795 813 an-

160 867 273 915 nos,
303 851 362 902 ut
388 848 461 902 ad
491 847 753 918 psalmos
782 850 1204 903 nocturnorum
1238 848 1331 903 hae
1364 851 1796 903 cantenturan-

161 938 409 1009 tiphonae,
444 952 694 1009 quarum
738 937 925 1007 prima
969 939 1080 1007 est,
1116 936 1185 991 In
1228 936 1470 1008 plateis.
1520 937 1795 1009 Evange-

159 1028 278 1081 lium
292 1026 562 1097 sequitur
572 1041 640 1080 ea
654 1025 898 1080 collecta
915 1042 1049 1098 quae
1068 1026 1377 1081 dicebatur
1394 1026 1465 1080 ad
1485 1041 1791 1097 vesperas,

160 1116 208 1172 id
233 1119 332 1184 est,
366 1115 546 1181 Deus,
566 1114 666 1186 qui
692 1114 1030 1170 Ecclesium
1053 1122 1204 1170 tuam
1226 1114 1476 1187 apostoli
1492 1116 1578 1169 tui
1595 1115 1792 1186 Petri,

159 1220 465 1277 quanquam
481 1203 554 1258 ad
578 1203 807 1273 laudes,
823 1207 879 1259 et
895 1205 966 1258 ad
984 1202 1269 1276 majorem
1286 1205 1528 1259 missam
1557 1204 1790 1276 dicitur,

157 1294 308 1362 Deus,
341 1292 439 1365 qui
468 1292 784 1348 hodierna.
804 1291 873 1347 Et
893 1293 946 1347 si
975 1293 1089 1348 hoc
1119 1293 1431 1365 aliquando
1456 1294 1791 1365 contigerit,

160 1387 321 1438 tamen
340 1398 454 1436 non
476 1380 830 1452 praejudicat
851 1381 1117 1454 generali
1134 1382 1549 1437 consuetudini
1571 1383 1791 1439 collec-

155 1471 507 1542 taram,jquod
531 1470 879 1542 huiusmodi
900 1472 952 1524 si
985 1472 1261 1526 dicuntur
1290 1472 1362 1526 ad
1389 1487 1676 1542 vesperas
1699 1471 1793 1526 di-

1910 579 2266 652 Magniﬁcat,
2305 581 2350 637 0
2382 583 2518 637 caeli
2534 583 2789 654 janitor.

1978 669 2149 724 Feria
2180 689 2241 740 ιι,
2275 671 2606 727 Translatio
2636 673 2696 727 S.
2746 672 3003 737 Martini,
3062 673 3134 728 de
3164 690 3303 745 quo,
3348 675 3460 730 etsi
3504 678 3576 733 ad

1906 761 2232 815 nocturnos
2261 760 2374 814 alia
2394 777 2553 830 resp.
2575 762 2751 815 simul
2776 777 2908 815 cum
2940 762 3281 831 antiphonis
3300 765 3575 820 omnibus

1907 852 2048 903 sunt
2077 848 2149 903 de
2180 848 2316 920 ejus
2347 851 2487 920 vita,
2518 854 2712 905 tamen
2743 852 2777 905 3
2822 856 2878 905 et
2908 849 2940 904 7
2972 853 3027 904 et
3079 850 3137 904 11
3174 854 3311 905 sunt
3355 852 3427 907 de
3456 854 3575 909 illis

1904 937 2087 991 rebus
2119 954 2251 1009 quae
2284 940 2578 1009 pertinent
2608 940 2679 993 ad
2712 940 3035 1011 quemlibet
3068 940 3499 1013 confessorem,
3519 944 3577 998 et

1906 1025 2180 1081 similiter
2208 1027 2324 1082 illae
2355 1029 2695 1098 antiphonm
2725 1029 2798 1083 ad
2829 1031 3031 1083 metut.
3067 1028 3305 1083 laudes.

1975 1115 2149 1170 Feria
2178 1134 2260 1185 ιη,
2295 1118 2355 1171 in
2386 1117 2410 1171 1
2446 1121 2735 1172 nocturno
2767 1118 2989 1187 antiph.
3025 1102 3351 1190 Principes
3385 1136 3573 1191 popu-

1900 1203 2119 1270 lorum;
2153 1205 2210 1263 in
2238 1205 2290 1276 2,
2336 1205 2595 1260 Tradent
2621 1206 2775 1260 enim
2812 1222 2951 1270 vos;
2984 1206 3059 1260 ad
3091 1210 3225 1261 mat.
3261 1207 3417 1262 laud.
3447 1208 3574 1265 Hoc

1902 1299 1995 1351 est
2004 1300 2367 1365 praeceptum
2384 1311 2573 1349 meum
2589 1310 2603 1363 ;
2619 1295 2689 1349 ad
2712 1295 2979 1365 primam,
2997 1295 3288 1367 MaJorem
3308 1296 3569 1351 charita-

1902 1388 2017 1437 tem
2043 1400 2056 1447 ;
2089 1383 2160 1436 ad
2192 1383 2442 1437 tertiam.
2490 1382 2600 1437 Vos
2630 1384 2805 1438 amici
2839 1385 2960 1438 mei
2990 1384 3176 1449 estis;
3206 1384 3280 1438 ad
3311 1387 3566 1456 sextam,

1899 1471 2077 1526 Beati
2105 1471 2341 1543 paciﬁci
2360 1491 2379 1536 ;
2411 1472 2484 1526 ad
2515 1488 2748 1541 nonam,
2782 1472 2850 1526 1n
2882 1472 3174 1544 patientia
3212 1478 3417 1527 vestra
3446 1489 3461 1544 ;
3494 1475 3568 1530 ad

155 1559 1337 1630 cantaretiamadmatutinaslaudes,etad
1353 1560 1501 1615 alias
1524 1561 1791 1616 viees.ln
1897 1576 2064 1631 vesp.
2097 1560 2274 1615 Beati
2303 1562 2510 1629 eritis;
2534 1562 2607 1615 ad
2638 1561 2885 1633 magnif,
2902 1561 3015 1616 Isti
3034 1566 3173 1615 sunt
3206 1560 3335 1616 duae
3365 1561 3561 1619 olivae.

153 1649 1048 1720 diecumprocessiosolemniter
1068 1649 1145 1703 sit
1166 1649 1415 1722 agenda,
1433 1650 1793 1705 siestDomi-
1968 1649 2142 1704 Feria
2182 1667 2261 1719 1v,
2305 1665 2437 1704 cum
2490 1650 2568 1704 sit
2613 1649 2748 1704 dies
2798 1652 3045 1721 octavus
3099 1650 3165 1703 12
3212 1650 3566 1707 lectionibus

154 1737 630 1810 nicadies,agitur
641 1742 773 1793 ante
791 1737 1042 1808 tertiam;
1057 1740 1197 1808 puto
1210 1742 1455 1809 propter
1466 1754 1790 1795 consecra-
1899 1739 2168 1812 agendus
2188 1754 2203 1810 ;
2222 1738 2295 1793 ad
2325 1742 2651 1794 nocturnos
2674 1741 2732 1793 et
2744 1738 3084 1812 antiphonae
3107 1741 3163 1792 et
3182 1739 3567 1809 responsoria

153 1827 337 1881 tionem
356 1827 503 1881 salis
527 1831 588 1882 et
609 1843 779 1899 aqua:
803 1842 876 1882 ex
900 1843 1061 1882 more
1084 1827 1426 1899 gerendam.
1442 1826 1503 1883 Si
1525 1828 1787 1900 qualibet
1815 1862 1870 1927 Β
1898 1810 1971 1883 de
1998 1829 2092 1884 his
2132 1829 2366 1883 duobus
2400 1828 2688 1898 apostolis
2714 1810 3095 1882 alternantur.
3130 1816 3434 1891 Quomodo
3455 1845 3564 1884 au-

151 1916 240 1971 alia
252 1915 407 1985 feria,
422 1920 564 1986 post
578 1916 838 1982 tertiam;
863 1916 1021 1988 quod
1043 1916 1181 1970 item
1204 1916 1562 1972 observatur
1584 1917 1642 1971 in
1665 1919 1785 1972 As-
1815 1915 1868 1927 "
1896 1921 2034 1989 tem,
2059 1918 2195 1989 quia
2217 1918 2276 1971 in
2298 1916 2458 1971 nullo
2480 1917 2891 1988 antiphonario
2915 1916 3132 1986 inveni,
3151 1918 3307 1971 certe
3330 1917 3402 1971 de
3433 1918 3567 1987 ipsa

138 2005 449 2075 'sumptione
499 2005 564 2061 S.
617 2004 818 2060 Mariae
867 2008 923 2060 et
952 2006 1013 2060 in
1055 2006 1367 2061 Nativitate
1409 2007 1661 2061 Domini.
1694 2007 1786 2063 Ad
1893 2008 2067 2064 brevi
2095 2007 2312 2062 factum
2342 2011 2545 2061 notare
2591 2007 2815 2075 curavi,
2849 2009 2905 2061 et
2934 2008 3010 2060 ita
3060 2021 3296 2077 quoque
3340 2009 3560 2062 vestrae

150 2094 309 2164 ipsam
333 2099 530 2149 autem
562 2094 1012 2164 processionem
1045 2095 1267 2150 cantari
1296 2095 1450 2151 solet
1477 2097 1787 2165 respinso-
1896 2097 2266 2153 communico
2299 2095 2616 2150 dilectioni.
2646 2095 2735 2149 Ad
2766 2097 3090 2150 nosturnos
3126 2094 3173 2163 l,
3217 2094 3559 2168 antiphona,

149 2184 294 2237 riam.
327 2182 504 2249 Quem
537 2183 746 2239 dicunt
775 2184 1078 2249 homines;
1101 2186 1157 2238 et
1173 2185 1350 2240 aliud.
1373 2185 1632 2256 Magnus
1652 2202 1785 2239 san-
1891 2186 1960 2240 In
1984 2184 2239 2258 plateis;
2273 2184 2325 2252 2,
2364 2183 2477 2249 Qui
2505 2189 2785 2255 operatus
2818 2188 2911 2238 est
2941 2197 2956 2252 ;
2982 2182 3036 2251 3,
3070 2182 3178 2237 Ait
3207 2182 3473 2255 Petrus;
3502 2184 3558 2253 4,

150 2277 256 2326 ctus
273 2271 507 2327 Paulus.
533 2273 629 2327 Ad
660 2273 974 2328 stationem
1004 2273 1341 2345 antiphona,
1365 2273 1557 2330 Hodie
1587 2273 1789 2329 illuxit
1893 2274 2029 2330 Scio
2049 2274 2143 2329 cui
2161 2290 2175 2345 ;
2209 2274 2261 2342 5,
2298 2273 2521 2328 Petrus
2553 2271 2889 2344 apostolus;
2920 2271 2972 2341 6,
3020 2271 3181 2326 Mihi
3228 2273 3469 2342 vivere;
3502 2272 3556 2343 7,

152 2360 331 2415 nobis?
356 2361 419 2415 In
450 2360 707 2416 chorum
744 2361 1043 2416 redeundo
1086 2377 1359 2431 respons.
1398 2361 1788 2436 Quodcunque
1893 2362 2135 2417 Factum
2168 2367 2259 2417 est
2285 2378 2299 2431 ;
2329 2362 2382 2431 8,
2424 2361 2505 2416 Tu
2526 2377 2593 2416 es
2616 2377 2719 2415 vas
2739 2359 3562 2429 electionis;9,Adveniente

148 2448 433 2520 ligaveris;
454 2450 642 2520 aliud,
664 2449 886 2505 Sancte
908 2449 1114 2505 Paule.
1142 2451 1435 2506 Horarum
1458 2452 1658 2524 hymni
1680 2469 1787 2507 au-
1894 2453 2080 2507 Petro
2103 2467 2117 2521 ;
2151 2449 2238 2521 10,
2274 2451 2530 2522 Magnus
2560 2450 2623 2504 S.
2651 2449 2903 2519 Paulus;
2925 2448 3009 2519 11,
3030 2449 3273 2504 Peneus
3302 2448 3557 2517 Petrus;

149 2541 332 2607 gentur
359 2554 425 2593 eo
456 2554 669 2607 versu,
718 2538 829 2594 Vos
854 2539 1202 2612 saeclijnsti,
1238 2543 1348 2594 etc.
1385 2540 1668 2610 Vespera
1692 2555 1788 2595 se-
1894 2541 1980 2611 12,
1997 2541 2220 2595 Bonum
2245 2544 2569 2594 certamen.
2597 2537 3070 2609 Responsorium
3091 2539 3144 2592 5.
3170 2537 3250 2591 Tu
3268 2552 3335 2592 es
3351 2543 3560 2609 pastor

151 2626 328 2680 caudae
353 2628 421 2681 de
452 2627 752 2682 ambobus
784 2629 1072 2699 apostolis
1091 2630 1479 2684 communiter
1508 2633 1784 2701 aguntur,
1893 2631 2115 2694 ovium;
2149 2627 2203 2699 6,
2248 2629 2527 2700 Ileposita
2561 2633 2653 2683 est
2674 2628 2849 2682 mihi:
2871 2627 2924 2695 ’7,
2949 2626 3080 2699 Ego
3105 2642 3216 2698 pro
3246 2632 3304 2681 te
3320 2626 3555 2699 rogavi;

150 2718 315 2769 tamen
340 2716 737 2787 singulariter
757 2716 828 2770 de
852 2719 1101 2787 utroque
1125 2716 1373 2771 dicenda
1394 2720 1487 2772 est
1512 2718 1784 2787 collecta;
1891 2720 1943 2788 8,
1959 2719 2174 2773 Sancte
2190 2717 2392 2787 Paule,
2408 2716 3021 2787 antiphona.Gloriosi
3025 2716 3337 2787 principes
3352 2720 3557 2786 terrae;

150 2808 197 2856 et
216 2806 387 2872 primo
416 2804 487 2859 de
518 2804 585 2859 S.
614 2806 813 2870 Petro,
839 2808 1047 2874 postea
1076 2805 1147 2859 de
1173 2804 1233 2861 S.
1256 2806 1440 2860 Paulo
1471 2807 1786 2877 antiphona
1892 2824 2051 2878 resp.
2082 2808 2136 2875 9,
2171 2807 2395 2861 Beatus
2425 2822 2510 2875 es,
2544 2806 2745 2860 Simon
2770 2805 3066 2876 Barjona:
3093 2805 3180 2874 10,
3199 2804 3476 2876 Magnus,
3495 2804 3555 2860 S.

152 2892 195 2944 et
218 2891 459 2947 collecta.
487 2892 755 2948 Collecta
776 2909 910 2964 quae
929 2893 999 2947 ad
1019 2893 1305 2964 majorem
1328 2895 1575 2949 missam
1594 2896 1785 2964 primo
1892 2897 2149 2965 Paulus;
2183 2896 2268 2965 11,
2319 2895 2708 2967 Quodcunque
2756 2895 3084 2965 ligaveris;
3128 2892 3215 2962 12,
3263 2894 3373 2965 Isti
3420 2900 3559 2949 sunt

151 2979 225 3032 die
250 2980 572 3050 dicebatur,
611 2981 703 3036 ita'
728 2984 1017 3037 mutatur:
1065 2983 1259 3052 Deus,
1313 2982 1412 3055 qui
1450 2982 1786 3039 Ecclesium
1893 2986 2022 3041 duae
2053 2985 2243 3040 olivae.
2265 2984 2355 3038 Ad
2387 2986 2523 3037 mat.
2557 2983 2713 3037 laud.
2748 2983 2972 3053 antiph.
3008 2983 3231 3037 Petrus
3261 2981 3560 3053 apostolus

156 3075 281 3122 tuam
307 3071 704 3141 apostolorum
738 3078 964 3127 tuorum
994 3071 1175 3127 Petri
1203 3076 1263 3127 et
1294 3071 1469 3126 Pauli
1492 3072 1785 3143 praedica-
1893 3079 1949 3130 ct
1980 3074 2220 3142 Paulus,
2244 3074 2356 3127 etc.
2385 3072 2431 3127 0
2452 3072 2850 3142 caelijanitor,
2869 3075 2981 3126 etc.
3002 3071 3070 3125 In
3093 3071 3557 3141 regeneratione

153 3157 283 3211 tione
311 3159 569 3213 docuisti
595 3175 607 3213 :
643 3162 700 3214 et
721 3163 811 3215 est
832 3160 1080 3215 dicenda
1102 3175 1211 3230 per
1242 3163 1421 3215 totam
1443 3163 1783 3215 octavarum
1819 3223 1863 3235 Α
1892 3160 2326 3235 Inseparabilis
2354 3159 2524 3215 ﬁdes.
2558 3159 2834 3214 Sanctum
2869 3166 2928 3214 et
2958 3175 3160 3213 verum
3189 3158 3407 3214 lumen.

152 3248 518 3316 septimanam.
550 3247 744 3320 Cujus
770 3249 943 3304 etiam
962 3223 1438 3304 commemoratio
1457 3248 1781 3320 singularis
1815 3223 1866 3284 Ο
2030 3223 2045 3235 ⁸
2449 3246 2701 3301 CAPUT
2739 3247 3005 3302 XXXIV.

152 3350 258 3388 cum
285 3341 487 3408 agatur
515 3337 582 3391 in
614 3340 899 3409 sequente
930 3338 1043 3403 die,
1070 3337 1142 3394 de
1172 3337 1231 3393 S.
1261 3338 1435 3394 Petro
1467 3341 1689 3393 tantum
1710 3338 1782 3392 ad
2102 3339 2193 3393 De
2223 3336 2617 3391 translatione
2646 3335 2707 3391 S.
2754 3335 2967 3391 Patris
2996 3335 3334 3390 Benedicti.

153 3426 515 3480 matutinalem
549 3425 804 3480 missam
835 3430 926 3481 est
957 3427 1236 3482 collecta:
1279 3427 1352 3481 ad
1381 3427 1696 3481 matutinas
1728 3429 1785 3481 et
1962 3427 2263 3499 Depositio
2286 3425 2677 3497 praeceptoris
2696 3425 2886 3479 nostri
2902 3424 2963 3479 S.
2990 3424 3290 3478 Benedicti
3321 3439 3456 3479 cum
3476 3424 3557 3478 sit

1891 3518 1951 3572 in
1965 3515 2451 3588 Quadragesima,
2468 3530 2583 3569 non
2596 3517 2687 3569 est
2701 3516 3092 3584 opportunum
3104 3515 3348 3583 propter
3362 3512 3556 3583 ipsam

1889 3609 1953 3662 ut
1984 3622 2115 3661 cum
2148 3604 2374 3659 octavis
2404 3603 2758 3673 celebretur,
2790 3606 3101 3673 propterea
3131 3603 3290 3673 quod
3318 3617 3389 3656 ea
3418 3602 3552 3655 vice

1891 3713 2009 3751 non
2039 3697 2192 3751 bene
2229 3708 2577 3764 possumus,
2612 3695 2675 3747 ut
2704 3692 2764 3745 in
2794 3707 2931 3762 eJus
2959 3691 3343 3747 translatione
3371 3691 3557 3746 facia-

1892 3800 2056 3852 mus,
2101 3787 2158 3838 et
2200 3783 2360 3836 illam
2409 3780 2784 3835 celebremus
2834 3795 2967 3834 cum
3012 3778 3272 3849 octavis,
3322 3778 3396 3833 de
3439 3794 3557 3850 qua

1892 3873 2143 3945 qualiter
2162 3871 2314 3925 facta
2326 3870 2519 3938 fuerit,
2536 3869 2629 3924 vel
2643 3868 2740 3939 cuj
2750 3869 2978 3923 usmodi
2993 3884 3248 3939 persona
3264 3868 3322 3923 in
3334 3868 3555 3923 Gallias

1892 3963 2277 4017 sacrosancta
2324 3958 2581 4013 attulerit
2623 3973 2795 4026 ossa,
2857 3957 3170 4013 manifesto
3228 3958 3557 4013 litterarum

1889 4050 2229 4107 testimonio
2260 4063 2375 4101 non
2405 4060 2699 4101 caremus.
2734 4045 2806 4099 Et
2834 4045 2891 4098 in
2922 4046 3111 4115 prima
3141 4050 3313 4101 nocte
3339 4048 3558 4118 legitur

1891 4140 1964 4194 ad
1996 4140 2341 4205 nocturnos,
2376 4137 2432 4189 et
2462 4135 2520 4188 in
2555 4133 2690 4187 aliis
2715 4149 2820 4202 per
2842 4137 3084 4188 octavas
3106 4134 3554 4204 noctibus,pul-

1892 4226 2224 4283 cherrimus
2256 4238 2452 4295 sermo
2482 4221 2682 4276 domni
2709 4220 2972 4275 Oddonis
3002 4221 3074 4275 de
3113 4221 3323 4276 eodem
3352 4223 3548 4278 Patre.

1892 4317 2112 4372 Verum
2142 4318 2205 4369 ut
2234 4314 2445 4368 iterum
2475 4310 2881 4365 manifestiora
2909 4311 3309 4380 transeamus,
3342 4311 3551 4366 venia-

152 3527 397 3582 vcsperas
426 3514 754 3584 antiphona
785 3518 844 3570 et
873 3515 1139 3586 collecta,
1174 3517 1333 3571 sicut
1361 3517 1534 3571 etiam
1563 3516 1635 3569 ad
1674 3516 1782 3570 has

152 3598 318 3668 horas,
342 3603 410 3657 de
430 3602 492 3658 S.
524 3603 780 3671 Joanne,
806 3604 915 3658 sed
943 3604 1015 3659 de
1044 3604 1145 3660 illo
1172 3605 1302 3660 sine
1337 3606 1709 3660 salutatione.

205 3689 416 3747 Tertius
446 3692 587 3747 dies
616 3694 709 3747 est
729 3708 965 3764 quoque
994 3696 1240 3749 octavus
1260 3694 1596 3748 Nativitatis
1615 3692 1783 3764 ejus-

156 3776 265 3831 dem
290 3779 346 3834 S.
366 3780 620 3836 Joannis
644 3781 944 3852 Baptistae,
964 3782 1022 3835 in
1040 3797 1157 3852 quo
1180 3783 1567 3838 communiter
1587 3782 1786 3836 ambo-

156 3883 266 3922 rum
291 3871 692 3940 apostolorum
714 3870 1089 3925 meminimus
1116 3872 1185 3926 ad
1210 3872 1375 3927 vices
1393 3874 1789 3943 praenomina-

156 3958 247 4023 tas,
278 3974 386 4013 non
411 3961 627 4030 quarto
661 3958 755 4014 die
783 3975 890 4029 pro
923 3964 1216 4031 computo,
1241 3978 1373 4032 quae
1396 3978 1596 4033 supra,
1615 3963 1786 4018 verbi

154 4046 332 4115 gratia,
362 4048 811 4120 proposuimus,
842 4064 976 4103 cum
1008 4050 1087 4103 sit
1114 4048 1433 4105 Sabbatum
1458 4067 1471 4106 :
1505 4052 1566 4106 in
1596 4052 1785 4123 primo

153 4139 409 4192 nocturno
456 4136 800 4207 antiphona,
855 4136 1072 4193 Tollite
1106 4138 1315 4211 jugum
1362 4156 1586 4210 meum;
1627 4140 1687 4194 in
1729 4141 1782 4209 2,

153 4221 328 4294 Jugum
358 4228 512 4282 enim
548 4241 760 4280 meum.
810 4227 1167 4297 Responsi
1222 4231 1278 4282 et
1306 4226 1340 4284 3
1388 4229 1459 4284 de
1505 4228 1564 4284 S.
1610 4231 1784 4285 Petro

153 4310 196 4378 2,
221 4312 283 4367 de
306 4313 363 4369 S.
391 4316 598 4371 Paulo.
630 4315 723 4370 Ad
761 4320 896 4370 mat.
930 4316 1085 4371 laud.
1136 4316 1358 4372 Petrus
1400 4319 1695 4390 apostolus
1726 4324 1786 4375 et

155 4397 373 4468 Paulus;
422 4404 496 4459 ad
552 4404 942 4475 Benedictus,
990 4405 1424 4477 Inseparabilis
1471 4406 1662 4477 fides;
1712 4408 1785 4463 ad
1891 4422 2024 4462 mus
2057 4405 2126 4460 ad
2159 4402 2424 4459 ordinem
2455 4399 2908 4470 antiphonarum
2928 4414 3036 4469 per
3065 4401 3305 4454 octavas
3334 4399 3408 4454 ad
3425 4400 3554 4455 sin-

157 4489 366 4555 primam
394 4493 620 4564 antiph.
647 4493 714 4547 In
745 4509 971 4548 omnem
1006 4499 1254 4561 terram,-
1283 4495 1357 4549 ad
1387 4497 1636 4565 tertiam,
1655 4496 1782 4552 Jam
1809 4520 1864 4581 D
1897 4496 2067 4568 gulas
2098 4495 2278 4548 horas
2310 4489 2767 4581 cantandarum,
2789 4488 2850 4542 in
2878 4503 3000 4581 quo
3014 4488 3185 4581 plane
3208 4488 3321 4543 mei
3340 4488 3555 4544 similis

159 4592 248 4632 non
265 4580 444 4637 dicam
468 4598 575 4638 vos
589 4582 1112 4638 servos.0fticium
1135 4585 1341 4639 missae
1362 4600 1478 4640 non
1505 4589 1595 4639 est
1615 4584 1785 4640 aliter
1809 4576 1853 4581 —
1894 4584 2146 4656 potuerit
2175 4595 2393 4649 errare,
2428 4579 2482 4634 si
2510 4594 2643 4651 non,
2677 4577 2852 4633 habet
2906 4577 3042 4632 inde
3084 4576 3309 4649 aliquid
3356 4578 3554 4650 aliquo

159 4679 266 4720 cam
292 4672 563 4727 omnibus
585 4672 715 4726 suis
737 4672 1314 4744 appendiciis,quam
1342 4674 1514 4745 quasi
1538 4689 1783 4747 genera-
1890 4673 2064 4729 modo
2122 4672 2528 4742 praenotatum.
2588 4667 2774 4739 Igitur
2837 4670 2899 4721 ut
2958 4671 3298 4737 computum
3367 4667 3555 4723 semel

160 4751 269 4809 liter
287 4758 353 4812 de
372 4760 684 4830 apostolis,
704 4761 860 4815 sicut
881 4764 938 4816 et
957 4761 1089 4816 aliis
1112 4760 1325 4817 diebus
1348 4761 1502 4818 inira
1521 4766 1781 4834 octavas,
1888 4764 2209 4833 incoeptum
2237 4764 2565 4827 teneamus,
2600 4754 2945 4812 solemnitas
2977 4756 3049 4811 de
3093 4772 3210 4828 qua
3247 4756 3462 4829 agitur,
3497 4759 3562 4813 si

160 4848 342 4909 pneter
369 4848 698 4918 collectam,
721 4864 853 4918 quae
876 4849 1002 4905 sola
1023 4850 1261 4921 proprie
1287 4852 1381 4907 est
1410 4851 1482 4906 de
1516 4851 1575 4907 S.
1609 4853 1786 4907 Petro
1820 4842 1829 4851 ’
1892 4851 2152 4908 evenerit
2172 4850 2232 4905 in
2262 4867 2301 4903 ιι
2336 4848 2500 4917 feria,
2519 4845 2610 4901 vel
2643 4847 2704 4901 in
2735 4845 2880 4901 feria
2912 4844 3123 4900 unlnt
3159 4845 3553 4918 noct.antiph.

163 4931 280 4987 etde
294 4933 348 4989 S.
373 4936 554 4993 Paulo
573 4952 590 5009 ;
608 4937 682 4992 ad
703 4940 930 4992 sextam
942 4938 1163 5009 antiph.
1201 4939 1460 4995 Tradent
1482 4942 1638 4996 enim
1668 4958 1786 5012 vos;
1892 4941 2035 4997 Fuit
2064 4940 2157 4994 vir
2181 4938 2315 4993 vitae
2330 4955 2344 5003 ;
2368 4937 2428 4990 in
2446 4933 2502 5007 2,
2518 4935 2614 4990 Ab
2632 4935 2762 5007 ipso
2772 4934 3081 5006 pueritia};
3104 4949 3172 4988 ac
3194 4928 3330 4989 mat.
3345 4930 3555 4992 laudes

166 5019 222 5072 ad
248 5037 466 5094 nonam,
503 5026 769 5082 Gaudete
787 5032 846 5081 et
870 5027 1204 5094 cxsultate;
1231 5029 1305 5083 ad
1331 5045 1498 5100 vesp.
1531 5029 1792 5086 Gloriosi
1893 5028 2344 5099 antiph.Beatus
2366 5023 2856 5088 virBenedictus;
2877 5021 3171 5091 alia,Erat
3192 5023 3555 5096 virDomini;

166 5109 437 5183 principes
458 5120 679 5179 terrae,-
699 5115 773 5170 ad
796 5115 1133 5188 Magnificat
1149 5117 1372 5188 antiph.
1388 5118 1501 5172 Isti
1511 5127 1646 5174 sunt
1674 5120 1793 5175 viri
1895 5119 1968 5174 ad
1993 5118 2260 5188 primam,
2285 5115 2431 5169 Dum
2449 5114 2511 5167 in
2528 5112 2638 5167 liae
2670 5116 2833 5165 terra
2853 5128 2867 5175 ;
2887 5109 2961 5163 ad
2978 5110 3225 5182 tertiam,
3251 5108 3560 5171 Liberiori

174 5200 354 5255 sancti.
370 5201 1091 5262 Dominicainlnocturno
1104 5207 1795 5280 antiph.Petrusaposto-
1893 5222 2160 5281 genere;
2194 5205 2263 5259 ad
2295 5205 2543 5270 sextam,
2580 5198 2809 5254 Relicta
2840 5198 3043 5268 domo;
3077 5199 3150 5279 ad
3177 5216 3413 5272 nonam,
3438 5200 3557 5261 Re-

174 5281 279 5373 lus;
305 5287 359 5342 in
385 5289 436 5358 2,
471 5290 904 5363 Inseparabilis
932 5293 1126 5362 fides,-
1156 5296 1230 5351 ad
1278 5298 1488 5352 cantio.
1556 5298 1666 5354 Vos
1696 5304 1795 5373 qui

170 5371 468 5460 reliquistis
495 5381 720 5452 omnia;
754 5382 828 5437 ad
857 5386 994 5439 mat.
1029 5385 1185 5440 laud.
1217 5385 1398 5441 Beati
1418 5388 1658 5459 paciﬁci
1672 5371 1792 5460 {ad

171 5456 505 5548 Benedictus,
538 5468 820 5525 Sanctum
852 5477 910 5526 et
948 5487 1149 5527 verum
1166 5473 1394 5541 lumen;
1412 5456 1485 5531 ad
1517 5456 1787 5548 primam,

171 5544 268 5638 Hoc
287 5560 369 5607 est
382 5564 736 5631 praeceptum
757 5576 976 5633 meum;
999 5562 1071 5617 ad
1091 5564 1340 5633 tertiam,
1357 5544 1647 5638 Maiorem
1667 5544 1789 5623 cla;

171 5636 397 5714 ritatem,
427 5645 500 5701 ad
526 5651 774 5721 sextam,
819 5649 932 5707 Vos
958 5652 1135 5709 amici
1161 5654 1281 5710 mei
1302 5671 1317 5722 ;
1350 5654 1424 5710 ad
1452 5636 1687 5727 nonam,
1725 5657 1789 5714 In

294 5746 576 5863 ῬΑτκοι..
626 5755 913 5820 CXLIX.

1897 5296 2081 5352 cessit
2103 5294 2320 5368 igitur;
2353 5291 2423 5345 ad
2454 5303 2762 5360 vesperae,
2795 5286 2906 5342 Hic
2937 5287 3172 5361 itaque;
3204 5290 3336 5363 alia,
3369 5288 3558 5350 Sauc-

1898 5387 2130 5442 tissime
2161 5382 2488 5439 confessor.

1967 5474 2141 5531 Feria
2171 5490 2247 5542 IV,
2280 5471 2338 5525 in
2364 5469 2389 5523 1
2416 5469 2641 5522 noetur.
2674 5465 3014 5536 antiphona,
3054 5466 3446 5545 Compassus;
3498 5474 3559 5529 in

1896 5567 1948 5636 2,
1981 5564 2302 5636 Expetitus
2332 5575 2363 5614 a
2398 5554 2729 5621 fratribus;
2762 5554 2837 5610 ad
2866 5558 3002 5610 mat.
3025 5556 3252 5630 laudes,
3284 5559 3440 5616 Erat
3463 5563 3559 5617 vir

1897 5652 2174 5725 Domini;
2224 5648 2365 5719 alia,
2416 5644 2726 5703 Gloriosus
2773 5643 3120 5718 confessor;
3166 5649 3242 5704 ad
3286 5649 3555 5721 primam,

3113 5754 3213 5821 22.
