3956 6176
438 322 556 386 683

1395 319 1805 385 UDALRICI
1851 318 2469 382 CLUNIACENSIS
2515 317 2915 381 MONACHI

3699 323 3789 387 684

445 521 699 594 Cumque
729 521 853 576 sibi
882 522 1331 592 conspicerent;
1367 521 1438 574 ad
1470 522 1600 574 tert.
1632 520 1787 574 Inito
1819 517 2066 574 consilio
2090 533 2104 588 ;
2131 500 2185 560 Α
2218 518 2530 573 matutinas
2560 518 2787 589 laudes,
2821 519 2895 573 ad
2925 517 3174 587 tertiam,
3207 521 3264 574 et
3303 519 3570 591 majorem
3601 521 3794 578 missam

443 612 516 665 ad
547 612 698 665 sext.
738 610 892 664 Tunc
933 611 1009 664 ad
1041 610 1225 664 locum
1252 628 1266 675 ;
1299 610 1373 663 ad
1413 625 1652 678 nonam,
1694 609 1934 663 Tantum
1963 623 2107 677 gra-

446 701 623 765 tiam;
657 700 729 752 ad
761 714 929 767 vesp.
970 697 1080 763 Qui
1111 699 1242 753 dum
1276 714 1536 753 eremum
1559 703 1878 769 pergeret;
1912 697 2043 764 alia,
2065 694 2111 749 0

443 788 611 843 beati
647 788 767 841 viri
794 787 1131 841 Benedicti.
1167 787 1335 841 Feria
1368 803 1425 853 v,
1460 786 1519 839 in
1565 785 1585 839 1
1625 790 1932 851 nocturno,
1967 784 2113 838 Fuit

452 878 549 930 vir
585 876 760 946 vitae;
791 876 851 930 in
879 876 932 945 ρ,
965 876 1061 930 Ab
1094 877 1260 947 ipso;
1293 875 1365 929 ad
1399 878 1533 928 mat.
1586 875 1742 928 laud.
1797 873 2113 929 Gloriosus

449 964 796 1031 confessor;
833 966 963 1032 alia,
1002 965 1114 1019 Vir
1144 965 1416 1030 Domini;
1450 965 1522 1018 ad
1562 965 1828 1033 primam,
1874 963 2020 1017 Dum
2053 963 2114 1016 in

449 1055 559 1109 liae
591 1059 755 1109 terra
792 1062 992 1122 esset;
1026 1056 1082 1107 et
1112 1054 1356 1124 reliquae
1389 1056 1451 1107 ut
1483 1053 1542 1106 in
1571 1053 1719 1107 feria
1751 1070 1840 1120 Ill,
1894 1051 2011 1105 nisi
2044 1051 2117 1105 ad

450 1142 693 1213 magnif.
732 1142 953 1197 Orabat
984 1142 1042 1196 S.
1078 1142 1461 1206 Benedictus,
1501 1142 1803 1195 Dominica
1827 1142 1884 1194 in
1912 1140 1933 1194 1
1957 1144 2113 1195 noct.

450 1230 589 1285 Fuit
630 1232 721 1284 vir
756 1231 933 1300 vitae;
965 1231 1024 1284 in
1054 1230 1105 1295 2,
1147 1231 1535 1302 Compassus;
1586 1231 1658 1284 ad
1706 1231 1951 1299 cantica,
2005 1229 2119 1283 Hic

448 1322 684 1390 itaque;
717 1320 790 1373 ad
835 1323 970 1374 mat.
1007 1320 1162 1373 laud.
1198 1320 1364 1374 Puer
1395 1320 1625 1391 quidem
1668 1318 1998 1391 parvulus;
2047 1318 2119 1371 ad

449 1410 698 1479 primam
723 1407 949 1462 Beatus
1000 1409 1093 1462 Vir
1140 1408 1539 1477 Benedictus;
1583 1408 1655 1462 ad
1705 1408 1956 1477 tertiam,
2018 1406 2122 1459 Vir

451 1497 727 1568 Domini;
777 1497 848 1550 ad
905 1492 1157 1566 sextam,
1210 1497 1558 1564 Gloriosus;
1610 1498 1679 1550 ad
1729 1512 1962 1565 nonam,
2019 1494 2123 1548 Vir

451 1586 727 1652 Domini;
761 1586 833 1639 ad
866 1602 1040 1655 vesp.
1077 1585 1326 1640 Oramus
1367 1593 1463 1655 te;
1494 1586 1627 1656 alia,
1672 1585 1949 1640 Exsultet
1997 1600 2118 1639 om-

454 1676 634 1746 nium,
669 1678 780 1729 etc.
815 1675 899 1729 De
933 1679 1140 1729 octavo
1174 1675 1266 1730 die
1299 1691 1416 1729 non
1449 1675 1637 1730 habeo
1669 1676 1827 1729 aliud
1868 1673 2116 1742 referre,

453 1766 673 1835 praeter
703 1765 862 1835 quod
888 1768 944 1818 et
974 1780 1156 1834 supra
1177 1763 1307 1835 jam
1338 1766 1673 1819 retuleram.
1700 1765 1894 1819 Unum
1924 1766 2119 1817 tamen

457 1854 570 1922 est,
606 1851 784 1923 cujus
813 1853 1075 1907 nondum
1106 1853 1364 1922 memini,
1401 1855 1557 1924 quod
1583 1854 1655 1907 ad
1687 1854 1983 1907 secundas
2012 1867 2120 1905 ve-

460 1956 672 2010 speras
704 1957 888 2010 super
918 1942 1181 2011 psalmos
1209 1942 1302 1996 hae
1334 1945 1584 2013 quatuor
1616 1942 1949 2012 antiphonee
1981 1957 2123 1996 can-

458 2031 655 2083 tantur
684 2045 818 2100 quae
848 2030 919 2084 ad
965 2034 1288 2085 nocturnos
1338 2030 1542 2100 primae
1591 2031 1861 2101 fuerunt;
1910 2034 1966 2085 et
2014 2030 2125 2084 hoc

460 2117 589 2173 ﬁeri
623 2118 775 2173 solet
812 2135 930 2174 non
966 2120 1026 2173 in
1060 2118 1171 2173 hac
1197 2122 1418 2175 tantum
1443 2121 1779 2189 festivitate,
1814 2120 1921 2174 sed
1954 2119 2128 2173 etiam

462 2206 521 2260 in
535 2207 691 2279 aliis,
716 2208 770 2262 si
789 2208 1124 2278 antiphonae
1137 2214 1560 2265 nocturnorum
1574 2212 1711 2264 sunt
1724 2208 1858 2264 istis
1875 2208 2124 2276 similes,

463 2299 525 2349 ut
555 2295 750 2368 magis
782 2297 900 2351 sint
929 2301 1131 2352 tractae
1163 2299 1234 2353 de
1264 2299 1381 2353 vita
1426 2304 1801 2368 sanctorum,
1849 2314 2025 2369 quam
2057 2297 2127 2352 de

463 2386 625 2441 textu
657 2387 714 2440 et
742 2387 989 2441 materia
1018 2387 1404 2458 psalmorum.

1033 2492 1285 2549 CAPUT
1311 2495 1545 2549 XXXV.

536 2595 627 2649 De
646 2595 1065 2651 benedictione
1099 2613 1361 2664 uvarum,
1385 2602 1444 2652 et
1465 2597 1712 2652 aliorum
1741 2597 2055 2653 fructuum.

536 2701 601 2754 In
647 2702 847 2755 multis
893 2702 1065 2757 libris
1108 2704 1458 2757 missalibus
1503 2704 1757 2758 habetur
1800 2704 2132 2759 benedictio

468 2805 740 2859 uvarum,
773 2792 830 2844 et
859 2792 1110 2845 maxime
1142 2792 1216 2845 ad
1249 2792 1514 2846 Natalem
1554 2792 1614 2846 S.
1662 2792 1811 2847 Sixti
1859 2793 2134 2863 martyris

472 2880 531 2932 et
556 2894 756 2949 papae;
790 2879 898 2932 sed
931 2880 983 2933 si
1005 2880 1265 2934 nondum
1293 2884 1431 2935 sunt
1450 2885 1712 2949 maturae,
1731 2886 1936 2937 custos
1955 2881 2138 2936 eccle-

470 2967 579 3021 siaa
610 2967 891 3022 observat
920 2968 1155 3039 quando
1174 2969 1427 3039 primum
1449 2973 1849 3024 maturescant
1875 2973 1937 3025 ut
1963 2970 2139 3023 faciat

465 3070 574 3110 eas
602 3056 674 3109 ad
698 3057 1014 3111 ecclesiam
1037 3057 1251 3112 deferri
1271 3074 1285 3129 ;
1305 3058 1510 3113 allatas
1534 3060 1789 3114 armario
1809 3074 2134 3130 repraesen-

2146 1809 2201 1872 B

2217 608 2484 675 collecta,
2518 607 2891 662 Famulorum
2925 614 3172 677 tuorum,
3210 624 3341 679 quas
3374 625 3477 678 per
3514 612 3649 663 totas
3673 616 3797 666 octa-

2217 712 2323 750 vas
2356 696 2639 751 dicenda:
2694 696 2763 749 ad
2812 698 3261 767 processionem
3308 698 3685 766 matutinalem,
3727 716 3799 755 re-

2219 801 2425 855 spons.
2438 784 2884 855 Gaude,Maria.
2902 785 2966 839 In
2981 785 3073 840 die
3086 785 3422 856 antiphona,
3446 785 3571 841 Tota
3583 787 3799 858 pulchra.

2218 876 2333 928 Per
2363 875 2705 939 claustrum,
2742 889 3014 943 respons.
3053 873 3189 939 Quae
3218 881 3309 929 est
3338 875 3488 944 ista;
3533 875 3686 944 aliud,
3713 876 3802 929 Ista

2221 971 2312 1017 est
2344 964 2610 1033 speciosa
2636 980 2649 1027 ;
2684 963 2755 1016 ad
2788 964 3122 1032 stationem,
3163 963 3380 1029 Gaude,
3408 964 3624 1029 Maria;
3651 965 3711 1017 ad
3735 966 3805 1018 in-

2218 1052 2458 1107 troitum
2472 1052 2745 1106 ecclesiaa
2758 1051 3201 1121 antiph.,Hodie
3214 1052 3386 1106 beata
3407 1053 3808 1124 virgo;respons.

2223 1141 2408 1195 Beata
2439 1157 2506 1195 es
2542 1141 2742 1212 Virgo;
2777 1141 2849 1195 ad
2878 1141 3163 1212 majorem
3194 1140 3438 1195 missam
3479 1140 3666 1210 Credo,
3695 1143 3815 1195 sicut

2222 1231 2395 1285 etiam
2408 1230 2479 1283 ad
2495 1244 2700 1284 omnes
2716 1229 3068 1284 festivitates
3080 1231 3269 1285 beatae
3284 1230 3572 1299 Μαγίδεςδά
3585 1245 3813 1298 vesperas

2222 1318 2456 1389 psalmi,
2505 1318 2673 1372 Dixit
2722 1320 3025 1374 Dominus.
3074 1320 3356 1373 Leetatus.
3398 1319 3534 1374 Nisi
3569 1318 3814 1372 Dominus.

2225 1409 2543 1463 Memento.
2584 1407 2845 1478 Excepta
2878 1409 3219 1479 Hypapante
3265 1408 3511 1462 Domini.
3542 1407 3618 1462 De
3658 1407 3818 1460 ordine

2225 1497 2677 1568 antiphouarum
2707 1513 2839 1567 quae
2886 1497 3149 1551 dicendae
3180 1501 3321 1551 sunt
3348 1497 3420 1551 ad
3466 1511 3653 1551 omnes
3679 1496 3818 1548 horas

2226 1602 2333 1657 per
2370 1590 2633 1654 octavas,
2668 1603 2785 1641 non
2816 1586 3237 1641 aestimaverim
3272 1602 3423 1657 Opus
3454 1601 3584 1640 esse
3624 1589 3678 1639 ut
3701 1584 3821 1637 aliud

2230 1675 2440 1745 dicam,
2458 1677 2574 1730 nisi
2604 1676 2761 1747 quod
2782 1676 2856 1729 ad
2878 1679 3202 1730 nocturnos
3228 1675 3589 1746 singularum
3616 1675 3821 1728 noctium

2231 1767 2370 1819 sunt
2398 1780 2635 1836 quoque
2666 1765 2736 1819 de
2767 1766 3074 1819 nocturnis
3115 1765 3323 1835 prima)
3372 1764 3592 1818 noctis:
3634 1764 3749 1817 item
3771 1761 3823 1813 ad

2231 1854 2547 1909 matutinas
2577 1854 2785 1909 laudes
2809 1854 2881 1907 de
2901 1854 3199 1908 matutinis
3221 1853 3525 1908 laudibus:
3548 1852 3613 1905 ad
3629 1854 3823 1904 caeteras

2232 1943 2411 1997 horas
2444 1943 2536 1997 hae
2569 1943 2790 1997 cantari
2816 1942 3009 1997 solent
3037 1943 3398 2013 antiphonaa,
3432 1956 3658 2012 quarum
3684 1937 3827 2009 prima

2233 2035 2343 2104 est,
2362 2034 2519 2087 Ecce
2535 2040 2595 2087 tu
2601 2032 2851 2104 pulchra
2868 2048 2952 2087 es.
2977 2032 3326 2087 Etofﬁcium
3353 2047 3460 2103 per
3487 2034 3718 2096 octavas,
3732 2026 3829 2081 Sal-

2239 2139 2328 2193 ve,
2362 2128 2566 2178 sancta
2600 2122 2874 2193 Parens;
2907 2122 2964 2176 in
3001 2125 3207 2177 octavo
3232 2123 3350 2193 die,
3388 2120 3738 2177 Gaudeamus.
3765 2117 3828 2170 Ad

2234 2229 2439 2268 omnes
2473 2212 2724 2283 hymnos
2755 2212 3040 2266 horarum
3070 2211 3328 2281 additur,
3374 2210 3567 2266 Gloria
3598 2208 3709 2276 tibi,
3741 2206 3828 2261 Do-

2233 2302 2411 2373 mine,
2429 2303 2528 2374 qui
2544 2307 2741 2369 natus,
2759 2303 2814 2355 et
2831 2301 3103 2355 similiter
3118 2301 3191 2354 ad
3209 2300 3408 2355 omnia
3429 2300 3573 2354 festa
3590 2297 3643 2353 S.
3657 2296 3827 2350 Mariae.

2766 2407 3019 2462 CAPUT
3072 2407 3369 2461 XXXVII.

2483 2497 2572 2551 De
2602 2512 2670 2551 eo
2699 2496 2854 2569 quod
2884 2501 3162 2550 cantatur
3191 2496 3254 2549 in
3288 2494 3636 2567 Septembri.

2306 2604 2371 2657 In
2402 2603 2735 2673 Septembri
2765 2605 3074 2656 cantantur
3094 2603 3483 2672 responsoria
3503 2601 3571 2655 de
3598 2599 3729 2653 libro
3753 2596 3834 2650 Job

2235 2708 2344 2764 per
2366 2693 2514 2746 duas
2545 2692 2905 2746 Dominicas.
2949 2691 3091 2746 Item
3138 2706 3245 2762 per
3288 2691 3437 2745 duas
3466 2688 3761 2745 Dominicas
3785 2680 3835 2737 de

2236 2783 2390 2837 libro
2424 2782 2646 2851 Tobiae,
2680 2780 2903 2850 Judith,
2929 2780 3146 2835 Esther
3176 2784 3232 2835 et
3266 2777 3658 2843 Esdrae.Quod
3686 2774 3729 2830 si
3754 2787 3836 2843 qua

2240 2870 2532 2926 festivitas
2562 2870 2891 2925 occurrerit
2919 2870 2979 2923 in
3012 2869 3162 2940 ipsis
3202 2869 3530 2923 Dominicis
3559 2881 3677 2938 quae
3703 2865 3837 2932 impe-

2241 2960 2411 3025 diret,
2449 2959 2500 3014 si
2534 2960 2607 3013 ad
2640 2974 2912 3028 praesens
2952 2962 3251 3029 ageretur,
3294 2962 3357 3013 ut
3405 2952 3753 3026 responsoria
3791 2949 3840 3001 de

2242 3048 2509 3118 praefatis
2530 3048 2704 3102 libris
2729 3063 2839 3101 suo
2855 3050 3119 3116 tempore
3139 3048 3366 3101 cantari
3386 3062 3501 3101 non
3521 3043 3752 3115 possent,
3765 3052 3841 3109 pro

392 3150 435 3179 ν»
464 3147 567 3214 tat,
602 3148 658 3200 et
688 3147 985 3200 armarius
1017 3148 1315 3202 sacerdoti
1346 3148 1498 3202 inter
1514 3163 1798 3202 canonem
1821 3118 1894 3202 ad
1926 3148 2132 3202 horam
2166 3118 2216 3179 Ο
2245 3136 2590 3208 hUjusmodi
2618 3137 2676 3190 in
2700 3139 3046 3207 sequentem
3072 3135 3226 3189 diem
3250 3136 3382 3205 ipsa
3402 3134 3676 3189 festivitas
3690 3126 3844 3183 diflcr-

470 3236 896 3304 competentem
936 3239 992 3290 et
1026 3239 1410 3305 praenotatam
1450 3236 1526 3306 (4)
1566 3238 1627 3291 ut
1663 3253 1766 3291 eas
1805 3237 2133 3293 benedicat.

468 3324 686 3379 Postea
716 3323 776 3378 in
807 3325 1123 3380 refectorio
1155 3342 1263 3394 per
1288 3326 1660 3380 sacerdotem
1702 3326 2139 3381 distribuuntur

471 3413 530 3465 in
559 3412 690 3466 loco
723 3412 1073 3481 hostiarum,
1107 3414 1264 3483 quod
1304 3428 1422 3467 non
1456 3414 1743 3468 omittitur
1786 3415 2015 3469 etiamsi
2049 3418 2140 3470 est

475 3500 606 3554 dies
636 3500 1001 3554 Dominicus.
1035 3500 1182 3555 Sunt
1210 3504 1497 3570 praeterea
1528 3505 1585 3556 et
1606 3502 1735 3556 aliae
1752 3506 1876 3557 tres
1901 3503 2138 3573 species

475 3603 608 3658 quae
638 3602 713 3641 ex
740 3603 905 3643 more
952 3590 1011 3641 in
1059 3589 1375 3644 refectorio
1422 3590 1871 3660 benedicuntur,
1921 3592 1979 3645 id
2025 3595 2135 3662 est,

475 3675 727 3730 novellae
758 3675 932 3747 fabae,
969 3677 1243 3731 novellus
1275 3678 1463 3747 panis,
1501 3682 1557 3733 et
1593 3683 1891 3751 mustum;
1925 3683 1981 3735 et
2027 3681 2140 3735 hoc

476 3764 690 3818 modo:
727 3765 901 3819 lectio
931 3767 1099 3836 prius
1126 3766 1455 3836 inchoatur,
1490 3772 1626 3837 post
1675 3769 1850 3839 cujus
1899 3785 2141 3824 versum

477 3853 731 3922 primum
752 3856 870 3908 stat
893 3856 1183 3910 sacerdos
1204 3856 1264 3909 in
1286 3856 1479 3910 medio
1502 3856 1800 3911 refectorii
1822 3862 1954 3913 ante
1975 3874 2141 3913 men-

479 3956 610 3995 sam
639 3941 1046 4012 principalem,
1079 3948 1135 3998 et
1165 3946 1475 4014 praemissa
1507 3946 1857 4003 salutatione
1906 3950 2141 4019 singula

479 4029 778 4085 benedicit
795 4032 964 4086 fabas
989 4032 1097 4087 ita:
1139 4034 1423 4102 Benedic,
1448 4035 1714 4104 Domine,
1758 4036 2138 4091 liosfructus:

478 4132 588 4188 pro
605 4134 775 4189 pane,
792 4119 1078 4191 Benedic,
1101 4122 1365 4177 Domine.
1392 4128 1726 4177 creaturam
1746 4124 1920 4177 istam
1935 4125 2143 4196 panis;

479 4222 590 4277 pro
602 4212 821 4278 musto,
838 4209 1084 4265 Domine
1105 4212 1473 4282 omnipotens
1493 4212 1637 4266 Jesu
1661 4212 1924 4282 Christe,
1951 4214 2050 4285 qui
2071 4230 2149 4267 ex

483 4298 736 4370 quinque
758 4299 1017 4369 panibus
1046 4306 1105 4355 et
1136 4300 1648 4372 duobuspiseibus
1678 4301 1928 4374 quinque
1960 4302 2145 4357 millia

454 4402 461 4405 '
482 4385 783 4441 hominum
811 4389 1070 4458 satiasti,
1106 4392 1217 4444 etc.

1037 4495 1289 4550 CAPUT
1327 4495 1594 4550 XXXVI.

873 4583 962 4638 De
990 4585 1413 4656 Assumptione
1432 4584 1505 4639 B.
1539 4584 1770 4640 Mariae.

555 4688 620 4743 In
651 4686 858 4761 vigilia
891 4690 1338 4763 Assumptionis
1368 4690 1429 4746 S.
1481 4690 1681 4745 Mariae
1732 4690 1804 4744 ad
1853 4705 2149 4760 vesperas

488 4793 673 4855 super
686 4778 952 4851 psalmos
974 4780 1311 4851 antiphona,
1342 4780 1479 4835 Tota
1494 4778 1749 4851 pulchra
1770 4796 1862 4847 es;
1886 4780 2148 4849 collecta,

483 4868 646 4924 Deus
677 4869 777 4943 qui
816 4868 1179 4942 Virgine/em
1205 4888 1219 4936 ;
1255 4870 1327 4923 ad
1365 4869 1812 4940 processionem
1859 4869 2151 4939 vesperti-

482 4957 696 5027 nalem,
712 4975 1013 5030 respons.,
1031 4958 1223 5030 Super
1236 4958 1485 5013 salutem
1503 4974 1516 5028 ;
1536 4958 1781 5013 collecta
1800 4958 2004 5013 eadem
2020 4974 2153 5029 qua;

485 5062 668 5117 supra
683 5062 696 5102 :
711 5048 783 5102 ad
798 5051 1123 5104 nocturnos
1141 5047 1358 5119 legitur
1373 5064 1569 5102 sermo
1586 5048 1770 5102 sancti
1789 5047 2150 5118 Hieronymi,

492 5132 723 5205 Cogitis
752 5152 864 5205 me,
884 5153 916 5191 ο
946 5137 1154 5207 Paula,
1176 5138 1275 5208 qui
1310 5153 1443 5192 cum
1476 5139 1650 5191 tantae
1672 5136 2151 5203 sitexcellentiae,

492 5222 563 5276 ad
590 5238 806 5277 nonam
828 5224 1139 5282 lectionem
1155 5241 1522 5298 nequaquam
1538 5226 1944 5295 pronuntiatur
1960 5224 2156 5278 Evan-

492 5312 853 5383 gelium,sed
868 5329 1072 5369 omnes
1092 5315 1379 5370 lectiones
1394 5309 1463 5370 de
1483 5314 1686 5369 eodem
1704 5328 1976 5368 sermone
1991 5314 2153 5367 fiunt.

494 5400 906 5473 Evangelium,
928 5403 1172 5475 Replela
1189 5411 1278 5459 est
1293 5404 1547 5476 Spiritu;
1570 5403 1832 5472 collecta,
1852 5402 2157 5456 Veneran-

497 5489 569 5546 da
587 5487 779 5545 nobis.
798 5488 1016 5545 Eadem
1039 5492 1107 5545 ad
1133 5493 1337 5546 ambas
1357 5493 1587 5547 futuras
1609 5490 2049 5563 processiones.
2069 5489 2155 5544 Ad

2173 4425 2228 4486 D

2246 3232 2358 3295 tur,
2393 3230 2448 3280 et
2478 3241 2596 3281 non
2625 3226 2734 3279 erit
2764 3241 3017 3280 necesse
3042 3225 3132 3279 vel
3156 3224 3270 3278 hoc
3292 3224 3392 3278 vel
3420 3222 3560 3277 illud
3577 3229 3841 3275 remanere.

2247 3316 2358 3370 Hic
2389 3330 2623 3386 quoque
2655 3314 3000 3369 omittuntur
3029 3313 3417 3383 responsoria
3444 3313 3515 3366 de
3542 3310 3729 3365 Sancta
3745 3304 3843 3358 Tri-

2247 3404 2445 3472 nitate,
2481 3407 2537 3458 et
2565 3404 2662 3457 illa
2701 3404 2925 3458 minora
2965 3403 3037 3456 de
3085 3402 3388 3456 volumine
3439 3399 3776 3471 psalmorum,
3801 3392 3845 3443 ut

2249 3511 2366 3549 non
2393 3494 2470 3547 ad
2501 3495 2823 3548 nocturnos
2854 3493 3008 3546 inter
3029 3492 3139 3545 alia
3166 3489 3553 3560 responsoria
3579 3488 3843 3541 cantentur.

2251 3584 2362 3637 Hic
2394 3583 2550 3638 enim
2578 3582 2908 3650 inchoatur,
2941 3585 3004 3635 ut
3037 3583 3326 3651 quotquot
3356 3574 3717 3648 responsoria
3741 3584 3846 3623 can-

2249 3675 2476 3739 tantur,
2524 3671 2595 3725 ad
2644 3674 2964 3725 nocturnos
3015 3669 3107 3723 vel
3147 3668 3468 3722 matutinas
3519 3665 3704 3720 laudes
3750 3672 3848 3712 cum

2255 3760 2458 3816 Gloria
2490 3760 2685 3829 Patri,
2719 3759 2812 3812 his
2840 3761 2896 3813 et
2922 3758 3113 3812 adhuc
3140 3756 3522 3828 adjungatur,
3554 3754 3701 3808 Sicut
3727 3753 3847 3810 erat;

2252 3849 2409 3920 quod
2437 3849 2552 3902 huc
2579 3863 2769 3918 usque
2802 3848 2978 3901 ﬁebat
3007 3862 3040 3900 a
3061 3845 3296 3900 Pascha
3313 3845 3391 3899 ad
3414 3856 3683 3914 vesperas
3704 3856 3715 3904 ;
3735 3851 3852 3889 amo-

2253 3938 2327 3992 do
2353 3945 2547 3992 autem
2579 3953 2693 3991 non
2726 3937 2798 3990 ad
2826 3951 3136 4006 vesperas,
3160 3934 3287 4002 sed,
3314 3939 3381 3988 ut
3407 3932 3755 4003 praemissum
3770 3923 3849 3985 est,

2253 4027 2325 4080 ad
2352 4030 2696 4091 nocturnos,
2732 4027 2789 4079 et
2828 4025 3142 4078 matutinas
3187 4022 3419 4092 laudes,
3467 4034 3649 4090 usque
3691 4017 3852 4069 iterum

2253 4117 2326 4171 ad
2356 4115 2610 4170 Pascha.
2646 4113 2960 4168 Sciendum
2991 4115 3187 4167 tamen
3216 4116 3308 4166 est
3334 4111 3474 4183 quia
3507 4110 3558 4162 si
3586 4105 3705 4162 talis
3732 4098 3853 4156 festi-

2256 4205 2407 4258 vitas
2431 4203 2762 4257 celebratur
2785 4204 2845 4255 ut
2866 4202 2981 4255 duo
3003 4201 3452 4271 simulprimum
3472 4189 3855 4268 responsorium

2258 4294 2511 4363 cantent,
2540 4296 2679 4347 tunc
2706 4291 2836 4345 haec
2855 4289 3111 4360 adjectio
3142 4305 3258 4343 non
3289 4287 3657 4343 observatur.

2781 4395 3033 4450 CAPUT
3069 4393 3390 4449 XXXVIII.

2659 4486 2747 4542 De
2777 4485 3160 4540 Exaltatione
3190 4484 3250 4537 S.
3288 4482 3520 4537 Crueis.

2332 4596 2395 4650 In
2427 4592 2791 4649 Exaltatione
2821 4592 2881 4646 S.
2917 4590 3148 4657 Crucis,
3188 4589 3343 4643 sicut
3390 4589 3560 4642 etiam
3605 4586 3658 4638 in
3692 4581 3857 4634 luven-

2258 4686 2436 4753 tione,
2474 4683 2670 4755 agitur
2701 4680 2917 4751 aliquid
2946 4682 3147 4734 contra
3181 4692 3403 4730 morem
3423 4676 3659 4729 aliarum
3677 4661 3859 4723 festivi-

2258 4779 2459 4828 tatum.
2497 4773 2643 4826 Nam
2676 4787 2807 4824 cum
2842 4770 2865 4822 ’1
2904 4783 3171 4837 vesperae
3208 4766 3324 4819 sint
3355 4766 3427 4818 de
3455 4766 3651 4817 sancta
3688 4756 3851 4811 Cl‘uce.

2246 4864 2331 4927 .ad
2358 4866 2680 4918 nocturnos
2709 4859 2917 4929 psalmi
2951 4872 3177 4921 omnes,
3205 4858 3260 4908 et
3289 4854 3322 4907 8
3352 4852 3633 4907 lectiones
3661 4846 3777 4899 sunt
3805 4838 3855 4890 d8

2261 4953 2519 5017 sanctis;
2540 4950 2647 5019 sed
2675 4949 2884 5003 iterum
2915 4947 2987 5001 de
3011 4947 3212 4999 saneta
3239 4942 3427 4996 Cruce
3460 4953 3634 5009 super
3661 4930 3857 4988 cantica,

2261 5042 2510 5098 Domine
2523 5040 2661 5093 audi
2673 5039 2728 5091 vi
2738 5036 3013 5100 .Quorum
3030 5035 3215 5103 prima
3231 5031 3442 5085 incisio
3457 5033 3545 5083 est
3562 5029 3614 5079 in
3631 5039 3694 5078 eo
3706 5030 3859 5072 versu.

2263 5132 2388 5187 Pro
2407 5128 2765 5201 iniquitate;
2799 5123 3060 5179 secunda
3112 5122 3170 5174 in
3215 5136 3307 5190 eo,
3342 5119 3637 5190 Egressus
3679 5112 3793 5201 est}.
3823 5104 3859 5152 οι

2263 5224 2472 5291 postea
2506 5199 2621 5272 non
2657 5215 2850 5270 solum
2874 5214 2906 5267 4
2939 5208 3522 5266 extremaelectiones
3545 5208 3598 5257 et
3626 5199 3865 5291 matutina?

2264 5277 2492 5376 Iaudes,
2526 5306 2629 5360 sed
2664 5305 2837 5359 etiam
2869 5302 2942 5356 de
2971 5303 3185 5355 caetero
3219 5313 3425 5352 omnes
3473 5295 3629 5347 horae
3673 5277 3859 5376 sutltflc

2267 5371 2488 5453 sancta,
2519 5396 2728 5451 Cruee.
2779 5392 2843 5447 In
2890 5389 3027 5461 ejus
3078 5390 3273 5443 autem
3317 5381 3701 5443 Exaltatione:
3738 5371 3859 5461 “ulla

2267 5485 2823 5556 tertia,priusquam
2855 5459 3113 5534 officium
3149 5476 3352 5530 missae
3383 5459 3864 5531 inchoetur,pol'le'

558 5716 1070 5791 (4)Prtenotatam,
1087 5714 1339 5779 Scilicet,
1354 5715 1430 5771 ait
1453 5714 1744 5771 Acherius
1768 5714 1839 5768 ad
1857 5713 1986 5769 haec
2009 5714 2218 5771 verba:
2245 5712 2312 5768 P4

2245 5712 2372 5768 Per
2396 5724 2562 5783 quem
2595 5707 2720 5761 haec
2751 5703 2960 5769 omnia.
2994 5700 3263 5770 Domine,
3298 5696 3447 5754 bona
3478 5704 3663 5758 creas,
3684 5688 3776 5738 etc.
