3956 6176
212 336 315 399 685
784 332 1486 400 CONSUETUDINES
1529 339 2188 405 CLUNIACENSES.
2236 375 2309 386 —
2357 340 2613 405 LIBER
2660 341 2977 405 PRIMUS
3485 339 3608 405 686

214 543 291 594 tur
308 554 436 592 crux
452 537 616 608 pallio
638 539 919 608 cooperta
941 553 973 591 a
993 538 1226 593 duobus
1257 538 1467 594 albatis
1489 542 1622 594 ante
1644 540 1824 595 altare
1855 523 1911 583 Α
1939 556 2265 610 possumus
2297 557 2429 597 cum
2450 541 2582 595 luce
2614 539 2748 595 dici.
2784 541 3078 595 Vacamus
3117 539 3357 595 lectioni
3410 555 3604 611 usque

210 627 521 699 principale;
562 641 733 697 quam
762 626 1290 697 discooperientes,
1328 628 1635 692 imponunt
1676 629 1828 683 anti-
1938 629 2009 684 ad
2043 630 2289 700 tertiam,
2322 630 2592 700 pulsatur
2621 630 2809 695 scilla,
2844 633 2901 683 et
2938 632 3077 683 tunc
3106 631 3356 700 primum
3375 628 3606 685 diurna-

207 717 455 788 phonam,
505 714 659 769 Ecce
710 714 932 787 lignum
980 716 1196 785 crucis,
1231 721 1288 772 et
1335 733 1542 772 omnes
1595 720 1827 773 veniam
1935 716 2096 771 libus
2127 734 2238 773 nos
2261 718 2626 788 calceamus;
2658 717 2797 771 lotis
2829 717 3103 771 manibus
3135 721 3191 771 et
3221 717 3393 786 facie,
3426 719 3483 771 et
3509 733 3606 787 pe-

205 807 395 874 petunt,
426 806 479 857 ct
507 802 798 873 tapetibus
830 804 888 858 in
920 806 1081 858 terra
1111 806 1452 875 constratis,
1487 806 1564 860 ita
1598 810 1660 861 ut
1689 810 1829 863 sunt
1935 822 2012 860 xo
2044 806 2253 877 capite,
2287 808 2441 861 imus
2472 807 2543 860 ad
2574 806 2909 873 ecclesiam,
2945 810 3001 859 et
3030 805 3471 875 procumbendo
3530 807 3604 860 ad

203 893 353 947 albati
386 892 451 947 ad
494 894 706 946 terram
753 894 1033 962 prostrati
1076 895 1354 963 adorant;
1403 895 1641 951 interim
1672 897 1825 952 anti-
1935 896 2260 950 orationem
2288 911 2510 965 pueros
2533 898 2988 964 exspectamus;
3023 894 3242 964 quibus
3267 893 3603 965 ingredien-

200 980 365 1051 phona
418 984 548 1049 post
593 980 968 1050 antiphonam
1020 983 1503 1053 prmnominatam
1552 986 1826 1055 sequitur
1933 984 2092 1039 tibus
2110 984 2380 1054 pulsatur
2409 984 2646 1055 signum
2677 984 2929 1038 facimus
2960 985 3083 1037 tres
3116 983 3435 1051 orationes,
3467 982 3603 1053 pul-

200 1069 309 1133 alia,
331 1068 384 1121 id
409 1070 517 1138 est,
545 1068 793 1124 Crucem
825 1076 999 1140 tuam,
1025 1087 1157 1142 quae
1188 1075 1526 1128 recantatur
1553 1091 1660 1144 per
1693 1075 1823 1130 sin-
1932 1076 2100 1129 satur
2138 1074 2328 1141 scilla,
2363 1075 2631 1127 cantatur
2661 1073 2848 1139 tertia,
2884 1071 3070 1125 missa
3099 1085 3335 1142 quoque
3364 1072 3604 1125 matuti-

198 1157 345 1227 gulos
373 1172 582 1212 versus
611 1159 846 1227 psalmi,
896 1159 1057 1214 Deus
1098 1161 1481 1232 misereatur,
1528 1167 1584 1217 et
1614 1168 1821 1234 postea
1932 1162 2051 1215 nali
2084 1162 2261 1216 simul
2280 1161 2576 1232 adjuncta.
2604 1162 2735 1215 Non
2756 1160 2947 1214 solum
2966 1162 3100 1230 post
3121 1159 3459 1228 capitulum,
3494 1160 3605 1215 sed

197 1246 439 1316 quaelibet
481 1246 613 1300 aliae
658 1247 993 1317 antiphonae
1042 1249 1114 1304 de
1160 1253 1365 1305 sancta
1408 1250 1634 1321 Cruce;
1688 1269 1821 1324 quae
1933 1251 2105 1305 etiam
2138 1253 2274 1320 post
2327 1254 2552 1305 sextam
2586 1249 2875 1304 habemus
2934 1249 3228 1303 licentiam
3287 1248 3598 1319 loquendi,

198 1338 473 1407 postquam
488 1336 726 1391 adorata
745 1338 920 1392 fuerit
941 1352 973 1391 a
995 1340 1673 1408 conventu,sublevatur
1693 1358 1825 1396 can-
1932 1355 2267 1411 quanquam
2303 1339 2445 1393 illud
2479 1338 2731 1409 spatium
2763 1338 2950 1393 soleat
2979 1352 3118 1392 esse
3176 1336 3597 1408 brevissimus;

190 1423 337 1478 tando
363 1425 753 1495 antiphonam,
776 1426 974 1498 Super
995 1428 1217 1493 omnia;
1241 1432 1298 1483 et
1315 1430 1485 1484 venia
1517 1430 1726 1484 iterum
1747 1431 1820 1485 ab
1931 1445 2063 1483 nam
2083 1445 2200 1484 non
2218 1428 2472 1498 amplius
2492 1428 2602 1482 erit
2623 1443 2797 1498 quam
2818 1430 2879 1480 ut
2906 1426 3194 1480 sacerdos
3227 1428 3284 1479 et
3304 1425 3504 1479 caeteri
3524 1425 3601 1480 ad

192 1513 430 1568 omnibus
459 1516 548 1568 est
582 1515 850 1584 petenda.
883 1516 1141 1571 Psalmis
1181 1517 1254 1571 ad
1298 1532 1615 1587 vesperas,
1650 1518 1820 1573 Dixit
1938 1517 2223 1589 majorem
2256 1519 2501 1571 missam
2535 1516 2834 1584 servituri,
2868 1515 3066 1569 lavent
3098 1530 3330 1584 manus,
3381 1517 3439 1568 et
3480 1514 3601 1569 sint

191 1600 452 1669 Dominus,
481 1601 844 1673 Confitebor,
878 1609 1012 1672 etc.,
1046 1621 1230 1676 super
1257 1622 1410 1677 quos
1440 1606 1643 1662 eadem
1675 1624 1818 1662 can-
1930 1608 2003 1661 ad
2024 1607 2384 1663 induendum
2413 1623 2480 1661 se
2511 1607 2716 1676 parati.
2749 1604 3030 1659 Pulsatur
3067 1605 3306 1675 signum
3366 1606 3429 1657 ut
3468 1618 3598 1657 om-

192 1692 357 1744 tantur
382 1691 602 1762 antipb.
637 1707 769 1763 quae
786 1693 857 1747 ad
881 1694 1196 1748 matutinas
1218 1694 1652 1766 laudes,prima
1685 1699 1816 1751 tan-
1849 1688 1902 1753 Β
1930 1711 2040 1751 nes
2071 1711 2456 1751 occurramus
2484 1696 2555 1749 ad
2588 1694 2948 1762 orationem;
2980 1709 3095 1763 qua
3136 1692 3306 1758 facta,
3341 1691 3598 1761 imponi-

187 1782 286 1833 tum
315 1780 881 1837 ablata.Beatissimo
906 1782 1082 1853 Patri,
1103 1783 1316 1839 domno
1336 1784 1566 1839 scilicet
1584 1785 1817 1840 Odiloni
1928 1788 2025 1840 tur
2052 1785 2285 1849 letania;
2318 1787 2375 1838 et
2396 1784 2457 1837 hi
2475 1783 2754 1853 vestiunt,
2780 1797 3103 1853 sequorum
3125 1796 3306 1851 supra
3332 1779 3594 1849 memini,

188 1868 461 1924 videbatur
478 1871 727 1925 multum
745 1866 1076 1944 congr'uere
1094 1874 1174 1942 ut,
1196 1888 1264 1929 eo
1278 1873 1372 1928 die
1390 1890 1506 1944 quo
1525 1890 1672 1929 crux
1686 1874 1819 1929 ado-
1927 1874 2000 1929 ad
2015 1873 2407 1928 ministerium
2423 1873 2649 1927 missae.
2670 1872 2731 1925 Si
2750 1875 2840 1925 est
2859 1874 3063 1941 quarta
3100 1868 3247 1924 feria
3283 1870 3382 1922 aut
3403 1870 3593 1938 sexta,

189 1957 703 2029 raretur,jejunium
726 1959 854 2013 ﬁeri
875 1960 1136 2025 deberet,
1161 1965 1406 2033 propter
1426 1962 1580 2033 quod
1600 1964 1816 2018 consti-
1926 1964 2093 2033 prius
2125 1978 2237 2018 nos
2260 1962 2460 2017 audito
2500 1962 2676 2033 signo
2708 1960 3142 2014 discalceamus
3173 1973 3350 2028 quam
3381 1973 3598 2012 occur-

183 2047 338 2100 tutum
357 2049 445 2101 est
465 2048 537 2101 ab
558 2047 683 2116 illo,
701 2050 757 2103 et
779 2049 952 2119 quasi
988 2065 1096 2120 pro
1126 2048 1391 2122 legitimo
1413 2050 1702 2106 Ecclesiae
1723 2067 1820 2106 no-
1927 2068 2131 2107 ramus
2155 2052 2226 2106 ad
2248 2051 2593 2119 orationem,
2613 2053 2677 2104 ut
2695 2048 2869 2103 nudis
2884 2048 3136 2119 pedibus
3152 2046 3438 2100 faciamus
3451 2060 3595 2115 pro-

185 2137 300 2188 strae
319 2134 548 2204 indicto,
590 2139 674 2205 ut,
708 2136 760 2190 si
797 2135 1088 2192 Exaltatio
1119 2138 1180 2192 S.
1214 2137 1425 2193 Crucis
1460 2140 1726 2195 evenerit
1759 2141 1818 2194 in
1926 2141 2259 2197 cessionem
2294 2140 2482 2195 Finita
2500 2140 2681 2193 missa
2699 2139 2937 2209 signum
2966 2136 3320 2207 pulsaturad
3354 2150 3592 2205 nonam,

183 2226 359 2290 quarta
388 2222 550 2291 feria,
602 2228 789 2293 sexta,
840 2224 934 2278 vel
984 2224 1261 2295 Sabbato,
1304 2242 1372 2280 ea
1415 2226 1546 2280 vice
1580 2227 1818 2284 minime
1924 2233 1982 2286 et
2011 2230 2335 2285 orationem
2368 2228 2618 2282 facimus
2669 2227 3014 2297 priusquam
3067 2241 3351 2279 exeamus
3401 2227 3475 2281 ad
3504 2226 3595 2279 la-

182 2312 386 2364 curetur
411 2311 481 2365 de
510 2312 770 2366 termino
787 2311 1283 2382 jejuniiQuatuor
1303 2314 1677 2386 Temporum,
1710 2317 1819 2372 sed
1922 2319 2180 2373 vandum
2210 2318 2427 2388 pedes:
2463 2320 2563 2370 aut
2593 2317 2647 2370 si
2676 2330 2793 2369 non
2824 2317 2916 2368 est
2944 2314 3074 2368 dies
3103 2315 3163 2367 in
3194 2329 3310 2385 quo
3341 2328 3595 2382 proces-

183 2399 348 2452 statim
392 2400 450 2453 in
498 2416 567 2454 ea
623 2400 951 2470 septimana
979 2405 1207 2473 agatur.
1247 2403 1457 2457 Adhuc
1500 2407 1694 2460 autem
1744 2406 1817 2460 de
1927 2407 2018 2462 sio
2039 2407 2157 2477 ﬁat,
2179 2407 2237 2462 in
2264 2405 2449 2460 choro
2466 2403 2924 2475 tamenlegendo
2946 2403 3365 2472 exspectamus
3399 2417 3593 2473 usque

182 2490 353 2541 sancta
379 2486 564 2543 Cruce
602 2489 909 2545 sciendum
932 2493 1025 2545 est
1046 2491 1183 2562 quia
1205 2490 1277 2546 de
1308 2507 1377 2546 ea
1408 2491 1600 2564 major
1629 2493 1818 2547 missa
1926 2496 2063 2550 dum
2097 2495 2428 2550 servitores
2452 2492 2745 2562 potuerint
2777 2491 3114 2562 prandisse;
3136 2490 3407 2560 pulsatur
3447 2490 3595 2545 scil-

180 2576 365 2629 cantari
394 2576 542 2631 solet
580 2578 737 2631 omni
768 2594 826 2631 vr
858 2578 1025 2648 feria,
1060 2579 1133 2633 ab
1167 2579 1392 2634 octavis
1424 2579 1675 2635 Paschae
1710 2597 1817 2636 us-
1925 2586 1979 2639 la
2007 2588 2221 2639 iterum
2244 2584 2316 2637 ad
2367 2597 2602 2637 nonam.
2636 2580 2805 2646 Quod
2835 2580 3009 2634 etiam
3033 2583 3090 2634 et
3119 2578 3170 2633 si
3200 2578 3459 2633 nondum
3498 2579 3591 2634 di-

180 2677 273 2733 que
297 2662 363 2717 ad
389 2664 711 2719 adventum
735 2665 997 2737 Domini;
1031 2669 1089 2721 et
1118 2667 1191 2721 ab
1223 2668 1448 2723 octavis
1469 2668 1815 2739 Epiphaniae
1923 2673 2132 2743 xerim,
2165 2677 2360 2734 tamen
2388 2687 2494 2742 per
2524 2675 2702 2725 totam
2750 2673 3017 2724 aestatem
3073 2668 3307 2739 quoties
3337 2668 3468 2723 dies
3499 2670 3593 2723 est

178 2766 338 2821 usque
389 2753 459 2806 ad
516 2754 1060 2826 Septuagesimam,
1111 2755 1228 2810 nisi
1285 2756 1435 2811 forte
1494 2756 1817 2812 dimittatur
1915 2761 2153 2834 jejunii,
2186 2761 2461 2816 similiter
2490 2759 2867 2814 observatur.

179 2843 382 2938 propter
396 2840 663 2938 officium
679 2841 935 2938 alicujus
955 2844 1164 2938 sancti,
1178 2843 1274 2938 vel
1291 2847 1533 2938 propter
1553 2844 1812 2938 officium
2515 2883 2769 2938 CAPUT
2827 2882 2961 2936 XLI

178 2924 235 2979 de
257 2926 433 2998 aliquo
459 2926 723 2999 jejunio,
763 2929 856 2983 vel
887 2933 1128 2999 propter
1157 2933 1434 2999 octavas;
1467 2930 1691 2985 feriatis
1722 2934 1812 2986 ta-
2174 2992 2215 3001 ﬁ
2829 2923 2981 3000 "Tm
3005 2987 3058 3001 υ
3226 2988 3240 3001 ,
3316 2987 3327 2998 ,

179 3028 285 3067 mea
311 2987 567 3086 E-pist'ol'a
600 2987 832 3088 legitur,
869 2987 967 3073 vel
998 2987 1388 3092 Evangelium
1419 2987 1643 3087 feriale.
2162 2992 2252 3046 De
2299 2988 2827 3046 σοηδυθίυίίίῃίὺυδ
2874 2989 2936 3042 in
2992 2987 3344 3044 Novembri’

1994 3116 2044 3169 A
2075 3114 2355 3170 Kalendis
2386 3112 2745 3168 Novembris
2778 3114 3087 3166 cantantur
3115 3109 3499 3182 responsoria
3517 3110 3591 3166 de

1844 3155 1893 3215 Ο
1948 3205 1958 3216 ι
1994 3150 2055 3215 τι..
2076 3150 2355 3214 ιιαιυυυιῗι
2387 3150 2757 3214 ι.1υ1υιιιυῖιι).
2778 3150 3075 3211 vus-vultu“:
3116 3150 3499 3210 .vuyvuuov..u
3518 3150 3591 3166 υιν

708 3256 743 3270 ..
869 3257 907 3270 η
993 3265 1002 3270 .
1115 3259 1128 3270 .
1194 3259 1204 3270 .
1437 3259 1448 3270 .
1923 3204 2092 3259 libris
2122 3203 2471 3267 Ezechielis,
2533 3201 2795 3256 Danielus
2820 3243 2832 3267 ,
2885 3202 2941 3254 et
2998 3200 3248 3255 aliorum
3295 3215 3591 3254 minorum

176 3252 482 3364 vesana
506 3256 1239 3364 abjdaussewembris
1258 3259 1806 3364 εςιηθιοοωοεξξέιιν-
1921 3252 2484 3364 gratagrata;
2515 3252 3037 3362 ρῑιίξγξίίέέίίοωε,
3063 3252 3120 3343 εἰ
3148 3252 3202 3342 gi
3231 3252 3413 3342 una
3432 3252 3583 3343 an

236 3352 309 3450 ξω
334 3355 529 3454 mil"?
589 3354 1807 3454 8.531316%“?semelfanhﬁﬂcoméditm‘:
1921 3352 2166 3452 octavae,
2198 3352 2725 3454 postquamsemel
2766 3352 3096 3449 surgimus,
3146 3393 3265 3432 non
3322 3376 3587 3432 redimus

176 3444 219 3493 θί
242 3441 292 3496 in
319 3444 558 3514 Ρτίνθῑίε
592 3445 804 3536 die?“
835 3445 907 3536 (ιβ
937 3445 1051 3500 hoc
1077 3446 1284 3501 ονάίηθ
1313 3446 1458 3501 nihil
1491 3450 1806 3536 Πιυίθῗηβεν
1919 3472 1993 3526 ad
2034 3441 2217 3526 lecta:
2265 3441 2376 3524 Hic
2426 3470 2617 3524 denuo
2675 3441 3025 3521 inchoamus
3082 3441 3240 3536 quod
3297 3464 3588 3519 omissum

176 3543 317 3597 quem
344 3549 444 3603 per
472 3538 662 3589 totam
708 3534 1023 3588 habuimus
1073 3538 1339 3590 aestatem
1388 3536 1620 3606 quoties
1644 3534 1731 3606 jej

2043 3576 2072 3613 a
2104 3559 2284 3614 Coena
2314 3560 2566 3627 Domini,
2598 3561 2660 3613 ut
2687 3558 2928 3630 triginta
2983 3534 3251 3626 psalmos
3281 3557 3588 3610 cantemus

176 3620 309 3673 nium
335 3620 524 3676 ﬁebat.
558 3622 709 3715 Item
740 3622 802 3677 in
831 3622 1515 3715 duodecimlectionibus
1547 3624 1810 3715 quia_bi8
1918 3653 2050 3704 ante
2081 3651 2427 3703 nocturnos.
2488 3620 2629 3704 Item
2661 3620 2923 3706 ofﬁcium
2952 3620 3386 3713 defunctorum,
3429 3642 3589 3715 quod

176 3721 352 3810 sumus
383 3711 732 3782 comesturi,
755 3726 863 3782 per
890 3712 1083 3767 omnia
1114 3727 1351 3784 quoque
1375 3712 1625 3768 facimus
1656 3713 1812 3768 sicut
1918 3753 2111 3809 usque
2140 3741 2275 3808 post
2314 3753 2599 3809 “asperas
2630 3740 2886 3810 agimus,
2937 3738 3147 3793 amodo
3178 3738 3314 3807 post
3342 3711 3589 3789 hoc—tm...

178 3798 413 3866 etprius.
646 3844 651 3849 ς
1918 3843 2030 3881 nos
2075 3842 2253 3898 agere
2292 3826 2577 3894 solemus,
2647 3829 2947 3883 matutinis
3013 3826 3289 3882 laudibus
3349 3836 3588 3894 quoque

781 3906 1034 3961 CAPUT
1064 3907 1169 3962 XL
1918 3915 2329 3969 defunctorum
2348 3916 2522 3970 simul
2550 3916 2866 3987 adjunctis.
2896 3916 3143 3987 Reliqua
3161 3910 3589 3984 psalmodia,ut

176 4005 246 4061 De
270 4010 789 4083 consuetudinibus
808 4011 1237 4083 incipientibus
1265 4029 1297 4066 a
1326 4012 1618 4069 Kalendis
1647 4012 1738 4067 Oc:

2021 4006 2101 4057 ris
2128 4007 2239 4070 est,
2274 4006 2544 4058 cantatur
2560 4005 2632 4058 ad
2650 4005 2965 4060 ecclesiam
2988 4005 3218 4059 Sanctae
3237 4001 3469 4066 Maria);
3491 4014 3583 4055 re-

385 4082 519 4137 bns
540 4097 727 4155 usque
748 4082 825 4137 ad
845 4082 1148 4138 Kalendas
1166 4083 1553 4139 Novembris.
1919 4092 2227 4162 gularibus
2250 4092 2550 4146 matutinis
2573 4093 2848 4148 laudibus
2861 4093 3047 4163 prima
3068 4108 3200 4148 cum
3215 4092 3346 4147 suis
3369 4104 3587 4159 appen-

230 4176 269 4228 Α
289 4177 564 4234 Kalendis
596 4179 872 4234 Octobris
906 4194 1097 4250 usque
1128 4181 1199 4233 ad
1230 4179 1526 4235 Kalendas
1550 4180 1806 4234 Novem-
1917 4179 2068 4234 dicis
2093 4179 2471 4234 continuatim
2494 4180 2586 4251 adj
2599 4182 2855 4253 ungitur.
2888 4182 3000 4235 Hic
3023 4181 3196 4235 etiam
3230 4179 3285 4232 si
3316 4177 3585 4232 ordinem

172 4262 274 4320 bris
319 4271 625 4324 cantantur
668 4269 1052 4338 responsoria
1109 4269 1180 4323 de
1239 4269 1388 4324 libro
1429 4269 1805 4324 Machabaeo-
1916 4271 2189 4323 nostrum
2219 4284 2326 4340 per
2356 4269 2548 4323 omnia
2598 4272 2799 4325 tenere
2831 4269 3116 4334 volueris,
3150 4266 3339 4322 habes
3369 4263 3584 4317 memi-

173 4367 306 4422 rum;
357 4356 428 4411 ad
477 4360 805 4412 nocturnos
845 4357 1121 4428 hymnus,
1170 4358 1378 4413 Prime
1417 4358 1678 4423 dierum;
1733 4358 1804 4412 ad
1915 4357 2081 4413 nisse
2112 4357 2292 4429 quod,
2317 4362 2626 4428 postquam
2658 4357 2916 4413 ofﬁcium
2953 4354 3229 4429 agiturin
3250 4355 3583 4420 nocte,non

173 4438 346 4499 laudes
368 4447 636 4503 zEterne
656 4463 860 4501 rerum
886 4446 1171 4502 Conditor
1182 4467 1200 4513 ,-
1232 4448 1304 4502 de
1323 4451 1537 4503 caetero
1569 4463 1805 4520 quoque
1915 4449 2009 4500 est
2036 4462 2187 4516 opus
2219 4449 2280 4500 ut
2308 4446 2370 4501 in
2399 4446 2711 4502 duodecim
2756 4445 3113 4500 lectionibus
3143 4447 3281 4514 post
3308 4440 3582 4513 singulas

174 4544 232 4582 ex
255 4535 361 4587 toto
390 4535 701 4590 dimittitur
729 4536 998 4606 pausatio
1033 4536 1374 4591 meridiana.
1410 4537 1471 4591 Si
1502 4539 1641 4592 sunt
1669 4537 1809 4591 duo-
1916 4534 2096 4590 horas
2128 4535 2422 4606 psulmus,
2453 4536 2553 4590 Ad
2585 4535 2893 4591 Dominum
2923 4549 3191 4604 cum.pro
3224 4534 3355 4603 ipso
3379 4529 3581 4586 officio

171 4614 330 4674 decim
359 4620 678 4691 lectiones,
720 4626 858 4693 post
895 4624 1205 4694 prandium
1237 4625 1518 4679 sedemus
1547 4625 1607 4678 in
1640 4625 1805 4680 clau-
1837 4622 1884 4683 ῐ)
1917 4626 2206 4694 cantetur,
2229 4641 2337 4695 pro
2355 4640 2471 4695 quo
2489 4624 2885 4695 primitusaS.
2904 4623 3123 4696 Majolo
3152 4620 3578 4689 estdecretum,

174 4708 274 4760 stro
302 4709 369 4763 ad
396 4711 734 4781 lectionem,
761 4727 951 4782 usque
987 4712 1123 4767 dum
1165 4713 1495 4768 servitores
1519 4729 1804 4769 surrexe-
1852 4731 1856 4734 ’
1915 4715 1979 4768 ut
2006 4715 2272 4783 psalmus
2302 4714 2391 4768 De
2400 4713 2721 4784 profundis
2736 4714 2911 4769 simul
2936 4729 3068 4768 cum
3089 4710 3334 4782 praefato
3351 4707 3582 4779 psalmo

174 4793 270 4848 rint
291 4812 322 4851 a
350 4814 578 4855 mensa.
618 4800 898 4855 Pulsatur
927 4800 1167 4873 signum
1200 4801 1415 4873 majus,
1451 4804 1507 4856 et
1537 4804 1805 4858 oratione
1916 4802 2247 4867 diceretur;
2283 4802 2388 4858 sed
2419 4803 2578 4857 hunc
2606 4805 2813 4873 postea
2835 4803 3087 4858 domnus
3113 4799 3301 4855 abbas
3335 4795 3583 4851 mutavit

173 4880 317 4955 facta,
346 4889 501 4959 quod
532 4889 733 4944 minus
763 4889 960 4955 fuerit,
993 4892 1057 4944 ut
1085 4906 1239 4945 nona
1267 4894 1553 4945 cantetur.
1587 4891 1805 4946 Ambu-
1914 4890 2142 4961 psalmo
2188 4890 2334 4946 Voce
2355 4907 2502 4957 mea;
2537 4893 2595 4945 et
2622 4893 2734 4946 boc
2760 4891 2985 4946 addidit
3012 4892 3076 4944 ut
3106 4889 3157 4943 si
3190 4885 3455 4942 ofﬁcium
3481 4900 3583 4959 ge-

172 4967 335 5028 lamus
362 4976 536 5032 solito
568 4993 730 5034 more
762 4978 821 5032 in
849 4977 1230 5034 refectorium
1269 4982 1331 5034 ut
1370 4979 1662 5047 bibamus,
1696 4980 1803 5035 sed
1914 4979 2063 5034 ritur
2094 4979 2153 5033 in
2182 4982 2376 5047 nocte,
2408 4984 2654 5051 propter
2681 4980 2794 5034 hoc
2820 4984 3014 5034 tamen
3044 4977 3142 5032 ille
3169 4975 3440 5047 psalmus
3462 4990 3582 5030 non

172 5074 297 5130 aqua
338 5081 705 5137 nequaquam
749 5066 1001 5125 ulterius
1029 5070 1393 5138 propinatur.
1444 5069 1507 5124 In
1558 5070 1805 5141 privatis
1912 5067 2228 5140 aliquando
2259 5068 2573 5123 omittatur.
2608 5069 2758 5122 Nam
2788 5072 2845 5123 et
2879 5084 2986 5138 per
3012 5067 3177 5121 vices
3226 5079 3343 5120 non
3387 5063 3579 5128 solum

174 5146 354 5206 diebus
374 5169 593 5210 aurora
617 5160 934 5228 apparente
954 5157 1224 5227 pulsatur
1244 5159 1433 5227 scilla,
1455 5163 1510 5213 et
1529 5160 1804 5215 continuo
1911 5173 2019 5228 pro
2051 5157 2268 5228 ofﬁcio,
2305 5157 2414 5212 sed
2442 5157 2613 5212 etiam
2636 5173 2743 5227 pro
2761 5156 3077 5210 tricenario
3112 5153 3369 5226 alicujus
3391 5167 3581 5224 nuper

175 5242 591 5299 nocturnalibus
613 5244 796 5300 induti
822 5245 1169 5302 festinamus
1193 5247 1263 5302 ad
1288 5249 1631 5318 ecclesiam;
1656 5265 1805 5319 prae-
1912 5246 2173 5301 defuncti
2205 5245 2407 5300 fratris
2438 5247 2748 5316 deputatur
2773 5263 2786 5311 ;
2821 5248 2878 5299 ct
2906 5244 2959 5299 si
2991 5248 3267 5299 neutrum
3299 5242 3478 5298 fuerit
3504 5244 3584 5296 ta-

177 5326 330 5382 missa
383 5332 646 5388 breviter
691 5335 977 5403 oratione,
1030 5339 1336 5392 cantamus
1390 5338 1653 5408 primam,
1704 5355 1804 5394 se—
1913 5351 2045 5390 men
2074 5338 2210 5405 post
2241 5350 2446 5389 omnes
2469 5335 2649 5389 horas
2676 5349 2960 5405 saepepro
2983 5332 3258 5389 fidelibus
3280 5331 3582 5387 defunctis

175 5419 461 5482 quentibus
492 5425 719 5492 septem
762 5424 1009 5494 psalmis
1039 5430 1097 5481 et
1124 5425 1357 5481 letania.
1390 5426 1452 5481 Si
1492 5427 1805 5498 aliquando
1913 5427 2196 5480 cantatur.
2231 5425 2402 5479 Patre
2446 5428 2640 5479 autem
2672 5440 2834 5495 saepe
2856 5424 3072 5493 dictus,
3108 5422 3337 5478 scilicet
3367 5421 3582 5477 domus

177 5506 903 5581 contigerit,perincuriam
922 5514 1189 5570 custodis
1205 5516 1577 5586 ecclesiae,ut
1596 5532 1709 5571 non
1728 5517 1808 5569 sit
1912 5513 2101 5582 Odilo,
2143 5514 2238 5568 vir
2274 5513 2446 5583 plane
2494 5513 2942 5582 misericordiae,
2984 5511 3360 5583 perpendens
3405 5525 3582 5582 quam

174 5589 306 5647 clara
348 5596 497 5669 dies,
541 5601 818 5657 sedemus
849 5602 909 5656 in
941 5603 1125 5659 choro
1168 5604 1355 5675 capite
1406 5607 1705 5675 coaperto,
1750 5607 1809 5659 et
1848 5646 1851 5649 λ
1913 5603 2153 5659 difﬁcile
2185 5603 2450 5659 nonnulli
2480 5603 2725 5658 fratrum
2750 5602 2868 5673 pati
2920 5603 3189 5672 possent,
3240 5603 3304 5656 ut
3332 5600 3393 5653 in
3421 5601 3581 5652 tanta

176 5683 320 5745 Pueri
350 5701 479 5743 cum
509 5690 810 5764 magistris
829 5691 889 5748 in
911 5692 1186 5765 capitulo,
1213 5709 1403 5766 usque
1435 5693 1574 5749 dum
1604 5694 1807 5768 legere
1917 5691 2133 5749 hiemis
2163 5692 2475 5766 aliquando
2504 5692 2819 5765 asperitate
2849 5691 3025 5748 nudis
3064 5704 3300 5763 quoque
3326 5686 3578 5760 pedibus
