3956 6176
431 392 548 457 68'7

1429 387 1835 452 UDALRICI
1876 387 2489 452 CLUNIACENSIS
2534 388 2929 452 MONACHI

3688 402 3776 466 688

433 592 847 665 procederent,
885 589 1697 661 hujusmodiproeessionem
1732 589 1789 641 in
1812 589 2016 658 quarta
2040 588 2098 642 et
2123 566 2184 630 Α
2215 590 2734 660 commilitonibus,
2786 594 2903 646 tam
2950 592 3173 662 patrios
3216 609 3406 649 mores
3448 611 3599 667 quam
3636 600 3780 670 ipsam

437 687 606 739 sexta
637 681 784 736 feria
815 697 846 733 a
877 679 1160 732 Kalendis
1192 678 1481 731 Novemb.
1507 693 1699 748 usque
1725 677 1797 730 ad
1830 676 2103 748 caputje-

429 772 585 843 junii
612 785 717 841 pro
746 768 961 839 pietate
992 782 1100 819 sua
1132 766 1394 819 indulsit.

512 860 812 928 Interrog.
847 856 1012 909 Scire
1045 856 1220 908 velim
1255 853 1597 923 cujusmodi
1628 854 1706 906 sit
1733 852 2107 906 intervallum

441 951 578 1019 post
607 946 998 1018 psalmodiam
1030 944 1089 997 in
1122 942 1375 997 ecclesia
1402 942 1461 996 S.
1495 942 1697 995 Mariae
1728 957 2106 995 consumma-

438 1041 598 1106 tam;
630 1034 723 1089 vel
756 1033 910 1104 quod
943 1031 1175 1086 interim
1224 1029 1476 1084 maxime
1510 1030 1588 1084 sit
1636 1044 1785 1098 opus
1814 1032 2103 1100 vestrum,

439 1126 535 1182 vel
562 1124 666 1179 ubi
694 1124 1023 1177 conventus
1054 1121 1359 1174 moretur?

510 1215 688 1284 Resp.
715 1211 988 1265 Breviter
1018 1209 1090 1263 ad
1120 1208 1355 1280 singula
1388 1207 1799 1277 respondeam.
1834 1206 2108 1260 Interval-

439 1305 559 1359 lum
590 1302 742 1357 solet
762 1299 1099 1369 temperari,
1134 1304 1195 1353 ut
1228 1296 1563 1351 claustralis
1594 1297 1757 1366 prior
1805 1311 1940 1349 cum
1969 1295 2105 1349 abs-

441 1408 624 1448 consa
654 1394 839 1445 totum
872 1390 1192 1443 claustrum
1224 1386 1416 1457 possit
1448 1385 1734 1453 circuire;
1762 1386 1915 1439 videt
1946 1400 2106 1438 nam-

441 1498 556 1553 que
588 1481 641 1535 si
671 1478 869 1534 omnia
902 1477 1144 1531 claustri
1177 1475 1329 1531 ostia
1361 1478 1498 1529 sunt
1528 1474 1729 1527 clausa
1754 1475 2109 1543 ;perlustrat

441 1569 851 1626 dormitorium
880 1583 911 1620 a
944 1569 1059 1620 fine
1092 1581 1282 1636 usque
1315 1565 1385 1617 ad
1418 1565 1614 1632 finem,
1648 1579 1755 1617 nec
1808 1563 2002 1617 minus
2035 1563 2107 1616 ad

440 1662 605 1730 ipsas
627 1657 1025 1713 necessarias.
1050 1655 1254 1726 Pergit
1285 1654 1345 1707 in
1375 1653 1612 1708 domum
1644 1652 2108 1720 inﬁrmorum,ut

436 1749 759 1818 videatper
789 1745 982 1800 omnia
1002 1759 1117 1815 quo
1149 1744 1322 1797 modo
1346 1759 1411 1796 se
1431 1743 1545 1813 ipsi
1580 1742 1835 1796 habeant
1864 1739 2102 1794 infirmi.

442 1837 733 1906 Reditper
745 1834 1060 1889 ecclesiam
1072 1832 1302 1887 Sanctae
1316 1832 1517 1886 Mariae
1533 1833 1590 1885 in
1603 1831 1889 1901 Majorem
1904 1829 2105 1883 Eccle-

2213 679 2458 747 patriam
2492 684 2715 735 mutare
2747 682 3104 751 volentibus,
3143 698 3257 737 non
3286 685 3469 739 minus
3502 703 3683 757 graves
3708 707 3783 745 es-

2201 756 2346 822 sent
2378 769 2447 822 ad
2482 770 2835 825 audiendum
2862 786 3036 842 quam
3059 787 3259 825 massa
3277 756 3529 843 plumbea
3546 775 3653 831 fore
3672 780 3788 833 solet

2214 856 2283 908 ad
2315 858 2683 925 portandum.
2720 859 2845 912 Nec
2875 860 3086 913 mirum
3118 860 3330 931 quibus
3348 878 3455 916 non
3480 867 3561 918 est
3585 866 3787 921 studium

2214 943 2526 999 nobiscum
2556 946 2833 1018 dormire,
2869 948 2922 1001 si
2948 950 3003 1001 et
3031 947 3184 1018 ipsis
3214 965 3327 1002 non
3352 954 3437 1005 est
3460 953 3684 1008 studium
3705 971 3786 1011 no-

2213 1031 2447 1087 biscum
2476 1034 2747 1105 vigilare.

2284 1121 2356 1175 Et
2386 1124 2518 1193 quia
2553 1126 2739 1179 semel
2770 1125 2981 1196 incoepi
3012 1126 3149 1181 inde
3179 1127 3363 1199 loqui,
3399 1132 3454 1183 ut
3494 1130 3791 1186 subinferam

2214 1226 2346 1279 quae
2364 1212 2557 1266 adhuc
2577 1213 2648 1267 dc
2668 1214 2874 1269 eodem
2892 1230 3115 1286 genere
3134 1216 3289 1286 novi,
3305 1218 3363 1271 in
3389 1218 3565 1273 Natali
3590 1219 3676 1275 SS.
3694 1237 3794 1291 apo-

2215 1300 2500 1354 stolorum
2530 1302 2687 1356 Petri
2706 1306 2763 1357 et
2792 1304 2973 1373 Pauli,
2989 1306 3261 1359 nocturni
3280 1308 3335 1359 et
3351 1309 3618 1362 matutinae
3636 1309 3794 1363 laudes

2213 1390 2387 1443 tantae
2435 1395 2571 1444 sunt
2602 1392 2973 1462 prolixitatis,
3012 1398 3074 1447 ut
3106 1409 3341 1465 semper
3369 1396 3457 1450 die
3484 1396 3651 1451 adhuc
3677 1397 3796 1452 clara

2214 1476 2587 1548 incipiantur,
2622 1481 2679 1533 et
2704 1496 3001 1551 nunquam
3020 1482 3136 1535 nisi
3154 1483 3247 1538 die
3275 1484 3457 1539 adhuc
3483 1485 3620 1538 clara
3641 1485 3797 1539 ﬁnian-

2216 1568 2349 1635 tur;
2377 1571 2616 1637 propter
2646 1569 2803 1640 quod
2838 1586 2971 1623 cum
3002 1572 3158 1625 scire
3205 1574 3405 1643 possis
3447 1574 3588 1644 quod
3626 1574 3706 1628 illo
3730 1575 3797 1629 die

2215 1670 2350 1708 nom
2383 1657 2492 1709 erit
2522 1657 2667 1712 hora
2713 1658 2936 1713 tardior
2965 1660 3281 1715 dormitum
3325 1662 3641 1731 collocandi,
3683 1665 3803 1716 venit

2216 1743 2359 1796 mihi
2403 1743 2715 1814 aliquando
2758 1746 2814 1800 in
2859 1751 3111 1802 mentem
3142 1752 3202 1804 ut
3246 1750 3431 1821 ipsam
3472 1751 3655 1806 horam
3690 1751 3800 1806 solis

2216 1832 2381 1886 radio
2408 1837 2696 1903 notarem,
2732 1850 2905 1905 quem
2938 1838 3206 1907 sequenti
3242 1839 3334 1894 die
3361 1840 3576 1911 quando
3602 1841 3802 1894 cantavi-

441 1928 612 1981 siam.
651 1924 891 1978 Nullum
924 1922 1125 1990 altare,
1160 1938 1276 1992 quo
1307 1922 1621 1992 quisquam
1655 1921 1901 1974 fratrum
1930 1934 2103 1973 acce-
2134 1898 2187 1961 Β
2219 1936 2351 1975 mus
2374 1937 2588 1975 nonam
2614 1923 2673 1976 in
2700 1923 2906 1977 eodem
2937 1925 3057 1978 vidi
3085 1941 3223 1981 esse
3252 1898 3422 1993 loco‘;
3442 1930 3514 1983 ita
3533 1932 3588 1984 ut
3606 1944 3803 1983 momen.

439 2014 580 2069 dere
611 2013 828 2084 potest,
862 2011 1097 2065 dimittit
1127 2010 1509 2079 invisitatum,
1542 2012 1605 2063 ut
1634 2009 1828 2062 videat
1857 2008 1993 2079 quis
2025 2007 2106 2061 ibi

436 2104 540 2174 sit,
559 2102 655 2156 vel
686 2101 827 2171 quid
857 2102 1070 2172 agatur
1100 2100 1171 2153 ab
1204 2115 1292 2153 eo.
1323 2098 1564 2152 Fratres
1597 2101 1791 2152 autem
1823 2098 1893 2151 de
1926 2095 2109 2151 eccle-

431 2192 521 2246 sia
550 2189 828 2245 S.Mariae
860 2189 1035 2243 simul
1069 2189 1609 2257 exeuntes,praeter
1630 2187 1683 2241 si
1707 2186 1805 2257 qui
1830 2201 1979 2255 opus
1997 2185 2105 2239 ha-

428 2280 569 2335 bent
599 2279 673 2333 ad
703 2277 1087 2333 necessarias
1118 2277 1225 2347 ire,
1257 2278 1641 2331 revertuntur
1670 2276 1730 2329 in
1763 2275 2030 2344 chorum,
2052 2276 2109 2328 et

434 2367 666 2441 singuli
695 2366 906 2421 sedent
938 2368 995 2419 in
1011 2365 1183 2420 sedili
1207 2380 1317 2420 suo
1342 2365 1813 2435 caputcooperti,
1824 2363 2101 2435 juvenes,

438 2456 540 2527 qui
569 2455 630 2509 in
661 2454 929 2510 custodia
949 2452 1287 2524 sunt,juxta
1306 2453 1587 2508 custodes
1609 2469 1775 2523 suos,
1792 2453 1862 2506 de
1885 2452 2103 2522 quibus

438 2558 815 2614 summopere
846 2545 1089 2596 cavetur
1117 2557 1191 2595 ne
1231 2541 1407 2595 simul
1454 2542 1531 2595 ita
1581 2541 1845 2609 sedeant,
1877 2544 1939 2595 ut
1984 2553 2102 2592 non

434 2633 691 2688 habeant
720 2631 875 2686 inter
905 2646 971 2684 se
1002 2630 1370 2701 probabilem
1392 2633 1449 2684 et
1475 2630 1615 2685 boni
1644 2630 1966 2685 testimonii
1990 2645 2104 2684 me-

433 2723 803 2789 diatorem,et
815 2721 1569 2791 unusquisque,postquam
1590 2724 1762 2790 caput
1778 2734 2101 2789 cooperue-

434 2813 530 2883 rit,
560 2812 701 2866 facit
731 2810 887 2881 quod
918 2811 1036 2864 sibi
1064 2810 1296 2865 videtur
1325 2811 1417 2864 vel
1451 2811 1607 2881 quod
1652 2811 1934 2878 potuerit;
1967 2824 2101 2862 nam

431 2905 496 2956 ut
519 2900 841 2970 meiipsius
855 2915 960 2970 pro
975 2899 1243 2969 exemplo
1258 2900 1773 2967 meminerim,erat
1786 2898 2099 2969 aliquando

435 2990 596 3063 quod
641 2988 923 3044 intentius
974 2988 1234 3058 orabam,
1279 2990 1590 3059 aliquando
1641 2988 1798 3060 quod
1836 2989 2099 3058 psalmos

431 3078 825 3148 ruminabam,
858 3076 1169 3148 aliquando
1215 3079 1372 3149 quod
1404 3094 1612 3133 somno
1642 3079 1787 3132 adeo
1818 3081 2099 3149 gravatus

435 3184 617 3239 eram,
650 3171 713 3222 ut
738 3167 817 3223 ita
847 3168 1067 3222 sedens
1090 3168 1300 3222 vellem
1325 3168 1541 3223 nollem
1559 3167 1935 3222 dormitarem
1950 3186 1967 3231 ,-
1993 3166 2098 3219 sed

2217 2014 2338 2065 tum
2363 2012 2755 2080 praecedentis
2787 2014 3155 2083 completorii
3182 2033 3214 2071 a
3258 2020 3538 2073 momento
3565 2034 3708 2072 nona:
3730 2032 3803 2071 se-

2218 2099 2452 2170 quentis
2473 2099 2615 2153 nihil
2644 2104 2806 2155 esset
2838 2101 3095 2157 divisum
3123 2120 3137 2173 ;
3166 2104 3386 2160 idcirco
3416 2106 3680 2176 potuimus
3706 2122 3803 2159 cum

2218 2187 2517 2242 alacritate
2543 2191 2600 2242 et
2622 2205 2753 2243 cum
2771 2189 2967 2262 aliqua
2986 2191 3297 2249 devotione
3320 2195 3533 2267 vigiliis
3553 2196 3801 2259 interesse,

2216 2291 2326 2331 nec
2358 2280 2481 2330 erat
2512 2292 2765 2333 necesse
2792 2294 3002 2335 somno
3035 2282 3267 2336 satiatis
3299 2286 3501 2338 iterum
3533 2285 3585 2337 in
3609 2283 3805 2338 ecclesia

2215 2379 2426 2420 somno
2454 2367 2712 2438 gravari,
2734 2366 2970 2423 Fratres
2999 2371 3100 2441 qui
3118 2371 3189 2426 de
3212 2372 3364 2427 foris
3389 2374 3603 2428 venturi
3630 2376 3740 2427 sunt
3754 2372 3805 2425 ad

2215 2456 2735 2525 monasterium,eo
2749 2461 3048 2528 praecepto
3063 2461 3118 2514 et
3137 2476 3203 2514 ca
3221 2461 3545 2517 conditione
3558 2477 3659 2516 non
3670 2459 3804 2514 semel

2213 2545 2352 2597 sunt
2379 2544 2685 2599 constricti
2716 2548 2778 2599 ut
2802 2562 3100 2618 nunquam
3131 2554 3272 2620 post
3298 2550 3706 2620 completorium
3729 2566 3805 2603 au-

2213 2633 2386 2687 deant
2416 2633 2639 2688 venire.
2670 2633 2877 2690 Frater
2906 2636 3008 2707 qui
3040 2642 3165 2691 erat
3193 2640 3269 2692 ad
3297 2654 3570 2709 vesperas
3597 2639 3648 2692 in
3689 2638 3803 2691 clau-

2212 2724 2360 2789 stro,
2379 2722 2432 2775 si
2449 2726 2581 2775 ante
2601 2739 2727 2776 com
2738 2723 3046 2794 pletorium
3067 2727 3383 2783 comedere
3397 2727 3809 2799 neglexerit,post

2208 2809 2652 2878 completorium
2666 2813 2887 2867 nullius
2903 2814 2985 2867 rei
3000 2815 3188 2885 gratia
3212 2816 3453 2871 habebit
3465 2817 3720 2870 licentiam
3736 2830 3805 2867 co-

2207 2900 2499 2969 medendi,
2533 2904 2778 2971 excepto
2812 2902 2867 2955 si
2893 2902 2992 2956 tali
3021 2903 3358 2959 infirmitate
3377 2911 3651 2977 gravatur,
3671 2903 3798 2958 verbi

2204 2991 2415 3062 gratia,
2452 3004 2565 3059 ego
2609 2989 2861 3060 quadam
2889 2992 3018 3045 vice
3049 2992 3424 3048 cellerarium
3465 2994 3573 3048 vidi
3612 2997 3707 3047 tota
3728 2992 3798 3045 die

2203 3078 2542 3148 recipiendo
2570 3079 2767 3133 vinum
2793 3084 3162 3151 occupatum,
3185 3085 3245 3137 et
3268 3083 3340 3137 de
3360 3083 3592 3154 prandio
3616 3081 3802 3137 minime

2209 3166 2452 3228 curavit;
2468 3172 2600 3236 post
2614 3183 2741 3222 com
2750 3168 3059 3238 pletoriuin
3072 3186 3357 3241 quaerens
3372 3189 3403 3225 a
3415 3173 3628 3226 domino
3640 3169 3803 3225 abbate

436 3258 490 3313 si
512 3258 647 3329 quis
678 3257 933 3313 voluerit
955 3257 1247 3312 secretius
1266 3272 1456 3327 orare,
1474 3257 1684 3327 surgit,
1703 3261 1759 3311 et
1789 3256 2100 3312 seceditad
2127 3228 2181 3292 Ο
2212 3256 2507 3311 licentiam
2533 3228 3144 3329 prandendi,prorsus
3169 3258 3800 3330 niliilobtinuit;etitaim

435 3347 676 3420 aliquod
704 3346 923 3413 altare;
957 3346 1059 3401 ubi
1088 3348 1283 3401 tamen
1323 3362 1440 3399 non
1473 3346 1694 3399 diutius
1726 3348 2005 3412 moratur,
2042 3347 2104 3399 ut

435 3436 633 3491 locum
680 3436 895 3491 habeat
948 3436 1100 3490 alius
1161 3434 1434 3489 similiter
1493 3436 1738 3504 orandi;
1805 3435 1905 3507 qui
1957 3434 2107 3489 satis

437 3539 626 3597 pauca
671 3526 812 3579 sunt
855 3524 1059 3578 altaria
1108 3524 1404 3577 tantorum
1454 3522 1699 3577 fratrum
1754 3523 2108 3578 multitudini

440 3616 796 3683 comparata.
831 3613 897 3666 In
928 3628 1043 3683 qua
1076 3611 1438 3666 habitudinis
1460 3612 1803 3666 diversitate
1832 3612 2110 3667 fortassis

445 3702 649 3771 plures
678 3715 797 3756 non
825 3702 963 3754 sunt
992 3699 1103 3752 mei
1138 3699 1485 3754 dissimiles.
1506 3700 1680 3754 Pueri
1708 3700 1916 3754 sedent
1947 3701 2004 3754 in
2025 3716 2113 3755 ca-

441 3791 650 3862 pitulo,
682 3793 738 3846 et
765 3804 874 3859 per
903 3789 1159 3860 aliquem
1192 3789 1610 3858 praecinentem
1664 3793 1897 3844 cantum
1941 3790 2113 3844 addi-

442 3883 636 3936 scunt.
669 3878 838 3944 Quod
873 3879 926 3933 si
956 3880 1112 3933 tanta
1144 3880 1235 3933 est
1264 3877 1476 3932 hiemis
1510 3880 1819 3949 asperitas,
1855 3881 1945 3934 est
1976 3878 2112 3934 offi-

443 3970 576 4025 cina
616 3969 677 4024 in
722 3984 837 4041 qua
876 3967 1122 4041 grandis
1149 3967 1342 4021 'focus
1377 3967 1447 4021 ab
1494 3968 1644 4037 ipsis
1698 3968 1981 4023 fratribus
2015 3969 2115 4038 qui

442 4057 681 4114 fuerunt
729 4057 901 4129 coqui
946 4057 1165 4128 prioris
1204 4056 1548 4127 septimanae
1608 4062 2012 4127 praeparatur,
2058 4059 2114 4111 et

440 4146 584 4202 illuc
610 4162 817 4202 omnes
844 4149 959 4202 tam
987 4145 1246 4216 majores
1273 4161 1448 4217 quam
1471 4146 1731 4200 minores
1752 4146 1997 4200 licenter
2014 4161 2107 4199 ac-

450 4236 685 4306 cedunt,
715 4251 849 4291 cum
876 4250 1105 4290 summa
1131 4238 1325 4289 tamen
1353 4235 1659 4306 gravitate,
1686 4235 1841 4289 sicut
1868 4235 2110 4306 dignum

443 4328 537 4382 est
566 4324 627 4380 in
650 4324 751 4379 tali
788 4323 954 4380 hora.
987 4324 1215 4379 Amodo
1242 4339 1477 4395 quoque
1522 4338 1713 4395 usque
1757 4323 1829 4376 ad
1873 4324 2111 4378 Coenam

441 4415 748 4473 Dominiin
759 4412 1259 4486 privatisiomnino
1283 4414 1494 4469 diebus
1519 4413 1771 4484 hymnus
1796 4412 2112 4483 completo-

442 4506 517 4562 rii
531 4504 1024 4576 est,Christe,qui
1037 4503 1140 4558 lux
1152 4504 1298 4568 es;si
1310 4506 1503 4557 tamen
1518 4501 1694 4556 nullae
1714 4505 1851 4555 sunt
1864 4506 2109 4559 octavae.

2215 3361 2492 3415 pransus,
2521 3344 2698 3400 vellet
2726 3346 2924 3416 nollet,
2956 3347 3217 3402 cubitum
3243 3351 3512 3405 recessit.
3537 3348 3593 3403 Si
3620 3348 3805 3401 videres

2213 3451 2447 3507 quoque
2478 3436 2535 3488 in
2565 3434 3030 3508 Quadragesima
3058 3438 3217 3508 quali
3248 3439 3394 3494 hora
3416 3440 3608 3494 damus
3628 3448 3811 3506 operam

2214 3530 2277 3580 ut
2303 3526 2682 3592 dormiamus,
2700 3525 2902 3596 utique
2928 3526 3203 3581 fatereris
3227 3528 3377 3582 satis
3391 3545 3498 3583 nos
3513 3530 3704 3581 mature
3720 3539 3816 3577 sur-

2218 3630 2359 3686 gere
2388 3630 2570 3685 posse
2592 3615 2661 3668 ad
2691 3618 3035 3669 nocturnos.
3066 3615 3209 3669 Haec
3228 3619 3401 3687 quasi
3423 3610 3811 3672 extraordinaria

2220 3705 2339 3759 sint
2369 3703 2544 3772 dicta,
2577 3708 2643 3758 ut
2672 3704 2915 3759 noveris
2942 3719 3053 3758 nos
3085 3704 3141 3757 in
3171 3705 3685 3761 comessationibus
3707 3715 3816 3756 noc-

2218 3795 2333 3848 tem
2363 3794 2696 3862 expendere
2726 3793 2902 3847 nolle.
3346 3862 3357 3876 δ

2819 3881 3071 3937 CAPUT
3111 3882 3295 3938 XLII.

2222 3970 2307 4025 De
2336 3969 2675 4025 festivitate
2710 3970 2976 4024 Omnium
3000 3970 3379 4042 Sanctorum,
3396 3979 3454 4028 et
3479 3967 3817 4027 recordatione

2522 4042 2773 4097 omnium
2804 4042 3108 4096 Eidelium
3141 4043 3569 4099 defunctorum.

2293 4147 2357 4200 In
2400 4147 2716 4203 festivitate
2760 4148 3030 4203 Omnium
3083 4150 3436 4207 Sanctorum
3484 4151 3551 4204 ad
3598 4151 3819 4213 utrasque

2218 4252 2386 4307 vesp.
2416 4252 2525 4291 nec
2554 4236 2764 4307 psalmi
2796 4254 2905 4292 nec
2935 4239 3275 4309 antiplionae
3304 4241 3607 4306 mutantur,
3637 4236 3685 4291 et
3705 4232 3819 4287 sicut

2218 4341 2327 4395 per
2356 4329 2539 4380 totum
2572 4342 2788 4380 annum
2816 4327 2887 4381 de
2914 4328 3064 4397 ipsis
3090 4330 3354 4399 quotidie
3383 4331 3666 4384 cantamus
3692 4320 3816 4393 psal-
3908 4382 3909 4385 η

2220 4430 2350 4469 mos
2385 4414 2746 4486 Conﬁtebor,
2795 4415 3076 4486 Credidi,
3112 4417 3179 4471 In
3228 4415 3640 4484 convertenda,
3674 4411 3819 4480 Eripe

2222 4520 2349 4573 me;
2382 4503 2638 4575 hymnus
2671 4505 2841 4559 etiam
2874 4508 2993 4572 est,
3040 4505 3286 4561 Christe
3333 4507 3703 4577 Redemptor;
3741 4494 3819 4551 sed

514 4564 816 4665 Interrog.
850 4564 967 4648 sed
997 4595 1134 4662 post
1169 4564 1470 4662 vesperae;
1497 4608 1630 4648 cum
1680 4610 1791 4650 nec
1840 4597 2107 4667 coenetis,
2138 4564 2196 4630 D
2225 4564 2357 4648 cum
2390 4564 2504 4648 tam
2552 4593 2839 4648 solemnis
2882 4564 3133 4649 melodia
3164 4612 3342 4667 quam
3392 4601 3447 4650 et
3475 4564 3596 4665 ipse
3625 4564 3733 4646 dies
3757 4584 3825 4639 est

445 4700 558 4743 nec
601 4682 1018 4739 defunctorum
1047 4681 1271 4753 geratis
1316 4681 1598 4754 officium,
1652 4685 1792 4756 quid
1832 4685 1987 4741 aliud
2020 4689 2113 4741 est

446 4773 609 4847 quod
632 4774 876 4846 geratur
901 4788 935 4826 a
962 4769 1137 4825 vobis
1157 4771 1185 4824 ?

516 4863 698 4937 Resp.
728 4860 890 4917 Imus
917 4859 977 4914 in
1008 4859 1435 4930 dormitorium,
1463 4860 1735 4918 cultellos
1758 4877 1998 4920 nostros
2022 4864 2114 4919 de-

443 4952 743 5026 ponimus,
777 4948 1182 5006 abstrahimus
1211 4949 1447 5005 calceos
1479 4950 1781 5008 diurnales
1807 4954 1864 5007 et
1890 4956 2119 5008 noctur-

446 5041 615 5097 nales
640 5039 972 5106 induimus;
998 5037 1279 5093 sedemus
1310 5039 1368 5092 in
1395 5038 1654 5096 claustro
1684 5042 1755 5095 ad
1781 5042 2112 5114 lectionem,

447 5128 711 5200 tangitur
736 5125 1069 5199 cymbalum
1090 5129 1152 5181 ut
1179 5142 1388 5182 manus
1405 5127 1691 5197 lavemus,
1718 5132 1774 5183 et
1795 5129 1854 5184 in
1874 5130 2119 5186 refecto-

448 5216 604 5274 rium
625 5214 832 5271 bibere
864 5217 1195 5271 veniamus.
1232 5215 1521 5271 Sedcmus
1564 5217 1775 5272 iterum
1812 5220 1884 5273 ad
1914 5219 2118 5276 lectio-

448 5318 606 5374 nem,
636 5304 880 5359 sonatur
904 5305 1073 5359 scilla
1102 5304 1174 5359 ad
1202 5305 1594 5361 collationem.
1613 5306 1874 5378 Itemque
1893 5311 1948 5363 et
1974 5310 2116 5365 illud

450 5410 560 5469 pro
591 5395 753 5449 certo
781 5393 1024 5448 noveris
1048 5395 1202 5463 quod
1217 5395 1267 5449 si
1292 5395 1607 5466 aliquando
1630 5396 1916 5468 contingit
1941 5399 2114 5454 nobis

449 5482 676 5552 invitis,
705 5482 763 5537 et
786 5480 859 5535 de
890 5480 1176 5536 industria
1206 5500 1525 5555 nunquam,
1557 5489 1618 5539 ut
1650 5485 1752 5539 lux
1774 5484 1887 5540 diei
1923 5487 2117 5543 adhuc

452 5576 609 5630 clare
639 5586 758 5627 non
789 5573 1083 5642 appareat,
1112 5573 1346 5644 quando
1374 5574 1688 5629 dormitum
1722 5573 2114 5647 collocamus,

448 5668 508 5721 et
533 5663 845 5736 propterea
861 5660 1158 5717 sustinere
1180 5678 1507 5732 possumus
1535 5658 1687 5718 inter
1707 5663 1817 5718 alia
1844 5666 1958 5718 tam
1983 5682 2118 5735 pro-

449 5754 603 5813 lixas
643 5753 953 5823 lectiones,
992 5765 1124 5822 quae
1168 5750 1442 5805 nimirum
1490 5752 1843 5823 quibusdam
1893 5755 2117 5810 nostris

2223 4683 2529 4738 solemnis.
2564 4682 2772 4755 Kyrie,
2812 4682 3036 4738 eleison
3066 4699 3303 4755 quoque
3353 4688 3483 4739 ante
3525 4678 3822 4737 Dominicam
3906 4716 3907 4737 η

2219 4772 2573 4840 Orationem,
2607 4787 2741 4824 cum
2772 4771 2831 4825 in
2863 4771 2997 4825 aliis
3012 4772 3222 4826 diebus
3252 4774 3322 4827 ad
3344 4788 3545 4828 omnes
3566 4766 3817 4839 regulares

2219 4861 2403 4914 horas
2428 4865 2563 4913 tunc
2582 4875 2656 4914 ex
2683 4864 2930 4931 utroque
2956 4861 3136 4915 choro
3165 4861 3456 4929 dicamus,
3475 4862 3529 4914 in
3554 4861 3653 4912 isto
3671 4860 3818 4909 tamen

2220 4949 2291 5002 ad
2317 4964 2608 5019 vesperas
2621 4951 2678 5003 et
2701 4951 2899 5018 matut,
2926 4949 3132 5002 laudes
3152 4950 3393 5004 nonnisi
3409 4953 3617 5003 tantum
3631 4943 3692 4998 ad
3709 4942 3818 4994 duas
3904 4980 3905 5007 ἰ

2220 5038 2419 5107 vices;
2453 5037 2611 5108 quod
2641 5037 2811 5091 etiam
2844 5053 2952 5108 per
2982 5040 3166 5092 totum
3185 5053 3404 5092 annum
3433 5036 3684 5091 similiter
3706 5035 3823 5083 tene-
3904 5028 3905 5075 ἡ

2222 5142 2375 5181 mus.
2396 5126 2535 5181 Item
2549 5126 2620 5179 ad
2633 5142 2918 5195 vesperas
2933 5128 2988 5181 et
3005 5129 3202 5180 matut.
3221 5128 3375 5181 laud.
3393 5142 3506 5180 non
3519 5124 3638 5177 aliae
3658 5128 3819 5190 preces

2222 5215 2495 5271 dicuntur
2526 5231 2699 5287 quam
2744 5215 2805 5269 hi
2837 5215 3138 5281 versiculi,
3176 5215 3321 5271 Post
3363 5219 3608 5287 partum.
3645 5208 3701 5263 In
3724 5220 3821 5260 cou-

2223 5311 2427 5378 spectu
2450 5303 2810 5377 angelorum.

2292 5394 2574 5460 Quamvis
2600 5398 2794 5448 autem
2819 5394 2878 5447 in
2910 5394 3180 5464 sequenti
3207 5393 3299 5447 die
3327 5393 3398 5447 de
3428 5392 3487 5446 S.
3523 5383 3751 5445 Caesarie
3782 5382 3822 5431 el

2222 5484 2295 5539 de
2328 5484 2459 5538 aliis
2482 5483 2705 5537 sanctis
2725 5482 3035 5537 duodecim
3054 5482 3338 5537 lectiones
3362 5481 3515 5548 fiant,
3532 5481 3703 5531 tamen
3721 5467 3821 5538 post

2222 5588 2535 5644 vesperas,
2550 5572 2804 5642 pulsatis
2819 5571 3094 5626 omnibus
3110 5571 3300 5643 signis
3318 5569 3556 5635 diutius,
3572 5561 3822 5619 cantantur

2225 5678 2458 5735 quoque
2486 5677 2754 5732 vesperae
2779 5660 3279 5730 defunctorum,et
3304 5658 3365 5713 in
3395 5659 3560 5713 nocte
3588 5646 3816 5743 postmal.

2226 5733 2432 5807 laudes
2458 5751 2528 5805 de
2548 5749 2833 5804 Omnibus
2864 5748 3098 5806 Sanctis
3112 5748 3369 5806 ofﬁcium
3388 5743 3557 5801 simul
3579 5753 3694 5798 cum
3711 5733 3812 5787 mai-
