  <div class='ocr_page' id='page_1' title='image "/cluster/home/n/w/nwhite01/storage/ocr_20150623/149/hvd.32044054760079/350.png"; bbox 0 0 3956 6176; ppageno 0'>
   <div class='ocr_carea' id='block_1_1' title="bbox 842 273 3574 347">
    <p class='ocr_par' dir='ltr' id='par_1_1' title="bbox 842 273 3574 347">
     <span class='ocr_line' id='line_1_1' title="bbox 842 273 3574 347; baseline 0.003 -8"><span class='ocrx_word' id='word_1_1' title='bbox 842 274 1548 340; x_wconf 81' lang='lat' dir='ltr'>CONSUETUDINES</span> <span class='ocrx_word' id='word_1_2' title='bbox 1590 273 2215 339; x_wconf 77' lang='lat' dir='ltr'>CLUNIACENSES</span> <span class='ocrx_word' id='word_1_3' title='bbox 2260 275 2514 341; x_wconf 71' lang='lat' dir='ltr'>LIBER</span> <span class='ocrx_word' id='word_1_4' title='bbox 2560 277 2897 343; x_wconf 86' lang='lat' dir='ltr'>PRIMUS.</span> <span class='ocrx_word' id='word_1_5' title='bbox 3453 284 3574 347; x_wconf 89' lang='lat'>690</span> 
     </span>
    </p>
   </div>
   <div class='ocr_carea' id='block_1_2' title="bbox 185 283 286 347">
    <p class='ocr_par' dir='ltr' id='par_1_2' title="bbox 185 283 286 347">
     <span class='ocr_line' id='line_1_2' title="bbox 185 283 286 347; baseline 0 0"><span class='ocrx_word' id='word_1_6' title='bbox 185 283 286 347; x_wconf 88' lang='lat'>689</span> 
     </span>
    </p>
   </div>
   <div class='ocr_carea' id='block_1_3' title="bbox 183 456 3574 565">
    <p class='ocr_par' dir='ltr' id='par_1_3' title="bbox 183 456 3574 565">
     <span class='ocr_line' id='line_1_3' title="bbox 183 456 3574 565; baseline 0.001 -29"><span class='ocrx_word' id='word_1_7' title='bbox 183 481 437 548; x_wconf 83' lang='lat' dir='ltr'>laudibus,</span> <span class='ocrx_word' id='word_1_8' title='bbox 476 479 530 532; x_wconf 91' lang='lat' dir='ltr'><strong>et</strong></span> <span class='ocrx_word' id='word_1_9' title='bbox 567 476 925 533; x_wconf 88' lang='lat' dir='ltr'>matutinalis</span> <span class='ocrx_word' id='word_1_10' title='bbox 981 474 1169 529; x_wconf 88' lang='lat' dir='ltr'>missa</span> <span class='ocrx_word' id='word_1_11' title='bbox 1215 473 1654 529; x_wconf 89' lang='lat' dir='ltr'>solemnissime</span> <span class='ocrx_word' id='word_1_12' title='bbox 1688 487 1795 542; x_wconf 93' lang='lat' dir='ltr'>pro</span> <span class='ocrx_word' id='word_1_13' title='bbox 1828 456 1884 518; x_wconf 80' lang='grc' dir='ltr'><strong>Α</strong></span> <span class='ocrx_word' id='word_1_14' title='bbox 1912 505 2012 544; x_wconf 68' lang='lat' dir='ltr'>res</span> <span class='ocrx_word' id='word_1_15' title='bbox 2046 505 2058 545; x_wconf 69' lang='grc' dir='ltr'>ε</span> <span class='ocrx_word' id='word_1_16' title='bbox 2092 506 2202 545; x_wconf 73' lang='lat' dir='ltr'>nec</span> <span class='ocrx_word' id='word_1_17' title='bbox 2241 491 2494 562; x_wconf 66' lang='grc' dir='ltr'>εωριίυε</span> <span class='ocrx_word' id='word_1_18' title='bbox 2543 496 2674 549; x_wconf 62' lang='lat' dir='ltr'>ante</span> <span class='ocrx_word' id='word_1_19' title='bbox 2715 510 3003 565; x_wconf 65' lang='lat' dir='ltr'>vesperas</span> <span class='ocrx_word' id='word_1_20' title='bbox 3050 500 3121 553; x_wconf 63' lang='lat' dir='ltr'>ad</span> <span class='ocrx_word' id='word_1_21' title='bbox 3164 500 3485 556; x_wconf 70' lang='lat' dir='ltr'>bibendum</span> <span class='ocrx_word' id='word_1_22' title='bbox 3517 502 3574 555; x_wconf 73' lang='lat' dir='ltr'>in</span> 
     </span>
    </p>
   </div>
   <div class='ocr_carea' id='block_1_4' title="bbox 185 560 3575 663">
    <p class='ocr_par' dir='ltr' id='par_1_4' title="bbox 185 560 3575 663">
     <span class='ocr_line' id='line_1_4' title="bbox 185 560 3575 663; baseline 0.006 -40"><span class='ocrx_word' id='word_1_23' title='bbox 185 568 418 663; x_wconf 68' lang='lat' dir='ltr'>omnibus</span> <span class='ocrx_word' id='word_1_24' title='bbox 448 565 716 663; x_wconf 45' lang='lat' dir='ltr'>ﬁdelibus</span> <span class='ocrx_word' id='word_1_25' title='bbox 749 563 1066 663; x_wconf 61' lang='grc' dir='ltr'>άθῖξιιιοῑίεν</span> <span class='ocrx_word' id='word_1_26' title='bbox 1102 579 1207 663; x_wconf 44' lang='grc' dir='ltr'>Ριῖο</span> <span class='ocrx_word' id='word_1_27' title='bbox 1240 560 1797 663; x_wconf 46' lang='lat' dir='ltr'>quibusatnsipsuli</span> <span class='ocrx_word' id='word_1_28' title='bbox 1914 578 2293 663; x_wconf 83' lang='lat' dir='ltr'>refectorium</span> <span class='ocrx_word' id='word_1_29' title='bbox 2322 560 2607 637; x_wconf 74' lang='lat' dir='ltr'>redimus.</span> <span class='ocrx_word' id='word_1_30' title='bbox 2627 584 2743 637; x_wconf 88' lang='lat' dir='ltr'>Per</span> <span class='ocrx_word' id='word_1_31' title='bbox 2772 560 3011 640; x_wconf 77' lang='lat' dir='ltr'>octavas</span> <span class='ocrx_word' id='word_1_32' title='bbox 3030 587 3089 642; x_wconf 92' lang='lat' dir='ltr'>S.</span> <span class='ocrx_word' id='word_1_33' title='bbox 3116 589 3367 660; x_wconf 75' lang='lat' dir='ltr'>Martini,</span> <span class='ocrx_word' id='word_1_34' title='bbox 3394 593 3450 646; x_wconf 90' lang='lat' dir='ltr'>et</span> <span class='ocrx_word' id='word_1_35' title='bbox 3466 608 3575 663; x_wconf 86' lang='lat' dir='ltr'>per</span> 
     </span>
    </p>
   </div>
   <div class='ocr_carea' id='block_1_5' title="bbox 184 649 3575 748">
    <p class='ocr_par' dir='ltr' id='par_1_5' title="bbox 184 649 3575 748">
     <span class='ocr_line' id='line_1_5' title="bbox 184 649 3575 748; baseline 0.003 -22"><span class='ocrx_word' id='word_1_36' title='bbox 184 656 481 748; x_wconf 53' lang='grc' dir='ltr'>εέεθτάοῑθε</span> <span class='ocrx_word' id='word_1_37' title='bbox 510 653 1010 748; x_wconf 45' lang='grc' dir='ltr'>Ρνίνδίθε-ῐηξξεδε</span> <span class='ocrx_word' id='word_1_38' title='bbox 1037 655 1181 748; x_wconf 33' lang='grc' dir='ltr'>’δυηί</span> <span class='ocrx_word' id='word_1_39' title='bbox 1199 650 1508 748; x_wconf 57' lang='grc' dir='ltr'>ξδθηίεξξυνξς</span> <span class='ocrx_word' id='word_1_40' title='bbox 1540 649 1655 748; x_wconf 41' lang='lat' dir='ltr'>Sed</span> <span class='ocrx_word' id='word_1_41' title='bbox 1688 664 1796 703; x_wconf 71' lang='lat' dir='ltr'>nec</span> <span class='ocrx_word' id='word_1_42' title='bbox 1917 658 2156 722; x_wconf 82' lang='lat' dir='ltr'>octavas</span> <span class='ocrx_word' id='word_1_43' title='bbox 2180 668 2501 724; x_wconf 67' lang='lat' dir='ltr'>Dominicas</span> <span class='ocrx_word' id='word_1_44' title='bbox 2524 670 2858 727; x_wconf 87' lang='lat' dir='ltr'>Nativitatis</span> <span class='ocrx_word' id='word_1_45' title='bbox 2883 678 2939 729; x_wconf 89' lang='lat' dir='ltr'>et</span> <span class='ocrx_word' id='word_1_46' title='bbox 2960 675 3321 748; x_wconf 78' lang='lat' dir='ltr'>Epiphaniae,</span> <span class='ocrx_word' id='word_1_47' title='bbox 3343 649 3575 735; x_wconf 78' lang='lat' dir='ltr'>duabus</span> 
     </span>
    </p>
   </div>
   <div class='ocr_carea' id='block_1_6' title="bbox 184 739 3577 831">
    <p class='ocr_par' dir='ltr' id='par_1_6' title="bbox 184 739 3577 831">
     <span class='ocr_line' id='line_1_6' title="bbox 184 739 3577 831; baseline 0.003 -32"><span class='ocrx_word' id='word_1_48' title='bbox 184 747 241 800; x_wconf 85' lang='lat' dir='ltr'>ad</span> <span class='ocrx_word' id='word_1_49' title='bbox 267 759 547 815; x_wconf 84' lang='lat' dir='ltr'>veSperas,</span> <span class='ocrx_word' id='word_1_50' title='bbox 580 759 689 797; x_wconf 88' lang='lat' dir='ltr'>nec</span> <span class='ocrx_word' id='word_1_51' title='bbox 720 742 791 797; x_wconf 90' lang='lat' dir='ltr'>ad</span> <span class='ocrx_word' id='word_1_52' title='bbox 816 742 962 796; x_wconf 85' lang='lat' dir='ltr'>alias</span> <span class='ocrx_word' id='word_1_53' title='bbox 992 742 1157 795; x_wconf 76' lang='grc' dir='ltr'>νὶοθε</span> <span class='ocrx_word' id='word_1_54' title='bbox 1188 741 1259 794; x_wconf 81' lang='lat' dir='ltr'>d6</span> <span class='ocrx_word' id='word_1_55' title='bbox 1283 739 1548 831; x_wconf 71' lang='lat' dir='ltr'>collectis</span> <span class='ocrx_word' id='word_1_56' title='bbox 1567 742 1657 792; x_wconf 71' lang='grc' dir='ltr'>εει</span> <span class='ocrx_word' id='word_1_57' title='bbox 1917 755 2151 810; x_wconf 64' lang='lat' dir='ltr'>vicibus</span> <span class='ocrx_word' id='word_1_58' title='bbox 2194 758 2654 830; x_wconf 69' lang='lat' dir='ltr'>manducamus;</span> <span class='ocrx_word' id='word_1_59' title='bbox 2700 764 2835 831; x_wconf 61' lang='lat' dir='ltr'>post</span> <span class='ocrx_word' id='word_1_60' title='bbox 2866 739 3089 819; x_wconf 51' lang='lat' dir='ltr'>rnatu-tn-</span> <span class='ocrx_word' id='word_1_61' title='bbox 3115 739 3322 822; x_wconf 49' lang='lat' dir='ltr'>laudes,</span> <span class='ocrx_word' id='word_1_62' title='bbox 3355 770 3577 824; x_wconf 71' lang='lat' dir='ltr'>dormi-</span> 
     </span>
    </p>
   </div>
   <div class='ocr_carea' id='block_1_7' title="bbox 181 823 3579 917">
    <p class='ocr_par' dir='ltr' id='par_1_7' title="bbox 181 823 3579 917">
     <span class='ocr_line' id='line_1_7' title="bbox 181 823 3579 917; baseline 0.004 -30"><span class='ocrx_word' id='word_1_63' title='bbox 181 835 311 905; x_wconf 88' lang='lat' dir='ltr'>ptius</span> <span class='ocrx_word' id='word_1_64' title='bbox 331 832 626 887; x_wconf 90' lang='lat' dir='ltr'><strong>dicendum</strong></span> <span class='ocrx_word' id='word_1_65' title='bbox 659 845 833 902; x_wconf 91' lang='lat' dir='ltr'>quam</span> <span class='ocrx_word' id='word_1_66' title='bbox 863 845 977 883; x_wconf 91' lang='lat' dir='ltr'>una</span> <span class='ocrx_word' id='word_1_67' title='bbox 1009 828 1407 882; x_wconf 80' lang='lat' dir='ltr'>tantummodo</span> <span class='ocrx_word' id='word_1_68' title='bbox 1439 823 1798 917; x_wconf 65' lang='lat' dir='ltr'>collecta,id</span> <span class='ocrx_word' id='word_1_69' title='bbox 1919 860 2084 912; x_wconf 61' lang='lat' dir='ltr'>mus;</span> <span class='ocrx_word' id='word_1_70' title='bbox 2117 844 2252 901; x_wconf 70' lang='lat' dir='ltr'>inde</span> <span class='ocrx_word' id='word_1_71' title='bbox 2288 846 2534 917; x_wconf 60' lang='lat' dir='ltr'>primam</span> <span class='ocrx_word' id='word_1_72' title='bbox 2566 823 2889 905; x_wconf 60' lang='grc' dir='ltr'>οθέηξληιυε,</span> <span class='ocrx_word' id='word_1_73' title='bbox 2935 852 3209 909; x_wconf 73' lang='lat' dir='ltr'>Ofﬁcium</span> <span class='ocrx_word' id='word_1_74' title='bbox 3238 823 3579 915; x_wconf 15' lang='lat' dir='ltr'>tamehiﬁe-</span> 
     </span>
    </p>
   </div>
   <div class='ocr_carea' id='block_1_8' title="bbox 183 914 3582 1003">
    <p class='ocr_par' dir='ltr' id='par_1_8' title="bbox 183 914 3582 1003">
     <span class='ocr_line' id='line_1_8' title="bbox 183 914 3582 1003; baseline 0.004 -12"><span class='ocrx_word' id='word_1_75' title='bbox 183 926 273 991; x_wconf 60' lang='grc' dir='ltr'>θεῖ»</span> <span class='ocrx_word' id='word_1_76' title='bbox 296 920 590 990; x_wconf 61' lang='lat' dir='ltr'>Fidelium;</span> <span class='ocrx_word' id='word_1_77' title='bbox 616 919 799 975; x_wconf 76' lang='grc' dir='ltr'>Πθυε·</span> <span class='ocrx_word' id='word_1_78' title='bbox 826 918 952 972; x_wconf 75' lang='lat' dir='ltr'>Hoc</span> <span class='ocrx_word' id='word_1_79' title='bbox 970 918 1122 973; x_wconf 66' lang='lat' dir='ltr'>enim</span> <span class='ocrx_word' id='word_1_80' title='bbox 1144 918 1442 971; x_wconf 56' lang='lat' dir='ltr'>decretum</span> <span class='ocrx_word' id='word_1_81' title='bbox 1461 920 1553 970; x_wconf 66' lang='grc' dir='ltr'>θεῖ</span> <span class='ocrx_word' id='word_1_82' title='bbox 1572 930 1604 967; x_wconf 73' lang='grc'>³</span> <span class='ocrx_word' id='word_1_83' title='bbox 1624 914 1797 1003; x_wconf 52' lang='lat' dir='ltr'>Patr?</span> <span class='ocrx_word' id='word_1_84' title='bbox 1922 931 2254 988; x_wconf 76' lang='lat' dir='ltr'>functorum</span> <span class='ocrx_word' id='word_1_85' title='bbox 2276 914 2346 989; x_wconf 85' lang='lat' dir='ltr'><strong>de</strong></span> <span class='ocrx_word' id='word_1_86' title='bbox 2376 935 2506 990; x_wconf 93' lang='lat' dir='ltr'>loco</span> <span class='ocrx_word' id='word_1_87' title='bbox 2541 952 2651 991; x_wconf 90' lang='lat' dir='ltr'>suo</span> <span class='ocrx_word' id='word_1_88' title='bbox 2672 954 2791 993; x_wconf 92' lang='lat' dir='ltr'><strong>non</strong></span> <span class='ocrx_word' id='word_1_89' title='bbox 2822 942 3143 999; x_wconf 89' lang='lat' dir='ltr'><strong>omittimus</strong></span> <span class='ocrx_word' id='word_1_90' title='bbox 3166 944 3318 1001; x_wconf 90' lang='lat' dir='ltr'>inter</span> <span class='ocrx_word' id='word_1_91' title='bbox 3347 914 3582 1003; x_wconf 86' lang='lat' dir='ltr'><strong>noctur-</strong></span> 
     </span>
    </p>
   </div>
   <div class='ocr_carea' id='block_1_9' title="bbox 182 1002 2906 1099">
    <p class='ocr_par' dir='ltr' id='par_1_9' title="bbox 182 1002 2906 1099">
     <span class='ocr_line' id='line_1_9' title="bbox 182 1002 2906 1099; baseline -0 -34"><span class='ocrx_word' id='word_1_92' title='bbox 182 1010 408 1077; x_wconf 90' lang='lat' dir='ltr'>Odilone,</span> <span class='ocrx_word' id='word_1_93' title='bbox 440 1014 501 1063; x_wconf 91' lang='lat' dir='ltr'>ut</span> <span class='ocrx_word' id='word_1_94' title='bbox 531 1009 685 1064; x_wconf 82' lang='lat' dir='ltr'>sicut</span> <span class='ocrx_word' id='word_1_95' title='bbox 711 1008 772 1062; x_wconf 91' lang='lat' dir='ltr'><strong>in</strong></span> <span class='ocrx_word' id='word_1_96' title='bbox 798 1002 994 1078; x_wconf 82' lang='lat' dir='ltr'>priore</span> <span class='ocrx_word' id='word_1_97' title='bbox 1036 1006 1128 1061; x_wconf 91' lang='lat' dir='ltr'>die</span> <span class='ocrx_word' id='word_1_98' title='bbox 1160 1004 1637 1060; x_wconf 77' lang='lat' dir='ltr'>commemoratio</span> <span class='ocrx_word' id='word_1_99' title='bbox 1670 1002 1801 1057; x_wconf 83' lang='lat' dir='ltr'>fieri</span> <span class='ocrx_word' id='word_1_100' title='bbox 1919 1036 2031 1077; x_wconf 73' lang='lat' dir='ltr'>nos</span> <span class='ocrx_word' id='word_1_101' title='bbox 2060 1026 2115 1077; x_wconf 60' lang='lat' dir='ltr'>et</span> <span class='ocrx_word' id='word_1_102' title='bbox 2137 1025 2338 1079; x_wconf 48' lang='lat' dir='ltr'>manu.</span> <span class='ocrx_word' id='word_1_103' title='bbox 2364 1024 2572 1080; x_wconf 70' lang='lat' dir='ltr'>laudes</span> <span class='ocrx_word' id='word_1_104' title='bbox 2593 1029 2906 1099; x_wconf 60' lang='lat' dir='ltr'>agendum</span> 
     </span>
    </p>
   </div>
   <div class='ocr_carea' id='block_1_10' title="bbox 182 1092 2986 1184">
    <p class='ocr_par' dir='ltr' id='par_1_10' title="bbox 182 1092 2986 1184">
     <span class='ocr_line' id='line_1_10' title="bbox 182 1092 2986 1184; baseline 0.003 -32"><span class='ocrx_word' id='word_1_105' title='bbox 182 1098 307 1153; x_wconf 84' lang='lat' dir='ltr'><strong>solet</strong></span> <span class='ocrx_word' id='word_1_106' title='bbox 340 1097 599 1152; x_wconf 87' lang='lat' dir='ltr'>Omnium</span> <span class='ocrx_word' id='word_1_107' title='bbox 634 1095 1005 1184; x_wconf 78' lang='lat' dir='ltr'>Sanctorum,</span> <span class='ocrx_word' id='word_1_108' title='bbox 1038 1095 1126 1150; x_wconf 91' lang='lat' dir='ltr'>sic</span> <span class='ocrx_word' id='word_1_109' title='bbox 1158 1098 1215 1184; x_wconf 83' lang='lat' dir='ltr'>et</span> <span class='ocrx_word' id='word_1_110' title='bbox 1246 1095 1305 1184; x_wconf 84' lang='lat' dir='ltr'><strong>in</strong></span> <span class='ocrx_word' id='word_1_111' title='bbox 1338 1092 1611 1164; x_wconf 90' lang='lat' dir='ltr'>sequenti</span> <span class='ocrx_word' id='word_1_112' title='bbox 1636 1107 1800 1184; x_wconf 63' lang='lat' dir='ltr'>com-</span> <span class='ocrx_word' id='word_1_113' title='bbox 2487 1092 2739 1179; x_wconf 60' lang='grc' dir='ltr'>ρΑΡῇΤ</span> <span class='ocrx_word' id='word_1_114' title='bbox 2782 1128 2986 1184; x_wconf 50' lang='grc' dir='ltr'>ΧΙλιν,</span> 
     </span>
    </p>
   </div>
   <div class='ocr_carea' id='block_1_11' title="bbox 180 1180 1797 1252">
    <p class='ocr_par' dir='ltr' id='par_1_11' title="bbox 180 1180 1797 1252">
     <span class='ocr_line' id='line_1_11' title="bbox 180 1180 1797 1252; baseline -0.006 -9"><span class='ocrx_word' id='word_1_115' title='bbox 180 1188 480 1243; x_wconf 81' lang='lat' dir='ltr'><strong>memoratio</strong></span> <span class='ocrx_word' id='word_1_116' title='bbox 520 1186 780 1241; x_wconf 91' lang='lat' dir='ltr'><strong>omnium</strong></span> <span class='ocrx_word' id='word_1_117' title='bbox 828 1183 1115 1239; x_wconf 89' lang='lat' dir='ltr'>Fidelium</span> <span class='ocrx_word' id='word_1_118' title='bbox 1161 1182 1593 1237; x_wconf 82' lang='lat' dir='ltr'>defunctorum.</span> <span class='ocrx_word' id='word_1_119' title='bbox 1636 1180 1797 1252; x_wconf 79' lang='lat' dir='ltr'>Ergo</span> 
     </span>
    </p>
   </div>
   <div class='ocr_carea' id='block_1_12' title="bbox 178 1268 1801 1345">
    <p class='ocr_par' dir='ltr' id='par_1_12' title="bbox 178 1268 1801 1345">
     <span class='ocr_line' id='line_1_12' title="bbox 178 1268 1801 1345; baseline -0.005 -15"><span class='ocrx_word' id='word_1_120' title='bbox 178 1275 306 1330; x_wconf 91' lang='lat' dir='ltr'><strong>unde</strong></span> <span class='ocrx_word' id='word_1_121' title='bbox 332 1273 603 1328; x_wconf 88' lang='lat' dir='ltr'>acciderit</span> <span class='ocrx_word' id='word_1_122' title='bbox 634 1273 790 1345; x_wconf 89' lang='lat' dir='ltr'><strong>quod</strong></span> <span class='ocrx_word' id='word_1_123' title='bbox 821 1272 936 1328; x_wconf 92' lang='lat' dir='ltr'>hoc</span> <span class='ocrx_word' id='word_1_124' title='bbox 966 1273 1101 1343; x_wconf 92' lang='lat' dir='ltr'><strong>pius</strong></span> <span class='ocrx_word' id='word_1_125' title='bbox 1137 1272 1311 1326; x_wconf 88' lang='lat' dir='ltr'>Pater</span> <span class='ocrx_word' id='word_1_126' title='bbox 1343 1270 1665 1340; x_wconf 83' lang='lat' dir='ltr'>constituit,</span> <span class='ocrx_word' id='word_1_127' title='bbox 1698 1268 1801 1340; x_wconf 87' lang='lat' dir='ltr'>qui</span> 
     </span>
    </p>
   </div>
   <div class='ocr_carea' id='block_1_13' title="bbox 178 1360 1798 1436">
    <p class='ocr_par' dir='ltr' id='par_1_13' title="bbox 178 1360 1798 1436">
     <span class='ocr_line' id='line_1_13' title="bbox 178 1360 1798 1436; baseline -0.006 -17"><span class='ocrx_word' id='word_1_128' title='bbox 178 1364 289 1436; x_wconf 84' lang='lat' dir='ltr'>ejus</span> <span class='ocrx_word' id='word_1_129' title='bbox 315 1363 492 1417; x_wconf 75' lang='lat' dir='ltr'>Vitam</span> <span class='ocrx_word' id='word_1_130' title='bbox 515 1362 747 1435; x_wconf 82' lang='lat' dir='ltr'>legerit,</span> <span class='ocrx_word' id='word_1_131' title='bbox 781 1361 862 1416; x_wconf 90' lang='lat' dir='ltr'><strong>ibi</strong></span> <span class='ocrx_word' id='word_1_132' title='bbox 892 1361 1043 1416; x_wconf 88' lang='lat' dir='ltr'>bene</span> <span class='ocrx_word' id='word_1_133' title='bbox 1073 1360 1185 1415; x_wconf 90' lang='lat' dir='ltr'>hoc</span> <span class='ocrx_word' id='word_1_134' title='bbox 1207 1360 1406 1431; x_wconf 88' lang='lat' dir='ltr'>ipsum</span> <span class='ocrx_word' id='word_1_135' title='bbox 1428 1372 1798 1430; x_wconf 78' lang='lat' dir='ltr'>cognoscere</span> 
     </span>
    </p>
   </div>
   <div class='ocr_carea' id='block_1_14' title="bbox 177 1447 1800 1524">
    <p class='ocr_par' dir='ltr' id='par_1_14' title="bbox 177 1447 1800 1524">
     <span class='ocr_line' id='line_1_14' title="bbox 177 1447 1800 1524; baseline -0.004 -18"><span class='ocrx_word' id='word_1_136' title='bbox 177 1454 355 1524; x_wconf 82' lang='lat' dir='ltr'>potest.</span> <span class='ocrx_word' id='word_1_137' title='bbox 380 1451 486 1505; x_wconf 88' lang='lat' dir='ltr'>Hic</span> <span class='ocrx_word' id='word_1_138' title='bbox 521 1453 734 1521; x_wconf 89' lang='lat' dir='ltr'>autem,</span> <span class='ocrx_word' id='word_1_139' title='bbox 766 1454 828 1504; x_wconf 91' lang='lat' dir='ltr'>ut</span> <span class='ocrx_word' id='word_1_140' title='bbox 858 1450 1014 1521; x_wconf 91' lang='lat' dir='ltr'>quod</span> <span class='ocrx_word' id='word_1_141' title='bbox 1042 1448 1234 1503; x_wconf 90' lang='lat' dir='ltr'>adhuc</span> <span class='ocrx_word' id='word_1_142' title='bbox 1258 1451 1535 1517; x_wconf 79' lang='lat' dir='ltr'>superest</span> <span class='ocrx_word' id='word_1_143' title='bbox 1565 1447 1800 1516; x_wconf 86' lang='lat' dir='ltr'>explea-</span> 
     </span>
    </p>
   </div>
   <div class='ocr_carea' id='block_1_15' title="bbox 177 1536 1802 1611">
    <p class='ocr_par' dir='ltr' id='par_1_15' title="bbox 177 1536 1802 1611">
     <span class='ocr_line' id='line_1_15' title="bbox 177 1536 1802 1611; baseline -0.004 -15"><span class='ocrx_word' id='word_1_144' title='bbox 177 1545 270 1611; x_wconf 91' lang='lat' dir='ltr'><strong>tur,</strong></span> <span class='ocrx_word' id='word_1_145' title='bbox 299 1540 580 1596; x_wconf 91' lang='lat' dir='ltr'>duodecin</span> <span class='ocrx_word' id='word_1_146' title='bbox 610 1555 903 1610; x_wconf 78' lang='lat' dir='ltr'>pauperes</span> <span class='ocrx_word' id='word_1_147' title='bbox 938 1539 1187 1593; x_wconf 87' lang='lat' dir='ltr'><strong>ubertim</strong></span> <span class='ocrx_word' id='word_1_148' title='bbox 1220 1541 1357 1592; x_wconf 91' lang='lat' dir='ltr'><strong>sunt</strong></span> <span class='ocrx_word' id='word_1_149' title='bbox 1393 1536 1698 1591; x_wconf 76' lang='lat' dir='ltr'>reficiendi</span> <span class='ocrx_word' id='word_1_150' title='bbox 1730 1536 1802 1590; x_wconf 88' lang='lat' dir='ltr'><strong>de</strong></span> 
     </span>
    </p>
   </div>
   <div class='ocr_carea' id='block_1_16' title="bbox 176 1624 1807 1700">
    <p class='ocr_par' dir='ltr' id='par_1_16' title="bbox 176 1624 1807 1700">
     <span class='ocr_line' id='line_1_16' title="bbox 176 1624 1807 1700; baseline -0.004 -17"><span class='ocrx_word' id='word_1_151' title='bbox 176 1646 319 1700; x_wconf 87' lang='lat' dir='ltr'>pane,</span> <span class='ocrx_word' id='word_1_152' title='bbox 351 1630 483 1683; x_wconf 88' lang='lat' dir='ltr'><strong>vino</strong></span> <span class='ocrx_word' id='word_1_153' title='bbox 516 1633 575 1683; x_wconf 90' lang='lat' dir='ltr'>et</span> <span class='ocrx_word' id='word_1_154' title='bbox 606 1645 816 1694; x_wconf 86' lang='lat' dir='ltr'>carne;</span> <span class='ocrx_word' id='word_1_155' title='bbox 850 1632 906 1683; x_wconf 90' lang='lat' dir='ltr'>et</span> <span class='ocrx_word' id='word_1_156' title='bbox 937 1629 1223 1699; x_wconf 83' lang='lat' dir='ltr'><strong>quotquot</strong></span> <span class='ocrx_word' id='word_1_157' title='bbox 1264 1641 1559 1696; x_wconf 76' lang='lat' dir='ltr'>pauperes</span> <span class='ocrx_word' id='word_1_158' title='bbox 1590 1624 1684 1678; x_wconf 86' lang='lat' dir='ltr'><strong>alii</strong></span> <span class='ocrx_word' id='word_1_159' title='bbox 1709 1641 1807 1678; x_wconf 93' lang='lat' dir='ltr'>su-</span> 
     </span>
    </p>
   </div>
   <div class='ocr_carea' id='block_1_17' title="bbox 180 1713 1810 1788">
    <p class='ocr_par' dir='ltr' id='par_1_17' title="bbox 180 1713 1810 1788">
     <span class='ocr_line' id='line_1_17' title="bbox 180 1713 1810 1788; baseline -0.004 -15"><span class='ocrx_word' id='word_1_160' title='bbox 180 1718 546 1788; x_wconf 88' lang='lat' dir='ltr'>pervenerint,</span> <span class='ocrx_word' id='word_1_161' title='bbox 566 1717 842 1772; x_wconf 90' lang='lat' dir='ltr'><strong>omnibus</strong></span> <span class='ocrx_word' id='word_1_162' title='bbox 875 1716 946 1770; x_wconf 91' lang='lat' dir='ltr'>de</span> <span class='ocrx_word' id='word_1_163' title='bbox 974 1732 1124 1787; x_wconf 88' lang='lat' dir='ltr'>pane</span> <span class='ocrx_word' id='word_1_164' title='bbox 1155 1718 1211 1770; x_wconf 91' lang='lat' dir='ltr'>et</span> <span class='ocrx_word' id='word_1_165' title='bbox 1231 1716 1370 1769; x_wconf 92' lang='lat' dir='ltr'>vino</span> <span class='ocrx_word' id='word_1_166' title='bbox 1402 1713 1810 1769; x_wconf 82' lang='lat' dir='ltr'>misericordia</span> 
     </span>
    </p>
   </div>
   <div class='ocr_carea' id='block_1_18' title="bbox 2412 1211 3084 1274">
    <p class='ocr_par' dir='ltr' id='par_1_18' title="bbox 2412 1211 3084 1274">
     <span class='ocr_line' id='line_1_18' title="bbox 2412 1211 3084 1274; baseline 0.012 -8"><span class='ocrx_word' id='word_1_167' title='bbox 2412 1211 2501 1267; x_wconf 87' lang='lat' dir='ltr'>De</span> <span class='ocrx_word' id='word_1_168' title='bbox 2527 1212 2626 1268; x_wconf 83' lang='lat' dir='ltr'>Ad</span> <span class='ocrx_word' id='word_1_169' title='bbox 2638 1221 2810 1270; x_wconf 83' lang='lat' dir='ltr'>ventu</span> <span class='ocrx_word' id='word_1_170' title='bbox 2829 1217 3084 1274; x_wconf 83' lang='lat' dir='ltr'><strong>Domini.</strong></span> 
     </span>
    </p>
   </div>
   <div class='ocr_carea' id='block_1_19' title="bbox 1994 1298 3585 1376">
    <p class='ocr_par' dir='ltr' id='par_1_19' title="bbox 1994 1298 3585 1376">
     <span class='ocr_line' id='line_1_19' title="bbox 1994 1298 3585 1376; baseline 0.011 -25"><span class='ocrx_word' id='word_1_171' title='bbox 1994 1298 2059 1353; x_wconf 92' lang='lat' dir='ltr'>In</span> <span class='ocrx_word' id='word_1_172' title='bbox 2090 1298 2360 1354; x_wconf 89' lang='lat' dir='ltr'><strong>Adventu</strong></span> <span class='ocrx_word' id='word_1_173' title='bbox 2392 1301 2643 1374; x_wconf 91' lang='lat' dir='ltr'><strong>Domini,</strong></span> <span class='ocrx_word' id='word_1_174' title='bbox 2686 1307 2919 1376; x_wconf 91' lang='lat' dir='ltr'>quoties</span> <span class='ocrx_word' id='word_1_175' title='bbox 2951 1309 3261 1365; x_wconf 89' lang='lat' dir='ltr'><strong>duodecim</strong></span> <span class='ocrx_word' id='word_1_176' title='bbox 3292 1311 3438 1367; x_wconf 86' lang='lat' dir='ltr'>fiunt</span> <span class='ocrx_word' id='word_1_177' title='bbox 3466 1312 3585 1368; x_wconf 91' lang='lat' dir='ltr'>lec-</span> 
     </span>
    </p>
   </div>
   <div class='ocr_carea' id='block_1_20' title="bbox 1922 1386 3585 1467">
    <p class='ocr_par' dir='ltr' id='par_1_20' title="bbox 1922 1386 3585 1467">
     <span class='ocr_line' id='line_1_20' title="bbox 1922 1386 3585 1467; baseline 0.011 -27"><span class='ocrx_word' id='word_1_178' title='bbox 1922 1386 2136 1453; x_wconf 87' lang='lat' dir='ltr'><strong>tiones,</strong></span> <span class='ocrx_word' id='word_1_179' title='bbox 2171 1389 2537 1445; x_wconf 85' lang='lat' dir='ltr'><strong>abstinemus</strong></span> <span class='ocrx_word' id='word_1_180' title='bbox 2571 1392 2643 1447; x_wconf 91' lang='lat' dir='ltr'>ab</span> <span class='ocrx_word' id='word_1_181' title='bbox 2674 1394 2883 1467; x_wconf 84' lang='lat' dir='ltr'>adipe;</span> <span class='ocrx_word' id='word_1_182' title='bbox 2934 1398 3170 1455; x_wconf 90' lang='lat' dir='ltr'>minime</span> <span class='ocrx_word' id='word_1_183' title='bbox 3214 1402 3409 1456; x_wconf 88' lang='lat' dir='ltr'>tamen</span> <span class='ocrx_word' id='word_1_184' title='bbox 3441 1416 3585 1456; x_wconf 85' lang='lat' dir='ltr'>can-</span> 
     </span>
    </p>
   </div>
   <div class='ocr_carea' id='block_1_21' title="bbox 1925 1477 3583 1558">
    <p class='ocr_par' dir='ltr' id='par_1_21' title="bbox 1925 1477 3583 1558">
     <span class='ocr_line' id='line_1_21' title="bbox 1925 1477 3583 1558; baseline 0.011 -30"><span class='ocrx_word' id='word_1_185' title='bbox 1925 1477 2097 1546; x_wconf 84' lang='lat' dir='ltr'><strong>tatur,</strong></span> <span class='ocrx_word' id='word_1_186' title='bbox 2135 1477 2337 1533; x_wconf 79' lang='lat' dir='ltr'><strong>Gloria</strong></span> <span class='ocrx_word' id='word_1_187' title='bbox 2359 1479 2421 1532; x_wconf 89' lang='lat' dir='ltr'>in</span> <span class='ocrx_word' id='word_1_188' title='bbox 2453 1481 2730 1553; x_wconf 81' lang='lat' dir='ltr'><strong>excelsis,</strong></span> <span class='ocrx_word' id='word_1_189' title='bbox 2765 1501 3099 1558; x_wconf 89' lang='lat' dir='ltr'>quanquam</span> <span class='ocrx_word' id='word_1_190' title='bbox 3120 1489 3267 1543; x_wconf 89' lang='lat' dir='ltr'>alias</span> <span class='ocrx_word' id='word_1_191' title='bbox 3298 1490 3491 1545; x_wconf 81' lang='lat' dir='ltr'>Natali</span> <span class='ocrx_word' id='word_1_192' title='bbox 3521 1490 3583 1545; x_wconf 90' lang='lat' dir='ltr'>S.</span> 
     </span>
    </p>
   </div>
   <div class='ocr_carea' id='block_1_22' title="bbox 1922 1565 3588 1650">
    <p class='ocr_par' dir='ltr' id='par_1_22' title="bbox 1922 1565 3588 1650">
     <span class='ocr_line' id='line_1_22' title="bbox 1922 1565 3588 1650; baseline 0.009 -32"><span class='ocrx_word' id='word_1_193' title='bbox 1922 1565 2176 1620; x_wconf 87' lang='lat' dir='ltr'>Andreae</span> <span class='ocrx_word' id='word_1_194' title='bbox 2210 1568 2462 1636; x_wconf 90' lang='lat' dir='ltr'>apostoli</span> <span class='ocrx_word' id='word_1_195' title='bbox 2500 1573 2723 1626; x_wconf 89' lang='lat' dir='ltr'>tantum</span> <span class='ocrx_word' id='word_1_196' title='bbox 2761 1573 3089 1647; x_wconf 86' lang='lat' dir='ltr'>deferatur,</span> <span class='ocrx_word' id='word_1_197' title='bbox 3122 1581 3183 1633; x_wconf 90' lang='lat' dir='ltr'><strong>ut</strong></span> <span class='ocrx_word' id='word_1_198' title='bbox 3215 1577 3348 1650; x_wconf 83' lang='lat' dir='ltr'>ejus</span> <span class='ocrx_word' id='word_1_199' title='bbox 3381 1582 3588 1635; x_wconf 88' lang='lat' dir='ltr'>octava</span> 
     </span>
    </p>
   </div>
   <div class='ocr_carea' id='block_1_23' title="bbox 1924 1653 3585 1738">
    <p class='ocr_par' dir='ltr' id='par_1_23' title="bbox 1924 1653 3585 1738">
     <span class='ocr_line' id='line_1_23' title="bbox 1924 1653 3585 1738; baseline 0.008 -31"><span class='ocrx_word' id='word_1_200' title='bbox 1924 1653 2053 1709; x_wconf 91' lang='lat' dir='ltr'>dies</span> <span class='ocrx_word' id='word_1_201' title='bbox 2085 1656 2258 1725; x_wconf 89' lang='lat' dir='ltr'>pleno</span> <span class='ocrx_word' id='word_1_202' title='bbox 2280 1672 2387 1727; x_wconf 91' lang='lat' dir='ltr'>per</span> <span class='ocrx_word' id='word_1_203' title='bbox 2414 1660 2609 1714; x_wconf 89' lang='lat' dir='ltr'>omnia</span> <span class='ocrx_word' id='word_1_204' title='bbox 2639 1662 2974 1718; x_wconf 86' lang='lat' dir='ltr'><strong>celebretur</strong></span> <span class='ocrx_word' id='word_1_205' title='bbox 2996 1666 3213 1723; x_wconf 81' lang='lat' dir='ltr'>officio.</span> <span class='ocrx_word' id='word_1_206' title='bbox 3235 1668 3325 1722; x_wconf 89' lang='lat' dir='ltr'>Ad</span> <span class='ocrx_word' id='word_1_207' title='bbox 3337 1669 3585 1738; x_wconf 90' lang='lat' dir='ltr'>primam</span> 
     </span>
    </p>
   </div>
   <div class='ocr_carea' id='block_1_24' title="bbox 1924 1743 3586 1828">
    <p class='ocr_par' dir='ltr' id='par_1_24' title="bbox 1924 1743 3586 1828">
     <span class='ocr_line' id='line_1_24' title="bbox 1924 1743 3586 1828; baseline 0.01 -33"><span class='ocrx_word' id='word_1_208' title='bbox 1924 1743 2239 1811; x_wconf 89' lang='lat' dir='ltr'>capitulum</span> <span class='ocrx_word' id='word_1_209' title='bbox 2269 1748 2546 1817; x_wconf 89' lang='lat' dir='ltr'><strong>mutatur,</strong></span> <span class='ocrx_word' id='word_1_210' title='bbox 2574 1747 2730 1803; x_wconf 88' lang='lat' dir='ltr'>sicut</span> <span class='ocrx_word' id='word_1_211' title='bbox 2750 1752 2923 1806; x_wconf 90' lang='lat' dir='ltr'>etiam</span> <span class='ocrx_word' id='word_1_212' title='bbox 2946 1752 3004 1806; x_wconf 92' lang='lat' dir='ltr'>in</span> <span class='ocrx_word' id='word_1_213' title='bbox 3034 1754 3504 1828; x_wconf 83' lang='lat' dir='ltr'>Septuagesima,</span> <span class='ocrx_word' id='word_1_214' title='bbox 3522 1760 3586 1811; x_wconf 90' lang='lat' dir='ltr'>ut</span> 
     </span>
    </p>
   </div>
   <div class='ocr_carea' id='block_1_25' title="bbox 176 1801 1808 1914">
    <p class='ocr_par' dir='ltr' id='par_1_25' title="bbox 176 1801 1808 1914">
     <span class='ocr_line' id='line_1_25' title="bbox 176 1801 1808 1877; baseline -0.003 -18"><span class='ocrx_word' id='word_1_215' title='bbox 176 1806 553 1876; x_wconf 86' lang='lat' dir='ltr'>impendenda.</span> <span class='ocrx_word' id='word_1_216' title='bbox 596 1805 668 1861; x_wconf 88' lang='lat' dir='ltr'>Et</span> <span class='ocrx_word' id='word_1_217' title='bbox 713 1807 851 1877; x_wconf 82' lang='lat' dir='ltr'>quia</span> <span class='ocrx_word' id='word_1_218' title='bbox 899 1805 1145 1860; x_wconf 84' lang='lat' dir='ltr'>refectio</span> <span class='ocrx_word' id='word_1_219' title='bbox 1184 1807 1390 1859; x_wconf 88' lang='lat' dir='ltr'>nostra</span> <span class='ocrx_word' id='word_1_220' title='bbox 1434 1818 1552 1858; x_wconf 92' lang='lat' dir='ltr'>non</span> <span class='ocrx_word' id='word_1_221' title='bbox 1589 1801 1808 1873; x_wconf 78' lang='lat' dir='ltr'>injuria</span> 
     </span>
     <span class='ocr_line' id='line_1_26' title="bbox 181 1895 1808 1914; baseline -0.003 -1"><span class='ocrx_word' id='word_1_222' title='bbox 527 1896 766 1914; x_wconf 38' lang='grc' dir='ltr'>μηιμ,</span> <span class='ocrx_word' id='word_1_223' title='bbox 817 1910 1015 1914; x_wconf 36' lang='lat' dir='ltr'>___u_-</span> <span class='ocrx_word' id='word_1_224' title='bbox 1073 1896 1307 1914; x_wconf 51' lang='grc' dir='ltr'>--μιη</span> <span class='ocrx_word' id='word_1_225' title='bbox 1357 1909 1521 1914; x_wconf 46' lang='grc' dir='ltr'>μ-,μ</span> <span class='ocrx_word' id='word_1_226' title='bbox 1573 1895 1808 1914; x_wconf 59' lang='lat'>__-_.,_</span> 
     </span>
    </p>
   </div>
   <div class='ocr_carea' id='block_1_26' title="bbox 2005 1801 3584 1914">
    <p class='ocr_par' dir='ltr' id='par_1_26' title="bbox 2005 1801 3584 1914">
     <span class='ocr_line' id='line_1_27' title="bbox 2005 1801 3584 1824; baseline 0.01 -13"><span class='ocrx_word' id='word_1_227' title='bbox 2005 1801 2014 1811; x_wconf 68' lang='grc' dir='ltr'>ι</span> <span class='ocrx_word' id='word_1_228' title='bbox 2534 1801 2546 1817; x_wconf 88' lang='grc'><strong><em>1</em></strong></span> <span class='ocrx_word' id='word_1_229' title='bbox 2589 1801 2592 1802; x_wconf 64' lang='grc'>⁷</span> <span class='ocrx_word' id='word_1_230' title='bbox 2643 1801 2654 1803; x_wconf 93' lang='grc'>⁷</span> <span class='ocrx_word' id='word_1_231' title='bbox 2678 1801 2726 1803; x_wconf 88' lang='grc'>⁷⁷⁷</span> <span class='ocrx_word' id='word_1_232' title='bbox 2756 1801 2923 1806; x_wconf 66' lang='grc'><strong>⁷⁷⁷⁷⁷⁷⁷-</strong></span> <span class='ocrx_word' id='word_1_233' title='bbox 2946 1801 3004 1806; x_wconf 86' lang='grc'><strong><em>““’“</em></strong></span> <span class='ocrx_word' id='word_1_234' title='bbox 3035 1801 3249 1824; x_wconf 44' lang='grc'>*⁷1⁸⁷⁸⁵⁸⁸</span> <span class='ocrx_word' id='word_1_235' title='bbox 3300 1801 3484 1811; x_wconf 63' lang='grc' dir='ltr'>ν⁹⁶⁸⁸⁸ν⁵</span> <span class='ocrx_word' id='word_1_236' title='bbox 3527 1801 3584 1811; x_wconf 59' lang='grc'>⁸⁵⁷</span> 
     </span>
     <span class='ocr_line' id='line_1_28' title="bbox 2005 1801 3584 1914; baseline 0.01 -29"><span class='ocrx_word' id='word_1_237' title='bbox 2005 1847 2030 1886; x_wconf 85' lang='lat' dir='ltr'><strong>o</strong></span> <span class='ocrx_word' id='word_1_238' title='bbox 2052 1832 2207 1904; x_wconf 81' lang='lat' dir='ltr'>Regi</span> <span class='ocrx_word' id='word_1_239' title='bbox 2237 1839 2429 1889; x_wconf 75' lang='lat' dir='ltr'>autem</span> <span class='ocrx_word' id='word_1_240' title='bbox 2460 1837 2812 1893; x_wconf 69' lang='lat' dir='ltr'>saeculorum</span> <span class='ocrx_word' id='word_1_241' title='bbox 2843 1840 3070 1897; x_wconf 88' lang='lat' dir='ltr'><strong>dicatur</strong></span> <span class='ocrx_word' id='word_1_242' title='bbox 3098 1801 3367 1914; x_wconf 56' lang='lat'>00122316,</span> <span class='ocrx_word' id='word_1_243' title='bbox 3398 1801 3584 1901; x_wconf 72' lang='lat' dir='ltr'>mise-</span> 
     </span>
    </p>
   </div>
   <div class='ocr_carea' id='block_1_27' title="bbox 181 1895 1815 1966">
    <p class='ocr_par' dir='ltr' id='par_1_27' title="bbox 181 1895 1815 1966">
     <span class='ocr_line' id='line_1_29' title="bbox 181 1895 1815 1966; baseline -0.002 -18"><span class='ocrx_word' id='word_1_244' title='bbox 181 1895 367 1950; x_wconf 86' lang='lat' dir='ltr'>lautior</span> <span class='ocrx_word' id='word_1_245' title='bbox 395 1899 484 1950; x_wconf 91' lang='lat' dir='ltr'>est</span> <span class='ocrx_word' id='word_1_246' title='bbox 526 1896 770 1966; x_wconf 84' lang='lat' dir='ltr'>propter</span> <span class='ocrx_word' id='word_1_247' title='bbox 809 1910 1018 1949; x_wconf 89' lang='lat' dir='ltr'>omnes</span> <span class='ocrx_word' id='word_1_248' title='bbox 1069 1896 1310 1948; x_wconf 91' lang='lat' dir='ltr'>sanctos</span> <span class='ocrx_word' id='word_1_249' title='bbox 1352 1909 1526 1964; x_wconf 89' lang='lat' dir='ltr'>quam</span> <span class='ocrx_word' id='word_1_250' title='bbox 1573 1895 1815 1961; x_wconf 89' lang='lat' dir='ltr'>propter</span> 
     </span>
    </p>
   </div>
   <div class='ocr_carea' id='block_1_28' title="bbox 175 1980 1812 2054">
    <p class='ocr_par' dir='ltr' id='par_1_28' title="bbox 175 1980 1812 2054">
     <span class='ocr_line' id='line_1_30' title="bbox 175 1980 1812 2054; baseline -0.003 -15"><span class='ocrx_word' id='word_1_251' title='bbox 175 2000 350 2039; x_wconf 88' lang='lat' dir='ltr'>omnes</span> <span class='ocrx_word' id='word_1_252' title='bbox 369 1984 580 2039; x_wconf 81' lang='lat' dir='ltr'>ﬁdeles</span> <span class='ocrx_word' id='word_1_253' title='bbox 600 1984 934 2054; x_wconf 72' lang='lat' dir='ltr'>defunctos,</span> <span class='ocrx_word' id='word_1_254' title='bbox 968 1983 1027 2037; x_wconf 92' lang='lat' dir='ltr'>in</span> <span class='ocrx_word' id='word_1_255' title='bbox 1048 1982 1175 2052; x_wconf 88' lang='lat' dir='ltr'>ipsa</span> <span class='ocrx_word' id='word_1_256' title='bbox 1202 1982 1516 2037; x_wconf 87' lang='lat' dir='ltr'>festivitate</span> <span class='ocrx_word' id='word_1_257' title='bbox 1540 1980 1812 2035; x_wconf 88' lang='lat' dir='ltr'>Omnium</span> 
     </span>
    </p>
   </div>
   <div class='ocr_carea' id='block_1_29' title="bbox 176 2070 1812 2144">
    <p class='ocr_par' dir='ltr' id='par_1_29' title="bbox 176 2070 1812 2144">
     <span class='ocr_line' id='line_1_31' title="bbox 176 2070 1812 2144; baseline -0.003 -17"><span class='ocrx_word' id='word_1_258' title='bbox 176 2071 505 2128; x_wconf 84' lang='lat' dir='ltr'>Sanctorum</span> <span class='ocrx_word' id='word_1_259' title='bbox 540 2072 825 2144; x_wconf 89' lang='lat' dir='ltr'><strong>quidquid</strong></span> <span class='ocrx_word' id='word_1_260' title='bbox 853 2072 1024 2142; x_wconf 90' lang='lat' dir='ltr'>panis</span> <span class='ocrx_word' id='word_1_261' title='bbox 1047 2075 1103 2126; x_wconf 90' lang='lat' dir='ltr'>et</span> <span class='ocrx_word' id='word_1_262' title='bbox 1124 2072 1243 2125; x_wconf 91' lang='lat' dir='ltr'>vini</span> <span class='ocrx_word' id='word_1_263' title='bbox 1264 2072 1540 2141; x_wconf 90' lang='lat' dir='ltr'>superest</span> <span class='ocrx_word' id='word_1_264' title='bbox 1560 2070 1631 2123; x_wconf 89' lang='lat' dir='ltr'>ad</span> <span class='ocrx_word' id='word_1_265' title='bbox 1653 2084 1812 2123; x_wconf 91' lang='lat' dir='ltr'>men-</span> 
     </span>
    </p>
   </div>
   <div class='ocr_carea' id='block_1_30' title="bbox 173 2158 1814 2232">
    <p class='ocr_par' dir='ltr' id='par_1_30' title="bbox 173 2158 1814 2232">
     <span class='ocr_line' id='line_1_32' title="bbox 173 2158 1814 2232; baseline -0.002 -15"><span class='ocrx_word' id='word_1_266' title='bbox 173 2179 279 2216; x_wconf 85' lang='lat' dir='ltr'>sam</span> <span class='ocrx_word' id='word_1_267' title='bbox 305 2163 373 2217; x_wconf 80' lang='lat' dir='ltr'>ad</span> <span class='ocrx_word' id='word_1_268' title='bbox 401 2163 845 2232; x_wconf 75' lang='lat' dir='ltr'>eleemosynam</span> <span class='ocrx_word' id='word_1_269' title='bbox 874 2162 1064 2215; x_wconf 90' lang='lat' dir='ltr'>datur.</span> <span class='ocrx_word' id='word_1_270' title='bbox 1090 2161 1175 2214; x_wconf 90' lang='lat' dir='ltr'>De</span> <span class='ocrx_word' id='word_1_271' title='bbox 1206 2160 1318 2215; x_wconf 91' lang='lat' dir='ltr'>hoc</span> <span class='ocrx_word' id='word_1_272' title='bbox 1348 2158 1669 2229; x_wconf 86' lang='lat' dir='ltr'>exemplari</span> <span class='ocrx_word' id='word_1_273' title='bbox 1691 2161 1814 2213; x_wconf 88' lang='lat' dir='ltr'>tra-</span> 
     </span>
    </p>
   </div>
   <div class='ocr_carea' id='block_1_31' title="bbox 172 2245 1809 2319">
    <p class='ocr_par' dir='ltr' id='par_1_31' title="bbox 172 2245 1809 2319">
     <span class='ocr_line' id='line_1_33' title="bbox 172 2245 1809 2319; baseline -0.003 -15"><span class='ocrx_word' id='word_1_274' title='bbox 172 2250 306 2304; x_wconf 76' lang='lat' dir='ltr'>xitet</span> <span class='ocrx_word' id='word_1_275' title='bbox 333 2251 501 2305; x_wconf 91' lang='lat' dir='ltr'><strong>modo</strong></span> <span class='ocrx_word' id='word_1_276' title='bbox 537 2250 792 2304; x_wconf 91' lang='lat' dir='ltr'><strong>domnus</strong></span> <span class='ocrx_word' id='word_1_277' title='bbox 825 2248 1016 2303; x_wconf 85' lang='lat' dir='ltr'>abbas</span> <span class='ocrx_word' id='word_1_278' title='bbox 1056 2247 1236 2319; x_wconf 85' lang='lat' dir='ltr'>(quod</span> <span class='ocrx_word' id='word_1_279' title='bbox 1268 2245 1395 2318; x_wconf 86' lang='lat' dir='ltr'>jam</span> <span class='ocrx_word' id='word_1_280' title='bbox 1426 2246 1485 2300; x_wconf 91' lang='lat' dir='ltr'>in</span> <span class='ocrx_word' id='word_1_281' title='bbox 1515 2246 1627 2300; x_wconf 91' lang='lat' dir='ltr'>alio</span> <span class='ocrx_word' id='word_1_282' title='bbox 1658 2246 1809 2315; x_wconf 91' lang='lat' dir='ltr'>loco,</span> 
     </span>
    </p>
   </div>
   <div class='ocr_carea' id='block_1_32' title="bbox 171 2335 1814 2409">
    <p class='ocr_par' dir='ltr' id='par_1_32' title="bbox 171 2335 1814 2409">
     <span class='ocr_line' id='line_1_34' title="bbox 171 2335 1814 2409; baseline -0.003 -17"><span class='ocrx_word' id='word_1_283' title='bbox 171 2338 214 2392; x_wconf 90' lang='lat' dir='ltr'>si</span> <span class='ocrx_word' id='word_1_284' title='bbox 238 2339 589 2409; x_wconf 89' lang='lat' dir='ltr'><strong>memineris,</strong></span> <span class='ocrx_word' id='word_1_285' title='bbox 624 2337 1003 2406; x_wconf 83' lang='lat' dir='ltr'>memoravi),</span> <span class='ocrx_word' id='word_1_286' title='bbox 1043 2340 1105 2391; x_wconf 91' lang='lat' dir='ltr'>ut</span> <span class='ocrx_word' id='word_1_287' title='bbox 1144 2339 1283 2406; x_wconf 89' lang='lat' dir='ltr'>post</span> <span class='ocrx_word' id='word_1_288' title='bbox 1326 2339 1567 2391; x_wconf 88' lang='lat' dir='ltr'>octavas</span> <span class='ocrx_word' id='word_1_289' title='bbox 1596 2335 1814 2389; x_wconf 89' lang='lat' dir='ltr'>Pente-</span> 
     </span>
    </p>
   </div>
   <div class='ocr_carea' id='block_1_33' title="bbox 170 2423 1814 2498">
    <p class='ocr_par' dir='ltr' id='par_1_33' title="bbox 170 2423 1814 2498">
     <span class='ocr_line' id='line_1_35' title="bbox 170 2423 1814 2498; baseline -0.002 -17"><span class='ocrx_word' id='word_1_290' title='bbox 170 2432 340 2482; x_wconf 87' lang='lat' dir='ltr'>costes</span> <span class='ocrx_word' id='word_1_291' title='bbox 368 2427 654 2498; x_wconf 87' lang='lat' dir='ltr'>specialis</span> <span class='ocrx_word' id='word_1_292' title='bbox 690 2425 1022 2481; x_wconf 88' lang='lat' dir='ltr'><strong>recordatio</strong></span> <span class='ocrx_word' id='word_1_293' title='bbox 1065 2425 1164 2478; x_wconf 88' lang='lat' dir='ltr'>fiat</span> <span class='ocrx_word' id='word_1_294' title='bbox 1194 2424 1428 2479; x_wconf 93' lang='lat' dir='ltr'>illorum</span> <span class='ocrx_word' id='word_1_295' title='bbox 1459 2424 1518 2478; x_wconf 91' lang='lat' dir='ltr'>in</span> <span class='ocrx_word' id='word_1_296' title='bbox 1549 2423 1814 2495; x_wconf 88' lang='lat' dir='ltr'>quolibet</span> 
     </span>
    </p>
   </div>
   <div class='ocr_carea' id='block_1_34' title="bbox 168 2512 1514 2587">
    <p class='ocr_par' dir='ltr' id='par_1_34' title="bbox 168 2512 1514 2587">
     <span class='ocr_line' id='line_1_36' title="bbox 168 2512 1514 2587; baseline -0.002 -17"><span class='ocrx_word' id='word_1_297' title='bbox 168 2515 277 2571; x_wconf 92' lang='lat' dir='ltr'>loco</span> <span class='ocrx_word' id='word_1_298' title='bbox 304 2519 528 2587; x_wconf 88' lang='lat' dir='ltr'><strong>nostro,</strong></span> <span class='ocrx_word' id='word_1_299' title='bbox 565 2516 665 2587; x_wconf 89' lang='lat' dir='ltr'>qui</span> <span class='ocrx_word' id='word_1_300' title='bbox 695 2516 754 2569; x_wconf 93' lang='lat' dir='ltr'><strong>in</strong></span> <span class='ocrx_word' id='word_1_301' title='bbox 784 2516 919 2585; x_wconf 90' lang='lat' dir='ltr'>ipso</span> <span class='ocrx_word' id='word_1_302' title='bbox 950 2514 1080 2568; x_wconf 93' lang='lat' dir='ltr'>loco</span> <span class='ocrx_word' id='word_1_303' title='bbox 1111 2515 1250 2567; x_wconf 90' lang='lat' dir='ltr'>sunt</span> <span class='ocrx_word' id='word_1_304' title='bbox 1280 2512 1514 2583; x_wconf 88' lang='lat' dir='ltr'>sepulti.</span> 
     </span>
    </p>
   </div>
   <div class='ocr_carea' id='block_1_35' title="bbox 714 2602 1221 2659">
    <p class='ocr_par' dir='ltr' id='par_1_35' title="bbox 714 2602 1221 2659">
     <span class='ocr_line' id='line_1_37' title="bbox 714 2602 1221 2659; baseline -0.004 0"><span class='ocrx_word' id='word_1_305' title='bbox 714 2604 966 2659; x_wconf 73' lang='lat' dir='ltr'>CAPUT</span> <span class='ocrx_word' id='word_1_306' title='bbox 1014 2602 1221 2657; x_wconf 85' lang='lat' dir='ltr'>XLIII.</span> 
     </span>
    </p>
   </div>
   <div class='ocr_carea' id='block_1_36' title="bbox 169 2689 1816 2761">
    <p class='ocr_par' dir='ltr' id='par_1_36' title="bbox 169 2689 1816 2761">
     <span class='ocr_line' id='line_1_38' title="bbox 169 2689 1816 2761; baseline -0.003 -12"><span class='ocrx_word' id='word_1_307' title='bbox 169 2695 243 2751; x_wconf 86' lang='lat' dir='ltr'>De</span> <span class='ocrx_word' id='word_1_308' title='bbox 274 2695 609 2752; x_wconf 78' lang='lat' dir='ltr'>festivitate</span> <span class='ocrx_word' id='word_1_309' title='bbox 639 2694 834 2749; x_wconf 83' lang='lat' dir='ltr'>sancti</span> <span class='ocrx_word' id='word_1_310' title='bbox 871 2692 1147 2761; x_wconf 82' lang='lat' dir='ltr'>Martini,</span> <span class='ocrx_word' id='word_1_311' title='bbox 1185 2696 1245 2746; x_wconf 84' lang='lat' dir='ltr'>et</span> <span class='ocrx_word' id='word_1_312' title='bbox 1288 2689 1816 2747; x_wconf 78' lang='lat' dir='ltr'>consuetudinibus</span> 
     </span>
    </p>
   </div>
   <div class='ocr_carea' id='block_1_37' title="bbox 623 2763 1312 2838">
    <p class='ocr_par' dir='ltr' id='par_1_37' title="bbox 623 2763 1312 2838">
     <span class='ocr_line' id='line_1_39' title="bbox 623 2763 1312 2838; baseline -0.006 -18"><span class='ocrx_word' id='word_1_313' title='bbox 623 2782 747 2838; x_wconf 67' lang='lat' dir='ltr'>quae</span> <span class='ocrx_word' id='word_1_314' title='bbox 779 2774 915 2819; x_wconf 85' lang='lat' dir='ltr'>tunc</span> <span class='ocrx_word' id='word_1_315' title='bbox 940 2763 1312 2823; x_wconf 79' lang='lat' dir='ltr'>inchoantur.</span> 
     </span>
    </p>
   </div>
   <div class='ocr_carea' id='block_1_38' title="bbox 229 2851 1816 2921">
    <p class='ocr_par' dir='ltr' id='par_1_38' title="bbox 229 2851 1816 2921">
     <span class='ocr_line' id='line_1_40' title="bbox 229 2851 1816 2921; baseline -0.004 -11"><span class='ocrx_word' id='word_1_316' title='bbox 229 2855 378 2921; x_wconf 90' lang='lat' dir='ltr'>Quod</span> <span class='ocrx_word' id='word_1_317' title='bbox 408 2855 798 2911; x_wconf 83' lang='lat' dir='ltr'>festivitatem</span> <span class='ocrx_word' id='word_1_318' title='bbox 842 2853 904 2908; x_wconf 91' lang='lat' dir='ltr'>S.</span> <span class='ocrx_word' id='word_1_319' title='bbox 958 2852 1189 2907; x_wconf 87' lang='lat' dir='ltr'>Martini</span> <span class='ocrx_word' id='word_1_320' title='bbox 1234 2868 1366 2907; x_wconf 92' lang='lat' dir='ltr'>cum</span> <span class='ocrx_word' id='word_1_321' title='bbox 1407 2853 1632 2907; x_wconf 87' lang='lat' dir='ltr'>octavis</span> <span class='ocrx_word' id='word_1_322' title='bbox 1664 2851 1816 2906; x_wconf 88' lang='lat' dir='ltr'>cele-</span> 
     </span>
    </p>
   </div>
   <div class='ocr_carea' id='block_1_39' title="bbox 171 2941 1816 3015">
    <p class='ocr_par' dir='ltr' id='par_1_39' title="bbox 171 2941 1816 3015">
     <span class='ocr_line' id='line_1_41' title="bbox 171 2941 1816 3015; baseline -0.002 -17"><span class='ocrx_word' id='word_1_323' title='bbox 171 2944 403 3015; x_wconf 86' lang='lat' dir='ltr'>bramus,</span> <span class='ocrx_word' id='word_1_324' title='bbox 436 2945 558 3000; x_wconf 89' lang='lat' dir='ltr'>hoc</span> <span class='ocrx_word' id='word_1_325' title='bbox 608 2942 906 3014; x_wconf 90' lang='lat' dir='ltr'>processit</span> <span class='ocrx_word' id='word_1_326' title='bbox 945 2957 978 2995; x_wconf 90' lang='lat' dir='ltr'>a</span> <span class='ocrx_word' id='word_1_327' title='bbox 1010 2943 1200 3012; x_wconf 90' lang='lat' dir='ltr'>primo</span> <span class='ocrx_word' id='word_1_328' title='bbox 1237 2941 1352 2997; x_wconf 94' lang='lat' dir='ltr'>loci</span> <span class='ocrx_word' id='word_1_329' title='bbox 1383 2942 1572 2996; x_wconf 87' lang='lat' dir='ltr'>nostri</span> <span class='ocrx_word' id='word_1_330' title='bbox 1607 2941 1816 2995; x_wconf 87' lang='lat' dir='ltr'>abbate</span> 
     </span>
    </p>
   </div>
   <div class='ocr_carea' id='block_1_40' title="bbox 171 3030 1817 3103">
    <p class='ocr_par' dir='ltr' id='par_1_40' title="bbox 171 3030 1817 3103">
     <span class='ocr_line' id='line_1_42' title="bbox 171 3030 1817 3103; baseline -0.002 -17"><span class='ocrx_word' id='word_1_331' title='bbox 171 3035 398 3103; x_wconf 90' lang='lat' dir='ltr'>proprio,</span> <span class='ocrx_word' id='word_1_332' title='bbox 424 3034 665 3088; x_wconf 89' lang='lat' dir='ltr'>scilicet</span> <span class='ocrx_word' id='word_1_333' title='bbox 696 3032 933 3086; x_wconf 90' lang='lat' dir='ltr'><strong>domino</strong></span> <span class='ocrx_word' id='word_1_334' title='bbox 964 3030 1185 3098; x_wconf 90' lang='lat' dir='ltr'><strong>Odone,</strong></span> <span class='ocrx_word' id='word_1_335' title='bbox 1219 3031 1320 3101; x_wconf 93' lang='lat' dir='ltr'>qui</span> <span class='ocrx_word' id='word_1_336' title='bbox 1342 3030 1599 3084; x_wconf 89' lang='lat' dir='ltr'><strong>Turonis</strong></span> <span class='ocrx_word' id='word_1_337' title='bbox 1621 3030 1817 3084; x_wconf 89' lang='lat' dir='ltr'>oriun-</span> 
     </span>
    </p>
   </div>
   <div class='ocr_carea' id='block_1_41' title="bbox 170 3119 1804 3190">
    <p class='ocr_par' dir='ltr' id='par_1_41' title="bbox 170 3119 1804 3190">
     <span class='ocr_line' id='line_1_43' title="bbox 170 3119 1804 3190; baseline -0.001 -17"><span class='ocrx_word' id='word_1_338' title='bbox 170 3121 262 3176; x_wconf 90' lang='lat' dir='ltr'>dus</span> <span class='ocrx_word' id='word_1_339' title='bbox 276 3122 331 3177; x_wconf 94' lang='lat' dir='ltr'>S.</span> <span class='ocrx_word' id='word_1_340' title='bbox 364 3122 603 3177; x_wconf 88' lang='lat' dir='ltr'>Martini</span> <span class='ocrx_word' id='word_1_341' title='bbox 632 3122 927 3190; x_wconf 89' lang='lat' dir='ltr'>alumnus,</span> <span class='ocrx_word' id='word_1_342' title='bbox 966 3123 1022 3174; x_wconf 92' lang='lat' dir='ltr'>et</span> <span class='ocrx_word' id='word_1_343' title='bbox 1052 3120 1374 3174; x_wconf 88' lang='lat' dir='ltr'>canonicus</span> <span class='ocrx_word' id='word_1_344' title='bbox 1407 3122 1530 3173; x_wconf 87' lang='lat' dir='ltr'>erat</span> <span class='ocrx_word' id='word_1_345' title='bbox 1559 3119 1804 3183; x_wconf 88' lang='lat' dir='ltr'>ibidem;</span> 
     </span>
    </p>
   </div>
   <div class='ocr_carea' id='block_1_42' title="bbox 172 3207 1613 3283">
    <p class='ocr_par' dir='ltr' id='par_1_42' title="bbox 172 3207 1613 3283">
     <span class='ocr_line' id='line_1_44' title="bbox 172 3207 1613 3283; baseline -0.001 -21"><span class='ocrx_word' id='word_1_346' title='bbox 172 3211 301 3265; x_wconf 88' lang='lat' dir='ltr'><strong>unde</strong></span> <span class='ocrx_word' id='word_1_347' title='bbox 347 3212 706 3283; x_wconf 87' lang='lat' dir='ltr'>antiphonas</span> <span class='ocrx_word' id='word_1_348' title='bbox 763 3226 881 3264; x_wconf 92' lang='lat' dir='ltr'>non</span> <span class='ocrx_word' id='word_1_349' title='bbox 923 3208 1213 3279; x_wconf 85' lang='lat' dir='ltr'>antiquas,</span> <span class='ocrx_word' id='word_1_350' title='bbox 1250 3207 1358 3262; x_wconf 91' lang='lat' dir='ltr'>sed</span> <span class='ocrx_word' id='word_1_351' title='bbox 1405 3223 1613 3277; x_wconf 90' lang='lat' dir='ltr'>novas,</span> 
     </span>
    </p>
   </div>
   <div class='ocr_carea' id='block_1_43' title="bbox 170 3296 1817 3366">
    <p class='ocr_par' dir='ltr' id='par_1_43' title="bbox 170 3296 1817 3366">
     <span class='ocr_line' id='line_1_45' title="bbox 170 3296 1817 3366; baseline -0.002 -13"><span class='ocrx_word' id='word_1_352' title='bbox 170 3299 318 3355; x_wconf 88' lang='lat' dir='ltr'><strong>modo</strong></span> <span class='ocrx_word' id='word_1_353' title='bbox 361 3308 674 3356; x_wconf 86' lang='lat' dir='ltr'>cantamus</span> <span class='ocrx_word' id='word_1_354' title='bbox 721 3299 780 3353; x_wconf 90' lang='lat' dir='ltr'><strong>in</strong></span> <span class='ocrx_word' id='word_1_355' title='bbox 812 3298 1191 3366; x_wconf 89' lang='lat' dir='ltr'>Depositione</span> <span class='ocrx_word' id='word_1_356' title='bbox 1240 3296 1300 3351; x_wconf 88' lang='lat' dir='ltr'>S.</span> <span class='ocrx_word' id='word_1_357' title='bbox 1343 3296 1714 3351; x_wconf 87' lang='lat' dir='ltr'>confessoris</span> <span class='ocrx_word' id='word_1_358' title='bbox 1759 3298 1817 3350; x_wconf 90' lang='lat' dir='ltr'><strong>et</strong></span> 
     </span>
    </p>
   </div>
   <div class='ocr_carea' id='block_1_44' title="bbox 171 3384 1815 3460">
    <p class='ocr_par' dir='ltr' id='par_1_44' title="bbox 171 3384 1815 3460">
     <span class='ocr_line' id='line_1_46' title="bbox 171 3384 1815 3460; baseline -0.002 -19"><span class='ocrx_word' id='word_1_359' title='bbox 171 3390 427 3460; x_wconf 87' lang='lat' dir='ltr'>episcopi,</span> <span class='ocrx_word' id='word_1_360' title='bbox 454 3405 646 3460; x_wconf 89' lang='lat' dir='ltr'>super</span> <span class='ocrx_word' id='word_1_361' title='bbox 671 3390 996 3443; x_wconf 91' lang='lat' dir='ltr'>nocturnos</span> <span class='ocrx_word' id='word_1_362' title='bbox 1018 3386 1147 3456; x_wconf 88' lang='lat' dir='ltr'>ipse</span> <span class='ocrx_word' id='word_1_363' title='bbox 1178 3384 1336 3456; x_wconf 90' lang='lat' dir='ltr'>fecit,</span> <span class='ocrx_word' id='word_1_364' title='bbox 1362 3386 1489 3456; x_wconf 89' lang='lat' dir='ltr'>ipse</span> <span class='ocrx_word' id='word_1_365' title='bbox 1512 3385 1815 3456; x_wconf 77' lang='lat' dir='ltr'><strong>hymnum,</strong></span> 
     </span>
    </p>
   </div>
   <div class='ocr_carea' id='block_1_45' title="bbox 172 3473 1816 3550">
    <p class='ocr_par' dir='ltr' id='par_1_45' title="bbox 172 3473 1816 3550">
     <span class='ocr_line' id='line_1_47' title="bbox 172 3473 1816 3550; baseline -0.002 -21"><span class='ocrx_word' id='word_1_366' title='bbox 172 3477 280 3548; x_wconf 90' lang='lat' dir='ltr'>ipse</span> <span class='ocrx_word' id='word_1_367' title='bbox 313 3493 574 3550; x_wconf 85' lang='lat' dir='ltr'>quoque,</span> <span class='ocrx_word' id='word_1_368' title='bbox 610 3480 672 3531; x_wconf 93' lang='lat' dir='ltr'>ut</span> <span class='ocrx_word' id='word_1_369' title='bbox 700 3476 1083 3546; x_wconf 72' lang='lat' dir='ltr'>praemissum</span> <span class='ocrx_word' id='word_1_370' title='bbox 1114 3476 1224 3543; x_wconf 90' lang='lat' dir='ltr'>est,</span> <span class='ocrx_word' id='word_1_371' title='bbox 1260 3477 1499 3529; x_wconf 84' lang='lat' dir='ltr'>octavas</span> <span class='ocrx_word' id='word_1_372' title='bbox 1546 3489 1690 3527; x_wconf 88' lang='lat' dir='ltr'>suas</span> <span class='ocrx_word' id='word_1_373' title='bbox 1722 3473 1816 3526; x_wconf 89' lang='lat' dir='ltr'>in-</span> 
     </span>
    </p>
   </div>
   <div class='ocr_carea' id='block_1_46' title="bbox 172 3561 1814 3640">
    <p class='ocr_par' dir='ltr' id='par_1_46' title="bbox 172 3561 1814 3640">
     <span class='ocr_line' id='line_1_48' title="bbox 172 3561 1814 3640; baseline -0.003 -21"><span class='ocrx_word' id='word_1_374' title='bbox 172 3567 313 3622; x_wconf 75' lang='lat' dir='ltr'>dixit.</span> <span class='ocrx_word' id='word_1_375' title='bbox 344 3567 539 3640; x_wconf 86' lang='lat' dir='ltr'>Cujus</span> <span class='ocrx_word' id='word_1_376' title='bbox 566 3566 697 3620; x_wconf 86' lang='lat' dir='ltr'>Vita</span> <span class='ocrx_word' id='word_1_377' title='bbox 719 3580 853 3619; x_wconf 89' lang='lat' dir='ltr'>cum</span> <span class='ocrx_word' id='word_1_378' title='bbox 875 3564 952 3619; x_wconf 91' lang='lat' dir='ltr'><strong>sit</strong></span> <span class='ocrx_word' id='word_1_379' title='bbox 978 3563 1277 3618; x_wconf 90' lang='lat' dir='ltr'>luculento</span> <span class='ocrx_word' id='word_1_380' title='bbox 1297 3564 1447 3633; x_wconf 62' lang='lat' dir='ltr'>style</span> <span class='ocrx_word' id='word_1_381' title='bbox 1471 3561 1814 3631; x_wconf 85' lang='lat' dir='ltr'>composita,</span> 
     </span>
    </p>
   </div>
   <div class='ocr_carea' id='block_1_47' title="bbox 172 3651 1817 3729">
    <p class='ocr_par' dir='ltr' id='par_1_47' title="bbox 172 3651 1817 3729">
     <span class='ocr_line' id='line_1_49' title="bbox 172 3651 1817 3729; baseline -0.003 -21"><span class='ocrx_word' id='word_1_382' title='bbox 172 3660 218 3709; x_wconf 87' lang='lat' dir='ltr'>et</span> <span class='ocrx_word' id='word_1_383' title='bbox 246 3656 309 3711; x_wconf 88' lang='lat' dir='ltr'>de</span> <span class='ocrx_word' id='word_1_384' title='bbox 337 3657 489 3729; x_wconf 91' lang='lat' dir='ltr'>ipsis</span> <span class='ocrx_word' id='word_1_385' title='bbox 545 3655 695 3710; x_wconf 91' lang='lat' dir='ltr'>adeo</span> <span class='ocrx_word' id='word_1_386' title='bbox 724 3654 1043 3708; x_wconf 87' lang='lat' dir='ltr'>virtutibus</span> <span class='ocrx_word' id='word_1_387' title='bbox 1082 3651 1441 3706; x_wconf 89' lang='lat' dir='ltr'>admiranda.</span> <span class='ocrx_word' id='word_1_388' title='bbox 1474 3651 1577 3705; x_wconf 88' lang='lat' dir='ltr'>SS.</span> <span class='ocrx_word' id='word_1_389' title='bbox 1610 3652 1817 3704; x_wconf 87' lang='lat' dir='ltr'>Patres</span> 
     </span>
    </p>
   </div>
   <div class='ocr_carea' id='block_1_48' title="bbox 171 3730 1817 3815">
    <p class='ocr_par' dir='ltr' id='par_1_48' title="bbox 171 3730 1817 3815">
     <span class='ocr_line' id='line_1_50' title="bbox 171 3730 1817 3815; baseline -0.004 -17"><span class='ocrx_word' id='word_1_390' title='bbox 171 3746 355 3815; x_wconf 87' lang='lat' dir='ltr'>nostri,</span> <span class='ocrx_word' id='word_1_391' title='bbox 388 3747 554 3801; x_wconf 84' lang='lat' dir='ltr'>sicut</span> <span class='ocrx_word' id='word_1_392' title='bbox 583 3744 644 3799; x_wconf 94' lang='lat' dir='ltr'><strong>in</strong></span> <span class='ocrx_word' id='word_1_393' title='bbox 674 3730 1098 3813; x_wconf 81' lang='lat' dir='ltr'>Assumptione</span> <span class='ocrx_word' id='word_1_394' title='bbox 1122 3740 1182 3795; x_wconf 91' lang='lat' dir='ltr'>S.</span> <span class='ocrx_word' id='word_1_395' title='bbox 1204 3740 1424 3811; x_wconf 86' lang='lat' dir='ltr'>Mariae,</span> <span class='ocrx_word' id='word_1_396' title='bbox 1458 3740 1535 3794; x_wconf 89' lang='lat' dir='ltr'>ita</span> <span class='ocrx_word' id='word_1_397' title='bbox 1565 3739 1661 3793; x_wconf 89' lang='lat' dir='ltr'>hic</span> <span class='ocrx_word' id='word_1_398' title='bbox 1675 3754 1817 3809; x_wconf 85' lang='lat' dir='ltr'><strong>quo-</strong></span> 
     </span>
    </p>
   </div>
   <div class='ocr_carea' id='block_1_49' title="bbox 172 3827 1818 3905">
    <p class='ocr_par' dir='ltr' id='par_1_49' title="bbox 172 3827 1818 3905">
     <span class='ocr_line' id='line_1_51' title="bbox 172 3827 1818 3905; baseline -0.005 -16"><span class='ocrx_word' id='word_1_399' title='bbox 172 3850 269 3905; x_wconf 86' lang='lat' dir='ltr'>que</span> <span class='ocrx_word' id='word_1_400' title='bbox 296 3835 611 3890; x_wconf 88' lang='lat' dir='ltr'>noluerunt</span> <span class='ocrx_word' id='word_1_401' title='bbox 640 3837 703 3888; x_wconf 92' lang='lat' dir='ltr'>ut</span> <span class='ocrx_word' id='word_1_402' title='bbox 733 3832 792 3886; x_wconf 92' lang='lat' dir='ltr'><strong>in</strong></span> <span class='ocrx_word' id='word_1_403' title='bbox 837 3830 974 3903; x_wconf 84' lang='lat' dir='ltr'>ejus</span> <span class='ocrx_word' id='word_1_404' title='bbox 1006 3829 1389 3900; x_wconf 88' lang='lat' dir='ltr'>Depositione</span> <span class='ocrx_word' id='word_1_405' title='bbox 1433 3828 1590 3883; x_wconf 89' lang='lat' dir='ltr'>aliud</span> <span class='ocrx_word' id='word_1_406' title='bbox 1623 3827 1818 3881; x_wconf 90' lang='lat' dir='ltr'>Evan-</span> 
     </span>
    </p>
   </div>
   <div class='ocr_carea' id='block_1_50' title="bbox 171 3917 1819 3995">
    <p class='ocr_par' dir='ltr' id='par_1_50' title="bbox 171 3917 1819 3995">
     <span class='ocr_line' id='line_1_52' title="bbox 171 3917 1819 3995; baseline -0.004 -19"><span class='ocrx_word' id='word_1_407' title='bbox 171 3923 364 3993; x_wconf 77' lang='lat' dir='ltr'>gelium</span> <span class='ocrx_word' id='word_1_408' title='bbox 398 3922 907 3995; x_wconf 89' lang='lat' dir='ltr'>pronuntiaretur,</span> <span class='ocrx_word' id='word_1_409' title='bbox 940 3920 1034 3974; x_wconf 88' lang='lat' dir='ltr'>vel</span> <span class='ocrx_word' id='word_1_410' title='bbox 1066 3919 1181 3973; x_wconf 87' lang='lat' dir='ltr'>alia</span> <span class='ocrx_word' id='word_1_411' title='bbox 1210 3918 1450 3972; x_wconf 89' lang='lat' dir='ltr'>homilia</span> <span class='ocrx_word' id='word_1_412' title='bbox 1482 3933 1656 3988; x_wconf 90' lang='lat' dir='ltr'>quam</span> <span class='ocrx_word' id='word_1_413' title='bbox 1687 3917 1819 3986; x_wconf 89' lang='lat' dir='ltr'>ipsa</span> 
     </span>
    </p>
   </div>
   <div class='ocr_carea' id='block_1_51' title="bbox 173 4006 1819 4084">
    <p class='ocr_par' dir='ltr' id='par_1_51' title="bbox 173 4006 1819 4084">
     <span class='ocr_line' id='line_1_53' title="bbox 173 4006 1819 4084; baseline -0.002 -21"><span class='ocrx_word' id='word_1_414' title='bbox 173 4009 618 4084; x_wconf 82' lang='lat' dir='ltr'>Vitalegeretur.</span> <span class='ocrx_word' id='word_1_415' title='bbox 642 4010 931 4065; x_wconf 92' lang='lat' dir='ltr'>Omnibus</span> <span class='ocrx_word' id='word_1_416' title='bbox 944 4006 1474 4079; x_wconf 40' lang='lat' dir='ltr'>horarumeymnis</span> <span class='ocrx_word' id='word_1_417' title='bbox 1490 4006 1585 4060; x_wconf 93' lang='lat' dir='ltr'>hic</span> <span class='ocrx_word' id='word_1_418' title='bbox 1602 4021 1819 4060; x_wconf 91' lang='lat' dir='ltr'>versus</span> 
     </span>
    </p>
   </div>
   <div class='ocr_carea' id='block_1_52' title="bbox 169 4094 1823 4172">
    <p class='ocr_par' dir='ltr' id='par_1_52' title="bbox 169 4094 1823 4172">
     <span class='ocr_line' id='line_1_54' title="bbox 169 4094 1823 4172; baseline -0.003 -20"><span class='ocrx_word' id='word_1_419' title='bbox 169 4103 476 4172; x_wconf 86' lang='lat' dir='ltr'>apponitur,</span> <span class='ocrx_word' id='word_1_420' title='bbox 508 4101 802 4170; x_wconf 79' lang='lat' dir='ltr'>Martiae,</span> <span class='ocrx_word' id='word_1_421' title='bbox 837 4114 950 4170; x_wconf 87' lang='lat' dir='ltr'>par</span> <span class='ocrx_word' id='word_1_422' title='bbox 982 4095 1284 4168; x_wconf 84' lang='lat' dir='ltr'>apostolis.</span> <span class='ocrx_word' id='word_1_423' title='bbox 1329 4094 1496 4160; x_wconf 91' lang='lat' dir='ltr'>Quod</span> <span class='ocrx_word' id='word_1_424' title='bbox 1523 4096 1576 4149; x_wconf 91' lang='lat' dir='ltr'>si</span> <span class='ocrx_word' id='word_1_425' title='bbox 1607 4095 1823 4148; x_wconf 88' lang='lat' dir='ltr'><strong>iterum</strong></span> 
     </span>
    </p>
   </div>
   <div class='ocr_carea' id='block_1_53' title="bbox 172 4185 1822 4260">
    <p class='ocr_par' dir='ltr' id='par_1_53' title="bbox 172 4185 1822 4260">
     <span class='ocr_line' id='line_1_55' title="bbox 172 4185 1822 4260; baseline -0.002 -19"><span class='ocrx_word' id='word_1_426' title='bbox 172 4189 309 4244; x_wconf 85' lang='lat' dir='ltr'>scire</span> <span class='ocrx_word' id='word_1_427' title='bbox 337 4188 605 4245; x_wconf 88' lang='lat' dir='ltr'>volueris</span> <span class='ocrx_word' id='word_1_428' title='bbox 655 4204 771 4260; x_wconf 93' lang='lat' dir='ltr'>quo</span> <span class='ocrx_word' id='word_1_429' title='bbox 812 4189 1121 4243; x_wconf 89' lang='lat' dir='ltr'>cantentur</span> <span class='ocrx_word' id='word_1_430' title='bbox 1168 4185 1378 4240; x_wconf 90' lang='lat' dir='ltr'><strong>ordine</strong></span> <span class='ocrx_word' id='word_1_431' title='bbox 1423 4200 1533 4255; x_wconf 90' lang='lat' dir='ltr'>per</span> <span class='ocrx_word' id='word_1_432' title='bbox 1581 4187 1822 4238; x_wconf 88' lang='lat' dir='ltr'>octavas</span> 
     </span>
    </p>
   </div>
   <div class='ocr_carea' id='block_1_54' title="bbox 171 4272 1821 4349">
    <p class='ocr_par' dir='ltr' id='par_1_54' title="bbox 171 4272 1821 4349">
     <span class='ocr_line' id='line_1_56' title="bbox 171 4272 1821 4349; baseline -0.004 -18"><span class='ocrx_word' id='word_1_433' title='bbox 171 4279 483 4349; x_wconf 75' lang='lat' dir='ltr'>antiphonaa</span> <span class='ocrx_word' id='word_1_434' title='bbox 516 4278 593 4333; x_wconf 86' lang='lat' dir='ltr'>ad</span> <span class='ocrx_word' id='word_1_435' title='bbox 640 4278 842 4345; x_wconf 86' lang='lat' dir='ltr'>horas,</span> <span class='ocrx_word' id='word_1_436' title='bbox 879 4276 1156 4331; x_wconf 88' lang='lat' dir='ltr'><strong>nimirum</strong></span> <span class='ocrx_word' id='word_1_437' title='bbox 1187 4288 1305 4328; x_wconf 90' lang='lat' dir='ltr'>non</span> <span class='ocrx_word' id='word_1_438' title='bbox 1347 4273 1638 4328; x_wconf 89' lang='lat' dir='ltr'><strong>minorem</strong></span> <span class='ocrx_word' id='word_1_439' title='bbox 1667 4272 1821 4326; x_wconf 90' lang='lat' dir='ltr'>anti-</span> 
     </span>
    </p>
   </div>
   <div class='ocr_carea' id='block_1_55' title="bbox 172 4361 1824 4438">
    <p class='ocr_par' dir='ltr' id='par_1_55' title="bbox 172 4361 1824 4438">
     <span class='ocr_line' id='line_1_57' title="bbox 172 4361 1824 4438; baseline -0.004 -18"><span class='ocrx_word' id='word_1_440' title='bbox 172 4366 483 4433; x_wconf 85' lang='lat' dir='ltr'>phonarum</span> <span class='ocrx_word' id='word_1_441' title='bbox 539 4367 766 4438; x_wconf 91' lang='lat' dir='ltr'>copiam</span> <span class='ocrx_word' id='word_1_442' title='bbox 796 4365 1085 4419; x_wconf 87' lang='lat' dir='ltr'>habemus</span> <span class='ocrx_word' id='word_1_443' title='bbox 1118 4378 1295 4434; x_wconf 88' lang='lat' dir='ltr'>quam</span> <span class='ocrx_word' id='word_1_444' title='bbox 1326 4362 1384 4415; x_wconf 89' lang='lat' dir='ltr'>in</span> <span class='ocrx_word' id='word_1_445' title='bbox 1430 4361 1675 4432; x_wconf 86' lang='lat' dir='ltr'>praefata</span> <span class='ocrx_word' id='word_1_446' title='bbox 1706 4362 1824 4415; x_wconf 87' lang='lat' dir='ltr'>As-</span> 
     </span>
    </p>
   </div>
   <div class='ocr_carea' id='block_1_56' title="bbox 174 4450 1820 4526">
    <p class='ocr_par' dir='ltr' id='par_1_56' title="bbox 174 4450 1820 4526">
     <span class='ocr_line' id='line_1_58' title="bbox 174 4450 1820 4526; baseline -0.003 -18"><span class='ocrx_word' id='word_1_447' title='bbox 174 4458 486 4526; x_wconf 89' lang='lat' dir='ltr'>sumptione</span> <span class='ocrx_word' id='word_1_448' title='bbox 517 4456 579 4511; x_wconf 92' lang='lat' dir='ltr'>S.</span> <span class='ocrx_word' id='word_1_449' title='bbox 625 4455 865 4519; x_wconf 62' lang='lat' dir='ltr'>Mariae;</span> <span class='ocrx_word' id='word_1_450' title='bbox 900 4454 1150 4522; x_wconf 88' lang='lat' dir='ltr'><strong>ideoque</strong></span> <span class='ocrx_word' id='word_1_451' title='bbox 1182 4451 1340 4522; x_wconf 92' lang='lat' dir='ltr'>quod</span> <span class='ocrx_word' id='word_1_452' title='bbox 1376 4453 1514 4505; x_wconf 92' lang='lat' dir='ltr'>tunc</span> <span class='ocrx_word' id='word_1_453' title='bbox 1546 4450 1820 4520; x_wconf 91' lang='lat' dir='ltr'>fecimus,</span> 
     </span>
    </p>
   </div>
   <div class='ocr_carea' id='block_1_57' title="bbox 173 4541 1391 4615">
    <p class='ocr_par' dir='ltr' id='par_1_57' title="bbox 173 4541 1391 4615">
     <span class='ocr_line' id='line_1_59' title="bbox 173 4541 1391 4615; baseline 0 -21"><span class='ocrx_word' id='word_1_454' title='bbox 173 4558 310 4598; x_wconf 89' lang='lat' dir='ltr'>nunc</span> <span class='ocrx_word' id='word_1_455' title='bbox 347 4546 549 4615; x_wconf 88' lang='lat' dir='ltr'>ipsum</span> <span class='ocrx_word' id='word_1_456' title='bbox 594 4559 830 4615; x_wconf 89' lang='lat' dir='ltr'>quoque</span> <span class='ocrx_word' id='word_1_457' title='bbox 873 4542 1071 4596; x_wconf 88' lang='lat' dir='ltr'>facere</span> <span class='ocrx_word' id='word_1_458' title='bbox 1104 4541 1391 4610; x_wconf 90' lang='lat' dir='ltr'>solemus,</span> 
     </span>
    </p>
   </div>
   <div class='ocr_carea' id='block_1_58' title="bbox 174 4627 1823 4702">
    <p class='ocr_par' dir='ltr' id='par_1_58' title="bbox 174 4627 1823 4702">
     <span class='ocr_line' id='line_1_60' title="bbox 174 4627 1823 4702; baseline -0.003 -17"><span class='ocrx_word' id='word_1_459' title='bbox 174 4636 585 4690; x_wconf 89' lang='lat' dir='ltr'><strong>nocturnorum</strong></span> <span class='ocrx_word' id='word_1_460' title='bbox 630 4632 982 4702; x_wconf 89' lang='lat' dir='ltr'>antiphonas</span> <span class='ocrx_word' id='word_1_461' title='bbox 1030 4631 1101 4685; x_wconf 87' lang='lat' dir='ltr'>ad</span> <span class='ocrx_word' id='word_1_462' title='bbox 1143 4633 1467 4684; x_wconf 89' lang='lat' dir='ltr'>nocturnos</span> <span class='ocrx_word' id='word_1_463' title='bbox 1508 4643 1614 4697; x_wconf 91' lang='lat' dir='ltr'>per</span> <span class='ocrx_word' id='word_1_464' title='bbox 1642 4627 1823 4681; x_wconf 88' lang='lat' dir='ltr'>ferias</span> 
     </span>
    </p>
   </div>
   <div class='ocr_carea' id='block_1_59' title="bbox 175 4716 1824 4792">
    <p class='ocr_par' dir='ltr' id='par_1_59' title="bbox 175 4716 1824 4792">
     <span class='ocr_line' id='line_1_61' title="bbox 175 4716 1824 4792; baseline -0.002 -20"><span class='ocrx_word' id='word_1_465' title='bbox 175 4724 480 4778; x_wconf 85' lang='lat' dir='ltr'>cantemus.</span> <span class='ocrx_word' id='word_1_466' title='bbox 516 4722 656 4776; x_wconf 89' lang='lat' dir='ltr'>Illas</span> <span class='ocrx_word' id='word_1_467' title='bbox 700 4736 835 4792; x_wconf 86' lang='lat' dir='ltr'>quae</span> <span class='ocrx_word' id='word_1_468' title='bbox 885 4723 1024 4775; x_wconf 87' lang='lat' dir='ltr'><strong>sunt</strong></span> <span class='ocrx_word' id='word_1_469' title='bbox 1070 4719 1143 4773; x_wconf 91' lang='lat' dir='ltr'>de</span> <span class='ocrx_word' id='word_1_470' title='bbox 1187 4721 1390 4773; x_wconf 78' lang='lat' dir='ltr'>metut.</span> <span class='ocrx_word' id='word_1_471' title='bbox 1444 4716 1719 4770; x_wconf 90' lang='lat' dir='ltr'>laudibus</span> <span class='ocrx_word' id='word_1_472' title='bbox 1750 4717 1824 4770; x_wconf 89' lang='lat' dir='ltr'>ad</span> 
     </span>
    </p>
   </div>
   <div class='ocr_carea' id='block_1_60' title="bbox 174 4804 1818 4879">
    <p class='ocr_par' dir='ltr' id='par_1_60' title="bbox 174 4804 1818 4879">
     <span class='ocr_line' id='line_1_62' title="bbox 174 4804 1818 4879; baseline -0.001 -18"><span class='ocrx_word' id='word_1_473' title='bbox 174 4813 354 4866; x_wconf 78' lang='lat' dir='ltr'>metut.</span> <span class='ocrx_word' id='word_1_474' title='bbox 385 4812 619 4866; x_wconf 89' lang='lat' dir='ltr'>laudes.</span> <span class='ocrx_word' id='word_1_475' title='bbox 654 4810 856 4865; x_wconf 89' lang='lat' dir='ltr'>Novas</span> <span class='ocrx_word' id='word_1_476' title='bbox 883 4811 1097 4879; x_wconf 89' lang='lat' dir='ltr'>autem,</span> <span class='ocrx_word' id='word_1_477' title='bbox 1123 4807 1413 4879; x_wconf 87' lang='lat' dir='ltr'>quasjam</span> <span class='ocrx_word' id='word_1_478' title='bbox 1445 4806 1564 4859; x_wconf 86' lang='lat' dir='ltr'>dixi</span> <span class='ocrx_word' id='word_1_479' title='bbox 1594 4822 1627 4859; x_wconf 88' lang='lat' dir='ltr'>a</span> <span class='ocrx_word' id='word_1_480' title='bbox 1658 4804 1717 4858; x_wconf 93' lang='lat' dir='ltr'>S.</span> <span class='ocrx_word' id='word_1_481' title='bbox 1751 4805 1818 4860; x_wconf 87' lang='lat' dir='ltr'>P.</span> 
     </span>
    </p>
   </div>
   <div class='ocr_carea' id='block_1_61' title="bbox 173 4894 1822 4970">
    <p class='ocr_par' dir='ltr' id='par_1_61' title="bbox 173 4894 1822 4970">
     <span class='ocr_line' id='line_1_63' title="bbox 173 4894 1822 4970; baseline 0 -20"><span class='ocrx_word' id='word_1_482' title='bbox 173 4897 351 4955; x_wconf 87' lang='lat' dir='ltr'>Odoue</span> <span class='ocrx_word' id='word_1_483' title='bbox 380 4902 656 4969; x_wconf 87' lang='lat' dir='ltr'>dictatas,</span> <span class='ocrx_word' id='word_1_484' title='bbox 702 4915 812 4970; x_wconf 88' lang='lat' dir='ltr'>per</span> <span class='ocrx_word' id='word_1_485' title='bbox 855 4900 1100 4953; x_wconf 89' lang='lat' dir='ltr'>diurnas</span> <span class='ocrx_word' id='word_1_486' title='bbox 1146 4896 1559 4952; x_wconf 89' lang='lat' dir='ltr'><strong>distribuimus</strong></span> <span class='ocrx_word' id='word_1_487' title='bbox 1619 4894 1822 4950; x_wconf 90' lang='lat' dir='ltr'>horas.</span> 
     </span>
    </p>
   </div>
   <div class='ocr_carea' id='block_1_62' title="bbox 177 4982 1824 5055">
    <p class='ocr_par' dir='ltr' id='par_1_62' title="bbox 177 4982 1824 5055">
     <span class='ocr_line' id='line_1_64' title="bbox 177 4982 1824 5055; baseline 0.001 -18"><span class='ocrx_word' id='word_1_488' title='bbox 177 4984 497 5044; x_wconf 78' lang='lat' dir='ltr'>Nocturnos</span> <span class='ocrx_word' id='word_1_489' title='bbox 531 4989 603 5043; x_wconf 87' lang='lat' dir='ltr'>ad</span> <span class='ocrx_word' id='word_1_490' title='bbox 635 4992 907 5044; x_wconf 87' lang='lat' dir='ltr'>octavum</span> <span class='ocrx_word' id='word_1_491' title='bbox 936 4986 1092 5041; x_wconf 91' lang='lat' dir='ltr'><strong>diem</strong></span> <span class='ocrx_word' id='word_1_492' title='bbox 1106 4985 1531 5055; x_wconf 89' lang='lat' dir='ltr'>appendentes,</span> <span class='ocrx_word' id='word_1_493' title='bbox 1556 4982 1824 5052; x_wconf 88' lang='lat' dir='ltr'>cumple-</span> 
     </span>
    </p>
   </div>
   <div class='ocr_carea' id='block_1_63' title="bbox 177 5072 1823 5143">
    <p class='ocr_par' dir='ltr' id='par_1_63' title="bbox 177 5072 1823 5143">
     <span class='ocr_line' id='line_1_65' title="bbox 177 5072 1823 5143; baseline -0.002 -16"><span class='ocrx_word' id='word_1_494' title='bbox 177 5089 298 5130; x_wconf 90' lang='lat' dir='ltr'>num</span> <span class='ocrx_word' id='word_1_495' title='bbox 328 5078 587 5133; x_wconf 88' lang='lat' dir='ltr'>habeant</span> <span class='ocrx_word' id='word_1_496' title='bbox 616 5077 879 5132; x_wconf 82' lang='lat' dir='ltr'>ofﬁcium</span> <span class='ocrx_word' id='word_1_497' title='bbox 924 5078 1039 5129; x_wconf 88' lang='lat' dir='ltr'>tam</span> <span class='ocrx_word' id='word_1_498' title='bbox 1086 5075 1146 5127; x_wconf 89' lang='lat' dir='ltr'>in</span> <span class='ocrx_word' id='word_1_499' title='bbox 1178 5073 1515 5143; x_wconf 86' lang='lat' dir='ltr'>antiphonis</span> <span class='ocrx_word' id='word_1_500' title='bbox 1560 5087 1735 5143; x_wconf 87' lang='lat' dir='ltr'>quam</span> <span class='ocrx_word' id='word_1_501' title='bbox 1764 5072 1823 5124; x_wconf 91' lang='lat' dir='ltr'>in</span> 
     </span>
    </p>
   </div>
   <div class='ocr_carea' id='block_1_64' title="bbox 178 5160 1826 5235">
    <p class='ocr_par' dir='ltr' id='par_1_64' title="bbox 178 5160 1826 5235">
     <span class='ocr_line' id='line_1_66' title="bbox 178 5160 1826 5235; baseline -0.001 -20"><span class='ocrx_word' id='word_1_502' title='bbox 178 5167 586 5235; x_wconf 87' lang='lat' dir='ltr'>responsoriis,</span> <span class='ocrx_word' id='word_1_503' title='bbox 600 5181 668 5220; x_wconf 89' lang='lat' dir='ltr'>ea</span> <span class='ocrx_word' id='word_1_504' title='bbox 689 5166 820 5219; x_wconf 89' lang='lat' dir='ltr'>vice</span> <span class='ocrx_word' id='word_1_505' title='bbox 836 5167 1140 5218; x_wconf 86' lang='lat' dir='ltr'>cantamus</span> <span class='ocrx_word' id='word_1_506' title='bbox 1160 5163 1451 5232; x_wconf 87' lang='lat' dir='ltr'>antiquas.</span> <span class='ocrx_word' id='word_1_507' title='bbox 1470 5160 1610 5215; x_wconf 90' lang='lat' dir='ltr'>Dies</span> <span class='ocrx_word' id='word_1_508' title='bbox 1634 5162 1826 5214; x_wconf 89' lang='lat' dir='ltr'>autem</span> 
     </span>
    </p>
   </div>
   <div class='ocr_carea' id='block_1_65' title="bbox 183 5249 1827 5325">
    <p class='ocr_par' dir='ltr' id='par_1_65' title="bbox 183 5249 1827 5325">
     <span class='ocr_line' id='line_1_67' title="bbox 183 5249 1827 5325; baseline -0.002 -19"><span class='ocrx_word' id='word_1_509' title='bbox 183 5255 438 5325; x_wconf 83' lang='lat' dir='ltr'>cumjam</span> <span class='ocrx_word' id='word_1_510' title='bbox 461 5256 545 5310; x_wconf 85' lang='lat' dir='ltr'>sit</span> <span class='ocrx_word' id='word_1_511' title='bbox 576 5255 721 5309; x_wconf 89' lang='lat' dir='ltr'>adeo</span> <span class='ocrx_word' id='word_1_512' title='bbox 743 5255 971 5324; x_wconf 88' lang='lat' dir='ltr'>brevis,</span> <span class='ocrx_word' id='word_1_513' title='bbox 996 5253 1128 5307; x_wconf 90' lang='lat' dir='ltr'><strong>ideo</strong></span> <span class='ocrx_word' id='word_1_514' title='bbox 1146 5267 1180 5305; x_wconf 90' lang='lat' dir='ltr'>a</span> <span class='ocrx_word' id='word_1_515' title='bbox 1211 5251 1362 5306; x_wconf 91' lang='lat' dir='ltr'>festo</span> <span class='ocrx_word' id='word_1_516' title='bbox 1384 5249 1443 5304; x_wconf 88' lang='lat' dir='ltr'>S.</span> <span class='ocrx_word' id='word_1_517' title='bbox 1480 5249 1711 5320; x_wconf 80' lang='lat' dir='ltr'>Martini</span> <span class='ocrx_word' id='word_1_518' title='bbox 1734 5265 1827 5304; x_wconf 90' lang='lat' dir='ltr'>us-</span> 
     </span>
    </p>
   </div>
   <div class='ocr_carea' id='block_1_66' title="bbox 181 5339 1827 5413">
    <p class='ocr_par' dir='ltr' id='par_1_66' title="bbox 181 5339 1827 5413">
     <span class='ocr_line' id='line_1_68' title="bbox 181 5339 1827 5413; baseline -0.002 -17"><span class='ocrx_word' id='word_1_519' title='bbox 181 5357 279 5413; x_wconf 91' lang='lat' dir='ltr'>que</span> <span class='ocrx_word' id='word_1_520' title='bbox 307 5345 377 5398; x_wconf 85' lang='lat' dir='ltr'>ad</span> <span class='ocrx_word' id='word_1_521' title='bbox 399 5344 878 5399; x_wconf 84' lang='lat' dir='ltr'>Puriticationem</span> <span class='ocrx_word' id='word_1_522' title='bbox 907 5342 968 5397; x_wconf 89' lang='lat' dir='ltr'>S.</span> <span class='ocrx_word' id='word_1_523' title='bbox 1004 5341 1227 5411; x_wconf 78' lang='lat' dir='ltr'>Mariae,</span> <span class='ocrx_word' id='word_1_524' title='bbox 1264 5339 1496 5412; x_wconf 88' lang='lat' dir='ltr'>quoties</span> <span class='ocrx_word' id='word_1_525' title='bbox 1513 5339 1608 5393; x_wconf 90' lang='lat' dir='ltr'><strong>bis</strong></span> <span class='ocrx_word' id='word_1_526' title='bbox 1632 5354 1827 5393; x_wconf 88' lang='lat' dir='ltr'>come-</span> 
     </span>
    </p>
   </div>
   <div class='ocr_carea' id='block_1_67' title="bbox 179 5431 1827 5504">
    <p class='ocr_par' dir='ltr' id='par_1_67' title="bbox 179 5431 1827 5504">
     <span class='ocr_line' id='line_1_69' title="bbox 179 5431 1827 5504; baseline -0.001 -21"><span class='ocrx_word' id='word_1_527' title='bbox 179 5431 381 5502; x_wconf 87' lang='lat' dir='ltr'>dimus,</span> <span class='ocrx_word' id='word_1_528' title='bbox 408 5436 551 5503; x_wconf 89' lang='lat' dir='ltr'>post</span> <span class='ocrx_word' id='word_1_529' title='bbox 577 5433 888 5504; x_wconf 88' lang='lat' dir='ltr'>prandium</span> <span class='ocrx_word' id='word_1_530' title='bbox 919 5447 1036 5486; x_wconf 93' lang='lat' dir='ltr'>non</span> <span class='ocrx_word' id='word_1_531' title='bbox 1065 5433 1485 5500; x_wconf 85' lang='lat' dir='ltr'>exspectamus</span> <span class='ocrx_word' id='word_1_532' title='bbox 1518 5444 1649 5483; x_wconf 92' lang='lat' dir='ltr'>cum</span> <span class='ocrx_word' id='word_1_533' title='bbox 1673 5444 1827 5483; x_wconf 89' lang='lat' dir='ltr'>nona</span> 
     </span>
    </p>
   </div>
   <div class='ocr_carea' id='block_1_68' title="bbox 182 5518 1820 5593">
    <p class='ocr_par' dir='ltr' id='par_1_68' title="bbox 182 5518 1820 5593">
     <span class='ocr_line' id='line_1_70' title="bbox 182 5518 1820 5593; baseline -0.001 -21"><span class='ocrx_word' id='word_1_534' title='bbox 182 5524 531 5593; x_wconf 84' lang='lat' dir='ltr'>servitores;</span> <span class='ocrx_word' id='word_1_535' title='bbox 587 5523 692 5578; x_wconf 91' lang='lat' dir='ltr'>sed</span> <span class='ocrx_word' id='word_1_536' title='bbox 740 5521 958 5591; x_wconf 88' lang='lat' dir='ltr'>statim,</span> <span class='ocrx_word' id='word_1_537' title='bbox 1005 5535 1140 5574; x_wconf 90' lang='lat' dir='ltr'>cum</span> <span class='ocrx_word' id='word_1_538' title='bbox 1169 5535 1203 5572; x_wconf 88' lang='lat' dir='ltr'>a</span> <span class='ocrx_word' id='word_1_539' title='bbox 1249 5534 1456 5574; x_wconf 87' lang='lat' dir='ltr'>mensa</span> <span class='ocrx_word' id='word_1_540' title='bbox 1491 5518 1820 5589; x_wconf 78' lang='lat' dir='ltr'>surgimus,</span> 
     </span>
    </p>
   </div>
   <div class='ocr_carea' id='block_1_69' title="bbox 183 5606 1824 5682">
    <p class='ocr_par' dir='ltr' id='par_1_69' title="bbox 183 5606 1824 5682">
     <span class='ocr_line' id='line_1_71' title="bbox 183 5606 1824 5682; baseline -0.001 -19"><span class='ocrx_word' id='word_1_541' title='bbox 183 5608 414 5668; x_wconf 87' lang='lat' dir='ltr'>chorum</span> <span class='ocrx_word' id='word_1_542' title='bbox 432 5611 740 5682; x_wconf 85' lang='lat' dir='ltr'>intrantes,</span> <span class='ocrx_word' id='word_1_543' title='bbox 760 5615 817 5668; x_wconf 90' lang='lat' dir='ltr'>et</span> <span class='ocrx_word' id='word_1_544' title='bbox 847 5627 916 5666; x_wconf 88' lang='lat' dir='ltr'><strong>eo</strong></span> <span class='ocrx_word' id='word_1_545' title='bbox 939 5611 1165 5665; x_wconf 86' lang='lat' dir='ltr'>stantes</span> <span class='ocrx_word' id='word_1_546' title='bbox 1188 5607 1394 5664; x_wconf 90' lang='lat' dir='ltr'><strong>ordine</strong></span> <span class='ocrx_word' id='word_1_547' title='bbox 1411 5621 1528 5678; x_wconf 87' lang='lat' dir='ltr'><strong>quo</strong></span> <span class='ocrx_word' id='word_1_548' title='bbox 1559 5606 1824 5663; x_wconf 87' lang='lat' dir='ltr'>solemus</span> 
     </span>
    </p>
   </div>
   <div class='ocr_carea' id='block_1_70' title="bbox 184 5698 1827 5779">
    <p class='ocr_par' dir='ltr' id='par_1_70' title="bbox 184 5698 1827 5779">
     <span class='ocr_line' id='line_1_72' title="bbox 184 5698 1827 5779; baseline -0.001 -22"><span class='ocrx_word' id='word_1_549' title='bbox 184 5703 249 5760; x_wconf 81' lang='lat' dir='ltr'>ad</span> <span class='ocrx_word' id='word_1_550' title='bbox 270 5703 469 5779; x_wconf 85' lang='lat' dir='ltr'>horas,</span> <span class='ocrx_word' id='word_1_551' title='bbox 513 5710 814 5767; x_wconf 83' lang='lat' dir='ltr'>cantamus</span> <span class='ocrx_word' id='word_1_552' title='bbox 845 5719 995 5779; x_wconf 84' lang='lat' dir='ltr'>eam,</span> <span class='ocrx_word' id='word_1_553' title='bbox 1028 5704 1087 5761; x_wconf 89' lang='lat' dir='ltr'>et</span> <span class='ocrx_word' id='word_1_554' title='bbox 1111 5715 1217 5777; x_wconf 90' lang='lat' dir='ltr'>per</span> <span class='ocrx_word' id='word_1_555' title='bbox 1246 5715 1313 5760; x_wconf 87' lang='lat' dir='ltr'>se</span> <span class='ocrx_word' id='word_1_556' title='bbox 1342 5700 1550 5777; x_wconf 87' lang='lat' dir='ltr'>postea</span> <span class='ocrx_word' id='word_1_557' title='bbox 1576 5698 1827 5756; x_wconf 84' lang='lat' dir='ltr'>servito-</span> 
     </span>
    </p>
   </div>
   <div class='ocr_carea' id='block_1_71' title="bbox 1923 1923 3589 2005">
    <p class='ocr_par' dir='ltr' id='par_1_71' title="bbox 1923 1923 3589 2005">
     <span class='ocr_line' id='line_1_73' title="bbox 1923 1923 3589 2005; baseline 0.01 -32"><span class='ocrx_word' id='word_1_558' title='bbox 1923 1936 2069 1976; x_wconf 81' lang='lat' dir='ltr'>rere</span> <span class='ocrx_word' id='word_1_559' title='bbox 2090 1923 2270 1977; x_wconf 86' lang='lat' dir='ltr'>notri.</span> <span class='ocrx_word' id='word_1_560' title='bbox 2298 1923 2412 1978; x_wconf 87' lang='lat' dir='ltr'>Per</span> <span class='ocrx_word' id='word_1_561' title='bbox 2428 1939 2635 1981; x_wconf 91' lang='lat' dir='ltr'><strong>omnes</strong></span> <span class='ocrx_word' id='word_1_562' title='bbox 2654 1928 2995 1986; x_wconf 90' lang='lat' dir='ltr'>Dominicas</span> <span class='ocrx_word' id='word_1_563' title='bbox 3017 1948 3208 2005; x_wconf 89' lang='lat' dir='ltr'>usque</span> <span class='ocrx_word' id='word_1_564' title='bbox 3228 1935 3302 1989; x_wconf 91' lang='lat' dir='ltr'>ad</span> <span class='ocrx_word' id='word_1_565' title='bbox 3322 1935 3589 1990; x_wconf 87' lang='lat' dir='ltr'>Natalem</span> 
     </span>
    </p>
   </div>
   <div class='ocr_carea' id='block_1_72' title="bbox 1925 2009 3590 2090">
    <p class='ocr_par' dir='ltr' id='par_1_72' title="bbox 1925 2009 3590 2090">
     <span class='ocr_line' id='line_1_74' title="bbox 1925 2009 3590 2090; baseline 0.011 -28"><span class='ocrx_word' id='word_1_566' title='bbox 1925 2009 2158 2065; x_wconf 90' lang='lat' dir='ltr'><strong>Domini</strong></span> <span class='ocrx_word' id='word_1_567' title='bbox 2189 2015 2324 2080; x_wconf 92' lang='lat' dir='ltr'>post</span> <span class='ocrx_word' id='word_1_568' title='bbox 2352 2013 2637 2086; x_wconf 82' lang='lat' dir='ltr'>Alleluia,</span> <span class='ocrx_word' id='word_1_569' title='bbox 2673 2020 2981 2090; x_wconf 90' lang='lat' dir='ltr'>sequentia</span> <span class='ocrx_word' id='word_1_570' title='bbox 3012 2025 3296 2077; x_wconf 91' lang='lat' dir='ltr'>cantatur.</span> <span class='ocrx_word' id='word_1_571' title='bbox 3317 2023 3590 2080; x_wconf 86' lang='lat' dir='ltr'><strong>Comme-</strong></span> 
     </span>
    </p>
   </div>
   <div class='ocr_carea' id='block_1_73' title="bbox 1924 2100 3589 2179">
    <p class='ocr_par' dir='ltr' id='par_1_73' title="bbox 1924 2100 3589 2179">
     <span class='ocr_line' id='line_1_75' title="bbox 1924 2100 3589 2179; baseline 0.009 -26"><span class='ocrx_word' id='word_1_572' title='bbox 1924 2100 2173 2154; x_wconf 90' lang='lat' dir='ltr'>moratio</span> <span class='ocrx_word' id='word_1_573' title='bbox 2218 2100 2279 2156; x_wconf 87' lang='lat' dir='ltr'>S.</span> <span class='ocrx_word' id='word_1_574' title='bbox 2322 2102 2531 2158; x_wconf 87' lang='lat' dir='ltr'>Crucis</span> <span class='ocrx_word' id='word_1_575' title='bbox 2569 2109 2705 2174; x_wconf 92' lang='lat' dir='ltr'>post</span> <span class='ocrx_word' id='word_1_576' title='bbox 2753 2124 3041 2179; x_wconf 89' lang='lat' dir='ltr'>vesperas</span> <span class='ocrx_word' id='word_1_577' title='bbox 3087 2114 3143 2165; x_wconf 89' lang='lat' dir='ltr'>et</span> <span class='ocrx_word' id='word_1_578' title='bbox 3189 2114 3389 2167; x_wconf 82' lang='lat' dir='ltr'>metut.</span> <span class='ocrx_word' id='word_1_579' title='bbox 3431 2113 3589 2168; x_wconf 90' lang='lat' dir='ltr'>laud.</span> 
     </span>
    </p>
   </div>
   <div class='ocr_carea' id='block_1_74' title="bbox 1925 2190 3595 2270">
    <p class='ocr_par' dir='ltr' id='par_1_74' title="bbox 1925 2190 3595 2270">
     <span class='ocr_line' id='line_1_76' title="bbox 1925 2190 3595 2270; baseline 0.007 -25"><span class='ocrx_word' id='word_1_580' title='bbox 1925 2190 2210 2245; x_wconf 90' lang='lat' dir='ltr'>omittitur</span> <span class='ocrx_word' id='word_1_581' title='bbox 2238 2206 2433 2262; x_wconf 89' lang='lat' dir='ltr'>usque</span> <span class='ocrx_word' id='word_1_582' title='bbox 2463 2197 2599 2263; x_wconf 90' lang='lat' dir='ltr'>post</span> <span class='ocrx_word' id='word_1_583' title='bbox 2627 2199 2868 2251; x_wconf 88' lang='lat' dir='ltr'>octavas</span> <span class='ocrx_word' id='word_1_584' title='bbox 2917 2197 3259 2268; x_wconf 83' lang='lat' dir='ltr'>Epiphaniae</span> <span class='ocrx_word' id='word_1_585' title='bbox 3286 2216 3300 2270; x_wconf 95' lang='lat'>;</span> <span class='ocrx_word' id='word_1_586' title='bbox 3347 2201 3503 2256; x_wconf 90' lang='lat' dir='ltr'><strong>unde</strong></span> <span class='ocrx_word' id='word_1_587' title='bbox 3536 2207 3595 2257; x_wconf 90' lang='lat' dir='ltr'>et</span> 
     </span>
    </p>
   </div>
   <div class='ocr_carea' id='block_1_75' title="bbox 1923 2279 3589 2357">
    <p class='ocr_par' dir='ltr' id='par_1_75' title="bbox 1923 2279 3589 2357">
     <span class='ocr_line' id='line_1_77' title="bbox 1923 2279 3589 2357; baseline 0.007 -24"><span class='ocrx_word' id='word_1_588' title='bbox 1923 2282 2058 2349; x_wconf 90' lang='lat' dir='ltr'>post</span> <span class='ocrx_word' id='word_1_589' title='bbox 2079 2279 2300 2349; x_wconf 90' lang='lat' dir='ltr'>primas</span> <span class='ocrx_word' id='word_1_590' title='bbox 2313 2295 2599 2351; x_wconf 89' lang='lat' dir='ltr'>vesperas</span> <span class='ocrx_word' id='word_1_591' title='bbox 2618 2284 2925 2340; x_wconf 84' lang='lat' dir='ltr'>Adventus</span> <span class='ocrx_word' id='word_1_592' title='bbox 2942 2286 3193 2357; x_wconf 92' lang='lat' dir='ltr'><strong>Domini,</strong></span> <span class='ocrx_word' id='word_1_593' title='bbox 3210 2304 3328 2343; x_wconf 92' lang='lat' dir='ltr'>non</span> <span class='ocrx_word' id='word_1_594' title='bbox 3347 2289 3420 2343; x_wconf 90' lang='lat' dir='ltr'>ad</span> <span class='ocrx_word' id='word_1_595' title='bbox 3436 2289 3589 2344; x_wconf 90' lang='lat' dir='ltr'>San-</span> 
     </span>
    </p>
   </div>
   <div class='ocr_carea' id='block_1_76' title="bbox 1926 2366 3589 2447">
    <p class='ocr_par' dir='ltr' id='par_1_76' title="bbox 1926 2366 3589 2447">
     <span class='ocr_line' id='line_1_78' title="bbox 1926 2366 3589 2447; baseline 0.008 -27"><span class='ocrx_word' id='word_1_596' title='bbox 1926 2370 2076 2421; x_wconf 90' lang='lat' dir='ltr'>ctam</span> <span class='ocrx_word' id='word_1_597' title='bbox 2106 2366 2374 2439; x_wconf 82' lang='lat' dir='ltr'><strong>Crucem,</strong></span> <span class='ocrx_word' id='word_1_598' title='bbox 2418 2371 2523 2424; x_wconf 89' lang='lat' dir='ltr'>sed</span> <span class='ocrx_word' id='word_1_599' title='bbox 2553 2371 2625 2425; x_wconf 85' lang='lat' dir='ltr'>ad</span> <span class='ocrx_word' id='word_1_600' title='bbox 2657 2371 2717 2427; x_wconf 91' lang='lat' dir='ltr'>S.</span> <span class='ocrx_word' id='word_1_601' title='bbox 2765 2373 3007 2428; x_wconf 89' lang='lat' dir='ltr'>Mariam</span> <span class='ocrx_word' id='word_1_602' title='bbox 3040 2375 3236 2446; x_wconf 80' lang='lat' dir='ltr'>agitur</span> <span class='ocrx_word' id='word_1_603' title='bbox 3272 2379 3589 2447; x_wconf 88' lang='lat' dir='ltr'>processio</span> 
     </span>
    </p>
   </div>
   <div class='ocr_carea' id='block_1_77' title="bbox 1924 2459 3589 2532">
    <p class='ocr_par' dir='ltr' id='par_1_77' title="bbox 1924 2459 3589 2532">
     <span class='ocr_line' id='line_1_79' title="bbox 1924 2459 3589 2532; baseline 0.005 -21"><span class='ocrx_word' id='word_1_604' title='bbox 1924 2472 2056 2511; x_wconf 92' lang='lat' dir='ltr'>cum</span> <span class='ocrx_word' id='word_1_605' title='bbox 2092 2472 2367 2526; x_wconf 90' lang='lat' dir='ltr'>respons.</span> <span class='ocrx_word' id='word_1_606' title='bbox 2400 2459 2629 2514; x_wconf 84' lang='lat' dir='ltr'>Missus</span> <span class='ocrx_word' id='word_1_607' title='bbox 2659 2465 2752 2515; x_wconf 89' lang='lat' dir='ltr'>est</span> <span class='ocrx_word' id='word_1_608' title='bbox 2775 2477 2789 2531; x_wconf 95' lang='lat'>;</span> <span class='ocrx_word' id='word_1_609' title='bbox 2810 2465 2947 2532; x_wconf 90' lang='lat' dir='ltr'>post</span> <span class='ocrx_word' id='word_1_610' title='bbox 2975 2466 3176 2518; x_wconf 90' lang='lat' dir='ltr'>matul.</span> <span class='ocrx_word' id='word_1_611' title='bbox 3209 2464 3419 2521; x_wconf 89' lang='lat' dir='ltr'>laudes</span> <span class='ocrx_word' id='word_1_612' title='bbox 3454 2482 3589 2522; x_wconf 89' lang='lat' dir='ltr'>cum</span> 
     </span>
    </p>
   </div>
   <div class='ocr_carea' id='block_1_78' title="bbox 1922 2547 3591 2626">
    <p class='ocr_par' dir='ltr' id='par_1_78' title="bbox 1922 2547 3591 2626">
     <span class='ocr_line' id='line_1_80' title="bbox 1922 2547 3591 2626; baseline 0.008 -28"><span class='ocrx_word' id='word_1_613' title='bbox 1922 2561 2198 2615; x_wconf 90' lang='lat' dir='ltr'>respons.</span> <span class='ocrx_word' id='word_1_614' title='bbox 2232 2547 2391 2602; x_wconf 87' lang='lat' dir='ltr'>Ecce</span> <span class='ocrx_word' id='word_1_615' title='bbox 2434 2548 2646 2621; x_wconf 85' lang='lat' dir='ltr'>Virgo;</span> <span class='ocrx_word' id='word_1_616' title='bbox 2688 2551 2951 2621; x_wconf 92' lang='lat' dir='ltr'>collecta,</span> <span class='ocrx_word' id='word_1_617' title='bbox 3004 2552 3182 2621; x_wconf 87' lang='lat' dir='ltr'>Deus,</span> <span class='ocrx_word' id='word_1_618' title='bbox 3218 2555 3316 2626; x_wconf 89' lang='lat' dir='ltr'>qui</span> <span class='ocrx_word' id='word_1_619' title='bbox 3353 2555 3591 2626; x_wconf 87' lang='lat' dir='ltr'>salutis,</span> 
     </span>
    </p>
   </div>
   <div class='ocr_carea' id='block_1_79' title="bbox 1922 2635 3589 2710">
    <p class='ocr_par' dir='ltr' id='par_1_79' title="bbox 1922 2635 3589 2710">
     <span class='ocr_line' id='line_1_81' title="bbox 1922 2635 3589 2710; baseline 0.008 -23"><span class='ocrx_word' id='word_1_620' title='bbox 1922 2635 2018 2688; x_wconf 79' lang='lat' dir='ltr'>vel</span> <span class='ocrx_word' id='word_1_621' title='bbox 2051 2635 2211 2689; x_wconf 89' lang='lat' dir='ltr'>Deus</span> <span class='ocrx_word' id='word_1_622' title='bbox 2233 2636 2331 2706; x_wconf 88' lang='lat' dir='ltr'>qui</span> <span class='ocrx_word' id='word_1_623' title='bbox 2360 2636 2434 2691; x_wconf 85' lang='lat' dir='ltr'>de</span> <span class='ocrx_word' id='word_1_624' title='bbox 2456 2636 2645 2691; x_wconf 68' lang='lat' dir='ltr'>beatae</span> <span class='ocrx_word' id='word_1_625' title='bbox 2673 2656 2687 2703; x_wconf 89' lang='lat'>;</span> <span class='ocrx_word' id='word_1_626' title='bbox 2725 2638 2992 2693; x_wconf 83' lang='lat' dir='ltr'>Gratiam</span> <span class='ocrx_word' id='word_1_627' title='bbox 3026 2645 3179 2695; x_wconf 85' lang='lat' dir='ltr'>luam</span> <span class='ocrx_word' id='word_1_628' title='bbox 3199 2656 3215 2710; x_wconf 87' lang='lat'>;</span> <span class='ocrx_word' id='word_1_629' title='bbox 3239 2641 3589 2700; x_wconf 88' lang='lat' dir='ltr'>Benedicta.</span> 
     </span>
    </p>
   </div>
   <div class='ocr_carea' id='block_1_80' title="bbox 1927 2724 3589 2799">
    <p class='ocr_par' dir='ltr' id='par_1_80' title="bbox 1927 2724 3589 2799">
     <span class='ocr_line' id='line_1_82' title="bbox 1927 2724 3589 2799; baseline 0.007 -22"><span class='ocrx_word' id='word_1_630' title='bbox 1927 2724 1991 2778; x_wconf 94' lang='lat' dir='ltr'>In</span> <span class='ocrx_word' id='word_1_631' title='bbox 2031 2724 2124 2779; x_wconf 91' lang='lat' dir='ltr'>die</span> <span class='ocrx_word' id='word_1_632' title='bbox 2156 2740 2288 2778; x_wconf 91' lang='lat' dir='ltr'><strong>cum</strong></span> <span class='ocrx_word' id='word_1_633' title='bbox 2318 2741 2477 2795; x_wconf 78' lang='lat' dir='ltr'>resp;</span> <span class='ocrx_word' id='word_1_634' title='bbox 2510 2726 2642 2781; x_wconf 83' lang='lat' dir='ltr'>Ave</span> <span class='ocrx_word' id='word_1_635' title='bbox 2673 2728 2870 2781; x_wconf 84' lang='lat' dir='ltr'>Maria</span> <span class='ocrx_word' id='word_1_636' title='bbox 2902 2746 2916 2795; x_wconf 86' lang='lat'>;</span> <span class='ocrx_word' id='word_1_637' title='bbox 2959 2745 3065 2799; x_wconf 92' lang='lat' dir='ltr'>per</span> <span class='ocrx_word' id='word_1_638' title='bbox 3094 2730 3421 2787; x_wconf 89' lang='lat' dir='ltr'>claustrum</span> <span class='ocrx_word' id='word_1_639' title='bbox 3454 2750 3589 2789; x_wconf 91' lang='lat' dir='ltr'><strong>cum</strong></span> 
     </span>
    </p>
   </div>
   <div class='ocr_carea' id='block_1_81' title="bbox 1885 2813 3593 2892">
    <p class='ocr_par' dir='ltr' id='par_1_81' title="bbox 1885 2813 3593 2892">
     <span class='ocr_line' id='line_1_83' title="bbox 1885 2813 3593 2892; baseline 0.007 -26"><span class='ocrx_word' id='word_1_640' title='bbox 1885 2846 1890 2851; x_wconf 89' lang='lat'><strong>-</strong></span> <span class='ocrx_word' id='word_1_641' title='bbox 1925 2813 2243 2883; x_wconf 88' lang='lat' dir='ltr'>antiphona</span> <span class='ocrx_word' id='word_1_642' title='bbox 2288 2813 2491 2869; x_wconf 89' lang='lat' dir='ltr'>Venite</span> <span class='ocrx_word' id='word_1_643' title='bbox 2534 2831 2763 2887; x_wconf 90' lang='lat' dir='ltr'>omnes;</span> <span class='ocrx_word' id='word_1_644' title='bbox 2798 2820 2873 2887; x_wconf 88' lang='lat' dir='ltr'><strong>et,</strong></span> <span class='ocrx_word' id='word_1_645' title='bbox 2903 2817 2949 2872; x_wconf 94' lang='lat'><em>0</em></span> <span class='ocrx_word' id='word_1_646' title='bbox 2980 2836 3145 2890; x_wconf 87' lang='lat' dir='ltr'>quam</span> <span class='ocrx_word' id='word_1_647' title='bbox 3168 2827 3331 2876; x_wconf 85' lang='lat' dir='ltr'>casta</span> <span class='ocrx_word' id='word_1_648' title='bbox 3360 2822 3593 2892; x_wconf 84' lang='lat' dir='ltr'>Mater;</span> 
     </span>
    </p>
   </div>
   <div class='ocr_carea' id='block_1_82' title="bbox 1927 2902 3590 2983">
    <p class='ocr_par' dir='ltr' id='par_1_82' title="bbox 1927 2902 3590 2983">
     <span class='ocr_line' id='line_1_84' title="bbox 1927 2902 3590 2983; baseline 0.007 -27"><span class='ocrx_word' id='word_1_649' title='bbox 1927 2902 2277 2971; x_wconf 90' lang='lat' dir='ltr'><strong>novissime,</strong></span> <span class='ocrx_word' id='word_1_650' title='bbox 2311 2907 2372 2957; x_wconf 92' lang='lat' dir='ltr'>ut</span> <span class='ocrx_word' id='word_1_651' title='bbox 2403 2904 2589 2959; x_wconf 89' lang='lat' dir='ltr'><strong>moris</strong></span> <span class='ocrx_word' id='word_1_652' title='bbox 2621 2910 2731 2973; x_wconf 90' lang='lat' dir='ltr'>est,</span> <span class='ocrx_word' id='word_1_653' title='bbox 2767 2910 3032 2963; x_wconf 91' lang='lat' dir='ltr'>cantatur</span> <span class='ocrx_word' id='word_1_654' title='bbox 3061 2909 3284 2980; x_wconf 88' lang='lat' dir='ltr'>aliquid</span> <span class='ocrx_word' id='word_1_655' title='bbox 3314 2911 3386 2966; x_wconf 91' lang='lat' dir='ltr'>de</span> <span class='ocrx_word' id='word_1_656' title='bbox 3417 2927 3590 2983; x_wconf 89' lang='lat' dir='ltr'>apos-</span> 
     </span>
    </p>
   </div>
   <div class='ocr_carea' id='block_1_83' title="bbox 1930 2991 3595 3072">
    <p class='ocr_par' dir='ltr' id='par_1_83' title="bbox 1930 2991 3595 3072">
     <span class='ocr_line' id='line_1_85' title="bbox 1930 2991 3595 3072; baseline 0.007 -27"><span class='ocrx_word' id='word_1_657' title='bbox 1930 2991 2066 3045; x_wconf 91' lang='lat' dir='ltr'>tolis</span> <span class='ocrx_word' id='word_1_658' title='bbox 2106 3007 2120 3059; x_wconf 86' lang='lat'>;</span> <span class='ocrx_word' id='word_1_659' title='bbox 2162 2991 2268 3045; x_wconf 88' lang='lat' dir='ltr'>sed</span> <span class='ocrx_word' id='word_1_660' title='bbox 2316 2993 2576 3060; x_wconf 84' lang='lat' dir='ltr'>praefatae</span> <span class='ocrx_word' id='word_1_661' title='bbox 2625 2995 2957 3065; x_wconf 71' lang='lat' dir='ltr'>antiphonaa</span> <span class='ocrx_word' id='word_1_662' title='bbox 3010 3014 3117 3068; x_wconf 90' lang='lat' dir='ltr'>per</span> <span class='ocrx_word' id='word_1_663' title='bbox 3163 2999 3309 3053; x_wconf 89' lang='lat' dir='ltr'>alias</span> <span class='ocrx_word' id='word_1_664' title='bbox 3359 3017 3595 3072; x_wconf 90' lang='lat' dir='ltr'>quoque</span> 
     </span>
    </p>
   </div>
   <div class='ocr_carea' id='block_1_84' title="bbox 1930 3080 3590 3161">
    <p class='ocr_par' dir='ltr' id='par_1_84' title="bbox 1930 3080 3590 3161">
     <span class='ocr_line' id='line_1_86' title="bbox 1930 3080 3590 3161; baseline 0.007 -29"><span class='ocrx_word' id='word_1_665' title='bbox 1930 3080 2268 3134; x_wconf 88' lang='lat' dir='ltr'>Dominicas</span> <span class='ocrx_word' id='word_1_666' title='bbox 2292 3095 2409 3135; x_wconf 92' lang='lat' dir='ltr'>non</span> <span class='ocrx_word' id='word_1_667' title='bbox 2430 3085 2745 3153; x_wconf 90' lang='lat' dir='ltr'>mutantur,</span> <span class='ocrx_word' id='word_1_668' title='bbox 2771 3100 2880 3139; x_wconf 89' lang='lat' dir='ltr'>nec</span> <span class='ocrx_word' id='word_1_669' title='bbox 2904 3087 3221 3156; x_wconf 89' lang='lat' dir='ltr'>capitulum</span> <span class='ocrx_word' id='word_1_670' title='bbox 3244 3089 3317 3143; x_wconf 90' lang='lat' dir='ltr'>ad</span> <span class='ocrx_word' id='word_1_671' title='bbox 3338 3090 3590 3161; x_wconf 88' lang='lat' dir='ltr'>tertiam,</span> 
     </span>
    </p>
   </div>
   <div class='ocr_carea' id='block_1_85' title="bbox 1662 3168 3594 3277">
    <p class='ocr_par' dir='ltr' id='par_1_85' title="bbox 1662 3168 3594 3277">
     <span class='ocr_line' id='line_1_87' title="bbox 1662 3168 3594 3277; baseline 0.006 -55"><span class='ocrx_word' id='word_1_672' title='bbox 1662 3168 1811 3277; x_wconf 55' lang='grc' dir='ltr'>ἑ</span> <span class='ocrx_word' id='word_1_673' title='bbox 1848 3186 1897 3247; x_wconf 78' lang='lat' dir='ltr'>C</span> <span class='ocrx_word' id='word_1_674' title='bbox 1928 3168 2088 3222; x_wconf 67' lang='lat' dir='ltr'>Ecce</span> <span class='ocrx_word' id='word_1_675' title='bbox 2117 3169 2250 3223; x_wconf 88' lang='lat' dir='ltr'>dies</span> <span class='ocrx_word' id='word_1_676' title='bbox 2284 3169 2544 3237; x_wconf 83' lang='lat' dir='ltr'>veniunt,</span> <span class='ocrx_word' id='word_1_677' title='bbox 2580 3187 2771 3242; x_wconf 89' lang='lat' dir='ltr'>usque</span> <span class='ocrx_word' id='word_1_678' title='bbox 2801 3173 2875 3227; x_wconf 89' lang='lat' dir='ltr'>ad</span> <span class='ocrx_word' id='word_1_679' title='bbox 2904 3176 3294 3231; x_wconf 88' lang='lat' dir='ltr'>novissimam</span> <span class='ocrx_word' id='word_1_680' title='bbox 3332 3178 3594 3233; x_wconf 90' lang='lat' dir='ltr'><strong>Domini-</strong></span> 
     </span>
     <span class='ocr_line' id='line_1_88' title="bbox 1937 3258 3552 3277; baseline 0.007 -4"><span class='ocrx_word' id='word_1_681' title='bbox 2771 3261 2868 3277; x_wconf 65' lang='grc' dir='ltr'>,η</span> <span class='ocrx_word' id='word_1_682' title='bbox 2972 3263 3046 3277; x_wconf 83' lang='lat'>..</span> <span class='ocrx_word' id='word_1_683' title='bbox 3142 3264 3152 3274; x_wconf 87' lang='lat'>.</span> <span class='ocrx_word' id='word_1_684' title='bbox 3242 3265 3284 3277; x_wconf 55' lang='grc' dir='ltr'>-κ</span> <span class='ocrx_word' id='word_1_685' title='bbox 3394 3267 3403 3277; x_wconf 91' lang='grc'><strong>.</strong></span> <span class='ocrx_word' id='word_1_686' title='bbox 3530 3267 3552 3277; x_wconf 81' lang='grc'><strong>-</strong></span> 
     </span>
    </p>
   </div>
   <div class='ocr_carea' id='block_1_86' title="bbox 1929 3258 3597 3328">
    <p class='ocr_par' dir='ltr' id='par_1_86' title="bbox 1929 3258 3597 3328">
     <span class='ocr_line' id='line_1_89' title="bbox 1929 3258 3597 3328; baseline 0.007 -18"><span class='ocrx_word' id='word_1_687' title='bbox 1929 3274 2058 3312; x_wconf 87' lang='lat' dir='ltr'>cam</span> <span class='ocrx_word' id='word_1_688' title='bbox 2088 3258 2148 3312; x_wconf 94' lang='lat' dir='ltr'><strong>in</strong></span> <span class='ocrx_word' id='word_1_689' title='bbox 2179 3274 2292 3328; x_wconf 88' lang='lat' dir='ltr'>qua</span> <span class='ocrx_word' id='word_1_690' title='bbox 2337 3258 2648 3314; x_wconf 90' lang='lat' dir='ltr'>dicendum</span> <span class='ocrx_word' id='word_1_691' title='bbox 2697 3265 2788 3316; x_wconf 91' lang='lat' dir='ltr'>est</span> <span class='ocrx_word' id='word_1_692' title='bbox 2820 3261 3083 3318; x_wconf 87' lang='lat' dir='ltr'>Gaudete</span> <span class='ocrx_word' id='word_1_693' title='bbox 3128 3264 3191 3318; x_wconf 90' lang='lat' dir='ltr'>in</span> <span class='ocrx_word' id='word_1_694' title='bbox 3230 3265 3496 3322; x_wconf 88' lang='lat' dir='ltr'>Domino.</span> <span class='ocrx_word' id='word_1_695' title='bbox 3530 3267 3597 3321; x_wconf 91' lang='lat' dir='ltr'>In</span> 
     </span>
    </p>
   </div>
   <div class='ocr_carea' id='block_1_87' title="bbox 1932 3347 3595 3428">
    <p class='ocr_par' dir='ltr' id='par_1_87' title="bbox 1932 3347 3595 3428">
     <span class='ocr_line' id='line_1_90' title="bbox 1932 3347 3595 3428; baseline 0.007 -28"><span class='ocrx_word' id='word_1_696' title='bbox 1932 3347 2176 3417; x_wconf 90' lang='lat' dir='ltr'>privatis</span> <span class='ocrx_word' id='word_1_697' title='bbox 2207 3348 2419 3402; x_wconf 89' lang='lat' dir='ltr'>diebus</span> <span class='ocrx_word' id='word_1_698' title='bbox 2459 3349 2531 3403; x_wconf 89' lang='lat' dir='ltr'>ad</span> <span class='ocrx_word' id='word_1_699' title='bbox 2565 3352 2765 3405; x_wconf 81' lang='lat' dir='ltr'>metut.</span> <span class='ocrx_word' id='word_1_700' title='bbox 2798 3352 2954 3407; x_wconf 88' lang='lat' dir='ltr'>laud.</span> <span class='ocrx_word' id='word_1_701' title='bbox 3006 3358 3061 3408; x_wconf 89' lang='lat' dir='ltr'>et</span> <span class='ocrx_word' id='word_1_702' title='bbox 3093 3369 3403 3426; x_wconf 88' lang='lat' dir='ltr'>vesperas,</span> <span class='ocrx_word' id='word_1_703' title='bbox 3437 3357 3595 3428; x_wconf 89' lang='lat' dir='ltr'>quod</span> 
     </span>
    </p>
   </div>
   <div class='ocr_carea' id='block_1_88' title="bbox 1931 3436 3591 3516">
    <p class='ocr_par' dir='ltr' id='par_1_88' title="bbox 1931 3436 3591 3516">
     <span class='ocr_line' id='line_1_91' title="bbox 1931 3436 3591 3516; baseline 0.007 -27"><span class='ocrx_word' id='word_1_704' title='bbox 1931 3440 1988 3489; x_wconf 89' lang='lat' dir='ltr'>et</span> <span class='ocrx_word' id='word_1_705' title='bbox 2009 3437 2068 3489; x_wconf 92' lang='lat' dir='ltr'>in</span> <span class='ocrx_word' id='word_1_706' title='bbox 2101 3436 2212 3491; x_wconf 90' lang='lat' dir='ltr'>alio</span> <span class='ocrx_word' id='word_1_707' title='bbox 2243 3437 2376 3492; x_wconf 92' lang='lat' dir='ltr'>loco</span> <span class='ocrx_word' id='word_1_708' title='bbox 2401 3438 2527 3510; x_wconf 88' lang='lat' dir='ltr'>jam</span> <span class='ocrx_word' id='word_1_709' title='bbox 2558 3455 2673 3493; x_wconf 91' lang='lat' dir='ltr'>non</span> <span class='ocrx_word' id='word_1_710' title='bbox 2718 3440 2893 3511; x_wconf 90' lang='lat' dir='ltr'>tacui,</span> <span class='ocrx_word' id='word_1_711' title='bbox 2928 3441 3205 3498; x_wconf 89' lang='lat' dir='ltr'>dicuntur</span> <span class='ocrx_word' id='word_1_712' title='bbox 3233 3444 3327 3500; x_wconf 86' lang='lat' dir='ltr'>hae</span> <span class='ocrx_word' id='word_1_713' title='bbox 3358 3459 3591 3516; x_wconf 89' lang='lat' dir='ltr'>preces,</span> 
     </span>
    </p>
   </div>
   <div class='ocr_carea' id='block_1_89' title="bbox 1937 3524 3059 3600">
    <p class='ocr_par' dir='ltr' id='par_1_89' title="bbox 1937 3524 3059 3600">
     <span class='ocr_line' id='line_1_92' title="bbox 1937 3524 3059 3600; baseline 0.007 -22"><span class='ocrx_word' id='word_1_714' title='bbox 1937 3524 2186 3580; x_wconf 80' lang='lat' dir='ltr'>Oremus</span> <span class='ocrx_word' id='word_1_715' title='bbox 2207 3543 2320 3598; x_wconf 86' lang='lat' dir='ltr'>pro</span> <span class='ocrx_word' id='word_1_716' title='bbox 2349 3530 2507 3582; x_wconf 88' lang='lat' dir='ltr'>omni</span> <span class='ocrx_word' id='word_1_717' title='bbox 2523 3528 2715 3600; x_wconf 80' lang='lat' dir='ltr'>gradu</span> <span class='ocrx_word' id='word_1_718' title='bbox 2744 3529 3059 3586; x_wconf 68' lang='lat' dir='ltr'>Ecclesia}.</span> 
     </span>
    </p>
   </div>
   <div class='ocr_carea' id='block_1_90' title="bbox 2004 3616 3596 3688">
    <p class='ocr_par' dir='ltr' id='par_1_90' title="bbox 2004 3616 3596 3688">
     <span class='ocr_line' id='line_1_93' title="bbox 2004 3616 3596 3688; baseline 0.006 -19"><span class='ocrx_word' id='word_1_719' title='bbox 2004 3616 2503 3688; x_wconf 87' lang='lat' dir='ltr'>Inter..Nunquid</span> <span class='ocrx_word' id='word_1_720' title='bbox 2544 3621 2601 3672; x_wconf 89' lang='lat' dir='ltr'>et</span> <span class='ocrx_word' id='word_1_721' title='bbox 2628 3619 2689 3672; x_wconf 91' lang='lat' dir='ltr'>in</span> <span class='ocrx_word' id='word_1_722' title='bbox 2718 3618 2850 3672; x_wconf 88' lang='lat' dir='ltr'>aliis</span> <span class='ocrx_word' id='word_1_723' title='bbox 2884 3620 3206 3677; x_wconf 91' lang='lat' dir='ltr'>Dominicis</span> <span class='ocrx_word' id='word_1_724' title='bbox 3238 3623 3426 3679; x_wconf 89' lang='lat' dir='ltr'>acturi</span> <span class='ocrx_word' id='word_1_725' title='bbox 3447 3623 3596 3680; x_wconf 91' lang='lat' dir='ltr'>estis</span> 
     </span>
    </p>
   </div>
   <div class='ocr_carea' id='block_1_91' title="bbox 1934 3706 3598 3781">
    <p class='ocr_par' dir='ltr' id='par_1_91' title="bbox 1934 3706 3598 3781">
     <span class='ocr_line' id='line_1_94' title="bbox 1934 3706 3598 3781; baseline 0.004 -22"><span class='ocrx_word' id='word_1_726' title='bbox 1934 3706 2145 3760; x_wconf 89' lang='lat' dir='ltr'><strong>iterum</strong></span> <span class='ocrx_word' id='word_1_727' title='bbox 2190 3721 2469 3777; x_wconf 90' lang='lat' dir='ltr'>process,</span> <span class='ocrx_word' id='word_1_728' title='bbox 2521 3723 2655 3762; x_wconf 92' lang='lat' dir='ltr'>cum</span> <span class='ocrx_word' id='word_1_729' title='bbox 2692 3723 2853 3780; x_wconf 90' lang='lat' dir='ltr'>resp.</span> <span class='ocrx_word' id='word_1_730' title='bbox 2906 3710 2979 3764; x_wconf 91' lang='lat' dir='ltr'>ad</span> <span class='ocrx_word' id='word_1_731' title='bbox 3026 3714 3226 3767; x_wconf 90' lang='lat' dir='ltr'>matut.</span> <span class='ocrx_word' id='word_1_732' title='bbox 3276 3712 3505 3781; x_wconf 89' lang='lat' dir='ltr'>laudes,</span> <span class='ocrx_word' id='word_1_733' title='bbox 3541 3715 3598 3767; x_wconf 91' lang='lat' dir='ltr'>et</span> 
     </span>
    </p>
   </div>
   <div class='ocr_carea' id='block_1_92' title="bbox 1934 3797 2848 3865">
    <p class='ocr_par' dir='ltr' id='par_1_92' title="bbox 1934 3797 2848 3865">
     <span class='ocr_line' id='line_1_95' title="bbox 1934 3797 2848 3865; baseline 0.001 -18"><span class='ocrx_word' id='word_1_734' title='bbox 1934 3810 2225 3865; x_wconf 87' lang='lat' dir='ltr'>vesperas</span> <span class='ocrx_word' id='word_1_735' title='bbox 2256 3797 2283 3849; x_wconf 68' lang='grc' dir='ltr'>ἱ)</span> <span class='ocrx_word' id='word_1_736' title='bbox 2841 3818 2848 3825; x_wconf 61' lang='grc' dir='ltr'>η</span> 
     </span>
    </p>
   </div>
   <div class='ocr_carea' id='block_1_93' title="bbox 2004 3884 2479 3956">
    <p class='ocr_par' dir='ltr' id='par_1_93' title="bbox 2004 3884 2479 3956">
     <span class='ocr_line' id='line_1_96' title="bbox 2004 3884 2479 3956; baseline 0.006 -18"><span class='ocrx_word' id='word_1_737' title='bbox 2004 3884 2186 3956; x_wconf 81' lang='lat' dir='ltr'>Resp.</span> <span class='ocrx_word' id='word_1_738' title='bbox 2222 3886 2479 3941; x_wconf 90' lang='lat' dir='ltr'>Minime.</span> 
     </span>
    </p>
   </div>
   <div class='ocr_carea' id='block_1_94' title="bbox 2008 3974 3599 4047">
    <p class='ocr_par' dir='ltr' id='par_1_94' title="bbox 2008 3974 3599 4047">
     <span class='ocr_line' id='line_1_97' title="bbox 2008 3974 3599 4047; baseline 0.006 -19"><span class='ocrx_word' id='word_1_739' title='bbox 2008 3975 2195 4029; x_wconf 83' lang='lat' dir='ltr'>Inter.</span> <span class='ocrx_word' id='word_1_740' title='bbox 2230 3974 2300 4029; x_wconf 92' lang='lat' dir='ltr'>Et</span> <span class='ocrx_word' id='word_1_741' title='bbox 2330 3992 2479 4046; x_wconf 87' lang='lat' dir='ltr'>quas</span> <span class='ocrx_word' id='word_1_742' title='bbox 2522 3976 2872 4047; x_wconf 88' lang='lat' dir='ltr'>antiphonas</span> <span class='ocrx_word' id='word_1_743' title='bbox 2916 3979 3162 4035; x_wconf 90' lang='lat' dir='ltr'>cantatis</span> <span class='ocrx_word' id='word_1_744' title='bbox 3191 3980 3266 4036; x_wconf 91' lang='lat' dir='ltr'>ad</span> <span class='ocrx_word' id='word_1_745' title='bbox 3297 3979 3475 4037; x_wconf 87' lang='lat' dir='ltr'>horas</span> <span class='ocrx_word' id='word_1_746' title='bbox 3507 3996 3599 4037; x_wconf 92' lang='lat' dir='ltr'>re-</span> 
     </span>
    </p>
   </div>
   <div class='ocr_carea' id='block_1_95' title="bbox 1938 4065 2222 4136">
    <p class='ocr_par' dir='ltr' id='par_1_95' title="bbox 1938 4065 2222 4136">
     <span class='ocr_line' id='line_1_98' title="bbox 1938 4065 2222 4136; baseline -0.011 -16"><span class='ocrx_word' id='word_1_747' title='bbox 1938 4065 2178 4136; x_wconf 80' lang='lat' dir='ltr'>gulares</span> <span class='ocrx_word' id='word_1_748' title='bbox 2195 4065 2222 4117; x_wconf 69' lang='grc' dir='ltr'>ἱ)</span> 
     </span>
    </p>
   </div>
   <div class='ocr_carea' id='block_1_96' title="bbox 2011 4152 3595 4230">
    <p class='ocr_par' dir='ltr' id='par_1_96' title="bbox 2011 4152 3595 4230">
     <span class='ocr_line' id='line_1_99' title="bbox 2011 4152 3595 4230; baseline 0.004 -23"><span class='ocrx_word' id='word_1_749' title='bbox 2011 4154 2187 4224; x_wconf 79' lang='lat' dir='ltr'>Resp.</span> <span class='ocrx_word' id='word_1_750' title='bbox 2210 4152 2274 4207; x_wconf 91' lang='lat' dir='ltr'>In</span> <span class='ocrx_word' id='word_1_751' title='bbox 2303 4153 2560 4224; x_wconf 89' lang='lat' dir='ltr'>qualibet</span> <span class='ocrx_word' id='word_1_752' title='bbox 2584 4154 2888 4210; x_wconf 87' lang='lat' dir='ltr'>Dominica</span> <span class='ocrx_word' id='word_1_753' title='bbox 2921 4157 3275 4229; x_wconf 80' lang='lat' dir='ltr'>antiphonae,</span> <span class='ocrx_word' id='word_1_754' title='bbox 3309 4174 3443 4230; x_wconf 71' lang='lat' dir='ltr'>quae</span> <span class='ocrx_word' id='word_1_755' title='bbox 3465 4174 3595 4213; x_wconf 89' lang='lat' dir='ltr'>can-</span> 
     </span>
    </p>
   </div>
   <div class='ocr_carea' id='block_1_97' title="bbox 1937 4243 3602 4317">
    <p class='ocr_par' dir='ltr' id='par_1_97' title="bbox 1937 4243 3602 4317">
     <span class='ocr_line' id='line_1_100' title="bbox 1937 4243 3602 4317; baseline 0.003 -21"><span class='ocrx_word' id='word_1_756' title='bbox 1937 4245 2070 4297; x_wconf 83' lang='lat' dir='ltr'>tatae</span> <span class='ocrx_word' id='word_1_757' title='bbox 2095 4246 2231 4297; x_wconf 92' lang='lat' dir='ltr'>sunt</span> <span class='ocrx_word' id='word_1_758' title='bbox 2254 4243 2326 4296; x_wconf 88' lang='lat' dir='ltr'>ad</span> <span class='ocrx_word' id='word_1_759' title='bbox 2352 4244 2553 4297; x_wconf 78' lang='lat' dir='ltr'>metut.</span> <span class='ocrx_word' id='word_1_760' title='bbox 2574 4244 2801 4313; x_wconf 88' lang='lat' dir='ltr'>laudes,</span> <span class='ocrx_word' id='word_1_761' title='bbox 2832 4247 3139 4300; x_wconf 86' lang='lat' dir='ltr'>cantantur</span> <span class='ocrx_word' id='word_1_762' title='bbox 3169 4249 3227 4300; x_wconf 90' lang='lat' dir='ltr'>et</span> <span class='ocrx_word' id='word_1_763' title='bbox 3250 4247 3323 4300; x_wconf 90' lang='lat' dir='ltr'>ad</span> <span class='ocrx_word' id='word_1_764' title='bbox 3351 4247 3602 4317; x_wconf 90' lang='lat' dir='ltr'>primam</span> 
     </span>
    </p>
   </div>
   <div class='ocr_carea' id='block_1_98' title="bbox 1936 4331 3600 4403">
    <p class='ocr_par' dir='ltr' id='par_1_98' title="bbox 1936 4331 3600 4403">
     <span class='ocr_line' id='line_1_101' title="bbox 1936 4331 3600 4403; baseline 0.002 -17"><span class='ocrx_word' id='word_1_765' title='bbox 1936 4334 1994 4386; x_wconf 90' lang='lat' dir='ltr'>et</span> <span class='ocrx_word' id='word_1_766' title='bbox 2038 4335 2355 4402; x_wconf 89' lang='lat' dir='ltr'>sequentes</span> <span class='ocrx_word' id='word_1_767' title='bbox 2406 4331 2605 4386; x_wconf 89' lang='lat' dir='ltr'>horas.</span> <span class='ocrx_word' id='word_1_768' title='bbox 2662 4332 2725 4385; x_wconf 88' lang='lat' dir='ltr'>In</span> <span class='ocrx_word' id='word_1_769' title='bbox 2770 4333 3019 4403; x_wconf 88' lang='lat' dir='ltr'>privatis</span> <span class='ocrx_word' id='word_1_770' title='bbox 3061 4333 3271 4389; x_wconf 89' lang='lat' dir='ltr'><strong>diebus</strong></span> <span class='ocrx_word' id='word_1_771' title='bbox 3313 4350 3433 4389; x_wconf 91' lang='lat' dir='ltr'>non</span> <span class='ocrx_word' id='word_1_772' title='bbox 3468 4335 3600 4389; x_wconf 81' lang='lat' dir='ltr'>aliae</span> 
     </span>
    </p>
   </div>
   <div class='ocr_carea' id='block_1_99' title="bbox 1938 4420 3601 4494">
    <p class='ocr_par' dir='ltr' id='par_1_99' title="bbox 1938 4420 3601 4494">
     <span class='ocr_line' id='line_1_102' title="bbox 1938 4420 3601 4494; baseline 0.002 -19"><span class='ocrx_word' id='word_1_773' title='bbox 1938 4423 2245 4475; x_wconf 87' lang='lat' dir='ltr'>cantantur</span> <span class='ocrx_word' id='word_1_774' title='bbox 2274 4436 2448 4492; x_wconf 90' lang='lat' dir='ltr'><strong>quam</strong></span> <span class='ocrx_word' id='word_1_775' title='bbox 2479 4420 2832 4492; x_wconf 82' lang='lat' dir='ltr'>quotidianae</span> <span class='ocrx_word' id='word_1_776' title='bbox 2872 4437 3063 4494; x_wconf 90' lang='lat' dir='ltr'>usque</span> <span class='ocrx_word' id='word_1_777' title='bbox 3095 4422 3169 4477; x_wconf 89' lang='lat' dir='ltr'>ad</span> <span class='ocrx_word' id='word_1_778' title='bbox 3213 4423 3601 4494; x_wconf 87' lang='lat' dir='ltr'>septimanam</span> 
     </span>
    </p>
   </div>
   <div class='ocr_carea' id='block_1_100' title="bbox 1440 4508 2838 4608">
    <p class='ocr_par' dir='ltr' id='par_1_100' title="bbox 1440 4508 2838 4608">
     <span class='ocr_line' id='line_1_103' title="bbox 1440 4508 2838 4608; baseline -0.008 -32"><span class='ocrx_word' id='word_1_779' title='bbox 1440 4542 1501 4593; x_wconf 71' lang='lat' dir='ltr'>ut</span> <span class='ocrx_word' id='word_1_780' title='bbox 1549 4508 1822 4608; x_wconf 43' lang='lat' dir='ltr'>antiqua;</span> <span class='ocrx_word' id='word_1_781' title='bbox 1850 4542 1900 4602; x_wconf 67' lang='grc' dir='ltr'>ὓ</span> <span class='ocrx_word' id='word_1_782' title='bbox 1933 4509 2149 4581; x_wconf 87' lang='lat' dir='ltr'>jejunii</span> <span class='ocrx_word' id='word_1_783' title='bbox 2171 4508 2433 4574; x_wconf 89' lang='lat' dir='ltr'>Quatuor</span> <span class='ocrx_word' id='word_1_784' title='bbox 2463 4509 2838 4580; x_wconf 90' lang='lat' dir='ltr'>Temporum.</span> 
     </span>
    </p>
   </div>
   <div class='ocr_carea' id='block_1_101' title="bbox 2539 4617 3003 4672">
    <p class='ocr_par' dir='ltr' id='par_1_101' title="bbox 2539 4617 3003 4672">
     <span class='ocr_line' id='line_1_104' title="bbox 2539 4617 3003 4672; baseline 0.002 -1"><span class='ocrx_word' id='word_1_785' title='bbox 2539 4617 2790 4672; x_wconf 84' lang='lat' dir='ltr'>CAPUT</span> <span class='ocrx_word' id='word_1_786' title='bbox 2826 4618 3003 4672; x_wconf 76' lang='lat' dir='ltr'>XLV.</span> 
     </span>
    </p>
   </div>
   <div class='ocr_carea' id='block_1_102' title="bbox 2072 4707 3458 4781">
    <p class='ocr_par' dir='ltr' id='par_1_102' title="bbox 2072 4707 3458 4781">
     <span class='ocr_line' id='line_1_105' title="bbox 2072 4707 3458 4781; baseline 0.002 -21"><span class='ocrx_word' id='word_1_787' title='bbox 2072 4707 2161 4761; x_wconf 88' lang='lat' dir='ltr'>De</span> <span class='ocrx_word' id='word_1_788' title='bbox 2190 4707 2516 4778; x_wconf 80' lang='lat' dir='ltr'>septimana</span> <span class='ocrx_word' id='word_1_789' title='bbox 2535 4707 2759 4779; x_wconf 72' lang='lat' dir='ltr'>jejunii</span> <span class='ocrx_word' id='word_1_790' title='bbox 2802 4707 3060 4773; x_wconf 83' lang='lat' dir='ltr'>Quatuor</span> <span class='ocrx_word' id='word_1_791' title='bbox 3096 4708 3458 4781; x_wconf 87' lang='lat' dir='ltr'>Temporum.</span> 
     </span>
    </p>
   </div>
   <div class='ocr_carea' id='block_1_103' title="bbox 2012 4795 3604 4867">
    <p class='ocr_par' dir='ltr' id='par_1_103' title="bbox 2012 4795 3604 4867">
     <span class='ocr_line' id='line_1_106' title="bbox 2012 4795 3604 4867; baseline 0.001 -16"><span class='ocrx_word' id='word_1_792' title='bbox 2012 4797 2175 4862; x_wconf 91' lang='lat' dir='ltr'><strong>Quod</strong></span> <span class='ocrx_word' id='word_1_793' title='bbox 2211 4796 2263 4850; x_wconf 92' lang='lat' dir='ltr'>si</span> <span class='ocrx_word' id='word_1_794' title='bbox 2294 4795 2498 4867; x_wconf 81' lang='lat' dir='ltr'>vigilia</span> <span class='ocrx_word' id='word_1_795' title='bbox 2533 4796 2760 4851; x_wconf 82' lang='lat' dir='ltr'>Natalis</span> <span class='ocrx_word' id='word_1_796' title='bbox 2803 4796 3031 4852; x_wconf 90' lang='lat' dir='ltr'><strong>Domini</strong></span> <span class='ocrx_word' id='word_1_797' title='bbox 3072 4799 3334 4852; x_wconf 87' lang='lat' dir='ltr'>evenerit</span> <span class='ocrx_word' id='word_1_798' title='bbox 3370 4798 3431 4852; x_wconf 90' lang='lat' dir='ltr'>in</span> <span class='ocrx_word' id='word_1_799' title='bbox 3462 4797 3604 4852; x_wconf 89' lang='lat' dir='ltr'>sab-</span> 
     </span>
    </p>
   </div>
   <div class='ocr_carea' id='block_1_104' title="bbox 1942 4885 3609 4957">
    <p class='ocr_par' dir='ltr' id='par_1_104' title="bbox 1942 4885 3609 4957">
     <span class='ocr_line' id='line_1_107' title="bbox 1942 4885 3609 4957; baseline -0.001 -15"><span class='ocrx_word' id='word_1_800' title='bbox 1942 4889 2098 4957; x_wconf 90' lang='lat' dir='ltr'>bato,</span> <span class='ocrx_word' id='word_1_801' title='bbox 2133 4889 2272 4940; x_wconf 88' lang='lat' dir='ltr'>tunc</span> <span class='ocrx_word' id='word_1_802' title='bbox 2304 4885 2501 4957; x_wconf 78' lang='lat' dir='ltr'>agitur</span> <span class='ocrx_word' id='word_1_803' title='bbox 2544 4885 2842 4957; x_wconf 80' lang='lat' dir='ltr'>jejunium</span> <span class='ocrx_word' id='word_1_804' title='bbox 2877 4885 3134 4951; x_wconf 90' lang='lat' dir='ltr'>Quatuor</span> <span class='ocrx_word' id='word_1_805' title='bbox 3163 4887 3518 4957; x_wconf 87' lang='lat' dir='ltr'>Temporum</span> <span class='ocrx_word' id='word_1_806' title='bbox 3548 4888 3609 4941; x_wconf 90' lang='lat' dir='ltr'>in</span> 
     </span>
    </p>
   </div>
   <div class='ocr_carea' id='block_1_105' title="bbox 1946 4973 3607 5047">
    <p class='ocr_par' dir='ltr' id='par_1_105' title="bbox 1946 4973 3607 5047">
     <span class='ocr_line' id='line_1_108' title="bbox 1946 4973 3607 5047; baseline -0.001 -16"><span class='ocrx_word' id='word_1_807' title='bbox 1946 4976 2269 5046; x_wconf 89' lang='lat' dir='ltr'>septimana</span> <span class='ocrx_word' id='word_1_808' title='bbox 2301 4973 2710 5044; x_wconf 85' lang='lat' dir='ltr'>praecedente;</span> <span class='ocrx_word' id='word_1_809' title='bbox 2742 4975 2802 5028; x_wconf 90' lang='lat' dir='ltr'><strong>in</strong></span> <span class='ocrx_word' id='word_1_810' title='bbox 2833 4975 3007 5047; x_wconf 88' lang='lat' dir='ltr'>cujus</span> <span class='ocrx_word' id='word_1_811' title='bbox 3032 4976 3205 5029; x_wconf 88' lang='lat' dir='ltr'>etiam</span> <span class='ocrx_word' id='word_1_812' title='bbox 3233 4976 3607 5046; x_wconf 78' lang='lat' dir='ltr'>praecedente</span> 
     </span>
    </p>
   </div>
   <div class='ocr_carea' id='block_1_106' title="bbox 1945 5062 3609 5135">
    <p class='ocr_par' dir='ltr' id='par_1_106' title="bbox 1945 5062 3609 5135">
     <span class='ocr_line' id='line_1_109' title="bbox 1945 5062 3609 5135; baseline -0.001 -14"><span class='ocrx_word' id='word_1_813' title='bbox 1945 5063 2207 5121; x_wconf 89' lang='lat' dir='ltr'>secunda</span> <span class='ocrx_word' id='word_1_814' title='bbox 2236 5062 2384 5116; x_wconf 89' lang='lat' dir='ltr'>feria</span> <span class='ocrx_word' id='word_1_815' title='bbox 2414 5079 2481 5117; x_wconf 81' lang='lat' dir='ltr'>ea</span> <span class='ocrx_word' id='word_1_816' title='bbox 2509 5064 2639 5118; x_wconf 87' lang='lat' dir='ltr'>vice</span> <span class='ocrx_word' id='word_1_817' title='bbox 2670 5079 2966 5134; x_wconf 87' lang='lat' dir='ltr'>nunquam</span> <span class='ocrx_word' id='word_1_818' title='bbox 2998 5062 3283 5135; x_wconf 90' lang='lat' dir='ltr'>differtur,</span> <span class='ocrx_word' id='word_1_819' title='bbox 3307 5068 3370 5119; x_wconf 93' lang='lat' dir='ltr'>ut</span> <span class='ocrx_word' id='word_1_820' title='bbox 3400 5079 3518 5121; x_wconf 90' lang='lat' dir='ltr'>non</span> <span class='ocrx_word' id='word_1_821' title='bbox 3534 5064 3609 5119; x_wconf 87' lang='lat' dir='ltr'>ad</span> 
     </span>
    </p>
   </div>
   <div class='ocr_carea' id='block_1_107' title="bbox 1943 5152 3608 5222">
    <p class='ocr_par' dir='ltr' id='par_1_107' title="bbox 1943 5152 3608 5222">
     <span class='ocr_line' id='line_1_110' title="bbox 1943 5152 3608 5222; baseline 0.002 -14"><span class='ocrx_word' id='word_1_822' title='bbox 1943 5157 2143 5208; x_wconf 89' lang='lat' dir='ltr'>matut.</span> <span class='ocrx_word' id='word_1_823' title='bbox 2184 5152 2391 5206; x_wconf 88' lang='lat' dir='ltr'>laudes</span> <span class='ocrx_word' id='word_1_824' title='bbox 2426 5153 2556 5205; x_wconf 87' lang='lat' dir='ltr'>haec</span> <span class='ocrx_word' id='word_1_825' title='bbox 2579 5152 2930 5207; x_wconf 89' lang='lat' dir='ltr'>inchoentur</span> <span class='ocrx_word' id='word_1_826' title='bbox 2956 5153 3292 5222; x_wconf 85' lang='lat' dir='ltr'>antiphonae</span> <span class='ocrx_word' id='word_1_827' title='bbox 3317 5155 3483 5211; x_wconf 83' lang='lat' dir='ltr'>Ecce</span> <span class='ocrx_word' id='word_1_828' title='bbox 3504 5171 3608 5211; x_wconf 80' lang='lat' dir='ltr'>ve-</span> 
     </span>
    </p>
   </div>
   <div class='ocr_carea' id='block_1_108' title="bbox 1948 5241 3611 5311">
    <p class='ocr_par' dir='ltr' id='par_1_108' title="bbox 1948 5241 3611 5311">
     <span class='ocr_line' id='line_1_111' title="bbox 1948 5241 3611 5311; baseline 0.001 -13"><span class='ocrx_word' id='word_1_829' title='bbox 1948 5245 2069 5298; x_wconf 86' lang='lat' dir='ltr'>niet</span> <span class='ocrx_word' id='word_1_830' title='bbox 2098 5243 2400 5296; x_wconf 86' lang='lat' dir='ltr'>Dominus.</span> <span class='ocrx_word' id='word_1_831' title='bbox 2421 5242 2583 5295; x_wconf 93' lang='lat' dir='ltr'>Tunc</span> <span class='ocrx_word' id='word_1_832' title='bbox 2617 5241 2788 5295; x_wconf 88' lang='lat' dir='ltr'>etiam</span> <span class='ocrx_word' id='word_1_833' title='bbox 2819 5257 2927 5311; x_wconf 91' lang='lat' dir='ltr'>per</span> <span class='ocrx_word' id='word_1_834' title='bbox 2947 5242 3327 5298; x_wconf 84' lang='lat' dir='ltr'>occasionem</span> <span class='ocrx_word' id='word_1_835' title='bbox 3359 5244 3611 5299; x_wconf 90' lang='lat' dir='ltr'>istarum</span> 
     </span>
    </p>
   </div>
   <div class='ocr_carea' id='block_1_109' title="bbox 1944 5330 3604 5403">
    <p class='ocr_par' dir='ltr' id='par_1_109' title="bbox 1944 5330 3604 5403">
     <span class='ocr_line' id='line_1_112' title="bbox 1944 5330 3604 5403; baseline 0 -17"><span class='ocrx_word' id='word_1_836' title='bbox 1944 5333 2414 5402; x_wconf 86' lang='lat' dir='ltr'>antiphonarum,</span> <span class='ocrx_word' id='word_1_837' title='bbox 2432 5333 2487 5384; x_wconf 90' lang='lat' dir='ltr'>et</span> <span class='ocrx_word' id='word_1_838' title='bbox 2507 5330 2754 5384; x_wconf 90' lang='lat' dir='ltr'>aliarum</span> <span class='ocrx_word' id='word_1_839' title='bbox 2770 5345 2904 5400; x_wconf 85' lang='lat' dir='ltr'>quae</span> <span class='ocrx_word' id='word_1_840' title='bbox 2927 5331 2998 5385; x_wconf 89' lang='lat' dir='ltr'>ab</span> <span class='ocrx_word' id='word_1_841' title='bbox 3020 5331 3065 5385; x_wconf 92' lang='grc' dir='ltr'><strong>Ο</strong></span> <span class='ocrx_word' id='word_1_842' title='bbox 3082 5332 3273 5387; x_wconf 88' lang='lat' dir='ltr'>littera</span> <span class='ocrx_word' id='word_1_843' title='bbox 3295 5332 3604 5403; x_wconf 88' lang='lat' dir='ltr'>incipiunt,</span> 
     </span>
    </p>
   </div>
   <div class='ocr_carea' id='block_1_110' title="bbox 1942 5419 3607 5490">
    <p class='ocr_par' dir='ltr' id='par_1_110' title="bbox 1942 5419 3607 5490">
     <span class='ocr_line' id='line_1_113' title="bbox 1942 5419 3607 5490; baseline 0 -14"><span class='ocrx_word' id='word_1_844' title='bbox 1942 5423 2232 5476; x_wconf 86' lang='lat' dir='ltr'>habentur</span> <span class='ocrx_word' id='word_1_845' title='bbox 2279 5421 2337 5473; x_wconf 89' lang='lat' dir='ltr'><strong>in</strong></span> <span class='ocrx_word' id='word_1_846' title='bbox 2368 5419 2781 5487; x_wconf 87' lang='lat' dir='ltr'>antiphonario</span> <span class='ocrx_word' id='word_1_847' title='bbox 2830 5420 2998 5490; x_wconf 89' lang='lat' dir='ltr'>quasi</span> <span class='ocrx_word' id='word_1_848' title='bbox 3056 5421 3294 5476; x_wconf 90' lang='lat' dir='ltr'>omnino</span> <span class='ocrx_word' id='word_1_849' title='bbox 3324 5426 3607 5477; x_wconf 88' lang='lat' dir='ltr'>vacantes</span> 
     </span>
    </p>
   </div>
   <div class='ocr_carea' id='block_1_111' title="bbox 1940 5508 3609 5581">
    <p class='ocr_par' dir='ltr' id='par_1_111' title="bbox 1940 5508 3609 5581">
     <span class='ocr_line' id='line_1_114' title="bbox 1940 5508 3609 5581; baseline -0.002 -15"><span class='ocrx_word' id='word_1_850' title='bbox 1940 5510 2275 5581; x_wconf 87' lang='lat' dir='ltr'>antipbonae</span> <span class='ocrx_word' id='word_1_851' title='bbox 2300 5526 2313 5575; x_wconf 89' lang='lat'>;</span> <span class='ocrx_word' id='word_1_852' title='bbox 2339 5508 2498 5563; x_wconf 66' lang='lat' dir='ltr'>ethm</span> <span class='ocrx_word' id='word_1_853' title='bbox 2517 5509 2589 5561; x_wconf 89' lang='lat' dir='ltr'>ad</span> <span class='ocrx_word' id='word_1_854' title='bbox 2611 5508 2855 5563; x_wconf 87' lang='lat' dir='ltr'>diurnas</span> <span class='ocrx_word' id='word_1_855' title='bbox 2880 5512 3190 5564; x_wconf 88' lang='lat' dir='ltr'>cantantur</span> <span class='ocrx_word' id='word_1_856' title='bbox 3212 5511 3414 5580; x_wconf 89' lang='lat' dir='ltr'>horas,</span> <span class='ocrx_word' id='word_1_857' title='bbox 3438 5510 3609 5565; x_wconf 90' lang='lat' dir='ltr'>verbi</span> 
     </span>
    </p>
   </div>
   <div class='ocr_carea' id='block_1_112' title="bbox 1938 5596 3614 5674">
    <p class='ocr_par' dir='ltr' id='par_1_112' title="bbox 1938 5596 3614 5674">
     <span class='ocr_line' id='line_1_115' title="bbox 1938 5596 3614 5674; baseline -0.001 -18"><span class='ocrx_word' id='word_1_858' title='bbox 1938 5599 2148 5674; x_wconf 75' lang='lat' dir='ltr'>gratia,</span> <span class='ocrx_word' id='word_1_859' title='bbox 2191 5599 2252 5654; x_wconf 91' lang='lat' dir='ltr'>in</span> <span class='ocrx_word' id='word_1_860' title='bbox 2282 5596 2546 5654; x_wconf 87' lang='lat' dir='ltr'>secunda</span> <span class='ocrx_word' id='word_1_861' title='bbox 2584 5596 2734 5653; x_wconf 88' lang='lat' dir='ltr'>feria</span> <span class='ocrx_word' id='word_1_862' title='bbox 2762 5597 2838 5652; x_wconf 88' lang='lat' dir='ltr'>ad</span> <span class='ocrx_word' id='word_1_863' title='bbox 2879 5597 3150 5670; x_wconf 88' lang='lat' dir='ltr'>primam,</span> <span class='ocrx_word' id='word_1_864' title='bbox 3191 5598 3414 5672; x_wconf 89' lang='lat' dir='ltr'>antiph.</span> <span class='ocrx_word' id='word_1_865' title='bbox 3448 5599 3614 5654; x_wconf 84' lang='lat' dir='ltr'>Dicit</span> 
     </span>
    </p>
   </div>
   <div class='ocr_carea' id='block_1_113' title="bbox 1938 5683 3613 5767">
    <p class='ocr_par' dir='ltr' id='par_1_113' title="bbox 1938 5683 3613 5767">
     <span class='ocr_line' id='line_1_116' title="bbox 1938 5683 3613 5767; baseline -0.007 -15"><span class='ocrx_word' id='word_1_866' title='bbox 1938 5692 2265 5767; x_wconf 85' lang='lat' dir='ltr'>Dominus;</span> <span class='ocrx_word' id='word_1_867' title='bbox 2296 5690 2371 5748; x_wconf 89' lang='lat' dir='ltr'>ad</span> <span class='ocrx_word' id='word_1_868' title='bbox 2398 5687 2652 5764; x_wconf 89' lang='lat' dir='ltr'>tertiam,</span> <span class='ocrx_word' id='word_1_869' title='bbox 2697 5687 3006 5765; x_wconf 81' lang='lat' dir='ltr'>Consurgo</span> <span class='ocrx_word' id='word_1_870' title='bbox 3038 5707 3053 5760; x_wconf 85' lang='lat'>;</span> <span class='ocrx_word' id='word_1_871' title='bbox 3088 5705 3156 5747; x_wconf 90' lang='lat' dir='ltr'>ae</span> <span class='ocrx_word' id='word_1_872' title='bbox 3186 5691 3437 5748; x_wconf 84' lang='lat' dir='ltr'>sextam.</span> <span class='ocrx_word' id='word_1_873' title='bbox 3469 5683 3613 5743; x_wconf 79' lang='lat' dir='ltr'>Ele-</span> 
     </span>
    </p>
   </div>
  </div>
