3956 6176
375 319 491 382 691

1333 299 1726 367 UDALRICI
1775 293 2362 360 CLUNIACENSIS
2406 292 2826 354 MONACHI.
3621 296 3714 360 69-3

381 533 556 588 vare;
588 516 662 570 ad
702 526 936 579 nonam,
966 509 1190 564 Ponam
1211 506 1273 559 in
1298 503 1463 558 Sion.
1499 502 1716 555 Verum
1734 497 1805 552 de
1834 496 1930 550 his
1953 495 2042 550 fe-
2067 475 2119 536 Α
2152 507 2486 563 quanquam
2518 507 2633 546 non
2673 507 2879 546 omnes
2930 490 3208 559 serviant,
3249 491 3352 545 sed
3382 493 3510 545 tanti
3535 498 3739 563 quantos

377 607 629 662 rialibus
651 599 991 674 antiphonis
1005 599 1099 652 est
1112 611 1243 663 una,
1269 593 1326 646 id
1346 594 1436 646 est
1453 589 1650 645 Nolite
1665 589 1895 654 timere,
1912 600 2044 674 quae

377 711 616 766 semper
636 693 1003 757 reservatur,
1037 689 1098 741 ut
1127 685 1183 738 in
1216 681 1406 737 Natali
1437 681 1496 736 S.
1531 679 1770 732 Thomae
1794 673 2043 745 apostoli

375 765 525 857 post,
543 787 681 837 mat.
714 781 920 835 laudes
951 792 1059 847 pro
1087 772 1492 829 recordatione
1525 765 1811 823 Dominici
1844 767 2046 818 cante-

376 854 474 928 tur
506 867 832 936 Adventus,
870 867 984 922 nisi
1017 866 1170 918 forte
1201 862 1573 931 contingatut
1603 859 1732 926 ipsa
1751 854 2042 909 festivitas

378 961 450 1015 de
482 960 612 1014 loco
644 973 753 1012 suo
786 961 841 1010 et
872 956 965 1009 die
997 955 1268 1006 mutetur.
1303 949 1558 1002 Mutatur
1583 948 1796 1010 autem,
1831 941 1884 994 si
1916 956 2048 995 eve-

379 1049 533 1105 nerit
550 1049 608 1102 in
625 1051 792 1102 sexta
820 1044 965 1098 feria
987 1041 1249 1106 Quatuor
1271 1039 1644 1106 Temporum,
1675 1035 1732 1085 et
1754 1033 1811 1085 in
1846 1030 2046 1100 quinta

381 1136 755 1209 praecedente
788 1131 1119 1186 celebratur
1154 1143 1165 1182 :
1201 1131 1296 1181 aut
1328 1127 1382 1179 si
1402 1123 1664 1178 evenerit
1687 1121 1744 1173 in
1765 1119 2047 1184 Sabbato,

379 1205 474 1280 vel
508 1225 566 1278 in
598 1220 865 1293 sequenti
887 1218 1211 1284 Dominica,
1236 1215 1567 1268 celebratur
1598 1212 1655 1264 in
1678 1207 1941 1263 secunda
1964 1205 2045 1259 fe-

378 1296 488 1369 ria:
521 1314 584 1366 In
615 1313 819 1382 quarta
853 1308 1000 1363 feria
1028 1305 1243 1377 jejunii
1266 1303 1619 1357 inchoantur
1640 1296 2048 1367 responsoria,

385 1403 584 1458 Clama
610 1400 671 1453 in
702 1397 1076 1454 fortitudine.
1114 1396 1175 1448 In
1205 1393 1325 1446 illis
1356 1392 1550 1445 tribus
1583 1387 1882 1455 noctibus,
1925 1384 2050 1455 qui-

380 1491 496 1545 bus
549 1488 752 1542 eadem
803 1487 1111 1540 cantantur
1158 1478 1580 1549 responsoria,
1635 1474 2054 1546 pronuntiatur

381 1578 790 1649 Evangelium,
841 1579 896 1628 et
946 1589 1064 1628 non
1112 1569 1364 1640 amplius
1413 1583 1588 1638 quam
1631 1562 1936 1634 Evangelii
1979 1577 2053 1614 ex

381 1683 544 1722 more
584 1666 803 1737 legitur
834 1662 1110 1726 homilia;
1161 1660 1348 1730 prima
1393 1661 1588 1710 tamen
1631 1654 1872 1708 homilia
1920 1667 2052 1705 cum

383 1758 461 1812 sit
492 1757 670 1828 longe
705 1755 896 1808 minor
916 1751 1148 1806 duabus
1181 1747 1570 1818 sequentibus
1598 1761 1612 1813 ;
1644 1759 1757 1814 ego
1791 1742 2049 1812 quidem,

2154 580 2270 650 ipsi
2301 581 2451 634 inter
2481 596 2547 634 se
2583 579 2893 647 voluerint,
2927 583 2983 633 et
3014 595 3164 649 opus
3193 594 3325 634 esse
3354 579 3601 635 viderint.

2228 668 2291 721 In
2323 669 2525 739 vigilia
2557 668 2783 722 Natalis
2824 669 3054 722 Domini
3102 669 3364 722 nocturni
3393 669 3526 722 ﬁunt
3551 670 3679 724 sicut
3704 673 3748 725 in

2159 757 2420 828 quolibet
2431 758 2658 827 privato
2677 757 2790 825 die,
2812 757 3049 828 triginta
3063 757 3303 827 psalmis
3316 758 3748 826 praecedentibus,

2160 863 2269 902 nec
2293 847 2429 917 quid
2470 850 2731 900 remanet
2751 847 2821 900 de
2852 849 3061 900 caetera
3093 847 3429 917 psalmodia,
3459 863 3578 918 quae
3607 849 3683 902 vel
3707 849 3751 901 in

2164 937 2346 990 choro
2379 936 2469 990 vel
2502 937 2559 990 in
2591 935 2844 990 ecclesia
2891 936 2950 989 S.
2979 935 3186 996 Mariae
3231 937 3448 990 cantari
3493 935 3625 990 solet
3648 941 3752 990 ante

2164 1030 2364 1080 matut.
2399 1025 2552 1080 laud.
2575 1027 2664 1079 Ad
2691 1030 3014 1080 nocturnos
3045 1026 3261 1097 legitur
3290 1025 3382 1078 illa
3411 1024 3654 1096 Origenis
3676 1028 3756 1078 ho-

2169 1115 2324 1168 milia
2358 1130 2370 1169 :
2407 1113 2668 1179 Quwl‘uit
2689 1115 3041 1168 necessitas.
3062 1114 3148 1167 Ad
3164 1116 3361 1168 matut.
3382 1113 3570 1167 laudes
3591 1113 3757 1167 formis

2166 1203 2555 1274 complicatis,
2606 1208 2661 1258 et
2708 1204 3002 1273 tapetibus
3043 1203 3380 1271 constratis,
3423 1208 3474 1256 et
3520 1203 3680 1272 primo
3707 1219 3762 1256 ex

2164 1309 2328 1348 more
2361 1295 2534 1366 signo
2558 1309 2674 1348 uno
2697 1294 2927 1364 pulsato
2952 1298 3006 1348 et
3031 1293 3292 1348 oratione
3323 1292 3485 1359 facta,
3507 1291 3766 1361 pulsantur

2165 1390 2357 1444 omnia
2378 1390 2570 1461 signa,
2606 1405 2713 1443 nec
2745 1389 2841 1442 alii
2862 1389 3074 1458 psalmi
3097 1404 3271 1458 quam
3307 1387 3401 1458 qui
3433 1386 3767 1440 solemnitati-

2165 1481 2280 1535 bus
2322 1482 2657 1550 competunt
2719 1483 3043 1547 cantantur,
3094 1477 3361 1548 psalmus
3405 1477 3768 1548 nonagesimus

2164 1570 2464 1624 secundus
2483 1573 2539 1624 et
2557 1584 2848 1638 sequaces
2867 1568 3021 1638 ejus.
3051 1566 3512 1636 Responsorium
3534 1564 3704 1619 Judaca
3723 1571 3767 1617 et

2165 1659 2498 1713 Jerusalem
2539 1675 2570 1711 a
2618 1658 2851 1711 duobus
2893 1661 3193 1725 cantatur;
3237 1656 3419 1709 altare
3454 1656 3765 1708 ineensatur.

2164 1747 2360 1802 Prima
2383 1751 2574 1802 tamen
2589 1763 2700 1800 non
2722 1750 3033 1815 separatur
3057 1746 3130 1799 ab
3154 1745 3305 1814 ipsis
3328 1743 3606 1798 matutinis
3624 1741 3770 1804 laud.,

383 1847 436 1900 si
467 1847 618 1900 bene
649 1843 907 1911 memini,
934 1840 1067 1910 plus
1090 1835 1404 1907 aliquando
1431 1835 1645 1888 lectum
1669 1847 1808 1886 esse
1831 1829 2027 1884 audivi

2177 1852 2273 1890 nec
2307 1853 2337 1890 a
2359 1836 2547 1906 prima
2579 1835 2753 1889 solito
2776 1850 2937 1889 more
2961 1837 3185 1904 septem
3200 1833 3415 1904 psalmi
3438 1847 3560 1885 cum
3579 1830 3770 1884 letania.

384 1938 440 1989 et
470 1933 730 1988 additum
760 1932 831 1985 de
863 1927 1241 1983 sermonibus
1266 1926 1604 1980 sanctorum
1637 1923 1910 1986 Patrum;
1944 1919 2052 1974 sed

383 2024 496 2078 hoc
525 2026 730 2093 postea
760 2019 1190 2089 reprehensum
1227 2019 1319 2070 est
1359 2032 1389 2068 a
1425 2012 1764 2068 senioribus
1805 2009 2049 2064 nostris.

387 2113 474 2167 Tu
506 2129 652 2184 ergo
681 2111 834 2181 elige
867 2108 1022 2180 quod
1056 2107 1247 2177 magis
1272 2103 1533 2158 volucris
1565 2117 1595 2156 e
1629 2099 1882 2154 duobus.

457 2201 646 2254 Inter.
697 2200 760 2252 In
809 2197 1101 2265 Sabbato,
1137 2211 1270 2248 cum
1309 2208 1426 2247 non
1476 2189 1745 2244 habeatis
1783 2186 2053 2258 preprias

386 2290 738 2360 antiphonas
785 2287 899 2342 nisi
947 2286 1018 2339 de
1069 2284 1270 2356 vigilia
1312 2280 1537 2336 Natalis
1591 2278 1854 2346 Domini,
1915 2274 2056 2347 quid

386 2379 635 2435 cantatis
658 2380 686 2432 ‘?

459 2469 640 2538 Resp.
667 2466 744 2520 Ut
773 2465 929 2519 scire
963 2466 1153 2534 potes,
1175 2461 1324 2516 duas
1343 2460 1490 2514 satis
1514 2457 1802 2528 proprias,
1831 2454 1966 2526 quia
1984 2454 2058 2508 de

389 2557 542 2627 ipsis
574 2554 822 2624 psalmis
847 2556 1004 2619 sunt,
1029 2553 1087 2605 in
1110 2554 1382 2620 promptu
1415 2547 1710 2602 canendas
1743 2544 2056 2606 habemus,

387 2644 449 2699 id
472 2647 583 2712 est,
607 2643 704 2696 Ad
738 2646 814 2711 te,
853 2641 1100 2694 Domine
1128 2639 1258 2692 leva
1273 2639 1356 2706 vi;
1389 2639 1446 2690 et
1468 2636 1872 2706 Exspectatur
1907 2633 2060 2686 sicut

388 2732 631 2805 pluvia,
680 2731 776 2784 his
814 2729 1085 2783 addimus
1135 2743 1267 2798 quae
1309 2727 1617 2779 incantatae
1669 2722 2063 2777 remanserint

393 2837 505 2893 pro
535 2819 853 2876 festivitate
885 2819 944 2871 S.
980 2819 1242 2887 Thomae,
1277 2815 1391 2884 vel,
1413 2817 1464 2870 si
1489 2829 1636 2885 quas
1666 2813 1813 2865 alias
1846 2811 1916 2865 de
1949 2811 2060 2866 alio

394 2911 526 2965 loco
561 2910 756 2981 magis
803 2910 1202 2978 competentes
1262 2906 1554 2958 videmus.
1614 2903 1959 2956 Praecentor
2006 2903 2064 2955 et

396 2999 709 3069 armarius,
743 2998 1037 3068 siquidem
1067 2998 1346 3050 sensatus
1379 2997 1434 3048 et
1466 2992 1774 3046 studiosus
1806 2993 1916 3058 est,
1944 3006 2062 3044 non

393 3090 640 3143 multum
674 3103 781 3158 pro
814 3085 1157 3157 liujusmodi
1188 3083 1430 3151 errabit,
1451 3085 1504 3136 et
1529 3082 1598 3135 ad
1631 3081 1792 3135 illum
1810 3079 2062 3150 pertinet

397 3177 589 3232 omnia
624 3192 756 3247 quae
787 3179 924 3230 sunt
958 3174 1138 3245 hujus
1170 3171 1407 3244 generis
1441 3169 1773 3240 providere.

469 3266 656 3321 Inter.
690 3265 851 3335 Ergo
883 3265 1067 3334 ipsas,
1112 3263 1182 3316 de
1212 3263 1430 3332 quibus
1461 3259 1674 3330 agitur,
1710 3257 2062 3326 antiphonas

397 3355 770 3410 matutinales
803 3359 1115 3423 postquam
1139 3353 1324 3404 semel
1355 3365 1562 3404 omnes
1595 3347 1900 3414 cantastis,
1921 3345 2062 3416 quid

397 3444 593 3498 facitis
625 3444 675 3498 si
710 3442 968 3496 nondum
997 3445 1090 3495 est
1131 3440 1356 3494 Natalis
1391 3438 1621 3492 Domini
1643 3438 1671 3490 ‘2

472 3532 651 3602 Resp.
684 3531 834 3595 Quid
879 3532 1150 3596 interest,
1185 3530 1235 3582 si
1269 3527 1533 3586 secundo
1579 3541 1682 3580 eas
1714 3525 2059 3596 repetimus,

401 3620 676 3674 nimirum
707 3619 860 3672 aliud
887 3634 1002 3672 non
1035 3618 1306 3672 facimus.

988 3706 1237 3759 CAPUT
1270 3706 1470 3760 XLVI.

661 3797 749 3851 De
785 3795 991 3868 vigilia
1019 3796 1169 3850 etde
1201 3795 1298 3848 die
1326 3794 1532 3848 Natali
1561 3795 1814 3849 Domini.

474 3887 805 3958 Aliquando
838 3885 1073 3956 quidam
1106 3884 1256 3938 forte
1287 3884 1524 3938 libellus
1561 3885 1718 3939 venit
1767 3884 1824 3938 in
1857 3901 2067 3940 manus

404 3980 664 4044 nostras,
718 3975 1006 4029 simulans
1051 3975 1207 4045 quod
1249 3974 1385 4027 olim
1429 3975 1688 4044 scriptus
1739 3981 1901 4029 esset
1934 3979 2066 4029 ante

403 4066 606 4136 plures
639 4080 848 4135 annos,
883 4064 941 4117 in
972 4079 1087 4134 quo
1138 4064 1290 4116 inter
1319 4067 1535 4117 caetera
1569 4065 1892 4118 habebatur
1921 4080 2067 4118 nos-

403 4157 554 4208 tram
567 4170 706 4209 esse
720 4154 1205 4209 consuetudinem
1223 4153 1356 4206 utin
1392 4153 1580 4208 Natali
1601 4154 1830 4208 Domini
1861 4153 2064 4207 minis-

401 4244 615 4298 terium
647 4245 916 4315 coquinse
950 4244 1201 4297 domnus
1243 4243 1429 4296 abbas
1471 4247 1527 4297 et
1559 4242 1904 4296 cellerarius
1937 4258 2070 4295 cum

405 4332 645 4386 decanis
680 4332 854 4384 simul
903 4331 1139 4384 faciant.
1181 4329 1346 4394 Quod
1393 4330 1524 4384 ideo
1569 4334 1761 4383 tacere
1792 4329 1973 4396 nolui,
2009 4331 2074 4382 ut

405 4420 843 4475 animadvertas
875 4435 908 4471 a
941 4422 1156 4488 quanta
1202 4419 1510 4472 sanctitate
1541 4419 1711 4472 locus
1741 4421 1948 4472 noster
1976 4417 2071 4470 in-

405 4509 601 4580 cmpit,
637 4524 971 4579 quanquam
1003 4509 1174 4561 modo
1208 4524 1322 4562 non
1355 4510 1450 4577 sit,
1487 4523 1594 4562 nec
1627 4509 1852 4579 absque
1879 4508 2066 4562 maxi—

405 4566 965 4667 ma‘importunlitate
988 4612 1126 4650 esse
1158 4597 1350 4666 possit
1372 4566 1627 4666 idipsum
1650 4566 1996 4650 humilitatis
2015 4600 2071 4651 et
2097 4566 2146 4627 D

405 4688 715 4760 religionis
745 4685 1097 4756 exemplum.
1134 4685 1280 4740 Nam
1312 4691 1624 4756 postquam
1655 4690 1710 4741 et
1742 4687 1868 4741 haec
1903 4687 2070 4741 vinea

405 4779 610 4831 nostra
648 4775 909 4831 extendit
953 4775 1224 4845 palmites
1271 4791 1416 4828 suos
1457 4791 1649 4846 usque
1695 4776 1766 4829 ad
1814 4792 1973 4830 mare
2020 4779 2076 4830 et

404 4881 620 4936 usque,
655 4881 770 4920 non
804 4865 873 4918 ad
907 4863 1145 4930 flumen,
1167 4863 1274 4917 sed
1306 4863 1376 4916 ad
1398 4864 1639 4917 flumina
1672 4865 1849 4919 multa
1870 4882 2077 4936 propa-

407 4956 580 5026 gines
612 4953 934 5022 suas,tanti
963 4954 1227 5020 fratrum,
1264 4955 1402 5006 tanti
1427 4953 1721 5023 hospitum
1755 4961 2077 5012 accurrunt

407 5043 480 5095 ad
527 5047 969 5097 sacrosanctam
1017 5043 1480 5108 solemnitatem,
1545 5043 1762 5112 quibus
1818 5045 2076 5115 singulis

413 5129 593 5184 habet
621 5132 874 5185 domnus
894 5132 1079 5185 abbas
1102 5148 1208 5201 pro
1243 5135 1355 5184 tam
1387 5132 1645 5186 diversis
1665 5134 1920 5203 negotiis
1953 5149 2078 5188 res-

408 5218 691 5288 pondere,
729 5225 787 5273 ut
819 5222 1054 5274 omnino
1088 5235 1202 5274 non
1223 5221 1546 5290 expediret,
1569 5222 1621 5273 si
1652 5225 1789 5275 tunc
1825 5237 1890 5275 se
1923 5224 2075 5276 lava-

411 5307 569 5361 tione
588 5306 855 5361 fabarum
883 5312 1226 5379 occuparet;
1251 5325 1282 5362 a
1305 5325 1421 5379 quo
1455 5313 1644 5364 tamen
1658 5310 1946 5380 obsequio
1965 5311 2077 5365 alio

411 5400 676 5465 tempore
708 5411 825 5450 non
857 5398 1050 5468 magis
1099 5398 1225 5466 ipse
1260 5414 1435 5468 quam
1485 5400 1544 5453 et
1588 5397 1685 5452 alii
1717 5403 2077 5466 excusatur;

411 5485 522 5540 hac
543 5487 735 5540 autem
758 5485 908 5557 vice,
935 5486 1089 5540 sicut
1111 5488 1284 5541 etiam
1308 5489 1365 5541 in
1387 5488 1639 5556 Pascha,
1659 5491 2078 5557 procuratores

413 5575 707 5644 villarum,
743 5577 799 5630 et
831 5576 930 5647 qui
969 5574 1174 5629 decani
1224 5576 1622 5646 appellantur,
1656 5579 1942 5648 quotquot
1973 5594 2080 5632 su-

408 5665 810 5741 pervenerint,
855 5680 1062 5724 omnes
1113 5664 1185 5722 ad
1213 5665 1326 5724 hoc
1357 5667 1418 5724 in
1466 5665 1637 5723 brevi
1669 5669 2078 5739 recensentur,

2166 1927 2443 1980 Psalmus
2474 1940 2708 1996 quoque
2731 1925 3035 1979 Miserere
3049 1939 3151 1993 pro
3174 1923 3468 1976 defunctis
3488 1918 3772 1981 abbatibus,

2166 2015 2428 2070 licetduo
2451 2014 2548 2067 alii
2568 2015 2906 2067 remaneant
2926 2011 3277 2081 praecedens
3300 2014 3356 2064 et
3378 2023 3639 2080 sequens,
3655 2006 3776 2059 sicut

2169 2105 2341 2158 etiam
2372 2089 2576 2172 postea
2606 2103 2677 2155 ad
2709 2117 2914 2155 omnes
2947 2101 3146 2154 horas.
3183 2100 3333 2154 Tres
3366 2099 3642 2152 orationes
3672 2097 3776 2147 ante

2167 2194 2398 2248 tertiam
2421 2192 2629 2246 stando
2653 2190 3482 2261 aguntur,quia,posteaquam
3498 2185 3779 2238 matut.lau-

2169 2282 2276 2335 des
2299 2284 2436 2336 sunt
2457 2280 2748 2350 incoeptae,
2765 2282 2882 2334 toto
2905 2279 3003 2332 illo
3023 2278 3114 2332 die
3129 2293 3497 2348 nequaquam
3519 2289 3686 2347 genua
3705 2272 3780 2324 tle-

2171 2373 2427 2440 ctuntur,
2450 2372 2696 2439 excepto
2719 2369 2791 2422 ad
2811 2367 3106 2436 letaniam,
3139 2370 3195 2422 et
3224 2366 3460 2437 quando
3492 2367 3546 2418 in
3575 2361 3780 2432 capitulo

2171 2461 2316 2516 Nati
2326 2461 2479 2514 vitas
2508 2457 2746 2512 Domini
2765 2457 3191 2528 pronuntiatur.
3210 2456 3466 2526 Propter
3485 2453 3625 2524 quod
3646 2450 3781 2506 etiam

2171 2549 2494 2603 matutinali
2526 2547 2713 2603 missa
2754 2563 2860 2616 pro
2894 2545 3167 2600 fidelibus
3208 2544 3507 2600 defunctis
3537 2541 3696 2608 ﬁnita,
3729 2537 3783 2591 ad

2171 2638 2365 2709 ipsum
2389 2638 2704 2707 capitulum
2725 2636 3017 2707 prolixius
3048 2633 3217 2690 scilla
3237 2635 3527 2704 pulsatur,
3548 2633 3605 2685 ut
3620 2642 3784 2684 omnes

2170 2727 2406 2798 possint
2445 2725 2796 2791 convenire;
2831 2729 2887 2780 et
2917 2741 3050 2780 cum
3083 2724 3392 2780 Dominica
3421 2721 3718 2786 NatiVitas,
3743 2721 3790 2770 ut

2173 2817 2551 2886 praemissum
2583 2819 2694 2884 est,
2726 2815 3159 2884 pronuntiatur,
3193 2811 3466 2866 universi
3499 2809 3730 2864 solemus
3747 2805 3792 2856 in

2174 2906 2385 2958 faciem
2434 2903 2664 2974 cadere,
2708 2907 2765 2957 et
2807 2903 3145 2974 aliquandiu
3205 2902 3264 2956 in
3313 2900 3571 2956 oratione
3606 2896 3788 2969 jacere.

2175 2995 2499 3048 Transacto
2533 2993 2786 3056 capitulo
2818 3008 2935 3047 non
2967 3006 3238 3046 caremus
3271 2990 3510 3045 licentia
3538 2983 3788 3057 loquendi,

2176 3087 2232 3139 et
2261 3084 2470 3138 iterum
2504 3086 2638 3152 post
2669 3087 2916 3152 sextam,
2951 3081 3085 3151 quia
3107 3095 3213 3152 per
3242 3083 3428 3136 totam
3455 3078 3685 3132 futuram
3714 3088 3794 3126 se-

2176 3174 2490 3243 ptimanam
2520 3171 2806 3226 debemus
2839 3170 3194 3242 generaliter
3223 3185 3368 3224 esse
3416 3170 3676 3232 tacentes,
3704 3160 3793 3216 nisi

2177 3266 2458 3332 quantum
2481 3262 2778 3332 loquimur
2799 3261 2860 3313 in
2893 3259 3166 3329 capitulo,
3192 3262 3249 3313 et
3283 3259 3358 3313 ad
3382 3255 3793 3314 confessionem.

2179 3352 2370 3421 Major
2387 3351 2573 3404 missa
2606 3349 2948 3404 solemniter
2971 3349 3327 3419 celebratur,
3349 3343 3709 3403 subdiaconis
3724 3341 3796 3392 in-

2179 3441 2337 3495 dutis
2366 3440 2582 3508 tunica,
2616 3439 2864 3493 diacono
2914 3437 3242 3506 dalmatiea,
3279 3438 3381 3508 qui
3414 3438 3566 3491 tenet
3594 3434 3796 3487 chorum

2179 3544 2382 3600 cappa,
2417 3530 2507 3582 vel
2540 3529 2640 3598 qui
2671 3527 3014 3599 gradualem
3046 3530 3302 3581 cantant.
3339 3527 3431 3580 Ad
3477 3522 3803 3594 vespertina-

2176 3619 2290 3674 lem
2322 3619 2768 3689 processionem
2800 3634 3075 3688 respons.
3114 3617 3456 3689 Omagnum
3474 3612 3800 3688 mysterium;

2181 3707 2424 3760 collecta
2453 3707 2632 3775 Deus,
2667 3707 2764 3777 qui
2793 3705 3026 3760 salutis.
3059 3705 3122 3758 In
3154 3705 3287 3774 ipsa
3319 3709 3493 3759 nocte
3516 3697 3801 3756 Nativitatis

2182 3797 2433 3864 Domini,
2458 3797 2804 3866 priusquam
2823 3797 3224 3865 consurgatur
3241 3794 3316 3848 ad
3340 3796 3668 3856 nocturnos,
3691 3800 3802 3857 qua-

2181 3891 2314 3940 tuor
2333 3886 2486 3939 cerei
2503 3901 2608 3955 per
2621 3886 2872 3954 quatuor
2889 3884 3141 3954 angulos
3157 3884 3406 3937 claustri
3424 3880 3800 3938 accenduntur,

2173 3976 2401 4047 jugiter
2429 3990 2620 4044 usque
2651 3974 2723 4027 ad
2753 3974 2907 4027 diem
2930 3973 3148 4042 arsuri,
3183 3974 3431 4042 quintus
3463 3972 3520 4024 in
3541 3969 3647 4023 olla
3676 3978 3800 4018 mar-

2181 4081 2379 4119 morea
2395 4063 2695 4134 perlucida
2713 4063 2951 4132 ponitur
2968 4062 3027 4116 in
3049 4061 3306 4115 medium
3329 4059 3615 4115 lavatorii.
3633 4056 3808 4120 Quam-

2181 4155 2275 4208 vis
2307 4157 2500 4208 autem
2530 4153 2850 4207 missarum
2882 4150 3168 4204 solemnia
3198 4151 3288 4204 ter
3319 4150 3441 4204 sint
3473 4141 3804 4202 celebranda,

2181 4248 2375 4298 tamen
2408 4243 2632 4296 cantica
2655 4241 2987 4312 quindecim
3011 4240 3302 4312 graduum
3325 4254 3447 4293 non
3476 4229 3810 4308 praeternitti-

2181 4349 2313 4387 mus
2344 4335 2476 4386 ante
2498 4335 2853 4394 nocturnos;
2879 4329 3086 4400 primae
3126 4334 3248 4383 tres
3277 4329 3569 4383 lectiones
3596 4324 3662 4378 de
3694 4334 3809 4390 pro-

2182 4423 2377 4492 pheta,
2429 4425 2633 4492 quarta
2674 4421 2745 4474 de
2775 4419 2927 4474 libro
2957 4419 3302 4488 Sapientiae,
3338 4418 3474 4489 Ego
3507 4410 3770 4486 sapientia
3799 4427 3810 4458 :

2184 4527 2334 4565 nona
2368 4514 2424 4564 et
2455 4511 2586 4564 duae
2617 4511 2936 4579 sequentes
2959 4509 3030 4561 de
3048 4507 3288 4561 homilia
3322 4506 3503 4560 Beda:
3522 4496 3811 4576 presbyteri

2186 4615 2369 4669 super
2387 4599 2612 4670 Evang.
2639 4598 2705 4652 ln
2723 4598 3049 4669 principio;
3070 4596 3424 4650 duodecima
3445 4594 3614 4650 lectio
3631 4591 3714 4646 est
3730 4587 3812 4640 ho-

2184 4690 2344 4743 milia
2372 4689 2529 4742 beati
2574 4687 2846 4760 Gregorii
2880 4701 3046 4756 papae
3094 4685 3166 4739 de
3215 4701 3306 4755 eo,
3345 4685 3520 4740 Exiit
3551 4682 3810 4738 edictum:

2186 4777 2573 4848 Evangelium
2596 4777 2750 4848 quod
2771 4775 3084 4847 legendum
3105 4777 3216 4843 est,
3243 4777 3335 4829 est
3367 4774 3442 4828 de
3472 4768 3815 4845 generatione

2185 4868 2405 4923 Christi
2437 4867 2766 4921 secundum
2797 4865 3152 4920 Matthaeum.
3203 4864 3485 4932 Collecta,
3535 4853 3820 4927 lleus,qni

2185 4958 2336 5011 lianc
2357 4957 2826 5011 sacratissimam
2840 4954 3449 5009 noctem.Proeeditur
3461 4966 3591 5007 cum
3608 4958 3816 5016 respon-

2191 5046 2372 5114 sorio,
2385 5045 2802 5099 Con/innatum
2827 5049 2938 5110 est,
2955 5042 3026 5097 ad
3039 5042 3355 5097 ecclesiam
3375 5041 3609 5095 Sanctae
3625 5035 3816 5094 Maria.

2190 5136 2301 5188 ubi
2321 5137 2523 5202 matut,
2544 5134 2750 5188 laudes
2771 5148 3005 5203 quoque
3026 5132 3096 5186 de
3113 5131 3403 5186 Omnibus
3423 5128 3652 5183 Sanctis
3673 5122 3818 5177 solito

2191 5240 2353 5279 more
2387 5226 2715 5289 cantantur,
2734 5225 2789 5276 et
2823 5221 3016 5276 Verba
3039 5237 3186 5275 mea.
3205 5220 3290 5273 Ad
3309 5235 3529 5274 nonam
3546 5216 3821 5272 lectionem

2193 5317 2614 5368 nocturnorum
2658 5311 2973 5365 introducti
3015 5313 3155 5364 sunt
3194 5310 3394 5363 famuli
3440 5308 3502 5361 in
3544 5303 3818 5374 coquinam

2191 5402 2546 5472 regularem,
2582 5403 2642 5454 ut
2671 5398 2846 5453 nobis
2877 5399 2948 5453 de
2980 5398 3236 5452 ecclesia
3266 5397 3502 5451 Sanctae
3523 5393 3713 5449 Mariae
3734 5403 3821 5441 ex-

2193 5490 2468 5545 euntibus
2499 5491 2575 5542 sit
2594 5492 2834 5558 paratus
2858 5487 3038 5559 ignis,
3059 5491 3115 5541 et
3135 5485 3387 5542 ibiestin
3410 5485 3678 5556 promptu
3696 5489 3818 5547 aqua

2193 5579 2400 5649 calida,
2435 5578 2699 5646 conchae,
2732 5578 3119 5648 manutergia,
3153 5579 3214 5630 ut
3239 5576 3523 5630 manuset
3552 5571 3745 5627 faciem
3765 5565 3825 5618 la-

2197 5683 2426 5726 vemus.
2457 5667 2602 5723 Cum
2632 5666 2892 5724 auditum
2916 5665 3092 5724 fuerit
3115 5666 3348 5740 signum
3367 5662 3566 5736 majus
3596 5660 3822 5733 aliquan-
