4028 6176
188 316 294 380 693
789 312 1468 379 CONSUETUDINES
1516 315 2161 399 CLUNIACENSES.
2198 352 2274 363 —
2304 315 2557 379 LIBER
2602 318 2950 384 PRIMUS.
3470 322 3593 385 694

178 514 340 571 tulum
354 514 656 584 pulsatum,
674 513 746 568 ad
765 514 1078 569 ecclesiam
1097 516 1506 570 convenimus.
1524 515 1819 569 Sacerdos
1854 498 1888 557 Χ
1931 518 2025 569 tur
2042 532 2073 569 a
2091 515 2284 570 nobis.
2305 515 2495 586 Super
2505 517 2769 586 psalmos
2783 519 3212 589 vespertinales
3233 518 3590 589 antiphonae,

185 604 465 672 caeterique
495 603 749 656 ministri
798 606 1109 674 postquam
1160 604 1377 658 fuerint
1422 605 1616 659 vestiti
1661 605 1821 674 (quia
1933 602 2131 657 Sinite
2150 604 2451 675 parvulos,
2478 605 2699 677 Angeli
2721 606 3081 674 eorum,Sub
3108 608 3597 678 tlironoDei,Can

179 695 294 747 tunc
334 691 507 745 oratio
557 707 673 745 non
719 692 783 746 fit
823 692 882 746 in
930 693 1167 762 choro),
1209 694 1522 763 pulsantur
1553 694 1726 764 signa
1758 700 1817 747 ut
1940 692 2143 745 tabant
2166 694 2378 747 sancti.
2414 694 2539 748 Duo
2562 698 2882 765 sequentes
2903 695 3051 763 dies,
3088 696 3139 748 si
3170 700 3363 751 tamen
3392 700 3602 752 neuter

180 781 340 835 missa
359 783 643 849 cantetur,
665 780 950 836 Dominus
971 782 1126 837 dixit
1148 783 1225 837 ad
1241 782 1372 837 me:
1393 783 1463 836 ad
1485 799 1660 854 quam
1696 784 1818 837 tres
1934 784 2027 835 est
2056 781 2399 836 Dominicus
2431 783 2560 837 dies
2586 825 2599 850 ,
2634 783 3041 837 assimilantur
3070 784 3152 837 illi
3186 785 3406 854 quintaa
3437 786 3603 841 fcrim

181 874 423 924 cantores
455 870 657 938 cappis
687 869 872 924 induti
906 871 1062 925 sicut
1092 871 1267 925 etiam
1299 872 1371 925 ad
1415 872 1676 939 alteram,
1730 874 1821 925 te-
1935 867 2027 921 vel
2058 871 2245 922 sextae
2277 884 2409 939 quae
2440 873 2531 923 est
2561 870 2620 923 in
2653 868 2880 939 majore
2902 869 3150 924 Paschae
3173 871 3520 941 septimana.
3540 872 3603 926 In

183 961 300 1013 nent
328 957 589 1025 chorum,
625 958 897 1029 utrinque
930 959 1166 1013 illorum
1190 961 1543 1014 candelabra
1563 963 1693 1014 sunt
1719 977 1821 1030 po-
1934 956 2129 1026 priore
2162 960 2330 1011 nocte
2366 957 2778 1026 pronuntiatur
2807 958 3196 1030 Evangelium
3234 959 3410 1013 Exiit
3438 960 3603 1014 edic-

182 1048 294 1115 sita,
316 1050 367 1100 et
388 1062 570 1115 super
582 1061 649 1100 ea
665 1048 821 1101 cerei
843 1047 1256 1117 splendentes;
1277 1049 1337 1101 hi
1358 1052 1551 1103 autem
1573 1050 1670 1119 qui
1687 1064 1821 1103 can-
1938 1052 2077 1113 tum;
2095 1046 2197 1099 sed
2216 1045 2324 1099 alia
2339 1047 2612 1117 sequitur
2625 1047 2861 1101 homilia
2875 1062 3048 1117 quam
3062 1048 3180 1117 illa,
3198 1047 3429 1103 scilicet
3442 1063 3609 1102 sanc-

180 1135 330 1190 taturi
348 1139 483 1189 sunt
506 1137 959 1206 responsorium
980 1137 1071 1190 vel
1097 1138 1350 1205 alleluia,
1368 1140 1680 1208 postquam
1694 1154 1824 1191 can-
1936 1134 1973 1187 ti
1989 1133 2283 1205 Gregorii;
2300 1135 2502 1189 missae
2526 1134 2769 1205 majoris
2798 1135 3183 1205 estofﬁcium,
3212 1136 3497 1191 Dominus
3518 1137 3607 1191 di-

180 1224 574 1294 taverintquod
588 1224 1821 1298 sibiestdestinatum,adjungunturtribus
1936 1222 2047 1275 xit.
2070 1222 2134 1276 In
2151 1226 2321 1277 nocte
2349 1224 2612 1277 secunda
2644 1223 3051 1294 Evangelium,
3086 1224 3379 1280 Pastores
3411 1224 3606 1297 loque-

180 1312 513 1382 supradictis
535 1313 883 1367 cantoribus
905 1329 1022 1368 una
1043 1314 1260 1368 recturi
1281 1314 1527 1369 chorum
1550 1332 1563 1379 ;
1591 1314 1746 1385 quod
1768 1317 1825 1368 et
1936 1311 2174 1380 bantur;
2192 1309 2573 1379 otTertorium,
2594 1312 2725 1365 Lux
2736 1310 3009 1383 fulgebit.
3033 1312 3290 1383 Excepto
3304 1314 3606 1385 quodipse

179 1400 226 1453 in
255 1401 521 1471 sequenti
542 1402 728 1455 missa
751 1402 1023 1457 similiter
1047 1402 1172 1456 ﬁeri
1208 1403 1378 1457 solet.
1418 1404 1561 1457 Post
1591 1403 1825 1457 alleluia
1935 1400 2210 1454 introitus
2230 1402 2484 1453 mutatur
2521 1414 2654 1453 cum
2684 1400 2945 1469 introitu,
2980 1400 3147 1456 Puer
3176 1407 3351 1456 natus
3390 1408 3502 1457 est.
3544 1402 3609 1456 In

176 1489 455 1560 sequentia
484 1488 791 1560 jubilatur,
849 1490 1042 1545 Credo
1090 1494 1374 1559 cantatur,
1413 1507 1528 1545 una
1583 1489 1828 1546 offertur
1938 1489 2031 1543 die
2053 1489 2222 1542 tertia
2240 1491 2332 1542 est
2354 1488 2654 1558 Depositio
2686 1487 2746 1543 S.
2781 1488 3072 1560 Sylvestri
3104 1506 3272 1561 papae
3298 1490 3611 1546 duodecim

179 1577 364 1645 hostia,
385 1581 440 1632 et
460 1594 583 1647 pax
603 1579 676 1632 ab
708 1594 824 1632 uno
845 1580 1142 1648 recipitur.
1176 1578 1496 1634 Cantantur
1526 1580 1826 1634 matutinae
1935 1577 2294 1631 lectionibus
2326 1577 2575 1647 agenda.

176 1666 357 1720 laudes
396 1684 409 1731 ;
459 1667 732 1734 collecta,
787 1666 1057 1722 Concede
1103 1684 1430 1740 quaesumus
1461 1670 1828 1739 omnipotens
2010 1666 2311 1736 Interrog.
2353 1665 2504 1730 Quid
2544 1669 2653 1730 est,
2698 1666 3071 1735 charissima,
3115 1668 3293 1739 quod,
3328 1670 3612 1739 quantum

174 1754 427 1823 Deus;de
440 1753 751 1827 suffragiis
764 1761 1106 1811 sanctorum
1120 1757 1261 1811 nihil
1278 1758 1577 1827 omittitur,
1598 1773 1708 1812 nec
1742 1758 1827 1811 illi
1938 1754 2133 1823 video,
2154 1754 2299 1808 nihil
2318 1753 2556 1809 omnino
2578 1755 2671 1808 vis
2694 1755 2765 1809 de
2792 1756 3130 1825 antiphonis
3148 1756 3372 1811 referre
3389 1758 3417 1810 ε)
3437 1756 3616 1821 Quin-

176 1842 272 1896 duo
302 1843 626 1898 familiares
643 1844 879 1914 psalmi,
902 1846 1085 1915 quiin
1109 1847 1385 1901 omnibus
1404 1847 1722 1901 duodecim
1754 1847 1829 1901 le-
1859 1873 1901 1930 Β
1940 1844 2079 1913 imo,
2100 1845 2152 1897 si
2168 1844 2440 1898 tantinon
2474 1844 2889 1915 aestimaveris,
2909 1849 2972 1899 ut
3003 1845 3231 1913 fateris,
3260 1849 3618 1917 rogamusut

176 1932 442 1985 ctionibus
460 1932 1191 2003 borassequuntur.1mus
1225 1935 1282 1988 in
1312 1934 1716 1989 dormitorium
1734 1935 1829 1988 ali—
1939 1948 2041 1986 eas
2058 1932 2427 1986 ordinaveris
2446 1948 2562 1987 non
2601 1933 2796 1987 solum
2844 1934 2916 1987 ad
2947 1933 3095 1988 istos
3129 1934 3279 1989 duos
3325 1934 3475 2001 dies,
3509 1934 3617 1987 sed

176 2020 501 2090 quantulum
520 2022 844 2090 pausaturi.
879 2021 1023 2076 Cum
1056 2022 1250 2077 visum
1270 2022 1445 2078 fuerit
1471 2024 1827 2078 custodiec—
1939 2022 2113 2076 etiam
2131 2021 2203 2075 ad
2226 2036 2614 2092 quoscunque
2670 2021 2895 2076 videris
2947 2038 3098 2091 opus
3131 2038 3291 2091 esse,
3328 2037 3521 2093 usque
3543 2021 3618 2076 ad

176 2108 375 2176 clesiaa,
409 2109 629 2163 iterum
653 2109 846 2180 majus
872 2110 1110 2181 signum
1128 2113 1417 2181 pulsatur,
1443 2115 1503 2166 ut
1520 2112 1827 2167 veniamus
1940 2114 2270 2164 extremum
2302 2109 2457 2164 diem
2486 2110 2906 2179 Theophaniae.

175 2196 235 2249 ad
264 2197 602 2252 ecclesiam.
647 2198 834 2253 Missa
875 2215 1007 2270 quae
1045 2203 1137 2255 est
1174 2201 1530 2255 celebranda
1574 2217 1642 2255 ea
1675 2201 1825 2269 vice,
2012 2198 2189 2269 Resp.
2217 2198 2374 2251 Istud
2392 2213 2535 2252 sane
2557 2197 2790 2251 dilectio
2807 2199 3010 2251 vestra
3027 2213 3145 2252 non
3171 2197 3409 2253 difficile
3426 2212 3618 2252 more-

174 2285 1428 2358 pucrisintrantibus,prmveniturorationc.
1449 2288 1828 2360 Quaecunque
1940 2287 2055 2355 tur,
2099 2286 2234 2356 quia
2261 2301 2369 2340 nec
2397 2286 2635 2339 maximi
2667 2288 2758 2339 est
2781 2285 3023 2339 laboris.
3058 2285 3129 2339 Et
3163 2286 3350 2355 primo
3381 2286 3620 2355 quidem

174 2390 266 2443 pro
293 2374 768 2431 solemniofﬁcio
792 2380 1022 2431 cantata
1041 2380 1180 2432 sunt
1196 2378 1267 2431 ad
1288 2379 1828 2448 priorem,cantan-
1942 2374 1996 2429 si
2033 2390 2333 2444 nunquam
2367 2389 2399 2427 a
2425 2389 2517 2427 me
2551 2373 2798 2443 dicatur,
2838 2376 3034 2426 tamen
3076 2374 3135 2427 id
3174 2374 3333 2429 scire
3366 2374 3617 2443 potestis

174 2464 255 2516 tur
281 2466 334 2518 et
349 2463 418 2517 ad
441 2464 648 2532 istam,
673 2467 796 2519 tres
819 2466 1031 2521 hostim
1056 2465 1454 2521 olferunturet
1476 2482 1830 2521 consecran-
1942 2463 2096 2533 quia,
2119 2464 2171 2517 si
2188 2478 2303 2533 qua
2321 2462 2611 2531 reperitur
2627 2462 2700 2516 de
2736 2477 2805 2516 eo
2832 2464 2993 2515 textu
3025 2464 3259 2516 noctur.
3279 2501 3295 2529 ,
3318 2461 3449 2517 haec
3470 2477 3618 2533 quo-

173 2553 271 2621 tur,
287 2556 345 2606 ut
365 2553 417 2606 si
435 2553 582 2623 quis
601 2552 1139 2626 fratrumvoluerit,
1162 2556 1354 2625 possit
1372 2556 1826 2611 communicare.
1943 2566 2056 2622 que
2092 2551 2284 2622 magis
2327 2554 2727 2620 competenter
2762 2566 2937 2621 quam
2973 2550 3085 2604 alia
3127 2552 3393 2606 cantatur
3435 2569 3619 2625 super

177 2638 340 2697 Pax.a
370 2643 613 2695 cunctis
634 2645 726 2696 est
755 2643 1118 2713 accipienda.
1152 2643 1237 2698 Eo
1272 2644 1365 2698 die
1400 2661 1518 2699 non
1565 2647 1831 2698 cantatur
1942 2642 2366 2708 nocturnos;at
2400 2639 2454 2692 si
2491 2638 2629 2693 talis
2665 2638 2936 2703 defuerit,
2985 2640 3207 2693 cantari
3237 2645 3433 2709 potest
3467 2645 3618 2698 anti-

175 2729 272 2782 alia
314 2731 508 2785 missa
557 2731 937 2787 matutinalis.
993 2733 1190 2788 Primo
1242 2734 1417 2805 signo
1477 2734 1548 2787 ad
1600 2733 1829 2788 tertiam
1942 2729 2157 2799 phona,
2188 2727 2439 2782 Verbum
2458 2726 2848 2796 carofactnm;
2876 2727 3011 2797 alia,
3046 2728 3513 2786 Beatusventer.
3531 2733 3621 2787 Ad

177 2822 385 2888 senato,
434 2822 496 2873 et
552 2821 813 2875 oratione
859 2821 1032 2891 facta,
1078 2821 1229 2877 albis
1262 2823 1617 2894 generaliter
1643 2822 1830 2877 vesti-
1942 2821 2143 2871 matut.
2164 2816 2323 2870 laud.
2348 2858 2361 2885 ,
2392 2815 2606 2871 Genuit
2625 2831 2944 2887 puerpera;
2966 2815 3103 2886 alia,
3128 2817 3401 2889 Angelus
3422 2821 3498 2876 ad
3512 2838 3622 2893 pa-
3714 2840 3717 2843 ‘

179 2922 293 2960 mur
322 2912 433 2978 ;et,
461 2909 629 2962 sicut
644 2909 821 2981 longe
840 2912 1120 2981 superius
1142 2911 1378 2966 memini
1401 2910 1649 2980 dixisse,
1672 2911 1833 2965 siest
1944 2913 2164 2974 stores;
2188 2905 2261 2959 ad
2283 2904 2549 2975 primam,
2576 2904 2780 2959 Illuxit
2814 2903 3004 2971 nobis;
3038 2905 3171 2975 alia,
3204 2906 3272 2960 In
3301 2910 3621 2980 principio;

179 2994 291 3050 dics
336 2997 673 3067 Dominica,
698 2998 893 3052 statim
924 2999 1159 3069 agimus
1180 2999 1651 3069 processionem,
1693 3002 1751 3053 et
1780 2999 1831 3053 si
1944 2995 2017 3049 ad
2036 2995 2289 3059 tertiam,
2324 2993 2574 3049 Verbum
2599 3009 2756 3063 caro;
2791 2994 2923 3061 alia,
2962 2994 3229 3065 Pr0pter
3265 2997 3524 3068 nimiam;
3550 3000 3625 3053 da

179 3088 256 3138 est
284 3086 412 3155 alia,
435 3089 582 3156 post
612 3087 862 3153 tertiam,
886 3087 1077 3157 primo
1096 3088 1167 3141 ad
1186 3089 1506 3143 ecclesiam
1537 3088 1596 3142 S.
1633 3088 1832 3142 Marize
1946 3090 2196 3138 sextam.
2243 3082 2482 3136 Cristus
2528 3082 2688 3135 Deus
2736 3087 2962 3151 noster;
3012 3083 3146 3148 alia,
3182 3084 3340 3137 Ecce
3373 3085 3448 3140 de
3484 3102 3614 3157 quo;

180 3188 295 3228 cum
323 3175 673 3246 antiphona,
728 3175 773 3229 0
807 3176 1000 3252 Beata
1042 3177 1297 3231 infantia
1333 3193 1346 3248 ;
1378 3193 1483 3247 per
1511 3177 1833 3231 claustrum
1866 3234 1906 3252 η
1946 3173 2018 3228 ad
2065 3187 2298 3241 nonam,
2355 3171 2514 3225 Ecce
2570 3170 2833 3237 advenit;
2896 3171 3027 3240 alia,
3085 3172 3494 3245 Exsultemus;
3550 3174 3629 3231 ad

175 3264 495 3333 antiphona,
519 3263 781 3318 Orilaria
802 3264 1152 3330 Jesse;a1ia,
1179 3265 1581 3338 Oquamcasta
1599 3267 1833 3335 Mater;
1949 3277 2237 3331 vesperas
2273 3260 2447 3314 iidem
2480 3276 2612 3313 eum
2645 3259 2773 3313 suis
2807 3260 3143 3329 antiphonis
3173 3261 3408 3330 psalmi,
3446 3264 3546 3333 qui
3568 3264 3627 3318 in

171 3352 229 3405 ad
258 3352 568 3407 introitum
597 3353 870 3407 ecclesiae
901 3354 1368 3424 responsorium,
1393 3354 1719 3410 Descendit
1761 3355 1835 3409 de
1949 3352 2080 3420 ipso
2096 3351 2209 3411 die,
2235 3364 2486 3419 quorum
2508 3347 2999 3417 estnovissimus,
3027 3364 3183 3403 nunc
3200 3349 3288 3404 De
3305 3349 3625 3421 profundis

176 3439 325 3494 cmlis
365 3457 380 3510 ;
427 3441 507 3495 ad
562 3440 796 3495 tertiam
826 3445 1096 3495 cantatur
1131 3441 1351 3511 antiph.
1385 3442 1578 3497 Hodie
1614 3443 1836 3497 intacta
1950 3455 2107 3492 nunc
2139 3438 2456 3506 Memento,
2510 3436 2776 3505 Domine;
2829 3440 2903 3504 et,
2957 3440 3018 3490 ut
3060 3438 3242 3492 semel
3292 3438 3503 3509 dicam,
3554 3441 3631 3495 ad

186 3526 367 3599 Virgo.
401 3528 562 3583 Cum
584 3532 823 3583 ventum
874 3529 1050 3584 fuerit
1081 3530 1155 3583 ad
1184 3545 1317 3585 eum
1358 3531 1573 3598 locum,
1623 3530 1840 3586 Omnes
1951 3530 2202 3598 quantas
2255 3530 2566 3580 cantantur
2604 3525 2797 3579 adhuc
2837 3526 3003 3579 vices
3044 3526 3103 3579 in
3155 3526 3629 3583 Circumcisione

178 3615 467 3672 Christum
502 3618 843 3689 adoremus,
879 3619 1033 3673 solet
1058 3618 1131 3674 ab
1174 3620 1450 3674 omnibus
1481 3621 1841 3692 generaliter
1954 3616 2206 3684 Domini,
2241 3616 2298 3668 in
2332 3614 2678 3684 Epiphania,
2714 3617 2769 3667 et
2818 3613 2879 3667 in
2912 3612 3047 3684 ejus
3082 3618 3286 3669 octavo
3330 3615 3445 3686 die,
3480 3619 3537 3671 et
3568 3633 3629 3672 1n

170 3707 322 3760 venia
353 3707 473 3777 peti
512 3706 785 3777 ;hymnis
841 3707 1122 3762 horarum
1156 3708 1516 3782 adjungitur,
1541 3710 1841 3765 Memento
1953 3705 2297 3776 Hypapante
2331 3702 2580 3772 Domini,
2616 3705 2838 3756 tantum
2884 3703 2953 3755 ad
2989 3704 3287 3758 secundas
3318 3720 3629 3776 "asperas:

172 3794 388 3866 salutis,
423 3799 483 3852 et
542 3794 747 3850 Gloria
780 3796 912 3865 tibi,
950 3796 1218 3851 Domine.
1956 3797 2014 3848 et
2043 3797 2331 3863 praeterea
2363 3792 2421 3845 in
2454 3791 2573 3845 illis
2608 3791 2952 3859 Dominicis,
2974 3808 3107 3862 quae
3130 3793 3408 3847 eveniunt
3438 3793 3511 3848 ab
3533 3810 3629 3848 oc-

740 3884 992 3939 CAPUT
1032 3886 1263 3940 XLVII.
1955 3884 2088 3936 tavo
2114 3882 2206 3935 die
2227 3881 2451 3934 Natalis
2472 3880 2658 3934 sancti
2681 3880 2925 3934 Joannis
2953 3896 3096 3934 evan
3108 3880 3338 3951 gelistaa
3356 3898 3548 3953 usque
3566 3899 3633 3937 ac

300 3973 387 4028 De
439 3974 675 4028 octavis
702 3972 942 4028 Natalis
992 3974 1228 4029 Domini
1263 3980 1321 4029 et
1349 3975 1701 4046 Epiphania.
1958 3973 2229 4024 octavum
2262 3969 2415 4023 diem
2452 3968 2816 4037 Epiphaniae,
2850 3968 3063 4022 iterum
3102 3970 3175 4023 ad
3206 3971 3503 4025 secundas
3532 3987 3634 4027 ve-

235 4061 467 4116 Octavm
489 4062 724 4117 Natalis
748 4062 980 4116 Domini
999 4079 1115 4117 non
1148 4067 1400 4133 possunt
1422 4064 1495 4117 ita
1520 4065 1830 4119 continua-
1956 4074 2187 4128 speras,
2212 4058 2282 4110 ad
2303 4073 2451 4127 quas
2472 4061 2527 4110 et
2546 4073 2663 4111 non
2681 4056 2832 4110 alius
2851 4058 3121 4127 psalmus
3155 4063 3244 4125 est
3266 4060 3635 4115 novissimus

179 4148 269 4202 tim
283 4150 987 4205 celebrarisicutoctavae
1002 4151 1842 4223 DominicaeResurrectionis,
1955 4162 2132 4218 quam
2162 4147 2248 4200 De
2280 4144 2629 4200 Profundis.

176 4244 404 4309 propter
427 4241 874 4309 consequentes
898 4239 1323 4309 solemnitates,
1368 4242 1427 4295 id
1466 4245 1577 4312 est,
1614 4241 1673 4296 S.
1709 4243 1840 4297 Ste-
2028 4236 2091 4288 In
2122 4233 2589 4289 CircumCiSiODB
2640 4234 2872 4288 Domini
2927 4235 3150 4289 eaedem
3197 4237 3535 4306 antiphona
3565 4238 3638 4292 ad

182 4326 367 4397 phani,
484 4328 759 4397 Joannis,
783 4331 1125 4383 sanctorum
1154 4329 1554 4385 Innocentium
1590 4347 1603 4400 ;
1628 4330 1699 4386 de
1716 4334 1843 4403 qui-
1956 4327 2159 4377 matut.
2193 4324 2349 4377 laud.
2371 4322 2515 4377 etad
2535 4322 2714 4376 horas
2733 4322 2997 4392 diurnas,
3036 4338 3287 4394 quarum
3317 4325 3505 4392 prima
3523 4329 3637 4395 est,

182 4414 306 4485 bus,
329 4419 491 4472 sicut
508 4418 757 4489 dignum
776 4421 887 4489 est,
910 4434 1042 4472 cum
1063 4419 1334 4473 nocturni
1357 4419 1495 4473 fiant
1514 4420 1688 4475 simul
1712 4437 1846 4475 cum
1961 4412 2007 4467 0
2038 4410 2393 4466 admirabile
2421 4426 2553 4464 cum
2576 4410 2841 4478 collecta,
2862 4411 3039 4480 Deus,
3066 4411 3165 4482 qui
3180 4410 3412 4481 salutis;
3438 4412 3510 4466 ad
3531 4427 3639 4466 ve-

184 4502 516 4575 aliishoris,
536 4504 803 4560 etofﬁcia
818 4507 1160 4575 missarum,
1182 4507 1252 4561 de
1268 4508 1456 4562 Natali
1478 4508 1848 4564 Dominisola
1968 4516 2201 4571 speras,
2236 4501 2308 4554 ad
2340 4499 2750 4571 Evangelium,
2784 4500 2856 4552 ad
2874 4504 3074 4553 matut.
3111 4499 3337 4570 laudes,
3358 4501 3431 4554 ad
3448 4500 3639 4571 majo-

180 4591 279 4645 erit
327 4594 524 4648 missa
574 4594 937 4649 matutinalis
982 4595 1270 4649 cantanda
1314 4596 1387 4650 ad
1437 4598 1754 4652 ecclesiam

2045 4606 2085 4642 n
2103 4590 2375 4659 missam,
2394 4588 2684 4657 Concede,
2703 4603 3049 4659 qmcsnmus,
3072 4592 3439 4660 omnipotens
3455 4589 3636 4644 Deus.

182 4678 391 4750 Marias,
421 4683 483 4736 id
520 4685 634 4751 est,
677 4682 845 4739 Puer
875 4692 1048 4738 natus
1086 4694 1178 4738 est
1208 4700 1221 4738 :
1254 4684 1329 4738 ad
1364 4700 1539 4755 quam
1587 4702 1694 4756 per
1722 4690 1845 4742 tres
1961 4678 2145 4732 Missa
2174 4677 2551 4744 matutinalis,
2599 4676 2825 4731 Vultum
2850 4684 3025 4743 tuum;
3054 4677 3262 4749 major,
3284 4677 3450 4733 Puer
3468 4684 3643 4732 natus

185 4766 304 4823 dies
342 4772 482 4826 duae
514 4774 741 4826 tantum
772 4772 1035 4828 collectae
1073 4775 1211 4828 sunt
1231 4772 1515 4840 dicendas,
1540 4775 1610 4829 de
1634 4776 1848 4830 nativi-
1963 4767 2165 4837 est;ad
2181 4770 2486 4837 utramque
2501 4765 3092 4838 Epistola,Apparuit
3122 4766 3343 4837 gratia;
3363 4765 3643 4837 Evange-

183 4857 287 4911 tate
310 4859 553 4914 Domini
583 4864 639 4915 et
670 4860 742 4915 de
781 4860 1025 4916 instanti
1066 4861 1434 4916 solemnitate
1474 4867 1847 4931 ;nontamen
1959 4856 2123 4924 lium,
2158 4856 2449 4910 Pastores
2466 4854 2881 4927 loquebantur:
2919 4854 3011 4909 cui
3034 4858 3089 4909 et
3117 4855 3261 4909 illud
3283 4854 3638 4924 annectitur,

185 4944 248 4999 ad
271 4962 454 5002 unum
471 4948 603 5002 Per
618 4948 927 5003 Dominum
945 4956 1232 5014 nostrum,
1257 4953 1392 5020 etc.,
1416 4950 1572 5005 sicut
1595 4953 1767 5007 etiam

2049 4947 2118 4998 ;ut
2149 4948 2242 4999 est
2271 4945 2332 4997 in
2364 4943 2494 5013 ipso
2516 4946 2679 4998 textu
2702 4942 3030 5015 Evangelii,
3064 4942 3144 4996 Et
3158 4946 3466 5016 postquam
3500 4957 3640 4998 con-

188 5031 503 5091 festivitate
542 5040 883 5093 sanctorum
922 5038 1255 5094 Sebastiani
1293 5043 1349 5095 et
1378 5040 1640 5110 Fabiani,
1665 5058 1779 5113 qua

1147 5040 1255 5094 iani
1293 5043 1349 5095 et
1378 5040 1640 5110 Fabiani,
1665 5058 1847 5113 quan-
1969 5033 2245 5088 summati
2273 5037 2409 5087 sunt
2432 5032 2564 5087 dies
2593 5037 2738 5087 octo.

183 5135 348 5192 Quam
380 5125 457 5179 ad
477 5125 627 5180 alias
659 5126 845 5197 vices,
882 5131 1101 5198 praeter
1134 5130 1205 5183 ad
1239 5131 1547 5200 utramque
1578 5130 1843 5203 missam,
2039 5121 2340 5192 Depositio
2358 5120 2700 5176 S.Odilonis
2720 5122 2836 5173 tam
2858 5119 3231 5174 charisaneti
3252 5120 3311 5174 et
3334 5121 3450 5174 tam
3466 5117 3643 5174 fami-

186 5213 414 5267 nonnisi
441 5228 561 5269 una
576 5215 821 5270 collecta
843 5216 1092 5288 dicatur,
1110 5218 1217 5273 sed
1239 5218 1545 5289 pluraliter
1561 5219 1632 5273 de
1650 5222 1777 5276 amb

2054 5211 2134 5264 ris
2183 5210 2322 5264 facit
2368 5209 2525 5279 quod
2579 5212 2784 5263 sancto
2840 5208 3138 5278 Stephano
3187 5208 3247 5263 in
3297 5209 3505 5265 octavo
3550 5209 3645 5264 die

188 5297 311 5371 bus,
338 5303 596 5373 scilicet,
620 5303 1035 5360 Inﬁrmitatem
1058 5308 1775 5378 nostram,etc.Epistolae
1799 5312 1855 5364 et
1968 5299 2195 5354 Natalis
2239 5297 2373 5368 eius
2420 5298 2535 5351 alia
2565 5298 3043 5352 commemoratio
3085 5314 3224 5354 333°
3264 5313 3381 5354 ηοιι
3425 5299 3642 5369 Ροίθείν

186 5388 509 5464 Evangelia
532 5393 897 5448 alternantur
913 5395 1120 5450 eodem
1142 5396 1347 5451 ordine
1372 5413 1486 5467 quo
1507 5397 1777 5468 legebant

2050 5404 2142 5441 am
2172 5404 2305 5441 cum
2336 5403 2449 5440 una
2484 5389 2704 5440 tantum
2727 5386 3041 5457 antiphona
3064 5391 3121 5441 et
3150 5388 3417 5443 collecta.
3450 5388 3514 5445 In
3537 5402 3641 5443 oc-

189 5479 253 5531 ad
277 5484 399 5533 tres
433 5480 657 5535 missas
685 5483 744 5536 in
766 5482 952 5552 prima
969 5486 1141 5539 nocte
1176 5501 1285 5539 seu
1307 5485 1400 5539 die
1423 5485 1770 5541 celebratas.

2053 5493 2100 5532 -'o
2130 5478 2222 5531 die
2245 5476 2305 5531 S.
2326 5476 2575 5529 Joannis
2595 5478 2650 5529 et
2669 5475 3074 5530 Innocentium
3096 5477 3303 5531 eodem
3328 5476 3499 5531 modo
3520 5476 3644 5549 agi-

186 5565 373 5621 Natali
408 5568 817 5625 Innocentium
840 5572 996 5643 quod
1029 5574 1159 5628 aliae
1178 5572 1466 5628 Ecclesiae
1489 5589 1606 5629 non
1624 5578 1857 5631 cantant
1966 5568 2064 5620 ων
2092 5581 2207 5637 quo
2231 5566 2293 5619 ίῐι
2324 5564 2586 5636 quolibet
2615 5563 2844 5633 Ρνίνεῑο
2877 5564 2991 5634 δίε,
3012 5566 3111 5637 (Illi
3135 5570 3330 5623 tamen
3360 5565 3523 5622 Bitia
3537 5563 3651 5619 81i-

185 5651 382 5715 Gloria
406 5657 474 5713 in
494 5658 754 5717 excelsis
774 5675 887 5719 nec
903 5660 1185 5733 Alleluia,
1206 5662 1278 5719 de
1300 5661 1413 5723 hoc
1434 5662 1670 5721 minime
1685 5680 1776 5721 cui

2055 5654 2191 5712 ibus
2214 5654 2462 5711 octavis.
2480 5653 2985 5712 Postnocturnum
3001 5654 3265 5714 ofﬁcium
3287 5670 3421 5713 cum
3435 5655 3642 5712 metut.
