3956 6176
468 301 586 396 695

1440 322 1838 387 UDALRICI
1881 280 2496 386 CLUNincENSIs
2526 284 2942 386 MONACHI.
3723 330 3806 400 696

457 531 734 586 laudibus
756 528 1010 583 dicimus
1027 525 1086 579 in
1104 538 1212 579 suo
1237 523 1390 593 loco,
1414 523 1594 593 Deus,
1614 521 1862 576 auribus
1883 518 2131 583 nostris;
2165 507 2207 570 Α
2255 519 2462 574 cantic.
2496 519 2666 575 Nunc
2716 520 2991 589 dimittis;
3035 522 3181 576 Post
3221 521 3539 577 divisionem
3563 532 3793 582 cei-eorum

458 624 516 676 et
540 621 676 692 post
694 619 946 690 primam
976 618 1204 686 septem
1234 613 1498 684 psalmos
1522 627 1655 666 cum
1674 610 1904 666 letania.
1939 608 2002 663 Si
2023 624 2129 662 cu-

448 707 555 781 jus
582 705 1059 764 commemoratio
1088 746 1103 772 ,
1129 703 1321 758 tribus
1376 703 1600 756 tantum
1641 698 1995 754 lectionibus
2039 699 2132 753 est

453 798 705 870 agenda.
740 797 927 868 Igitur
946 795 1018 849 ad
1044 796 1371 849 nocturnos
1402 791 1657 862 hymnus
1689 790 1743 843 et
1775 802 1958 858 super
1980 787 2131 857 psal-

450 902 584 943 mos
601 886 938 956 antiphonae
960 884 1030 939 de
1050 882 1240 936 Natali
1263 880 1513 936 Domini:
1541 881 1751 933 caetera
1770 878 1842 933 de
1859 876 2126 948 praefatis

449 975 698 1044 sanctis,
732 989 925 1046 usque
955 973 1093 1027 dum
1124 970 1314 1042 major
1355 968 1541 1024 missa
1581 967 1657 1021 sit
1698 968 2124 1022 consummata.

442 1062 636 1135 Super
653 1061 1083 1133 vespertinales
1101 1059 1367 1130 psalmos
1397 1073 1513 1112 una
1537 1058 1759 1111 tantum
1786 1054 2123 1126 antiphona,

441 1157 498 1208 et
528 1152 658 1207 hac
689 1152 763 1206 de
810 1150 1003 1205 Natali
1036 1148 1286 1203 Domini.

511 1242 578 1295 In
605 1239 810 1312 vigilia
841 1238 1185 1309 Epiphaniae
1216 1237 1289 1291 ad
1339 1250 1631 1305 vesperas
1663 1233 1931 1303 collecta,
1968 1233 2126 1288 Deus

442 1328 830 1398 illuminator;
861 1329 935 1383 ad
965 1330 1164 1382 matut.
1190 1325 1346 1380 laud.
1379 1324 1598 1394 antiph.
1635 1338 1818 1393 super
1832 1323 2119 1398 psalmos,

441 1416 887 1486 Oadmirabile;
937 1418 1258 1487 sequentes
1305 1413 1643 1483 antiphonaa
1687 1413 1760 1467 ad
1800 1414 2122 1483 sequentes

438 1505 614 1561 etiam
643 1505 846 1560 horas.
876 1504 963 1558 Ad
994 1504 1261 1570 missam,
1285 1502 1569 1557 Dominus
1593 1502 1749 1558 dixit
1766 1501 1842 1557 ad
1863 1517 1975 1570 me;
1993 1500 2122 1555 col-

436 1591 612 1665 lecta,
650 1593 843 1649 Corda
872 1598 1101 1661 nostra;
1129 1591 1399 1662 epistola,
1432 1590 1726 1663 Apparuit
1752 1588 2117 1662 benignitas;

438 1699 714 1754 respons.
738 1683 1120 1751 Benedictus,
1144 1680 1424 1749 Alleluia,
1444 1680 1729 1735 Dominus
1748 1680 1915 1746 dicit;
1937 1678 2123 1734 Evan-

430 1773 674 1844 gelium,
708 1771 1000 1826 Defuncto
1028 1756 1289 1839 Herode;
1322 1767 1581 1824 oil‘ertor.
1628 1770 1935 1824 Luctantur
1964 1768 2120 1839 caeli;

435 1860 796 1928 communio,
826 1857 1103 1928 Exsulta,
1140 1857 1282 1911 ﬁlia.
1324 1856 1409 1911 Eo
1458 1857 1551 1911 die
1595 1872 1709 1911 non
1743 1854 2118 1927 jejunamus.
2153 1884 2200 1946 Β

430 1947 722 2013 Quantum
754 1948 826 2001 ad
857 1947 1286 2001 solemnitatem
1326 1948 1383 2000 et
1414 1951 1654 2000 octavas
1675 1946 1945 2016 pertinet,
1981 1945 2122 2016 Epi-

428 2035 648 2107 phania
670 2038 726 2090 et
738 2034 872 2105 ejus
894 2038 1117 2089 octavae
1136 2034 1367 2089 similes
1395 2036 1534 2089 sunt
1551 2034 1873 2089 Dominicaa
1896 2034 2122 2088 Ascen-

431 2123 646 2193 sionis,
672 2128 920 2195 excepta
946 2123 1064 2194 illa,
1091 2140 1223 2196 quae
1244 2124 1304 2179 in
1320 2122 1415 2178 die
1439 2123 1828 2179 Ascensionis
1851 2124 2121 2193 postter-

430 2212 571 2267 tiam
599 2213 813 2285 agitur,
848 2212 1264 2283 processione;
1300 2213 1373 2266 de
1399 2215 1615 2268 caetero
1646 2213 1842 2268 recole
1873 2228 2006 2284 quae
2035 2212 2118 2268 ibi

430 2301 703 2371 dixerim,
722 2306 785 2357 ut
807 2302 902 2356 hic
919 2301 1094 2356 etiam
1111 2301 1315 2356 eadem
1332 2301 1643 2357 observes.
1678 2302 1740 2356 In
1770 2302 1901 2374 ipso
1924 2303 2118 2357 autem

430 2392 526 2446 die
560 2391 749 2462 primo
779 2390 1122 2461 Epiphaniae
1173 2390 1397 2445 easdem
1426 2390 1760 2460 antiphonae
1788 2393 2113 2459 cantantur,

434 2483 493 2536 et
520 2481 595 2534 ad
623 2482 824 2534 matut.
860 2479 1064 2533 laudes
1089 2481 1145 2533 et
1174 2478 1246 2532 ad
1269 2479 1447 2534 horas
1498 2479 1761 2533 diurnas.
1794 2479 1907 2533 Per
1932 2479 2118 2534 ferias

433 2569 508 2623 ad
537 2572 882 2637 nocturnos,
918 2568 970 2621 si
996 2568 1211 2622 desunt
1230 2568 1567 2638 antiphonae
1602 2568 1673 2622 de
1699 2570 1858 2623 textu
1877 2572 2118 2623 noctur-

431 2673 666 2723 norum,
701 2656 920 2710 cantari
950 2659 1144 2726 potest
1173 2657 1508 2727 antiphona,
1555 2656 1818 2711 Vidimus
1856 2655 2114 2726 stellam;

435 2746 571 2817 alia,
625 2746 764 2801 Tria
814 2752 951 2800 sunt
985 2760 1251 2815 munera;
1293 2746 1424 2816 alia,
1470 2746 1780 2800 Admoniti
1822 2747 1997 2816 magi;
2044 2746 2115 2799 ad

432 2837 635 2890 matut.
669 2834 874 2889 laudes
900 2850 1082 2904 super
1101 2835 1385 2904 psalmos,
1439 2835 1717 2906 quaelibet
1753 2849 1866 2888 una
1895 2835 1967 2889 de
1997 2834 2116 2888 illis

433 2923 696 2996 quinque
754 2926 954 2978 matut.
1012 2924 1251 2978 laudum
1306 2923 1669 2993 antiphonis;
1722 2923 1797 2976 ad
1846 2923 2114 2992 primam,

435 3013 568 3081 Lux
597 3013 671 3068 de
701 3013 851 3084 luce;
883 3015 936 3067 si
957 3017 1049 3067 est
1078 3012 1418 3081 Sabbatum,
1463 3012 1529 3065 In
1559 3011 1685 3066 sole
1709 3013 1926 3084 posuit;
1960 3012 2115 3066 sicut

433 3103 609 3172 gtiam
638 3102 699 3156 in
729 3102 933 3173 vigilia
991 3101 1354 3172 Epiphaniae;
1386 3101 1458 3155 ad
1488 3102 1737 3171 tertiam,
1772 3101 2117 3176 Interroga-

432 3189 538 3244 bat
558 3206 783 3263 magos;
816 3190 886 3246 ad
905 3194 1156 3261 sextam,
1194 3190 1477 3246 Videntes
1507 3190 1761 3257 stellam;
1787 3192 1858 3245 ad
1877 3207 2111 3259 nonam,

432 3278 759 3347 Descendit
790 3280 1077 3352 Spiritus;
1095 3280 1168 3334 ad
1196 3296 1505 3351 vesperas,
1542 3278 1665 3335 Vox
1683 3279 1758 3335 de
1779 3280 1943 3336 caelo.
1968 3279 2118 3336 Sunt

433 3367 568 3425 alia;
598 3369 934 3438 antiphonae
960 3384 1076 3424 non
1102 3370 1296 3424 solum
1327 3368 1398 3424 de
1432 3368 1775 3439 Epiphania,
1806 3369 1912 3424 sed
1943 3370 2116 3425 etiam

437 3456 510 3512 de
542 3456 739 3511 Natali
770 3458 1020 3525 Domini,
1046 3472 1179 3511 cum
1209 3457 1426 3528 quibus
1453 3459 1686 3530 quoties
1716 3459 1863 3513 istas
1890 3461 2116 3515 mutare

436 3546 729 3617 volueris,
759 3546 903 3601 nihil
958 3545 1128 3600 video
1159 3545 1474 3602 interesse.

993 3633 1243 3689 CAPUT
1301 3635 1562 3691 XLVIII.

808 3724 897 3778 De
935 3722 1366 3779 Purilicatione
1406 3724 1470 3780 S.
1511 3724 1745 3781 Mariae.

509 3813 595 3869 De
627 3812 837 3868 diebus
869 3813 962 3868 vel
994 3813 1338 3883 septimanis
1365 3830 1496 3884 quae
1541 3816 1675 3883 post
1706 3816 1946 3869 octavas
1986 3814 2116 3886 Epi-

435 3902 671 3974 phaniae
701 3903 961 3972 veniunt,
995 3904 1274 3972 quantum
1331 3904 1490 3972 puto,
1520 3903 1665 3956 nihil
1718 3902 1943 3959 referre
1969 3904 2109 3958 novi

436 3992 597 4063 quod
629 3992 932 4061 nesciatis,
957 3995 1203 4061 excepto
1226 3991 1381 4062 quod
1431 3991 1500 4045 ad
1536 3994 1981 4060 processionem
1999 3992 2116 4047 diei

438 4082 783 4151 Dominictc,
819 4081 934 4134 illae
966 4080 1037 4134 de
1069 4080 1257 4134 Natali
1295 4081 1523 4135 Domini
1553 4097 1669 4135 non
1692 4085 1986 4137 mutantur
2014 4099 2115 4137 an-

435 4170 697 4242 tiphonae
749 4185 940 4241 usque
993 4169 1064 4223 ad
1116 4169 1594 4225 Puriﬁcationem
1636 4169 1696 4225 S.
1740 4170 1962 4241 Mariae,
1996 4171 2115 4226 nisi

432 4260 587 4316 forte
615 4259 783 4330 prius
802 4258 995 4314 veniat
1025 4258 1493 4330 Septuagesima.
1529 4258 1687 4331 Ergo
1721 4262 1780 4314 ut
1810 4261 1880 4315 de
1912 4261 2110 4331 praeli-

431 4332 567 4405 bata
594 4350 963 4406 solemnitate
993 4348 1212 4418 aliquid
1231 4348 1475 4416 dicatur,
1511 4350 1568 4403 in
1587 4348 1786 4421 vigilia
1808 4350 1879 4404 ad
1903 4366 2113 4421 vespe-

430 4455 533 4495 ras
564 4438 832 4507 collecta,
859 4436 1095 4492 Perﬁce
1126 4438 1186 4490 in
1219 4437 1408 4507 nobis,
1439 4454 1571 4508 quae
1616 4442 1672 4492 et
1715 4438 1787 4492 ad
1828 4439 2112 4509 majorem

431 4528 680 4582 missam
712 4526 1025 4597 prmmissa
1055 4524 1167 4578 alia
1199 4525 1440 4579 collecta
1473 4526 1545 4579 ad
1577 4526 1985 4595 complendum
2008 4528 2113 4583 ite-

2254 610 2460 679 oratio,
2484 609 2729 666 Domine
2750 610 2928 680 Deus,
2950 610 3141 666 Pater
3160 612 3514 684 omnipotens,
3549 608 3713 684 lumen,
3732 594 3814 687 etc:

2253 699 2369 754 Per
2397 699 2718 754 claustrum
2737 699 3073 771 antiphona,
3096 701 3147 754 Α
3162 717 3247 771 ve,
3274 702 3472 771 Maria;
3495 703 3604 770 alia,
3632 702 3811 758 Δάοι-ηε

2254 788 2590 859 thalamum;
2623 790 2681 842 in
2712 788 3008 844 vestibulo
3030 789 3301 845 ecclesias
3329 790 3395 844 ad
3423 792 3704 860 stationem,
3730 792 3814 847 lie-

2250 893 2524 949 Sponsum
2555 879 2781 950 accepit
2812 877 3075 949 Simeon;
3097 879 3170 934 ad
3193 880 3472 935 introitum
3484 881 3708 935 ecclesia
3726 879 3819 949 ,Ηο’

2250 966 2349 1022 die
2377 966 2550 1022 beata
2593 966 2791 1038 Virgo;
2825 968 2961 1022 item
2995 969 3451 1039 responsorium,
3492 968 3611 1023 Cum
3635 968 3819 1024 induce-

2248 1062 2407 1111 rent.
2444 1057 2534 1111 Ad
2564 1055 2921 1111 offerendam
2971 1057 3183 1113 oblatis
3215 1057 3398 1129 primo
3426 1058 3596 1113 hostia
3620 1060 3666 1112 et
3703 1058 3816 1122 vino,

2249 1145 2574 1201 offeruntur
2604 1162 2840 1218 quoque
2884 1146 3132 1201 diacono
3176 1147 3472 1201 inchoante
3499 1146 3732 1201 candelae.
3760 1145 3821 1199 Ab

2248 1234 2351 1289 illo
2370 1234 2463 1289 die
2481 1235 2541 1289 in
2561 1234 3238 1291 duodecimlectionibus
3257 1234 3505 1290 differtur
3519 1251 3663 1304 nona,
3678 1250 3820 1304 usque

2247 1322 2384 1378 dum
2415 1324 2744 1379 servitores
2776 1324 3146 1380 surrexerint
3169 1341 3203 1379 a
3229 1340 3446 1394 mensa,
3475 1327 3526 1379 et
3552 1325 3721 1395 postea
3738 1323 3820 1379 itur

2246 1413 2308 1468 in
2329 1411 2708 1468 refectorium
2757 1413 2829 1467 ad
2868 1413 3211 1468 bibendum.

2831 1501 3085 1558 CAPUT
3124 1502 3334 1557 XLIX.

2496 1588 2586 1644 De
2617 1588 3069 1661 Septuagesima
3099 1595 3158 1644 et
3192 1589 3642 1662 Quadragesima.

2316 1676 2379 1731 In
2408 1676 2857 1750 Septuagesima
2888 1679 3070 1748 adeps
3105 1679 3281 1733 simul
3312 1695 3441 1733 cum
3475 1680 3676 1734 alleluia
3700 1695 3820 1749 sepe-

2243 1763 2399 1835 litur,
2415 1769 2477 1820 ut
2500 1771 2707 1838 postea
2733 1782 2923 1838 usque
2944 1767 3015 1821 ad
3029 1768 3261 1822 Pascha
3279 1768 3349 1823 de
3367 1768 3459 1822 illa
3474 1784 3580 1823 non
3599 1770 3822 1840 gustetur.

2245 1855 2333 1910 Ad
2362 1855 2810 1926 processionem
2834 1855 2950 1910 diei
2983 1855 3305 1912 Dominicae
3336 1873 3439 1927 per
3466 1857 3739 1911 claustrum
3754 1871 3821 1908 an-

2244 1944 2387 2015 tiph.
2420 1943 2560 1999 Cum
2592 1945 2822 2000 sederit
2851 1944 3077 2000 Filius.
3098 1945 3188 1999 Ad
3217 1946 3392 2018 cujus
3414 1945 3575 2000 etiam
3592 1959 3828 2015 vesperas,

2244 2036 2301 2088 et
2329 2033 2388 2088 in
2423 2034 2654 2089 cunctis
2685 2033 2932 2105 privatis
2964 2034 3178 2090 diebus
3208 2051 3400 2106 usque
3430 2034 3498 2088 ad
3538 2031 3831 2104 Quadragesi

2243 2138 2395 2177 mam
2426 2123 2894 2193 responsorium,
2951 2122 3105 2194 Spes
3153 2140 3305 2192 mea,
3356 2123 3588 2178 Domine
3617 2138 3629 2176 :
3659 2122 3707 2175 in
3731 2123 3827 2174 mat.

2239 2210 2539 2281 laudibus,
2570 2211 2831 2283 Adiutor
2859 2228 3025 2267 meus
3044 2218 3191 2267 esto.
3219 2212 3305 2267 De
3331 2212 3519 2267 ofﬁcio
3539 2225 3735 2282 quoque
3758 2224 3830 2279 pro

2243 2299 2540 2355 defunctis
2572 2299 2630 2355 id
2660 2304 2916 2355 mutatur
2952 2305 3013 2356 ut
3053 2300 3310 2372 amplius
3354 2317 3469 2357 non
3519 2300 3714 2355 dicatur
3741 2300 3835 2368 post

2243 2392 2589 2458 nocturnos,
2611 2390 2718 2445 sed
2735 2394 2867 2460 post
2882 2406 3190 2460 vesperas;
3211 2392 3352 2461 post
3370 2389 3623 2462 singulas
3642 2388 3782 2441 horas
3796 2385 3835 2436 in

2243 2477 2554 2533 duodecim
2572 2478 2926 2533 lectionibus
2953 2495 2965 2532 :
2987 2479 3085 2533 Ad
3096 2479 3407 2534 Dominum
3425 2494 3543 2534 cum
3561 2474 3834 2531 tribularer.

2243 2570 2442 2622 matut.
2476 2567 2631 2622 laud.
2664 2583 2769 2638 pro
2801 2566 3130 2638 Defunctis,
3154 2572 3297 2639 post
3358 2569 3549 2622 matut.
3598 2565 3765 2620 laudes
3787 2561 3836 2614 de

2242 2656 2529 2711 Omnibus
2550 2655 2803 2712 Sanctis.
2828 2657 2892 2710 In
2907 2654 3255 2729 Quinquage
3265 2657 3432 2726 sima,
3458 2656 3582 2728 quia
3599 2655 3661 2709 de
3679 2655 3836 2709 caetero

2243 2761 2351 2800 nec
2383 2762 2627 2801 caseum
2654 2760 2764 2800 nec
2797 2761 2904 2800 ova
2937 2748 3329 2817 comedimus,
3378 2749 3508 2817 post
3526 2758 3768 2813 vesperae
3790 2739 3838 2792 ad

2243 2851 2473 2891 cuinam
2491 2835 2562 2890 de
2584 2835 2734 2905 ipsis
2753 2835 2883 2889 ovis
2907 2835 3092 2890 coctis
3126 2836 3185 2890 in
3214 2837 3420 2906 pipere
3439 2835 3698 2889 habemus
3715 2845 3842 2903 gene.

2242 2925 2385 2992 rale,
2420 2924 2576 2995 quod
2608 2927 2726 2978 toto
2766 2940 2917 2978 anno
2943 2925 3195 2995 amplius
3214 2941 3339 2980 non
3372 2924 3639 2995 contingit
3666 2925 3715 2978 ut
3731 2918 3843 2975 aliud

2242 3013 2382 3084 quid
2413 3027 2480 3067 ea
2511 3012 2639 3067 vice
2669 3012 2994 3068 habeamus
3038 3016 3263 3084 praeter
3296 3013 3487 3069 solum
3515 3027 3715 3085 panem,
3742 3011 3785 3062 et
3806 3006 3842 3060 si

2244 3100 2393 3156 forte
2415 3104 2554 3156 sunt
2581 3101 2640 3155 in
2663 3105 2954 3172 promptu,
3005 3102 3186 3157 cruda
3223 3119 3425 3174 poma,
3467 3102 3556 3157 vel
3592 3117 3650 3157 ea
3684 3113 3788 3170 quae
3805 3096 3843 3147 in

2242 3189 2601 3246 ferramento
2660 3190 3061 3246 characterato
3115 3192 3187 3246 de
3238 3191 3654 3263 conspersione
3691 3186 3843 3241 farinae

2242 3280 2610 3335 tenuissimae
2640 3279 2806 3350 fiunt,
2840 3278 2991 3335 etab
3024 3280 3373 3337 hominibus
3399 3278 3844 3347 Romanmlingum

2243 3367 2493 3440 nebula,
2517 3384 2550 3423 a
2581 3368 2946 3424 nostratibus
2978 3370 3360 3440 appellantur
3415 3369 3630 3426 oblatw.

2892 3456 3145 3513 CAPUT
3184 3458 3254 3514 L.

2418 3546 2508 3601 De
2541 3544 3006 3619 Capitejejunii,
3040 3552 3101 3601 et
3139 3547 3215 3603 de
3252 3547 3714 3623 Quadragesima.

2313 3635 2379 3690 In
2408 3634 2609 3706 Capite
2632 3635 2853 3707 jejunii
2897 3635 3227 3708 inchoatur,
3265 3642 3331 3694 ut
3362 3654 3471 3694 nec
3496 3639 3563 3695 ad
3592 3639 3847 3694 nocturnos

2242 3739 2352 3779 nec
2370 3724 2441 3778 ad
2465 3723 2612 3778 alias
2642 3725 2822 3779 horas
2853 3724 3191 3797 capitulum,
3212 3715 3398 3798 quam
3428 3729 3580 3802 quod
3597 3723 3660 3782 de
3673 3722 3847 3797 jejunio

2243 3814 2339 3883 sit,
2369 3814 2615 3868 dicatur.
2648 3814 2739 3868 Ad
2781 3815 3014 3868 tertiam
3061 3818 3116 3869 et
3154 3815 3307 3873 alias
3364 3818 3545 3873 horas
3590 3816 3847 3887 sequentes

2243 3901 2505 3958 collectae
2525 3919 2630 3972 pro
2652 3903 2933 3973 peccatis,
2968 3919 3217 3974 quarum
3276 3906 3467 3976 prima
3512 3909 3600 3961 est
3647 3898 3845 3959 Exaudi.

2244 4006 2590 4065 quresumus,
2622 3990 2889 4060 Domine,
2905 3991 2977 4045 ad
2989 3992 3308 4049 matutinas
3332 3995 3539 4050 laudes
3554 3997 3606 4050 et
3618 4000 3844 4062 vesperas

2243 4078 2313 4132 de
2338 4079 2466 4149 ipsa
2505 4080 2623 4149 die;
2654 4080 2725 4134 ad
2766 4084 3089 4136 nocturnos
3132 4083 3365 4139 eaedem
3421 4101 3554 4156 qua:
3593 4098 3691 4153 per
3715 4080 3851 4133 totum

2243 4184 2457 4222 annum
2487 4169 2545 4223 in
2568 4168 2813 4239 privatis
2845 4169 3121 4225 noctibus
3160 4170 3517 4227 dicebantur
3539 4189 3551 4227 :
3574 4171 3641 4226 ad
3657 4181 3850 4241 proces-

2242 4256 2470 4312 sionem
2483 4258 2962 4329 psalmum,Deus
2973 4260 3359 4332 misereatur,
3369 4263 3633 4334 sequitur
3645 4257 3853 4317 collecta,

2244 4349 2511 4407 Concede
2524 4349 2716 4420 nobis,
2734 4364 3077 4421 quaesumus,
3099 4349 3372 4421 Domine,
3388 4350 3683 4423 praesidia.
3700 4347 3854 4400 Sacer-

2239 4440 2350 4494 dos
2382 4443 2603 4494 tantum
2652 4438 2805 4493 stola
2861 4438 3111 4494 amictus
3161 4440 3408 4497 cineres
3467 4441 3543 4495 ita
3572 4434 3854 4494 benedicit:

2240 4528 2415 4596 Deus,
2445 4530 2541 4601 qui
2560 4543 2671 4583 non
2690 4532 2962 4582 mortem:
2983 4543 3134 4598 quos
3158 4544 3293 4583 cum
3316 4546 3498 4585 orsus
3518 4528 3680 4584 fuerit
3698 4524 3855 4592 singu-

430 4620 617 4672 ratur.
678 4616 767 4669 Ad
824 4612 1278 4685 vespertinalem
1340 4614 1787 4683 processionem
1834 4604 2182 4687 responsi)
2236 4616 2311 4672 lis
2342 4615 2928 4688 imponere,’_imponit
2949 4631 3184 4687 quoque
3204 4618 3613 4689 cantorantip.
3634 4615 3856 4671 lmmute-

435 4705 577 4762 Cum
607 4693 962 4762 inducerth
983 4718 1252 4775 puerum;
1286 4703 1359 4756 ad
1372 4706 1586 4773 ;matut.
1620 4703 1847 4773 laudes,
1885 4705 2107 4775 Gaude,

429 4796 649 4851 Maria.
681 4795 748 4849 In
778 4794 872 4849 die
903 4794 1039 4864 post
1077 4790 1324 4858 tertiam,
1354 4793 1446 4845 vel
1478 4792 1528 4846 si
1557 4795 1649 4846 est
1679 4792 1808 4847 dies
1842 4794 2107 4849 Domini-

430 4900 561 4955 cus,
596 4887 727 4940 ante
743 4883 996 4952 tertiam,
1030 4896 1163 4935 cum
1193 4880 1530 4951 antiphona,
1568 4880 1709 4936 Cum
1728 4881 2081 4939 inducerent
2094 4900 2109 4955 ;

432 4974 566 5042 alia,
602 4974 648 5028 0
676 4973 850 5028 beata
894 4970 1175 5035 infantia;
1222 4968 1564 5039 proceditur
1601 4970 1673 5024 ad
1708 4971 2022 5026 ecclesiam
2045 4972 2105 5027 S.

432 5060 655 5131 Marim,
686 5062 757 5117 de
787 5077 901 5133 qua
923 5060 1195 5132 sequitur
1225 5060 1281 5113 et
1297 5058 1561 5129 collecta,
1596 5059 1851 5130 Exaudi,
1879 5078 2109 5134 qumsu-

431 5164 579 5214 mus,
613 5150 882 5219 Domine;
913 5153 1119 5219 postea
1151 5149 1213 5202 ﬁt
1240 5148 1423 5202 oratio
1451 5148 1523 5202 ad
1554 5138 1874 5219 quamlibet
1902 5151 2109 5206 horam

432 5237 788 5309 regularem,
822 5242 877 5292 et
898 5253 1104 5292 omnes
1134 5240 1268 5292 ante
1296 5236 1514 5292 faciunt
1549 5241 1605 5292 et
1628 5242 1809 5294 retro.
1834 5239 2108 5295 Candelm

430 5341 569 5397 qum
600 5327 1019 5381 consecrandus
1051 5331 1209 5395 sunt,
1245 5326 1322 5380 ibi
1378 5331 1806 5381 consecrantur
1835 5343 1967 5382 cum
1997 5329 2108 5383 hac

427 5413 865 5485 benedictione,
888 5415 1117 5471 Adesto
1137 5414 1669 5488 supplicationibus
1690 5417 1936 5482 nostris;
1970 5419 2101 5486 alia,

426 5504 684 5562 Domine
709 5502 890 5574 Deus,
911 5510 1169 5575 creator;
1202 5508 1567 5560 consecratae
1608 5520 1760 5576 aqua
1799 5505 2111 5561 benedicta

416 5596 853 5669 asperguntur,
884 5594 1268 5649 incensantur
1322 5596 1380 5649 et
1439 5593 1892 5650 distribuuntur.
1948 5595 2110 5651 Inter

429 5683 870 5744 accendendum
898 5682 1235 5757 antiphona,
1272 5683 1489 5740 Lumen
1546 5682 1623 5739 ad
1650 5682 2103 5756 revelationem;

2235 4722 2369 4760 mur
2399 4705 2629 4760 habitu.

2874 4790 3126 4850 CAPUT
3167 4794 3265 4850 LI.

2467 4883 2556 4940 De
2583 4882 2913 4939 Dominicis
2933 4883 3147 4939 diebus
3175 4883 3677 4958 Quadragesimae.

2307 4974 2421 5028 Per
2432 4988 2639 5028 omnes
2654 4972 2992 5028 Dominicas
3006 4988 3196 5043 usque
3223 4974 3300 5028 ad
3315 4974 3663 5031 Passiouem
3676 4962 3858 5025 Domini

2234 5066 2324 5117 est
2349 5078 2529 5117 unum
2557 5065 2614 5117 et
2643 5061 2797 5117 idem
2816 5061 3133 5132 capitulum
3176 5062 3247 5116 ad
3279 5079 3596 5135 vesperas,
3627 5061 3694 5116 ad
3713 5058 3859 5114 matu-

2232 5153 2387 5207 tinas
2420 5151 2646 5221 laudes,
2677 5150 2750 5205 ad
2805 5151 3056 5222 tertiam,
3083 5153 3140 5206 et
3190 5150 3413 5208 iterum
3472 5154 3546 5209 ad
3599 5157 3855 5221 vesperasy

2234 5241 2557 5295 Hortamur
2592 5255 2713 5311 vos;
2747 5239 2946 5295 nullus
2977 5240 3233 5311 hymnus
3261 5242 3340 5298 de
3370 5241 3606 5315 jejunio
3625 5240 3856 5296 cantatur.

2234 5330 2342 5384 sed
2366 5330 2541 5384 iidem
2564 5329 2663 5400 qui
2692 5331 2856 5385 extra
2885 5328 3421 5402 Quadragesimam
3478 5333 3540 5386 in
3588 5319 3857 5384 Dominicis

2229 5418 2463 5474 diebus.
2498 5419 2640 5473 Item
2668 5418 2743 5473 ad
2771 5421 3001 5473 sextam
3032 5421 3089 5473 et
3117 5435 3335 5475 nonam
3369 5420 3597 5476 eaedem
3618 5414 3855 5473 collectae.-

2231 5507 2337 5562 sed
2356 5508 2608 5578 capitula
2638 5507 2709 5562 de
2731 5505 2987 5579 jejunio.
3034 5508 3124 5562 Ad
3154 5511 3609 5579 processionem
3636 5497 3858 5558 vicissim

2231 5612 2423 5668 usque
2435 5597 2508 5653 ad
2524 5596 2758 5652 Pascha
2773 5596 2867 5652 hae
2881 5597 3015 5652 duae
3030 5600 3344 5655 cantantur
3356 5598 3710 5670 antiphonae,
3730 5585 3865 5645 Chri-

2230 5691 2344 5758 ste,
2369 5685 2558 5743 Pater
2572 5684 3145 5759 misericordiarum;
3165 5692 3243 5757 et,
3267 5686 3418 5743 Cum
3435 5685 3680 5744 sederit.
3697 5676 3751 5736 In
3766 5672 3859 5751 pri-
