3956 6176
165 308 265 406 δότ

750 312 1445 400 CONSUETUDINES
1491 320 2129 399 (immites-sses.
2167 371 2237 381 —
2269 332 2526 397 LIBER
2569 337 2896 400 ramus

3434 332 3556 400 698

169 555 243 594 me
271 536 542 593 Dominica
573 535 645 589 ad
676 537 807 590 octo
827 533 1115 590 lectiones
1137 536 1558 589 nocturnorum
1581 546 1779 588 sermo
1808 520 1865 581 Α
1896 532 2073 589 fuerit
2091 534 2400 603 terminus,
2419 533 2524 588 sed
2547 536 2753 604 postea
2776 534 3034 603 futurus,
3057 540 3247 591 tamen
3272 536 3328 591 in
3351 540 3558 608 quarta

166 625 384 693 Maximi,
423 623 476 677 id
512 626 621 693 est,
656 623 824 677 Licet
853 622 1043 689 nobis,
1079 622 1480 677 dilectissimi.
1512 621 1783 677 Secunda

168 714 427 768 Dominica
456 728 584 766 cum
616 727 733 766 non
776 712 947 766 aliam
1000 711 1213 766 habeat
1242 711 1563 767 .collectam
1608 727 1782 783 quam

164 805 311 869 illam,
332 802 499 869 Deus,
531 801 628 872 qui
655 801 981 871 conspicis;
1012 800 1265 871 ideoque
1298 800 1526 854 dicatur
1555 800 1626 854 ad
1659 804 1784 853 ter-

163 892 293 958 tiam,
324 894 634 961 sequentes
664 888 736 943 de
769 888 1131 960 quotidianis
1154 889 1431 944 dicuntur
1457 888 1528 943 ad
1550 892 1780 943 sextam

163 985 210 1036 et
234 994 442 1035 nonam.

739 1082 993 1139 CAPUT
1025 1083 1146 1138 LII.

422 1172 505 1227 De
523 1172 779 1227 secunda
804 1172 960 1227 feria
987 1171 1486 1243 Quadragesimar.

220 1263 270 1318 In
286 1261 535 1317 secunda
550 1260 693 1315 feria
709 1260 1195 1333 Quadragesimae
1216 1260 1566 1316 inchoantur
1582 1260 1782 1332 hymni

162 1350 441 1423 dejejunio
462 1350 538 1405 ad
559 1353 759 1405 matut.
783 1348 1013 1419 laudes,
1035 1353 1090 1403 et
1124 1351 1351 1404 tertiam
1376 1353 1430 1404 et
1462 1352 1784 1420 sequentes

158 1441 327 1496 horas.
363 1438 481 1494 Soli
520 1438 791 1493 nocturni
825 1438 1028 1493 nescio
1062 1437 1199 1508 quid
1228 1438 1323 1492 hic
1354 1438 1781 1507 commiserint,

157 1530 253 1601 qui,
282 1544 404 1583 cum
432 1527 492 1581 in
523 1527 796 1582 Adventu
826 1525 1078 1594 Domini,
1101 1529 1157 1580 et
1177 1526 1348 1581 toties
1369 1527 1426 1580 in
1448 1526 1788 1581 solemnita-

163 1617 314 1684 tibus,
335 1614 654 1686 specialem
699 1615 979 1685 hymnum
1002 1613 1275 1682 habeant,
1302 1615 1361 1668 in
1416 1613 1785 1685 Quadi-ages.

156 1705 247 1759 hoc
264 1706 598 1759 amiserunt.
632 1703 697 1757 In
722 1719 837 1773 qua
869 1704 1041 1757 etiam
1071 1705 1184 1756 tam
1219 1719 1402 1774 parva
1435 1703 1602 1769 hora,
1634 1703 1791 1756 sicut

155 1796 229 1847 est
252 1793 425 1861 tertia,
458 1808 577 1846 non
610 1795 770 1846 caret
806 1791 1024 1862 hymno
1049 1791 1163 1846 alio
1189 1806 1361 1861 quam
1386 1793 1690 1859 consueto,
1731 1791 1789 1845 id

1894 622 2043 677 feria
2062 621 2331 693 ejusdem
2346 623 2554 693 primm
2580 624 2923 693 septimanae
2942 625 3012 677 ad
3036 625 3293 681 officium
3314 625 3558 698 majoris

1892 714 2095 767 missae
2124 713 2406 782 leguntur
2426 713 2559 766 duae
2589 712 2897 781 lectiones,
2923 714 3155 785 duoque
3176 716 3557 785 reSponsoria

1891 804 2229 866 cantantur;
2263 804 2320 855 et
2350 801 2445 854 illa
2467 807 2676 872 quarta
2709 801 2874 871 feria,
2901 818 3015 873 qua
3038 802 3334 873 jejunium
3366 804 3560 875 agitur

1890 906 2005 944 non
2032 889 2145 943 nisi
2170 905 2303 944 una.
2326 888 2434 954 Qui
2460 905 2587 944 mos
2609 890 2760 944 unde
2783 890 2970 960 primo
3008 890 3336 958 inoleverit,
3370 892 3441 945 de
3468 891 3561 944 in-

1890 978 2115 1033 dustria
2140 980 2197 1031 et
2222 978 2438 1045 studio,
2462 994 2534 1031 an
2554 992 2628 1032 ex
2653 979 3034 1050 negligentia,
3052 978 3276 1047 nescio,
3304 978 3420 1033 nisi
3450 978 3563 1033 hoc

1893 1067 2020 1120 scio
2044 1069 2246 1121 contra
2268 1081 2441 1120 usum
2459 1081 2599 1121 esse
2617 1067 2928 1121 multarum
2946 1067 3346 1122 Eeclesiarum
3366 1069 3481 1121 tam
3503 1066 3561 1119 in

1896 1155 2157 1209 Romana
2183 1154 2386 1225 lingua
2417 1170 2591 1225 quam
2613 1155 2672 1209 in
2689 1156 3031 1210 Teutonica.
3057 1155 3138 1210 Ea
3159 1171 3394 1227 quoque
3421 1153 3557 1209 ofﬁ—

1893 1243 1983 1297 cia
2005 1258 2139 1314 quae
2163 1243 2232 1296 ad
2265 1243 2418 1297 idem
2453 1242 2752 1314 jejunium
2797 1245 3110 1314 pertinent,
3154 1260 3288 1298 cum
3337 1244 3559 1313 scripta

1893 1332 2013 1386 sint
2039 1331 2110 1385 ad
2159 1331 2410 1401 primam
2458 1330 2943 1403 Quadragesimae
2976 1332 3384 1401 septimanam,
3418 1332 3471 1387 si
3505 1332 3559 1385 in

1895 1420 2097 1474 eadem
2127 1420 2454 1489 septimana
2472 1419 2767 1490 jejunium
2788 1436 2904 1475 non
2931 1422 3148 1492 agitur,
3181 1423 3423 1492 prOpter
3453 1414 3564 1474 hoc

1894 1509 2087 1562 tamen
2111 1507 2332 1561 nullum
2357 1507 2627 1563 differtur
2650 1508 2931 1577 officium,
2959 1510 3076 1563 nisi
3115 1509 3273 1579 quod
3308 1509 3562 1579 pertinet

1896 1597 1970 1650 ad
1992 1595 2332 1666 Sabbatum;
2348 1597 2462 1651 hoc
2484 1598 2676 1652 solum
2695 1613 2928 1669 quoque
2950 1598 3021 1652 ad
3048 1597 3368 1652 Sabbatum
3395 1595 3479 1668 jej
3492 1613 3561 1651 u-

1898 1684 1980 1738 nii
2001 1688 2366 1752 reservatur;
2392 1686 2501 1739 hac
2524 1686 2695 1739 etiam
2716 1686 2844 1740 sola
2865 1686 2995 1741 vice
3011 1702 3118 1757 pro
3149 1687 3368 1757 hymno
3389 1686 3567 1740 trium

1900 1788 2238 1844 puerorum,
2269 1789 2387 1829 non
2416 1774 2794 1843 Benedictus,
2829 1776 2935 1830 sed
2969 1774 3324 1831 Benedicite
3364 1776 3567 1829 canta-

153 1886 243 1949 est,
275 1879 475 1935 Ternis
499 1886 599 1934 ter
620 1881 789 1934 horis
813 1896 1125 1933 numerus:
1155 1885 1209 1933 et
1247 1879 1297 1932 si
1333 1880 1445 1933 hoc
1479 1878 1630 1949 apud
1678 1894 1788 1933 nos
1823 1880 1873 1941 Β
1905 1866 2016 1917 ων·

153 1974 245 2039 est,
271 1974 456 2023 tamen
477 1966 665 2041 [non]
686 1972 779 2022 est
795 1969 870 2021 ita
893 1968 1045 2039 apud
1070 1968 1397 2022 monachos
1420 1970 1477 2022 et
1504 1967 1705 2036 Italia,
1736 1971 1795 2021 et

152 2058 314 2128 ipsius
335 2058 498 2113 sedis
521 2057 887 2127 apostolicae,
912 2060 969 2111 et
990 2056 1275 2111 Ecclesiae
1301 2057 1581 2111 Romanae
1602 2074 1615 2119 ;
1639 2056 1796 2127 apud

151 2162 281 2219 quos
308 2146 585 2201 nimirum
617 2146 774 2217 quod
808 2161 875 2200 ea
908 2146 1036 2200 vice
1068 2144 1285 2201 habent
1314 2144 1445 2200 alim
1475 2146 1660 2214 horae,
1688 2145 1797 2199 ha-

151 2235 267 2290 bent
292 2235 457 2290 etiam
488 2234 786 2289 nocturni.
819 2232 967 2289 Sunt
997 2237 1188 2289 autem
1222 2232 1412 2289 adhuc
1445 2237 1501 2288 et
1531 2233 1642 2287 alia
1668 2249 1801 2304 qua)

154 2323 204 2378 in
228 2323 459 2395 prmfata
483 2321 639 2378 feria
670 2323 864 2378 solent
894 2322 1180 2390 inchoari,
1199 2323 1313 2378 duo
1344 2322 1556 2393 psalmi
1580 2322 1679 2394 qui
1700 2338 1805 2393 per

152 2413 392 2485 singulas
421 2412 610 2467 horas
644 2411 921 2466 dicuntur
966 2428 999 2465 a
1046 2413 1383 2482 prostratis,
1426 2414 1484 2466 et
1542 2410 1803 2481 majores

157 2515 345 2571 preces
364 2500 437 2555 ad
454 2502 666 2556 ma'ut.
686 2500 916 2569 laudes,
933 2502 988 2555 et
1011 2500 1083 2554 ad
1103 2514 1389 2571 vesperas
1404 2499 1651 2569 scilicet,
1671 2498 1810 2555 Ore-

150 2605 363 2661 muspro
377 2590 541 2646 omni
550 2589 743 2661 gradu
756 2588 1143 2644 Ecclesiaeln
1161 2589 1414 2658 capitulo
1430 2603 1803 2659 nequaquam

152 2678 243 2731 alia
263 2679 477 2750 regulae
502 2677 797 2733 sententia
818 2678 1040 2749 legitur
1059 2693 1235 2749 quam
1266 2692 1399 2749 quae
1430 2680 1523 2732 est
1551 2678 1622 2731 de
1645 2674 1798 2750 Qua-_

154 2746 477 2839 dragesima.
510 2766 817 2821 Recitatur
844 2746 1095 2837 quoque“
1115 2746 1338 2819 Brevis
1370 2765 1656 2821 librorum
1704 2746 1805 2836 qui

154 2871 285 2910 anno
310 2855 614 2926 praeterito
632 2857 772 2909 sunt
791 2854 862 2909 ad
885 2854 1204 2925 legendum
1228 2853 1511 2908 fratribus
1535 2853 1765 2926 erogati
1788 2868 1803 2924 ;

154 2960 265 3000 cum
287 2945 534 3018 quilibet
564 2944 745 2998 frater
760 2943 1113 3013 nominatur,
1138 2943 1352 3014 surgit,
1369 2944 1425 2997 et
1441 2942 1656 2997 librum
1682 2942 1799 2997 sibi

151 3030 322 3088 datum
345 3033 571 3098 reddit;
602 3036 660 3088 et
689 3033 742 3087 si
772 3047 907 3088 eum
953 3032 1102 3087 forte
1146 3047 1265 3087 non
1307 3031 1648 3103 perlegerit,
1694 3047 1802 3102 pro

154 3119 490 3195 indulgentia
508 3121 590 3193 (5)
602 3122 834 3178 veniam
850 3119 1011 3192 petit.
1036 3119 1143 3175 Est
1161 3122 1354 3175 autem
1369 3136 1522 3175 unus
1537 3123 1702 3191 tapes
1718 3120 1805 3176 ibi

2514 1967 2767 2023 CAPUT
2798 1969 2945 2023 LIV.

2046 2056 2135 2111 De
2157 2056 2450 2112 Passione
2482 2057 2735 2126 Domini,
2763 2063 2822 2112 et
2853 2057 3059 2112 Hamis
3072 2057 3422 2130 palmarum.

1978 2163 2042 2217 In
2070 2163 2360 2217 Passione
2392 2163 2621 2217 Domini
2657 2163 2860 2220 Gloria
2898 2163 3093 2235 Patri,
3141 2165 3193 2219 si
3242 2165 3316 2220 ad
3345 2165 3574 2221 nullum

1909 2253 2177 2306 cantatur
2192 2252 2663 2321 responsorium,
2686 2255 2952 2306 cantatur
2970 2256 3161 2308 tamen
3178 2254 3250 2308 ad
3272 2254 3571 2324 introitus,

1910 2340 2180 2412 quamvis
2203 2340 2413 2394 iterum
2437 2344 2637 2394 contra
2662 2356 2835 2394 usum
2860 2340 3146 2396 faciamus
3176 2341 3431 2397 aliarum
3452 2342 3568 2397 Ec-

1912 2428 2247 2483 clesiarum.
2263 2428 2323 2480 In
2341 2428 2541 2482 llamis
2564 2428 2887 2498 palmarum
2908 2430 2978 2482 ad
3003 2430 3404 2485 matitunalem
3424 2431 3576 2486 mis-

1911 2534 2039 2573 sam
2056 2517 2289 2572 nonnisi
2309 2533 2423 2571 una
2442 2516 2683 2571 collecta
2708 2520 2799 2571 est
2820 2516 3087 2589 dicenda,
3112 2534 3223 2574 nec
3244 2519 3458 2575 Passio
3480 2520 3570 2575 le-

1912 2607 2089 2678 gitur,
2116 2606 2222 2661 sed
2244 2606 2341 2660 illa
2364 2610 2584 2660 tantum
2624 2606 2796 2660 lectio
2836 2608 3026 2661 sancti
3062 2607 3392 2679 Evangelii,
3433 2608 3576 2664 Cum

1913 2695 2406 2767 apprOpinquaret
2421 2695 2453 2749 J
2458 2708 2623 2761 esus;
2639 2694 2795 2765 quod
2809 2695 2981 2750 etiam
2999 2697 3229 2751 cunctis
3244 2697 3577 2754 sacerdoti-

1910 2784 2047 2852 bus,
2072 2783 2171 2855 qui
2193 2782 2454 2853 privatas
2478 2782 2699 2837 missas
2718 2787 3102 2839 cantaverunt
3124 2785 3485 2856 praecipitur,
3510 2792 3575 2842 ut

1911 2873 2030 2927 sint
2050 2874 2234 2942 parati
2255 2872 2327 2926 ad
2341 2872 2491 2926 duas
2512 2872 2955 2942 processiones,
2992 2889 3126 2945 quae
3155 2874 3255 2929 illo
3300 2874 3396 2929 die
3437 2879 3577 2930 sunt

1910 2961 2177 3033 agendae.
2225 2960 2395 3015 Prior
2440 2963 2577 3031 post
2619 2960 3017 3016 matutinalem
3059 2962 3305 3017 missam
3347 2963 3471 3018 sale
3521 2967 3579 3018 et

1910 3064 2061 3121 aqua
2092 3049 2481 3118 consecratis,
2503 3048 2657 3103 sicut
2677 3052 2772 3104 est
2804 3064 2936 3104 mos
2976 3050 3206 3106 cunctis
3248 3051 3578 3106 Dominicis

1910 3138 2122 3193 diebus
2155 3153 2263 3208 per
2311 3137 2655 3207 claustrum;
2706 3138 2944 3193 citerior
2984 3142 3120 3209 post
3166 3139 3393 3193 tertiam
3443 3155 3578 3195 cum

152 3214 482 3281 constratus,
513 3226 701 3281 super
723 3225 899 3282 quem
928 3209 1012 3264 illi
1040 3209 1175 3264 libri
1203 3213 1520 3280 ponuntur,
1556 3209 1627 3264 de
1667 3210 1782 3281 qui-

1978 3226 2220 3282 endibus
2244 3229 2301 3282 et
2343 3226 2546 3281 Remis
2595 3227 2920 3297 palmarum
2967 3230 3101 3282 ante
3146 3226 3344 3299 majus
3394 3228 3579 3284 altare

149 3297 244 3354 bus
272 3299 477 3355 iterum
512 3299 720 3371 quanti
748 3299 979 3368 dantur,
1013 3298 1227 3353 dantur
1246 3313 1380 3353 cum
1410 3297 1622 3362 brevi;
1642 3302 1699 3352 et
1729 3297 1802 3352 ad

151 3386 246 3442 hoc
260 3393 345 3444 est
358 3388 700 3444 una'tabula
717 3386 1139 3459 aliquantulum
1163 3385 1355 3458 major
1394 3385 1565 3441 facta.
1588 3384 1661 3440 'Si
1687 3401 1803 3458 qua

150 3474 414 3533 festivitas
435 3478 497 3532 in
529 3477 737 3533 eodem
766 3476 861 3531 die
893 3475 1205 3531 duodecim
1224 3474 1543 3531 lectionum
1574 3476 1805 3548 agenda

149 3568 404 3637 evenerit,
433 3570 585 3622 tunc
606 3566 666 3621 in
696 3565 949 3636 capitulo
993 3565 1127 3621 duae
1161 3563 1449 3619 lectiones
1498 3564 1801 3636 leguntur,

150 3653 357 3728 duoque
386 3656 543 3711 ﬁunt
572 3669 917 3725 sermones;
952 3654 1210 3710 anterior
1234 3652 1308 3709 de
1338 3653 1677 3723 festivitate,
1702 3668 1806 3708 se-

152 3758 319 3814 quens
339 3746 411 3801 de
434 3744 933 3817 Quadragesima.
956 3742 1391 3799 Postlibrorum
1404 3742 1807 3814 erogationem

151 3831 302 3888 datur
323 3834 566 3890 licentia
592 3832 923 3905 jejunandi,
958 3833 1039 3887 ita
1067 3834 1262 3887 tamen
1285 3834 1350 3887 ut
1369 3830 1645 3903 jejunent
1674 3847 1808 3887 cum

151 3921 490 3980 discretione
517 3925 577 3978 et
608 3922 933 3991 moderate,
980 3935 1058 3977 ne
1105 3920 1376 3992 corporis
1415 3920 1809 3975 valetudinem

152 4012 378 4067 maxime
389 4012 462 4066 ad
475 4011 830 4067 exercitium
858 4009 995 4065 talis
1013 4009 1172 4079 vitae,
1198 4008 1426 4064 scilicet
1446 4008 1676 4077 activae,
1693 4024 1810 4063 non

151 4100 409 4157 amittant.
437 4101 591 4155 Vide
614 4114 850 4171 quoque
881 4098 1041 4170 quali
1072 4098 1431 4153 humanitate
1455 4098 1665 4152 Patres
1698 4113 1809 4151 no-

155 4189 251 4243 stri
269 4190 456 4260 ipsam
492 4188 1029 4261 Quadragesimam
1070 4186 1384 4242 voluerunt
1430 4185 1691 4241 initiari:
1740 4200 1810 4240 eo

150 4293 383 4348 namque
408 4278 508 4333 die
527 4318 542 4346 ,
572 4275 914 4348 proutipsis
944 4275 1195 4345 placuit,
1224 4274 1513 4329 habemus
1554 4273 1626 4327 ad
1658 4272 1810 4327 refe—

153 4365 384 4420 ctionem
416 4370 475 4421 et
506 4379 720 4435 panem
750 4364 925 4419 solito
978 4362 1279 4417 meliorem
1328 4365 1384 4416 et
1420 4360 1708 4430 calidum,
1755 4363 1813 4416 et

153 4455 410 4524 generale
440 4454 733 4524 piscium,
767 4452 820 4507 si
843 4466 959 4523 quo
990 4450 1163 4506 modo
1196 4448 1448 4503 inveniri
1491 4450 1729 4518 poterit,
1756 4451 1812 4503 et

154 4541 534 4613 pigmentum,
566 4541 638 4595 ad
671 4539 847 4611 cujus
900 4543 1094 4594 tamen
1130 4537 1599 4608 propinationem
1639 4538 1806 4591 scilla

154 4644 257 4685 non
286 4634 555 4687 sonatur.
588 4629 653 4684 In
679 4631 884 4700 quarta
912 4627 1058 4683 feria
1095 4629 1152 4682 et
1203 4629 1374 4681 sexta
1407 4629 1542 4696 post
1590 4640 1807 4681 nonam

156 4723 355 4775 exeunt
379 4720 605 4775 fratres
636 4718 709 4773 de
734 4717 1012 4787 ecclesia,
1045 4719 1101 4771 et
1128 4731 1194 4770 se
1230 4714 1611 4782 discalceant,
1647 4717 1703 4768 et
1732 4714 1810 4768 ita

158 4807 391 4864 redeunt
417 4808 495 4863 ad
525 4806 996 4878 processionem.
1030 4805 1196 4860 Tunc
1228 4806 1420 4858 autem
1470 4802 1657 4858 oratio
1695 4818 1813 4857 non

1912 3315 2301 3384 consecratis,
2321 3330 2513 3386 usque
2535 3314 2608 3369 ad
2630 3315 2949 3371 ecclesiam
2968 3315 3028 3370 S.
3054 3314 3278 3387 Majoli,
3301 3317 3579 3373 omnibus

1912 3405 2064 3460 albis
2086 3404 2324 3460 indutis.
2344 3404 2499 3476 Ipsae
2520 3407 2715 3459 autem
2734 3404 2978 3459 frondes
3000 3419 3109 3459 seu
3126 3403 3273 3458 rami
3297 3405 3580 3461 cumistis

1913 3493 2178 3549 collectis
2209 3492 2669 3548 benedicuntur:
2696 3493 2931 3563 quando
2955 3493 3411 3563 distribuuntur,
3433 3510 3578 3550 can-

1912 3586 2068 3638 tatur
2087 3580 2621 3652 antiphona,Pueri
2634 3581 3024 3637 Hebraeorum
3037 3598 3257 3653 ramos;
3272 3582 3404 3654 alia,
3422 3584 3583 3639 Pue-

1913 3674 1973 3728 ri
1984 3671 2374 3728 Hebraeorum
2393 3670 3056 3727 vestimenta.Exeundo
3068 3671 3380 3742 pulsantur
3392 3673 3586 3727 omnia

1915 3760 2737 3833 signa,cantaturantiphona,
2758 3760 2899 3815 Cum
2933 3762 3430 3833 apprOpiuquaret
3471 3761 3585 3817 Do-

1917 3851 2131 3915 minus;
2159 3851 2233 3917 et,
2288 3848 2428 3903 Cum
2480 3848 2745 3903 audisset
2786 3848 3055 3920 populus;
3108 3849 3582 3920 responsorium,

1921 3938 2321 3993 Contumelias
2339 3943 2397 3991 et
2421 3943 2694 3992 terrores
2706 3956 2725 4001 ;
2748 3941 2802 3992 et
2821 3936 2934 3991 alia
2967 3952 3244 4008 respons.
3278 3937 3368 3992 Ad
3401 3938 3586 3993 intro-

1917 4029 2061 4082 itum
2075 4026 2368 4095 ecclesiae,
2389 4026 2462 4079 de
2477 4024 2733 4095 Sanctis,
2749 4042 3000 4096 quorum
3015 4027 3233 4081 ibidem
3248 4031 3337 4082 est
3353 4043 3579 4083 memo-

1918 4117 2023 4185 ria,
2042 4114 2380 4185 antiphona,
2396 4114 2490 4168 vel
2505 4129 2807 4183 respons.;
2822 4113 2893 4167 ad
2917 4115 3229 4169 stationem
3243 4116 3582 4186 antiphona,

1917 4205 1969 4259 A
1986 4221 2072 4274 ve,
2101 4203 2233 4257 Rex
2251 4208 2459 4256 noster
2473 4220 2489 4261 ;
2504 4201 2732 4256 collect.
2750 4201 2820 4255 de
2834 4202 2986 4271 ipsis
3001 4204 3247 4270 sanctis,
3262 4204 3459 4259 Oratio
3474 4204 3587 4258 Do-

1919 4293 2132 4347 minica
2147 4308 2279 4346 cum
2298 4291 2469 4345 solita
2488 4289 2883 4359 inclinatione;
2900 4290 2962 4343 ﬁt
2974 4304 3173 4345 sermo
3187 4290 3258 4343 ad
3280 4290 3583 4361 populum.

1922 4380 2245 4436 Redeuudo
2267 4381 2480 4447 autem,
2512 4377 2914 4448 Collegerunt.
2933 4378 3386 4433 Praecesserunt
3404 4377 3589 4451 aliqui

1921 4468 2339 4541 cantores,qui
2362 4467 2566 4537 cappis
2585 4466 2770 4521 induti
2808 4466 3099 4536 recipiunt
3139 4470 3494 4522 conventum
3527 4467 3587 4522 in

1838 4577 1891 4639 ι)
1921 4559 2216 4614 vestibulo
2253 4556 2525 4612 ecclesiae
2557 4571 2690 4610 cum
2724 4554 2820 4610 his
2849 4556 3156 4611 versibus:
3194 4555 3395 4612 Gloria
3425 4555 3554 4611 laus
3570 4575 3589 4620 ,-

1922 4648 1994 4702 ad
2015 4646 2316 4702 introitum
2338 4644 2634 4715 ecclesiae,
2669 4659 2947 4715 respons.
2975 4644 3368 4717 Ingrediente
3385 4643 3586 4700 Domi-

1919 4751 2025 4801 no,-
2065 4738 2289 4789 tractus
2341 4736 2609 4788 cantatur
2654 4749 2687 4787 a
2745 4733 2895 4789 solis
2941 4738 3193 4805 quatuor
3222 4732 3585 4803 cantoribus,

1920 4825 2058 4879 hinc
2087 4825 2144 4879 et
2181 4823 2317 4878 inde
2376 4826 2671 4877 conventu
2721 4822 2954 4877 interim
3006 4822 3349 4878 considente
3404 4823 3461 4877 et
3517 4836 3591 4877 ex

157 4899 536 4967 Ρωηὶίίίίιυτν
571 4895 679 4952 sed
718 4894 888 4966 Pueri
934 4894 1223 4949 intrantes
1262 4892 1460 4948 Statim
1507 4892 1817 4962 imponunt
1920 4917 2040 4969 toto
2070 4915 2320 4981 tacente,
2355 4912 2511 4966 sicut
2539 4910 2714 4966 etiam
2743 4912 2897 4966 tacet
2932 4910 3006 4966 ad
3038 4912 3289 4965 cieteros
3340 4913 3586 4966 tractus.

158 4985 544 5057 antiphonam,
575 4984 847 5057 Exurge,
879 4982 1146 5038 Domine.

761 5088 1014 5146 CAPUT
1043 5088 1191 5145 LIII.

216 5179 538 5254 Dejejunio
552 5178 811 5246 Quatuor
830 5176 1174 5250 Temporum
1190 5178 1251 5231 in
1267 5190 1472 5231 mense
1489 5174 1732 5231 Martio.

217 5284 275 5340 In
303 5301 516 5342 mense
544 5285 776 5355 Martio,
802 5282 1091 5356 quidquid
1113 5282 1191 5338 sit
1219 5282 1291 5337 de
1320 5280 1575 5337 termino
1595 5278 1814 5352 jejunii

156 5369 398 5438 Quatuor
426 5370 804 5445 Temporuin,
838 5387 1140 5444 nunquam
1170 5373 1364 5426 tamen
1402 5373 1535 5425 ante
1564 5368 1814 5440 primam

157 5458 626 5538 Quadragesimaa
639 5462 1027 5535 septimanam
1040 5462 1257 5533 agitur;
1278 5460 1337 5514 in
1349 5474 1465 5531 qua
1480 5459 1535 5514 si
1552 5457 1813 5514 nondum

218 5650 293 5720 (5)
313 5650 442 5708 Pro
472 5649 859 5725 indulgentia.
890 5648 1013 5705 Imo
1036 5663 1152 5722 pro
1179 5645 1583 5723 indiligentia.

1921 5002 2013 5058 Ad
2038 5001 2388 5057 Passionem
2419 5003 2476 5055 et
2491 4998 2852 5055 offerendam
2871 5041 2885 5069 ,
2906 5014 3023 5070 qua
3044 4998 3288 5054 frondes
3309 5014 3421 5055 seu
3440 4999 3591 5055 rami

1917 5091 2248 5163 palmarum
2289 5089 2632 5159 offeruntur,
2674 5087 2891 5144 debent
2921 5103 3132 5143 omnes
3183 5087 3420 5160 adesse,
3482 5103 3591 5144 nec

1917 5180 2233 5252 quisquam
2255 5178 2432 5234 ullius
2454 5178 2803 5234 obedientiae
2821 5178 3136 5232 occasione
3156 5176 3393 5234 deesse.
3417 5175 3591 5233 Anti-

1922 5269 2123 5342 quitus
2145 5269 2205 5323 in
2235 5268 2331 5323 illa
2360 5267 2666 5323 Dominica
2696 5283 2814 5321 non
2840 5266 3147 5322 dicebatur
3189 5266 3452 5322 ofﬁcium
3484 5266 3591 5323 de-

1923 5359 2279 5427 functorum,
2310 5372 2419 5412 nec
2450 5356 2622 5412 modo
2653 5371 2889 5428 quoque
2918 5356 3185 5427 psalmus
3210 5356 3333 5427 ille,
3364 5356 3465 5413 Ad
3478 5355 3591 5413 Doc

1922 5448 2141 5503 minam
2170 5462 2297 5503 cum
2322 5444 2671 5517 tribularer,
2697 5444 2878 5501 ofﬁcii
2906 5444 3190 5502 vicarius.
