3956 6176
380 234 383 237 ’
459 274 583 338 699

407 538 413 544 ,
1099 472 1352 528 CAPUT
1384 472 1485 528 LV

493 569 583 624 De
604 564 1046 623 festivitatibus
1066 580 1192 636 quae
1208 564 1270 618 in
1296 562 1759 635 Quadragesima
1784 563 2084 617 eveniunt.

528 676 613 729 De
645 672 1071 729 festivitatibus
1102 687 1235 742 quae
1264 671 1322 724 in
1353 669 1815 743 Quadragesima
1843 671 2122 725 eveniunt

458 768 743 838 quantum
760 762 1077 816 dicendum
1094 760 1404 829 asstimavi,
1425 760 1483 813 in
1515 759 1626 813 alio
1648 759 1781 814 loco
1803 776 1920 815 non
1942 760 2116 828 tacui,

455 853 613 925 quod
644 854 942 920 tamen,ut
964 850 1178 903 iterum
1194 849 1456 903 breviter
1484 852 1740 921 tangam,
1764 848 1825 902 in
1860 849 2123 919 qualibet

456 940 774 997 festivitate
793 938 1026 993 additur
1041 937 1112 992 ad
1135 937 1542 1007 psalmodiam,
1567 937 1723 1009 quod
1742 952 1859 992 non
1875 938 2118 992 addere-

455 1034 551 1085 tur
580 1044 688 1083 nec
719 1028 1015 1082 diceretur
1034 1026 1086 1080 si
1118 1026 1247 1095 ipsa
1270 1026 1562 1080 festivitas
1594 1030 1758 1080 extra
1781 1025 2119 1097 Quadrage-

456 1118 666 1173 simam
697 1116 982 1184 eveniret,
1008 1114 1199 1169 ethoc
1220 1118 1330 1168 est.
1355 1114 1555 1168 Primo
1574 1117 1710 1185 post
1731 1130 2023 1184 vesperas
2045 1114 2117 1168 de

452 1205 740 1261 Omnibus
758 1205 990 1259 Sanctis
1012 1218 1282 1273 vesperae
1305 1218 1539 1274 quoque
1572 1218 1678 1273 pro
1709 1203 2027 1273 defunctis,
2062 1205 2119 1258 et

451 1310 558 1365 pro
588 1294 741 1365 ipsis
784 1293 845 1348 in
874 1297 1045 1347 nocte
1074 1295 1211 1362 post
1248 1296 1450 1347 matut.
1497 1292 1707 1347 laudes
1762 1291 2112 1363 psalmodia,

449 1383 630 1452 Deus,
655 1381 932 1446 auribus;
962 1386 1099 1452 post
1127 1380 1374 1451 primam
1404 1381 1614 1451 psalm.
1641 1381 1965 1451 Miserere,
2007 1396 2114 1450 pro

451 1471 748 1526 defunctis
769 1471 996 1525 nostris
1009 1469 1325 1525 abbatibus
1347 1472 1570 1539 septem
1584 1470 1797 1539 psalmi
1812 1475 1867 1525 et
1879 1470 2111 1540 letania;

446 1563 584 1631 post
604 1559 922 1630 capitulum
952 1558 1193 1630 triginta
1222 1558 1469 1629 psalmi;
1500 1561 1639 1629 post
1668 1560 1898 1614 tertiam
1928 1560 2113 1613 missa

446 1651 520 1705 de
541 1651 671 1721 ipsa
702 1648 1020 1703 festivitate
1041 1648 1253 1702 festive
1276 1663 1511 1719 quoque
1544 1651 1827 1703 cantatur.
1849 1647 1939 1701 Ad
1971 1663 2115 1702 sex-

451 1742 569 1793 tam
599 1742 655 1793 et
685 1737 949 1809 reliquas
985 1737 1165 1791 horas
1210 1737 1466 1807 petimus
1513 1736 1767 1806 veniam,
1818 1740 2114 1807 totamque

443 1827 836 1898 psalmodiam
884 1826 1230 1895 repetimus,
1279 1825 1435 1879 sicut
1470 1824 1532 1878 in
1560 1824 1823 1895 quolibet
1856 1825 1969 1880 alio
2019 1826 2114 1880 die

451 1914 680 1985 privato
711 1916 767 1967 et
794 1912 1307 1985 Quadragesimali
1322 1914 1666 1983 repetimus;
1686 1929 2019 1984 quanquam
2039 1915 2113 1969 ad

451 2003 635 2058 horas
652 2017 770 2057 non
798 2001 946 2057 alias
964 2001 1336 2072 antiphonas,
1357 2001 1626 2073 capitula,
1651 2017 1865 2058 versus
1897 2005 1954 2057 et
1987 2003 2112 2059 col-

448 2091 656 2161 lectas,
681 2107 856 2163 quam
887 2092 958 2146 de
980 2090 1109 2160 ipsa
1148 2090 1467 2145 festivitate
1501 2091 1787 2146 dicamus.
1822 2091 2114 2147 Cmterum

449 2180 642 2236 solum
663 2196 877 2235 rursus
900 2182 1161 2235 remanet
1178 2179 1459 2250 ofﬁcium,
1501 2180 1560 2233 in
1581 2179 1758 2252 cujus
1787 2179 1918 2235 vice
1950 2196 2113 2252 saepe

447 2270 644 2325 dictus
665 2270 936 2340 psalmus
963 2272 1098 2339 post
1119 2269 1391 2341 singulas
1415 2268 1595 2324 horas
1628 2272 1916 2323 cantatur.
1946 2268 2113 2334 Quod

446 2359 499 2413 si
528 2360 588 2413 in
617 2360 710 2414 die
742 2358 1047 2413 Dominica
1071 2358 1247 2413 fuerit
1268 2358 1460 2429 aliqua
1491 2357 1807 2428 festivitas,
1846 2356 2115 2412 differtur

444 2447 506 2502 in
540 2448 862 2504 secundam
893 2447 1101 2504 feriam
1128 2446 1515 2517 celebranda;
1545 2448 1602 2501 et
1628 2449 1764 2516 post
1792 2445 2115 2502 secundam

1422 273 1831 338 UDALRICI
1886 272 2498 340 CLUNIACENSIS
2553 278 2944 346 MONACHI

3712 298 3800 362 τοο

2151 454 2210 516 Α
2241 475 2446 531 feriam
2469 494 2602 550 qum
2624 481 2894 551 sequitur
2920 483 3140 539 Ramos
3170 487 3497 558 palmarum,
3535 491 3578 544 si
3599 508 3693 563 qua
3732 512 3801 551 oc.

2241 570 2516 638 currerit,
2556 572 2646 623 est
2677 570 2999 627 differenda
3044 574 3213 628 etiam
3264 592 3443 647 usque
3489 579 3553 633 ad
3605 583 3805 652 quintam

2241 654 2446 711 feriam
2494 661 2800 728 sequentis
2840 662 3206 730 septimanae.
3252 664 3332 719 De
3375 668 3498 721 aliis
3534 670 3710 725 diebus
3741 679 3808 727 est

2240 748 2567 818 manifesta,
2591 750 2792 821 utipse
2810 754 3074 821 noveris,
3100 769 3295 823 causa,
3320 756 3375 809 in
3396 758 3592 827 quibus
3611 760 3808 831 singulis

2239 839 2377 890 sunt
2397 838 2685 908 quedam,
2712 841 2883 910 quasi
2904 843 3201 911 precipuae
3223 844 3616 914 solemnitates,
3648 853 3693 902 et
3710 851 3808 919 qui-

2236 922 2352 978 bus
2381 926 2541 980 nulla
2562 927 2773 984 debeat
2792 928 2904 982 alia
2922 932 3205 1001 praeponi,
3239 932 3351 986 nisi
3373 933 3426 987 in
3444 935 3595 990 tertia
3617 935 3750 1003 feria,
3768 938 3811 990 in

2237 1030 2350 1085 qua
2383 1017 2519 1086 quia
2546 1032 2657 1071 nos
2690 1033 2899 1073 sumus
2921 1020 3188 1090 radendi,
3238 1037 3480 1077 necesse
3506 1023 3747 1078 habemus
3770 1029 3814 1079 ut

2236 1103 2553 1174 loquamur
2586 1105 2644 1159 in
2666 1107 2949 1178 claustro,
2983 1108 3138 1179 quod
3172 1126 3461 1181 nunquam
3490 1110 3542 1165 in
3568 1112 3814 1166 duodecim

2233 1194 2589 1250 lectionibus
2611 1195 2767 1251 licet.
2794 1196 2859 1251 In
2881 1201 3091 1268 quarta
3115 1198 3260 1253 feria
3296 1203 3388 1254 est
3423 1199 3812 1271 Quadragesima

2233 1284 2407 1355 quasi
2438 1284 2783 1355 claudenda,
2814 1285 2876 1339 in
2905 1301 3019 1357 qua
3043 1290 3099 1341 et
3130 1286 3385 1342 officium
3410 1290 3595 1343 missa:
3610 1288 3815 1360 aliquan-

2233 1373 2417 1428 tulum
2437 1377 2529 1429 est
2546 1374 2834 1444 prolixius
2854 1378 3096 1446 propter
3117 1377 3265 1431 duas
3305 1377 3590 1443 lectiones,
3622 1382 3815 1431 tractum

2232 1464 2289 1516 et
2316 1463 2658 1532 passionem
2686 1464 2949 1533 Domini;
2987 1464 3238 1536 ideoque
3270 1465 3519 1537 majores
3552 1467 3711 1519 nostri
3738 1468 3814 1520 de-

2232 1558 2548 1608 creverunt
2571 1556 2631 1607 ut
2655 1554 2712 1606 in
2744 1553 2842 1606 illo
2884 1553 2978 1607 die
3025 1569 3140 1608 non
3177 1553 3367 1608 solum
3404 1555 3550 1607 nulla
3585 1555 3815 1608 festivitas

2147 1658 2198 1719 B
2230 1642 2339 1697 alia
2364 1644 2786 1712 celebraretur,
2821 1642 2928 1697 sed
2958 1658 3066 1697 nec
3108 1643 3437 1713 processio,
3468 1658 3567 1696 nec
3613 1643 3815 1696 officium

2229 1731 2645 1786 defunctorum
2677 1734 2977 1803 ageretur.

2300 1821 2656 1876 Benedictus
2687 1822 2848 1876 Deus
2874 1823 2930 1875 in
2954 1821 3129 1893 cujus
3151 1821 3325 1877 modo
3357 1821 3534 1894 gratia
3574 1824 3810 1890 utcunque

2230 1913 2532 1981 peractum
2560 1914 2651 1965 est
2680 1911 2837 1981 quod
2869 1911 3049 1981 volui,
3085 1910 3470 1965 dilectissime
3493 1911 3648 1964 Pater
3669 1924 3772 1962 nam
3793 1924 3817 1960 a

2230 1999 2410 2055 Coena
2428 2000 2659 2054 Domini
2678 2016 3064 2072 progressus,
3084 2016 3302 2055 rursus
3320 2000 3389 2055 ad
3407 1998 3625 2054 Coenam
3641 1996 3818 2051 Domini

2231 2106 2363 2145 sum
2396 2106 2716 2161 reversus;
2749 2091 2821 2144 ad
2877 2089 3035 2161 quod
3093 2089 3320 2160 hospes
3368 2087 3681 2143 humilitatis
3709 2101 3817 2139 mea:

2230 2183 2347 2235 tam
2378 2180 2675 2251 benignus
2712 2183 2769 2235 et
2798 2178 3094 2234 liberalis:
3127 2178 3388 2248 Oportet,
3445 2176 3632 2247 inquit,
3683 2179 3726 2228 et
3762 2176 3816 2237 te,

2230 2268 2619 2339 Charissime,
2653 2268 2725 2323 ad
2748 2284 2975 2323 coenam
3006 2269 3233 2322 nostris
3258 2265 3602 2338 paupertatis
3617 2261 3815 2326 invitari,

2232 2361 2289 2415 et
2317 2358 2372 2414 si
2393 2374 2508 2430 qua
2539 2361 2677 2414 sunt
2707 2357 3083 2430 requirenda,
3118 2356 3177 2410 in
3229 2356 3384 2411 diem
3425 2354 3715 2410 crastinum
3748 2365 3817 2404 re-

2232 2447 2486 2504 servarL

1476 2634 1937 2762 LIBER
1992 2630 2818 2766 SECUNDUS.

1604 2812 1716 2873 DE
1757 2812 2233 2880 DISCIPLINA
2282 2813 2743 2877 REGULARI.

1067 3011 1480 3070 PR/EFATIO

510 3123 640 3179 Jam
663 3121 795 3178 dies
818 3123 946 3176 erat
966 3123 1269 3177 secundus
1287 3136 1362 3176 ex
1382 3136 1499 3191 quo
1526 3122 1662 3177 veni
1691 3121 1764 3175 ad
1801 3123 2104 3177 monaste-

440 3212 611 3283 rium,
633 3210 883 3283 cujusin
897 3211 1104 3281 primis
1119 3210 1379 3278 memini,
1409 3210 1663 3264 adorsus
1702 3225 1771 3265 ea
1797 3226 1930 3281 qum
1966 3214 2105 3264 sunt

436 3302 784 3373 praemissa;
807 3300 957 3355 forte
980 3299 1321 3354 sciscitatus
1343 3298 1746 3352 habitudinem
1768 3298 1902 3368 loci,
1938 3314 2105 3354 com-

437 3391 582 3460 peri,
602 3387 1205 3443 vindemiisinstantis
1220 3387 1355 3440 anni
1381 3387 1659 3457 peractis,
1684 3403 1802 3453 non
1833 3388 1949 3442 nisi
1972 3390 2103 3444 octo

437 3478 555 3531 vini
579 3477 860 3531 carradas
881 3476 953 3529 ad
976 3478 1360 3530 commeatum
1385 3474 1628 3529 fratrum
1647 3492 1785 3530 esse
1800 3476 2099 3542 collectas;

437 3568 680 3635 propter
700 3564 857 3635 quod
892 3567 1086 3618 tamen
1126 3563 1301 3617 Pater
1332 3564 1676 3618 monasterii
1712 3564 1944 3620 solitam
1980 3565 2103 3619 vini

439 3667 780 3708 mensuram
807 3652 967 3706 nullo
990 3652 1084 3705 die
1107 3651 1419 3721 subtraxit,
1436 3668 1553 3706 non
1574 3652 1747 3707 modo
1770 3653 2099 3725 monachis,

434 3742 543 3797 sed
565 3742 738 3796 etiam
763 3740 880 3794 illis
903 3740 1003 3810 qui
1025 3745 1194 3794 extra
1215 3739 1536 3795 claustrum
1570 3742 1747 3812 positi
1783 3758 1856 3796 ex
1893 3743 2101 3798 liberis

434 3833 491 3885 et
512 3828 791 3900 ingenuis
812 3828 965 3883 ultro
989 3844 1057 3883 se
1079 3829 1466 3898 devoverunt,
1490 3832 1553 3884 ut
1570 3835 1774 3885 essent
1791 3833 1952 3886 servi
1974 3848 2101 3888 ser-

433 3934 642 3975 vorum
663 3917 791 3973 Dei.
816 3917 975 3972 Inter
993 3932 1145 3988 quos
1169 3920 1477 3989 utrosque,
1494 3922 1774 3989 quantum
1796 3923 1957 3990 puto,
1975 3921 2099 3976 fere

432 4006 693 4079 quotidie
724 4006 962 4078 triginta
992 4006 1103 4060 viri
1141 4022 1257 4061 non
1288 4006 1621 4063 defuerunt.
1656 4009 1908 4064 Videres
1944 4010 2098 4079 piam

432 4099 815 4166 sanctamque
856 4095 1290 4150 contentionem
1339 4097 1557 4151 domini
1587 4097 1818 4153 abbatis
1849 4102 1904 4153 et
1959 4098 2096 4153 illo-

431 4200 561 4240 rum
581 4201 595 4255 ;
615 4184 834 4239 domini
864 4184 1096 4239 abbatis
1128 4184 1198 4238 de
1230 4184 1545 4256 charitato;
1581 4186 1835 4255 illorum,
1857 4187 1928 4241 de
1958 4202 2098 4255 par-

431 4274 623 4344 citate,
657 4274 736 4328 ita
774 4275 856 4343 ut,
899 4289 1033 4328 cum
1075 4274 1321 4329 instaret
1350 4274 1555 4329 eadem
1590 4275 1720 4329 vice
1755 4275 2098 4347 Hypapante

2144 2995 2195 3057 Ο
2222 3015 2422 3085 nibus,
2454 3028 2705 3084 quarum
2743 3012 3024 3068 hesterna
3057 3011 3152 3066 die
3185 3010 3447 3082 aliquam
3476 3008 3676 3079 partem
3710 2999 3820 3055 insi-

2221 3103 2438 3169 nuasti;
2463 3102 2679 3172 quibus
2703 3100 3013 3171 occuppati
3029 3099 3316 3155 fortassis
3331 3099 3520 3153 minus
3534 3094 3820 3166 cogitamus,

2224 3195 2286 3246 ut
2332 3192 2405 3246 ad
2437 3191 2587 3246 ollas
2635 3190 3057 3263 Aﬂgyptiorum
3086 3190 3429 3257 redeamus,
3460 3185 3547 3239 vel
3588 3182 3684 3236 tale
3717 3175 3820 3249 quid

2223 3281 2654 3350 desideremus,
2674 3283 2736 3335 ut
2756 3279 2811 3334 si
2838 3279 3116 3350 antiquus
3136 3278 3379 3332 Patrum
3410 3274 3645 3347 populus
3671 3268 3823 3323 taber-

2223 3371 2497 3425 naculum
2515 3369 2760 3424 foederis
2782 3368 3115 3436 fabricavit,
3137 3370 3197 3421 tu
3217 3371 3429 3421 noster
3441 3358 3819 3418 Bezelehelcum

2220 3459 2383 3513 varia
2414 3458 2819 3528 suppellectile
2858 3456 3187 3526 disciplima
3217 3455 3514 3527 regularis
3563 3457 3822 3516 componas

2221 3548 2624 3601 sanctuarium
2643 3547 2890 3611 mentis;
2916 3545 3027 3600 hac
3047 3545 3119 3600 de
3142 3559 3329 3599 causa
3386 3542 3650 3598 hodierno
3690 3531 3820 3602 ﬂagi-

2219 3638 2414 3690 tamus
2445 3635 2671 3705 audire,
2703 3635 2957 3688 maxime
2997 3634 3069 3688 de
3125 3633 3391 3698 novitiis,
3450 3634 3507 3685 et
3545 3619 3820 3699 praeceptis,

2219 3725 2439 3796 quibus
2461 3723 2793 3779 instruendi
2832 3725 2971 3778 sunt
3010 3725 3067 3777 et
3111 3721 3437 3789 imbuendi,
3471 3722 3531 3773 ut
3565 3718 3696 3769 inter
3739 3721 3820 3762 vos

2217 3814 2450 3883 possint
2478 3812 2832 3885 regulariter
2852 3809 3219 3866 conversari.
3256 3810 3431 3864 Nunc
3461 3822 3568 3875 me,
3613 3804 3818 3872 inquam.

2217 3918 2400 3974 rogas
2421 3901 2597 3973 cujus
2619 3917 2918 3972 nunquam
2941 3899 3230 3971 magister
3267 3914 3411 3953 esse
3453 3894 3648 3951 merui.
3692 3889 3820 3943 Nun-

2215 4007 2391 4062 quam
2423 3990 2658 4046 habitus
2683 4006 2816 4045 sum
2849 3989 3033 4061 hujus
3064 3987 3477 4043 aestimationis
3510 3988 3570 4039 ut
3605 3979 3819 4036 sederem

2214 4095 2395 4150 super
2434 4080 2771 4134 cathedram
2802 4080 2985 4151 hujus
3003 4078 3206 4147 scolm,
3237 4079 3299 4131 ut
3330 4077 3630 4147 prcceptor
3666 4078 3820 4123 essem

2212 4170 2587 4224 novitiorum.
2633 4169 2881 4238 Propter
2935 4167 3093 4238 quod
3145 4170 3342 4220 tamen
3392 4180 3506 4218 non
3556 4158 3745 4222 omitto,
3776 4152 3821 4203 ιιὶ

2212 4275 2330 4314 non
2360 4258 2635 4327 incipiam
2671 4257 2895 4313 referre
2924 4257 2977 4311 si
3007 4255 3147 4327 quid
3187 4255 3334 4310 mihi
3368 4251 3605 4323 contigit
3639 4248 3701 4301 de
3736 4242 3819 4294 hoc

429 4362 682 4432 Domini,
728 4362 922 4416 adhuc
967 4362 1098 4431 ipse
1156 4362 1419 4417 viderem
1469 4363 1529 4417 in
1568 4345 2098 4419 cellariovfratrum
2125 4345 2178 4406 D
2213 4363 2433 4419 εθιιθνθ
2456 4362 2659 4403 110559-

428 4467 537 4507 sex
568 4450 846 4505 carradas
866 4465 1224 4520 superesse;
1256 4451 1503 4505 miratus
1542 4455 1716 4507 tantae
1755 4453 2096 4508 sobrietatis

426 4539 784 4610 exemplum,
804 4541 866 4592 ut
881 4539 1134 4608 primum
1154 4539 1276 4592 vidi
1297 4540 1530 4595 Patrem
1548 4542 1909 4611 monasterii,
1932 4543 2097 4613 prior

424 4628 505 4683 ita
535 4626 997 4697 compellabam:
1031 4627 1094 4682 Si
1141 4628 1303 4683 Deus
1367 4629 1593 4683 dederit
1651 4631 1785 4686 istis
1840 4631 1979 4687 filiis
2038 4634 2101 4687 et

427 4716 680 4772 alumnis
713 4715 1041 4771 sanctitatis
1085 4718 1224 4785 tuae,
1276 4716 1509 4772 domine
1547 4718 1741 4789 Pater,
1789 4722 1904 4774 tam
1953 4735 2092 4775 esse

423 4808 824 4877 temperantes
846 4821 878 4859 a
900 4804 1032 4859 cibo
1056 4805 1341 4861 delicioso
1363 4822 1537 4877 quam
1555 4822 1588 4860 a
1609 4807 1766 4878 vino,
1790 4812 1927 4863 tunc
1956 4809 2089 4880 qui-

426 4894 559 4949 dem
581 4895 653 4950 ad
675 4895 911 4950 modum
944 4897 1035 4949 est
1078 4894 1441 4949 verissimile
1477 4900 1558 4966 ut,
1595 4896 1716 4951 Deo
1749 4898 2086 4969 auxiliante,

424 4999 531 5053 per
552 4984 712 5038 illum
736 4983 1066 5039 culinarum
1085 4983 1411 5054 principem
1426 4984 1833 5041 Nabuzardam
1847 4987 2089 5041 domici-

423 5069 567 5124 lium
590 5074 755 5141 pacis
778 5088 895 5127 non
934 5073 1214 5127 amittant.
1237 5074 1326 5127 Ad
1364 5074 1520 5144 quod
1568 5074 1694 5129 ille:
1736 5075 1800 5130 In
1846 5075 2087 5145 Christi,

423 5157 638 5228 inquit,
654 5160 889 5215 nomine
909 5164 1186 5231 quantum
1208 5177 1541 5233 repugnare
1562 5166 1857 5233 potuerint
1888 5168 2092 5219 contra

423 5245 692 5301 eumdem
732 5249 1085 5304 acerrimum
1133 5250 1364 5305 hostem
1407 5252 1667 5322 quotidie
1705 5252 2085 5323 insilientem,

422 5334 682 5406 quotidie
714 5340 1152 5407 provocantem,
1187 5353 1305 5393 non
1337 5340 1609 5394 omittunt
1644 5341 1917 5410 experiri.
1969 5341 2087 5396 Sed

422 5439 557 5478 cum
578 5424 880 5493 Scriptura
898 5424 1078 5480 dicat:
1102 5425 1168 5479 In
1188 5427 1518 5483 desideriis
1540 5434 1631 5483 est
1653 5430 1844 5484 omnis
1865 5431 2087 5485 otiosus

421 5512 759 5567 dilectionis
779 5513 893 5566 tute
916 5513 1252 5569 subsidium
1273 5532 1389 5571 non
1411 5519 1524 5572 erit
1564 5517 1787 5587 inutile,
1812 5519 1865 5571 si
1890 5519 2083 5573 adhuc

418 5600 673 5675 amplius
699 5615 810 5657 nos
849 5602 1238 5675 occupaveris
1268 5604 1388 5662 illis
1422 5606 1727 5681 religiosis
1759 5606 2083 5664 institutio-

2745 4487 2997 4544 CAPUT
3035 4486 3345 4542 PRIMUM

2602 4577 2687 4633 De
2719 4576 3081 4632 diversitate
3104 4576 3484 4631 novitiorum.

2279 4720 2438 4792 Ergo
2457 4719 2649 4790 aliqua
2672 4718 2989 4774 diversitas
3011 4723 3103 4774 est
3124 4718 3468 4773 eorumdem
3487 4711 3817 4771 novitiorum;

2206 4825 2340 4864 nam
2361 4825 2477 4864 non
2496 4808 2690 4863 solum
2711 4809 2937 4879 absque
2960 4808 3164 4863 habitu
3179 4808 3424 4863 veniunt
3438 4810 3498 4861 ut
3522 4801 3644 4859 laici
3665 4801 3713 4853 et
3727 4793 3819 4849 cle-

2206 4898 2332 4969 rici,
2358 4897 2466 4953 sed
2488 4898 2661 4953 etiam
2683 4914 2816 4952 cum
2834 4898 3036 4952 habitu
3057 4899 3114 4952 et
3140 4896 3416 4952 monachi
3445 4894 3568 4965 jam
3605 4885 3748 4951 facti;
3780 4881 3821 4932 θι

2203 4986 2351 5042 tales
2400 4986 2683 5041 trifariam
2727 4989 2868 5042 sunt
2927 4984 3287 5041 differentes.
3320 4983 3565 5049 Quidam
3622 4975 3741 5031 sunt
3766 4969 3819 5022 de

2202 5075 2551 5147 longinquis
2564 5078 2618 5131 et
2633 5076 2840 5130 alienis
2857 5075 3259 5143 monasteriis,
3283 5078 3338 5128 et
3375 5073 3447 5127 ad
3482 5071 3589 5126 hoc
3622 5056 3819 5118 veniunt

2202 5168 2263 5220 ut
2294 5180 2508 5220 rursus
2537 5164 2939 5235 profiteantur,
2963 5166 3020 5219 et
3038 5163 3110 5218 de
3130 5166 3345 5218 caetero
3365 5160 3630 5216 maneant
3646 5148 3815 5209 nobis-

2202 5269 2357 5323 cum;
2380 5254 2618 5324 quidam
2639 5253 2711 5307 de
2725 5252 2893 5308 cellis
2915 5252 3159 5321 nostris,
3186 5255 3243 5306 et
3259 5252 3349 5305 vel
3383 5264 3488 5320 pro
3510 5239 3815 5301 inﬁrmitate,

2198 5342 2293 5396 vel
2326 5342 2439 5397 loci
2469 5342 2897 5414 longinquitate
2913 5338 3519 5410 benedictionemjam
3551 5351 3584 5389 a
3622 5324 3815 5414 domin?

2200 5430 2409 5485 abbate
2432 5409 2809 5500 acceperunt,
2835 5430 3213 5502 professione
3233 5409 3462 5483 interim
3480 5425 3661 5487 dilata,
3684 5420 3732 5471 et
3761 5409 3814 5502 ad

2198 5524 2472 5575 nostrum
2528 5520 2724 5574 locum
2778 5500 2969 5590 usque
3019 5522 3355 5582 reservata;
3415 5515 3644 5587 quidam
3707 5500 3816 5557 sunt

2196 5607 2270 5665 de
2298 5609 2398 5664 tali
2430 5608 2791 5667 monasterio
2842 5604 3069 5679 nostro,
3131 5607 3288 5682 quod
3343 5606 3567 5677 absque
3618 5593 3813 5653 domino
