3956 6176
107 322 189 383 701
615 303 1315 370 CONSUETUDINES
1344 299 1992 366 CLUNIACENCES.
2029 333 2099 344 —
2135 298 2384 362 LIBER
2413 297 2858 362 SECUNDUS

3358 298 3476 363 702

103 529 274 582 abbate
327 521 606 594 proprium
637 519 856 574 habent
886 518 1178 583 abbatem,
1213 517 1333 582 ubi,
1368 513 1480 567 etsi
1511 513 1697 567 bene-
1728 493 1776 552 Α
1811 507 1888 562 sit
1921 507 2067 560 lecta
2101 510 2155 560 et
2185 505 2474 576 exposita,
2500 506 2694 559 statim
2725 507 2932 562 exituri
2968 511 3039 563 ad
3079 512 3471 570 collationem.

102 617 359 671 dictionem
386 611 680 680 accipiant,
705 614 760 662 et
788 607 1229 678 professionem
1263 604 1694 666 faciant,tamen

105 707 339 758 habentur
367 719 394 754 a
423 699 589 754 nobis
612 714 714 767 per
746 698 938 751 omnia
963 696 1020 749 in
1055 696 1166 746 vita
1193 699 1247 748 et
1271 698 1403 764 post
1427 693 1603 745 vitam
1627 707 1694 744 ac

101 799 138 848 si
161 793 288 862 apud
317 806 418 845 nos
449 789 714 855 fuissent,
750 789 806 840 et
828 786 923 839 isti
956 801 1088 838 cum
1117 785 1370 852 primum
1400 780 1688 845 venerint,

101 880 392 936 ﬁducialiter
434 882 487 933 et
527 878 750 946 absque
792 890 958 928 mora
989 874 1226 939 intrant,
1263 877 1318 925 et
1349 869 1697 924 secumdum

95 976 298 1039 tempus,
328 985 434 1040 quo
456 969 513 1021 in
537 965 892 1021 monasterio
907 963 1150 1035 praefato
1170 965 1308 1015 sunt
1339 959 1579 1028 recepti,
1602 959 1696 1013 hic

99 1061 232 1113 etiam
257 1057 443 1112 ordine
473 1072 582 1110 suo
612 1072 725 1110 non
750 1056 1063 1119 carebunt;
1099 1053 1309 1124 reliqui
1343 1067 1547 1106 omnes
1580 1065 1698 1104 non

96 1145 696 1217 permittunturintrare,
718 1146 832 1199 nisi
853 1142 1222 1214 prius,juxta
1243 1141 1490 1195 verbum
1506 1139 1698 1196 sancti

100 1235 361 1303 Benedicti,
393 1236 480 1290 vel
515 1251 687 1289 unam
721 1237 950 1287 noctem
980 1233 1036 1286 in
1070 1232 1326 1302 hospitio
1359 1238 1695 1296 morentur;

97 1325 223 1395 prius
270 1340 491 1395 quoque
538 1340 712 1393 quam
790 1323 1112 1390 intraverit,
1175 1322 1503 1375 instruendi
1563 1325 1698 1374 sunt

97 1413 525 1484 quemadmodum
549 1413 764 1466 faciant
781 1411 1117 1482 petitionem
1141 1428 1308 1464 suam
1333 1428 1344 1475 ;
1367 1412 1620 1481 primum
1640 1415 1700 1464 ut

98 1504 247 1557 sciant
273 1502 490 1556 veniam
531 1506 731 1572 petere
766 1517 928 1555 more
973 1503 1219 1563 nostro;
1257 1503 1316 1553 ut
1346 1500 1622 1569 prostrati
1645 1505 1701 1553 ct

93 1593 374 1662 interrogati
400 1609 431 1644 a
462 1592 699 1645 domino
733 1591 941 1644 abbate
965 1590 1101 1660 quid
1126 1590 1327 1657 velint;
1362 1589 1581 1660 singuli
1606 1589 1701 1642 di-

95 1684 219 1734 cant:
248 1681 351 1734 Dei
375 1679 851 1733 miscricordiam
897 1686 955 1732 et
1001 1682 1280 1749 gratiam,
1329 1684 1702 1749 vestramque

95 1771 378 1822 societatem
397 1769 625 1823 habere
662 1767 806 1832 volo,
843 1771 896 1820 et
919 1771 1232 1837 postquam
1255 1768 1350 1821 ille
1377 1767 1704 1836 responde-

1814 597 1900 653 Ad
1928 597 2200 667 singulas
2233 595 2432 665 horas,
2468 601 2684 665 praater
2741 598 2812 651 ad
2864 604 3206 672 nocturnos,
3251 619 3470 672 pueros

1814 685 2220 756 praecedentes
2272 689 2597 756 sequentur
2645 687 2714 739 ad
2763 688 3097 758 ecclesiam,
3136 694 3190 744 et
3217 695 3371 746 stant
3419 694 3475 747 in
3521 705 3524 708 ί

1817 775 2041 829 minore
2064 775 2266 842 choro,
2294 775 2525 828 nemine
2547 778 2609 829 ut
2649 792 2714 830 se
2739 778 3472 838 intermisceantaudente.

1816 863 2057 928 Quando
2081 867 2406 917 conventus
2431 868 2521 918 est
2544 870 2678 934 post
2707 870 2904 920 matnt.
2929 869 3132 923 laudes
3155 875 3210 924 et
3233 887 3398 941 vesp.
3419 874 3474 926 in

1818 952 2073 1006 ecclesia
2099 953 2162 1008 S.
2223 952 2444 1020 Mariae,
2479 954 2590 1022 ipsi
2626 971 2738 1008 non
2770 954 3006 1027 intrant,
3052 959 3158 1012 sed
3193 965 3477 1016 exeuntes

1820 1042 1965 1096 foris
1998 1045 2358 1110 exspectant,
2394 1045 2449 1096 et
2478 1045 2615 1096 tunc
2656 1047 2898 1114 propius
2941 1049 3290 1103 accedentes
3324 1054 3480 1104 stant

1819 1148 1922 1201 per
1945 1131 2208 1184 ordinem
2227 1130 2402 1183 altius
2422 1131 2681 1186 inclinati
2705 1149 2892 1203 usque
2911 1136 3045 1188 dum
3063 1153 3267 1191 omnes
3289 1141 3480 1192 trans-

1820 1220 2024 1284 ierint;
2060 1220 2314 1289 idipsum
2376 1221 2596 1273 faciunt
2651 1227 2783 1290 post
2814 1225 3086 1294 singulas
3119 1227 3478 1283 refectiones

1821 1309 2029 1362 idoneo
2063 1309 2192 1362 loco
2215 1308 2286 1360 ad
2318 1309 2427 1361 hoc.
2461 1311 2722 1378 proviso,
2752 1312 2846 1364 ubi
2875 1330 3086 1367 rursus
3119 1318 3274 1369 stent
3315 1317 3477 1370 incli-

1818 1399 1934 1451 nati
1954 1398 2246 1452 conventu
2263 1398 2333 1451 de
2357 1395 2668 1452 refectorio
2687 1405 2957 1468 exeunte,
2983 1407 3038 1455 et
3077 1403 3254 1457 simili
3277 1409 3479 1460 contra

1819 1503 1883 1541 se
1914 1487 2287 1540 inclinatione
2336 1489 2697 1541 transeunte.
2733 1488 2974 1551 Quando
3007 1496 3145 1546 sunt
3175 1495 3476 1564 pransuri,

1816 1578 1947 1629 ante
1971 1578 2323 1629 conventum
2347 1581 2560 1630 exeunt
2581 1577 2651 1630 de
2675 1577 2948 1646 ecclesia,
2972 1583 3027 1634 et
3053 1581 3185 1635 lotis
3205 1584 3480 1638 manibus

1817 1665 2093 1719 incedunt
2130 1664 2200 1717 ad
2248 1664 2557 1734 coquinum
2596 1666 3031 1737 regularem,ut
3055 1670 3276 1742 singuli
3307 1672 3478 1727 fabas

1815 1769 1959 1808 suas
1990 1757 2326 1823 apportent;
2349 1753 2419 1806 ad
2453 1755 2728 1822 generale
2752 1771 2986 1827 quoque
3022 1761 3480 1829 apportandum,

97 1860 173 1910 rit:
215 1858 356 1911 Deus
398 1858 497 1911 det
557 1857 724 1910 vobis
757 1859 1104 1910 societatem
1154 1856 1413 1909 ﬁdelium
1442 1873 1701 1925 suorum,
1739 1864 1789 1926 Β
1817 1842 1909 1897 νθῙ
1949 1843 2021 1895 ad
2053 1842 2437 1911 ΡυῙιηεΠίυων
2472 1842 2613 1895 tanti
2644 1849 2896 1914 surgunt
2941 1847 3012 1900 de
3044 1865 3247 1903 mensa
3279 1853 3479 1922 quanti

97 1952 360 2017 surgentes
392 1947 634 1999 veniant
664 1946 735 1999 ad
767 1945 972 2015 pedes.
1009 1945 1070 1999 Si
1101 1947 1236 2015 quis
1267 1951 1378 2013 est,
1412 1950 1474 1998 ut
1495 1946 1706 2015 praefa-

97 2041 168 2088 tus
198 2051 332 2103 sum,
357 2035 426 2090 de
449 2036 647 2105 aliqua
682 2035 826 2087 cella
871 2039 1094 2101 nostra,
1138 2034 1422 2087 fratribus
1454 2035 1512 2087 in
1544 2035 1706 2103 capi-

93 2124 182 2179 tulo
212 2124 547 2178 sedentibus
577 2123 872 2193 invitatur,
897 2126 953 2177 et
972 2123 1148 2192 petita
1170 2121 1620 2192 venia,jubetur
1647 2121 1708 2176 ut

90 2212 282 2267 ultimus
301 2213 499 2267 sedeat
529 2212 683 2266 inter
705 2212 940 2281 fratres,
965 2212 1100 2281 quia
1125 2211 1386 2265 nondum
1412 2211 1549 2264 fecit
1579 2222 1707 2280 pro'

91 2301 383 2357 fessionem.
403 2300 511 2366 Qui
551 2303 622 2356 de
652 2301 842 2356 alieno
875 2301 1258 2368 monasterio,
1291 2300 1563 2355 similiter
1601 2317 1706 2369 pe-

89 2391 163 2443 tita
179 2393 328 2446 venia
350 2392 516 2446 sedet
545 2391 645 2444 ubi
683 2389 932 2461 jubetur
975 2391 1300 2444 secundum
1336 2391 1494 2462 quod
1526 2390 1709 2444 domi-

91 2493 174 2532 nus
200 2480 367 2534 abbas
401 2480 680 2550 voluerit,
707 2479 992 2534 etviderit
1021 2495 1338 2549 personam
1362 2496 1373 2533 :
1395 2479 1502 2533 sed
1534 2479 1606 2532 ab
1641 2495 1710 2534 eo

89 2567 158 2622 die
176 2585 274 2638 quo
295 2570 734 2639 professionem
751 2569 976 2635 fecerit,
1012 2568 1242 2623 sedebit
1271 2570 1399 2638 ipse
1447 2569 1708 2638 ultimus,

90 2656 176 2710 nisi
203 2656 335 2712 forte
364 2658 588 2712 domno
621 2658 828 2720 abbati,
846 2658 1040 2711 visum
1075 2657 1252 2712 fuerit
1281 2662 1338 2712 ut
1371 2672 1714 2727 promovea-

88 2749 188 2810 tur;
215 2749 302 2817 qui
333 2749 383 2803 si
404 2763 524 2802 non
553 2745 801 2816 atl‘uerit,
835 2747 1002 2817 prior
1032 2750 1226 2815 potest
1256 2745 1606 2816 bujusmodi
1627 2763 1714 2801 re-

89 2833 261 2906 cipere,
301 2837 488 2890 solum
530 2835 849 2906 capitulum
878 2851 995 2890 non
1017 2835 1255 2890 habebit
1292 2835 1520 2907 absque
1551 2853 1710 2907 prae-

89 2929 221 2993 cepto
245 2925 457 2980 domini
486 2925 749 2980 abbatis.

139 3011 336 3069 Clerico
365 3023 420 3070 et
448 3015 610 3070 laico
643 3015 744 3086 qui
775 3014 1033 3070 nondum
1065 3014 1143 3068 ita
1200 3017 1338 3069 sunt
1376 3015 1600 3084 experti
1622 3015 1714 3068 vi-

85 3105 176 3156 tam
195 3109 460 3174 nostram,
484 3104 844 3174 diligentius
867 3107 959 3158 est
980 3103 1423 3172 insinuandum,
1461 3108 1522 3158 ut
1544 3103 1719 3158 habe-

1818 1949 1967 2002 opus
2000 1931 2195 2001 fuerit,
2218 1933 2274 1984 et
2305 1930 2402 1984 ille
2425 1930 2678 1985 voluerit
2709 1934 2807 2002 qui
2841 1935 2894 1987 in
2918 1935 3048 1990 loco
3075 1937 3366 1992 eellcrarii
3391 1941 3480 1994 eis

1819 2026 2030 2090 servit;
2064 2042 2194 2078 nam
2245 2031 2302 2080 et
2330 2028 2615 2082 lectiones
2649 2027 2867 2082 habent
2899 2034 2952 2082 et
2981 2027 3229 2098 scillam,
3265 2031 3320 2083 et
3350 2029 3483 2082 aliis

1817 2114 2009 2168 modis
2041 2114 2318 2168 simulant
2369 2115 2634 2169 eamdem
2667 2116 3039 2186 disciplinam
3069 2133 3243 2188 quam
3275 2133 3386 2173 nos
3424 2119 3483 2172 in

1821 2202 2459 2258 refectorioliabemus.
2485 2204 2647 2268 Quod
2677 2205 2726 2258 si
2752 2205 2886 2275 quis
2910 2221 3115 2260 eorum
3137 2207 3208 2261 de
3231 2207 3484 2262 ecclesia

1821 2291 1892 2344 ad
1913 2291 2153 2345 seellam
2177 2308 2342 2346 suam
2365 2293 2533 2346 habet
2556 2296 2901 2363 venire,non
2923 2297 3230 2364 prwsumit
3250 2297 3367 2351 nisi
3390 2297 3485 2350 vel

1820 2396 1936 2434 uno
1959 2381 2122 2434 socio
2154 2384 2477 2450 assumpto.
2512 2381 2637 2452 Ego
2670 2386 2862 2436 autem
2885 2399 2999 2437 non
3035 2385 3144 2438 hoc
3173 2401 3489 2458 arrogave-

1819 2471 1931 2524 rim
1950 2469 2092 2523 mihi
2123 2474 2184 2523 ut
2214 2470 2305 2523 vel
2337 2471 2681 2525 meminisse
2695 2472 2921 2540 possim
2945 2487 3118 2543 quam
3147 2474 3326 2529 multa
3349 2479 3487 2529 sunt

1821 2564 1874 2613 et
1907 2575 2079 2630 quam
2113 2559 2352 2612 diversa
2379 2574 2509 2630 quis
2546 2563 2683 2614 tunc
2715 2564 2854 2615 sunt
2886 2561 3170 2628 docendi;
3204 2566 3259 2617 et
3290 2565 3483 2618 tamen

1821 2663 1953 2718 quae
1975 2650 2230 2718 possunt
2244 2649 2502 2702 breviter
2523 2650 2928 2722 perstringere
2954 2668 3064 2705 non
3092 2653 3480 2723 omitto,quia,

1822 2737 1980 2808 quod
2012 2754 2044 2790 a
2076 2753 2166 2792 me
2217 2736 2511 2808 incipitur,
2574 2738 2830 2794 fortasse
2878 2740 2952 2794 ab
2982 2741 3095 2795 alio
3134 2742 3486 2813 quandoque

1820 2827 2181 2897 perficietur,
2215 2827 2306 2880 vel
2359 2831 2652 2898 utcunque
2683 2829 3014 2901 augebitur.

1895 2915 2047 2970 Sane
2070 2917 2128 2970 in
2182 2915 2391 2986 primis
2421 2919 2476 2970 et
2498 2916 2549 2970 si
2573 2917 2629 2970 id
2666 2933 2909 2987 parvum
2944 2935 3050 2973 nec
3083 2920 3376 2975 mentione
3403 2920 3488 2974 di-

1824 3021 2006 3076 gnum
2059 3005 2294 3059 censeri
2333 3005 2546 3076 possit,
2607 3007 2680 3060 ab
2737 3007 2935 3078 aliquo
2985 3011 3177 3063 tamen
3209 3025 3340 3062 cum
3372 3025 3487 3064 non

1825 3109 2007 3163 parvo
2041 3094 2236 3148 studio
2282 3095 2527 3164 quilibet
2571 3096 2830 3149 novitius
2861 3102 2952 3151 est
2999 3097 3401 3166 instruendus,
3429 3101 3491 3152 ut

87 3195 160 3245 tur
185 3193 233 3246 in
259 3195 480 3264 regula,
523 3208 702 3264 quam
726 3193 872 3246 dura
904 3195 960 3247 et
989 3208 1199 3262 aspera
1229 3193 1576 3248 necessario
1609 3211 1714 3264 pa-
1753 3216 1808 3282 Ο
1827 3181 2180 3253 regulariter
2212 3183 2360 3236 sciat
2388 3185 2560 3253 caput
2581 3183 2883 3253 inclinare,
2910 3184 3139 3240 scilicet
3161 3203 3276 3240 non
3310 3187 3490 3240 dorso

87 3281 260 3336 tiantur
288 3282 338 3337 si
385 3283 460 3336 ad
510 3282 953 3354 subjectionem
1001 3285 1272 3336 nostram
1320 3283 1714 3353 pervenerint,

87 3385 189 3438 quae
215 3371 480 3424 nimirum
499 3370 805 3439 compellit
834 3386 938 3425 eos
979 3371 1198 3424 nullam
1221 3373 1567 3441 potestatem
1591 3387 1722 3442 pro.

87 3459 200 3528 priaa
218 3461 538 3516 voluntatis
597 3459 838 3528 habere,
873 3460 982 3514 sed
1020 3461 1091 3514 ad
1113 3463 1316 3514 nutum
1341 3461 1582 3518 alterius
1614 3479 1722 3532 per

87 3551 246 3603 omnia
273 3551 558 3620 pendere;
594 3548 901 3602 Ducuntur
934 3548 994 3601 in
1024 3549 1360 3618 ecclesiam,
1414 3554 1475 3604 ut
1507 3552 1586 3606 ibi
1619 3567 1720 3606 se-

88 3637 228 3694 deant
256 3655 441 3711 usque
473 3640 623 3694 dum
653 3639 1001 3693 vestiantur.
1036 3640 1128 3693 Ad
1155 3639 1444 3710 majorem
1473 3641 1720 3695 missam

85 3727 216 3783 finita
264 3729 462 3783 litania
519 3728 830 3782 ducendus
887 3730 980 3782 est
1026 3727 1215 3783 laicus
1267 3730 1325 3782 in
1358 3729 1624 3799 chorum,
1667 3734 1723 3785 et

87 3816 206 3871 sella
243 3822 439 3874 contra
473 3819 662 3872 altare
693 3817 890 3888 majus
921 3818 1113 3887 posita
1145 3818 1356 3872 sedere
1387 3818 1631 3888 jussus,
1666 3822 1722 3873 et

85 3906 321 3963 abscissa
342 3924 514 3964 coma
549 3911 886 3976 coronatur,
947 3906 1252 3977 barbaque
1297 3908 1543 3962 detonsa
1575 3908 1722 3962 tiro-

86 3995 211 4051 cinio
238 3997 455 4052 Christi
482 3997 828 4068 insignitur.
871 3995 1012 4050 Inde
1062 4012 1460 4067 consurgens,
1494 3997 1724 4068 magis-

82 4086 207 4140 trum
236 4102 432 4156 suum,
477 4087 576 4141 cui
601 4085 806 4140 novitii
847 4088 986 4138 sunt
1011 4086 1421 4155 commendati,
1456 4087 1726 4156 sequitur

81 4173 476 4230 advestiarium
500 4176 958 4246 praecedentem;
979 4174 1060 4228 ibi
1079 4191 1330 4245 namque
1355 4179 1494 4228 sunt
1515 4191 1722 4230 omnes

81 4263 361 4336 vestiendi,
393 4269 453 4320 et
484 4265 678 4319 vestis
704 4279 908 4319 eorum
941 4267 1162 4318 nostris
1186 4264 1359 4318 debet
1390 4265 1625 4318 omnino
1651 4264 1727 4318 si-

85 4353 212 4406 milis
233 4369 388 4425 esse,
413 4357 815 4424 praeterquam
831 4353 1010 4423 quod,
1031 4353 1289 4424 quandiu
1308 4356 1478 4407 erunt
1499 4353 1725 4424 absque

82 4437 488 4514 benedictione,
525 4442 656 4498 sola
687 4443 917 4497 euculla
947 4441 1249 4496 carebunt.

731 4566 982 4621 CAPUT
1014 4566 1061 4619 ΙΙ

196 4688 487 4753 Quomodo
519 4705 587 4744 se
615 4689 876 4744 habeant
909 4690 972 4742 in
995 4689 1144 4745 cella
1176 4690 1577 4746 Novitiorum.

140 4813 333 4870 Postea
383 4816 684 4886 capellum
738 4816 904 4870 froco
937 4830 1140 4870 eorum
1171 4815 1461 4887 assuitur,
1507 4831 1579 4870 ne
1611 4831 1726 4886 qua

82 4904 344 4959 notabiles
357 4904 848 4959 dissimilitudine
862 4904 1174 4959 nobiscum
1192 4907 1618 4960 conversantes
1642 4905 1725 4958 vi-

82 4987 328 5062 deantur;
356 5010 498 5048 nam
511 4995 743 5066 quando
768 4998 906 5048 sunt
927 4995 1258 5064 pauciores,
1274 5010 1390 5049 non
1409 4994 1726 5064 separatim

81 5077 370 5151 dormiunt,
425 5084 567 5153 quia
602 5099 896 5155 nunquam
930 5083 1172 5139 veniunt
1222 5083 1282 5137 in
1320 5082 1726 5138 dormitorium

83 5175 320 5229 nostrum
343 5175 468 5230 nisi
503 5173 827 5244 benedicti;
875 5175 1066 5227 tamen
1118 5173 1174 5226 in
1223 5173 1558 5241 refectorio,
1585 5175 1642 5227 et
1669 5174 1727 5228 in

82 5257 195 5315 aliis
215 5263 362 5319 locis
390 5263 634 5318 minimc
657 5266 1006 5333 separantur
1026 5279 1058 5316 a
1090 5263 1264 5316 nobis
1280 5280 1293 5327 ;
1319 5263 1476 5333 quod
1503 5261 1558 5316 si
1587 5263 1725 5316 tanti

85 5353 203 5403 sunt
231 5355 291 5405 ut
312 5353 563 5426 dignum
581 5352 865 5420 videatur,
895 5354 1031 5406 tunc
1053 5350 1244 5406 ablato
1268 5351 1490 5420 capello
1522 5366 1627 5421 pro
1662 5367 1728 5406 se

84 5435 362 5496 habebunt
395 5441 607 5497 cellam
627 5457 816 5511 suam,
843 5441 942 5495 ubi
956 5457 1071 5495 non
1086 5440 1279 5494 solum
1296 5441 1607 5510 dormiant,
1624 5441 1730 5494 sed

85 5530 130 5581 et
148 5530 312 5585 etiam
352 5531 686 5600 comedant,
720 5535 775 5586 et
798 5530 1028 5602 jugiter
1044 5533 1316 5584 maneant
1370 5545 1404 5584 a
1439 5531 1736 5585 conventu

87 5622 352 5691 separati;
382 5623 609 5676 tantum
640 5621 802 5691 operi
832 5620 1031 5675 divino
1075 5619 1387 5675 nobiscum
1419 5619 1732 5692 intersunt,

85 5708 131 5762 et
150 5707 204 5766 in
233 5709 558 5783 capitulum
568 5711 810 5768 veniunt
829 5725 1018 5785 usque
1032 5709 1172 5766 dum
1193 5709 1480 5766 sententia
1503 5709 1730 5783 regulae

1760 4571 1816 4636 D

1830 3275 2090 3340 arcuato,
2125 3273 2186 3324 ut
2216 3271 2570 3342 quibusdam
2593 3273 3035 3344 negligentibus
3057 3277 3150 3328 est
3179 3275 3487 3345 familiare,

1829 3360 1936 3416 sed
1968 3361 2041 3414 ita
2065 3363 2126 3414 ut
2143 3359 2384 3416 dorsum
2404 3362 2480 3415 sit
2502 3361 2866 3417 submissius
2888 3379 3062 3434 quam
3084 3364 3286 3434 lumbi,
3320 3371 3376 3419 et
3398 3382 3493 3420 ca-

1829 3452 1933 3522 put
1964 3449 2326 3504 submissius
2349 3467 2522 3522 quam
2553 3452 2816 3519 dorsum,
2853 3469 3026 3523 quam
3056 3452 3493 3509 inclinationem

1833 3560 1946 3600 nos
1977 3560 2082 3615 per
2110 3560 2284 3598 usum
2314 3545 2445 3597 ante
2469 3546 2523 3596 et
2554 3545 2709 3596 retro
2743 3541 3126 3611 appellamus,
3173 3542 3309 3612 quia
3340 3543 3494 3596 inci-

1833 3636 1916 3706 pit
1958 3637 2162 3689 contra
2213 3633 2519 3701 orientem,
2566 3635 2623 3686 et
2679 3631 2804 3686 finit
2857 3637 3059 3686 contra
3091 3632 3491 3697 occidentem;

1835 3740 2010 3796 quam
2040 3724 2210 3778 etiam
2233 3721 2468 3794 agimus
2507 3720 2694 3790 primo
2732 3724 2866 3774 ante
2893 3725 3242 3789 nocturnos,
3275 3725 3330 3775 et
3362 3724 3500 3790 post

1836 3813 2298 3882 completorium,
2351 3811 2578 3864 scilicet
2607 3813 2741 3880 post
2786 3812 2909 3863 tres
2951 3809 3246 3863 orationes
3277 3809 3494 3878 finitas,

1836 3906 1892 3957 et
1921 3903 1990 3956 de
2033 3901 2261 3971 reliquo
2289 3900 2520 3970 quoties
2561 3897 2946 3953 convenimus
2979 3898 3037 3951 in
3086 3898 3363 3966 ecclesia,
3403 3897 3498 3952 vel

1839 3991 1897 4043 in
1954 3991 2226 4059 capitulo,
2287 3988 2378 4042 vel
2425 3988 2482 4040 in
2512 3987 2848 4056 refeciorio,
2883 3987 3118 4058 agimus
3149 4002 3276 4041 eam
3307 3987 3377 4040 ad
3412 3986 3500 4041 in-

1838 4080 2098 4147 troitum,
2132 4078 2224 4131 vel
2272 4077 2344 4130 ad
2375 4077 2614 4145 exitum,
2658 4076 2763 4130 sed
2796 4076 2854 4128 in
2895 4075 3150 4129 ecclesia
3196 4075 3500 4130 Dominica

1837 4166 2004 4238 prius
2035 4168 2310 4225 Oratione
2348 4164 2681 4238 praemissa.
2719 4165 2787 4216 Et
2819 4165 2869 4218 si
2901 4165 3131 4233 quando
3163 4181 3193 4216 a
3224 4164 3492 4233 prandio,

1836 4262 1930 4318 vel
1983 4276 2166 4327 caena,
2221 4257 2312 4312 vel
2363 4253 2851 4313 collationeimns
2884 4255 2943 4306 in
2976 4252 3314 4320 ecclesiam,
3363 4256 3500 4305 tunc

1837 4353 1950 4407 nisi
1981 4366 2114 4406 cum
2145 4349 2292 4402 hora
2322 4343 2708 4417 regularis,si
2733 4359 2846 4413 qua
2870 4341 3383 4396 eodemmomento
3406 4353 3502 4393 se-

1837 4442 2052 4513 quitur,
2080 4437 2254 4493 fuerit
2286 4435 2466 4488 finita.
2497 4433 2639 4486 Item
2671 4431 2743 4486 ad
2775 4430 3056 4498 officium,
3083 4429 3134 4483 si
3158 4429 3215 4482 in
3249 4428 3341 4482 die
3375 4443 3504 4481 ean-

1837 4533 2012 4596 tatur,
2039 4543 2155 4582 non
2177 4524 2530 4578 inclinamus
2553 4520 2671 4576 nisi
2687 4519 2758 4573 ad
2782 4519 2978 4587 ﬁnem,
3001 4519 3300 4589 etquoties
3332 4516 3502 4570 veni-

1839 4635 1973 4674 mus
2006 4617 2076 4671 ad
2109 4614 2422 4670 ecclesiam
2453 4611 2512 4665 S.
2547 4610 2768 4678 Mariae,
2803 4609 2874 4663 de
2913 4624 3026 4680 qua
3058 4610 3194 4678 post
3238 4606 3504 4677 psalmos

1843 4705 2271 4772 anniversales,
2296 4720 2428 4758 cum
2452 4700 2802 4756 revertimur
2827 4700 2886 4753 in
2905 4698 3242 4768 capitulum,
3277 4711 3343 4749 ea
3374 4694 3504 4748 vice

1843 4814 1960 4852 non
1974 4795 2090 4851 nisi
2104 4794 2284 4849 semel
2301 4786 2653 4847 inclinamus
2667 4791 2797 4843 ante
2812 4788 3261 4859 percussionem
3290 4782 3505 4838 tabulaa

1846 4888 1911 4941 In
1949 4886 2128 4940 choro
2189 4898 2422 4953 quoque
2483 4879 2792 4935 stationem
2824 4875 3058 4948 quoties
3098 4877 3391 4928 mutamus
3434 4871 3507 4926 ad

1847 4977 2182 5031 alterutram
2215 4972 2480 5040 missam,
2517 4956 2867 5023 inclinamus
2893 4984 2906 5032 ;
2939 4965 3012 5019 ad
3057 4963 3302 5018 missam
3352 4961 3507 5015 enim

1849 5065 1949 5138 qui
2005 5067 2141 5118 sunt
2198 5061 2470 5116 seniores
2520 5061 2676 5115 stant
2723 5055 2893 5126 primi
2950 5057 3007 5109 et
3059 5050 3312 5123 proximi
3343 5050 3510 5106 altari

1849 5151 2180 5227 principali,
2202 5151 2274 5205 ad
2297 5149 2605 5220 regulares
2628 5148 2807 5200 horas
2825 5142 3136 5199 novissimi
3159 5142 3218 5196 in
3240 5140 3515 5196 extremi-

1849 5248 1965 5300 tate
1997 5242 2182 5311 chori,
2203 5242 2419 5310 praeter
2449 5239 2520 5292 ad
2553 5237 2782 5292 tertiam
2812 5234 2872 5288 in
2901 5231 3210 5287 duodecim
3237 5229 3511 5285 lectioni-

1851 5335 1986 5402 bus,
2042 5332 2100 5386 in
2148 5331 2384 5402 quibus,
2419 5327 2552 5398 quia
2585 5326 2736 5380 solet
2765 5322 3029 5379 eamdem
3049 5321 3255 5375 horam
3282 5318 3512 5373 matuti-

1851 5423 2004 5478 nalis
2042 5421 2228 5474 missa
2258 5417 2600 5488 praecedere
2641 5418 2697 5471 et
2726 5412 2915 5483 major
2937 5411 3133 5466 statim
3158 5407 3507 5477 succedere,

1849 5516 2092 5583 propter
2119 5508 2233 5563 hoc
2257 5511 2392 5577 puto
2433 5504 2590 5577 quod
2620 5503 2794 5558 statio
2827 5516 2942 5555 non
2977 5501 3247 5554 mutatur.
3283 5498 3366 5551 De
3399 5496 3511 5549 hoc

1844 5604 2040 5656 autem
2071 5597 2353 5670 praefatus
2385 5592 2679 5649 scholaris
2710 5590 2931 5648 (‘hristi
2957 5605 3072 5645 non
3101 5588 3302 5644 auditu
3331 5599 3512 5660 quan-

1844 5692 1970 5749 tum
2001 5689 2136 5746 visu
2166 5685 2497 5744 instruitur.
