3956 6176
536 240 656 304 ⁸703

1171 438 1426 494 CAPUT
1453 438 1553 493 III.

820 547 909 602 De
936 545 1199 615 silentio,
1228 550 1285 600 et
1326 546 1388 599 in
1408 545 1620 617 quibus
1650 544 1913 601 officinis

604 654 766 726 Opus
796 668 1031 725 quoque
1063 653 1237 707 habet
1272 656 1335 707 ut
1359 652 1531 724 signa
1561 651 1876 724 diligenter
1909 652 2196 723 addiscat,

533 745 752 815 quibus
804 748 1008 797 tacens
1061 741 1489 813 quodammodo
1528 740 1827 812 loquatur,
1862 742 1999 813 quia
2033 744 2201 812 post-

532 848 709 904 quam
739 832 1031 886 adunatus
1062 831 1238 885 fuerit
1265 830 1338 884 ad
1361 833 1735 899 conventum,
1762 830 1899 884 licet
1927 831 1980 885 ei
2021 830 2199 885 raris-

533 922 683 976 sime
740 920 929 992 loqui;
977 925 1032 975 et
1079 919 1228 975 tales
1259 920 1321 973 in
1356 919 1615 973 claustro
1646 918 1900 974 ofﬁcinae
1948 921 2106 989 sunt,
2138 919 2199 973 in

532 1010 750 1082 quibus
766 1008 1038 1063 traditum
1062 1011 1154 1063 est
1174 1024 1204 1061 a
1226 1007 1503 1062 Patribus
1531 1007 1755 1062 nostris
1784 1010 1842 1062 et
1862 1007 2195 1078 praeﬁxum,

530 1104 593 1154 ut
623 1101 970 1170 perpetuum
1003 1096 1302 1153 silentium
1326 1100 1610 1166 teneatur,
1644 1096 1703 1151 in
1746 1096 2022 1166 ecclesia,
2056 1097 2198 1152 dor-

528 1188 782 1257 mitorio,
808 1186 1145 1257 refectorio,
1179 1189 1234 1241 et
1266 1185 1520 1256 coquina
1551 1185 1829 1256 regulari.
1854 1185 1919 1238 In
1941 1184 2037 1239 his
2068 1184 2197 1240 sin-

528 1277 689 1349 gulis
727 1279 846 1330 tam
876 1276 935 1329 in
952 1275 1046 1330 die
1075 1275 1327 1346 quamin
1355 1276 1527 1329 nocte
1555 1274 1607 1327 si
1630 1274 1723 1329 vel
1754 1289 1933 1328 unum
1950 1272 2198 1329 verbum

526 1380 761 1438 quoque
778 1364 1051 1419 audiente
1073 1363 1350 1435 loquitur,
1380 1378 1498 1417 non
1523 1361 1697 1417 facile
1720 1363 1952 1417 veniam
1971 1361 2197 1433 absque

516 1453 745 1526 judicio
789 1455 1072 1523 meretur,
1106 1455 1163 1507 et
1193 1452 1247 1506 si
1276 1450 1372 1506 vel
1400 1466 1516 1506 una
1544 1450 1881 1521 antiphona,
1932 1451 2027 1506 vel
2072 1466 2201 1505 res-

522 1542 1003 1614 ponsorium,vel
1032 1540 1272 1612 aliquid,
1307 1540 1465 1594 aliud
1492 1538 1607 1595 tale
1642 1540 1871 1611 absque
1901 1540 2053 1595 libro
2094 1554 2198 1594 no-

525 1631 857 1702 minaverit,
899 1634 956 1686 et
1010 1630 1071 1684 in
1114 1631 1263 1684 libro
1297 1629 1473 1683 simul
1503 1644 1636 1684 cum
1668 1629 1990 1684 emissione
2029 1628 2196 1683 verbi

523 1736 642 1776 non
665 1720 897 1789 viderit,
932 1719 1002 1773 de
1025 1718 1139 1773 hoc
1171 1733 1290 1774 non
1311 1717 1469 1772 aliud
1488 1733 1663 1789 quam
1684 1714 1856 1788 plane
1888 1716 2189 1772 silentium

520 1810 803 1863 censetur
832 1805 1163 1878 infregisse

1176 1893 1428 1949 CAPUT
1453 1893 1549 1947 IV.

1014 1982 1103 2039 De
1160 1983 1357 2055 signis
1413 1981 1691 2055 loquendi

589 2091 674 2147 De
705 2090 854 2162 ipsis
875 2092 1069 2146 autem
1091 2089 1287 2162 signis
1309 2091 1371 2144 ut
1391 2088 1587 2160 aliqua
1603 2102 1840 2159 ponam,
1868 2086 2035 2142 verbi
2064 2100 2196 2158 gra.

512 2180 613 2251 tia,
633 2184 690 2236 et
719 2179 971 2251 primum
999 2194 1133 2251 quae
1161 2178 1235 2233 ad
1287 2177 1508 2233 victum
1523 2178 1839 2248 pertinent.
1867 2175 1981 2231 Pro
2012 2175 2189 2248 signo

510 2270 705 2342 panis,
739 2269 833 2325 fac
863 2284 1046 2324 unum
1077 2267 1367 2323 circulum
1409 2282 1543 2322 cum
1574 2271 1825 2338 utroque
1865 2264 2098 2337 pollice,
2128 2266 2186 2319 et

512 2358 608 2413 his
639 2358 873 2414 duobus
913 2356 1136 2429 digitis,
1161 2357 1260 2428 qui
1282 2359 1633 2428 sequunlur,
1666 2371 1773 2426 pro
1806 2370 1876 2411 eo
1918 2354 2076 2428 quod
2128 2357 2184 2408 ct

509 2447 683 2519 panis
715 2447 868 2503 solet
896 2461 1035 2501 esse
1063 2445 1376 2500 rotundus.
1410 2445 1527 2498 Pro
1558 2444 1733 2517 signo
1756 2443 1927 2515 panis
1959 2442 2061 2515 qui
2090 2457 2183 2497 co.

512 2536 711 2606 quitur
741 2537 801 2589 in
832 2550 984 2605 aqua
1010 2537 1067 2589 et
1096 2533 1305 2589 melior
1342 2548 1481 2588 esse
1512 2534 1665 2587 solet
1694 2548 1868 2603 quam
1886 2531 2179 2603 quotidia-

512 2639 648 2690 nus,
705 2623 971 2697 generali
1001 2623 1178 2695 signo
1207 2623 1378 2693 panis
1409 2622 1750 2692 premisso,
1796 2622 1909 2676 hoc
1939 2620 2087 2675 adde
2116 2622 2180 2674 ut

512 2711 791 2767 interiora
824 2726 1034 2766 manus
1065 2726 1248 2781 super
1266 2710 1508 2765 alterius
1537 2725 1747 2765 manus
1770 2710 2061 2765 exteriora
2082 2724 2180 2779 po-

510 2816 640 2867 nas,
675 2803 733 2855 et
778 2801 856 2854 ita
885 2800 1257 2870 superiorem
1285 2815 1522 2854 manum
1553 2798 1724 2869 quasi
1756 2799 2033 2871 ungendo
2080 2799 2175 2853 vel

510 2889 827 2945 imbuendo
859 2888 1268 2943 circumferas.
1306 2889 1422 2943 Pro
1441 2888 1616 2960 signo
1637 2887 1808 2957 panis
1840 2887 2034 2959 sigali,
2073 2887 2177 2958 qui

509 2980 661 3033 turta
681 2978 1007 3051 vulgariter
1025 2977 1364 3049 appellatur.
1384 2977 1594 3033 iterum
1612 2976 1968 3049 generaliter
1998 2976 2173 3048 signo

1536 238 1932 304 UDALRICI
1965 240 2556 308 CLUNIACENSIS
2592 246 2982 312 MONACHI

2199 426 2294 497 il‘

3733 273 3812 335 704

2303 476 2524 532 genere
2555 465 3119 533 pronunciatur.Pro
3141 471 3307 542 signo
3319 474 3547 543 milii,fac
3562 495 3815 549 gyrumcum

2301 549 2505 621 digito,
2538 568 2645 621 pro
2678 568 2749 607 eo
2772 556 2926 624 quod
2955 560 3012 611 et
3044 558 3236 628 ipsum
3258 563 3475 617 millium
3494 566 3560 620 ita
3583 573 3767 627 vertitur
3782 577 3818 628 in

2300 638 2413 692 olla
2445 655 2577 693 cum
2602 642 2954 698 cochlearia.
2983 647 3096 700 Pro
3115 649 3287 719 signo
3302 652 3668 726 crispellarum,
3689 662 3768 727 vel,
3781 669 3819 716 ut

2299 727 2397 781 alii
2428 729 2648 799 dicunt,
2672 732 3077 804 frigdolarum,
3117 752 3248 790 cum
3275 755 3452 811 pugno
3487 745 3650 814 accipe
3673 749 3822 818 crines,

2300 818 2471 887 quasi
2503 820 2708 889 cupias
2739 836 2845 876 eos
2866 821 3064 879 facere
3094 826 3341 896 crispos.
3397 829 3497 884 Pro
3539 833 3677 904 signo
3701 838 3821 903 casei,

2304 908 2611 978 utramque
2633 925 2867 965 manum
2891 912 3022 984 conj
3033 929 3189 986 unge
3211 932 3309 986 per
3328 917 3609 989 obliquum,
3625 924 3826 994 quasiqui

2304 1009 2546 1050 caseum
2585 999 2818 1067 premit.
2841 1000 2965 1056 Pro
2997 1002 3173 1074 signo
3196 1005 3487 1073 ﬁadonum,
3507 1011 3754 1078 premisso
3767 1027 3832 1082 go-

2302 1086 2488 1140 nerali
2517 1086 2689 1157 panis
2728 1092 2785 1143 et
2803 1091 2985 1160 casei,
3029 1091 3101 1146 de
3138 1108 3254 1147 una
3291 1110 3449 1149 manu
3486 1111 3656 1151 omnes
3679 1098 3829 1170 digitos

2300 1173 2555 1244 inﬂecte,
2577 1178 2635 1231 et
2656 1177 2734 1231 ita
2764 1193 3001 1233 manum
3032 1196 3177 1235 cava
3207 1185 3263 1237 et
3314 1183 3372 1237 in
3405 1185 3719 1254 superﬁciem
3740 1188 3833 1240 alte-

2300 1263 2427 1318 rius
2444 1280 2534 1318 ma
2543 1280 2652 1320 nus
2669 1282 2838 1335 pone.
2855 1268 2970 1324 Pro
2989 1270 3166 1341 signo
3182 1270 3531 1341 refeolarum,
3554 1273 3645 1343 vel,
3671 1279 3718 1329 ut
3733 1274 3833 1328 Teu-

2299 1352 2479 1407 tonici
2507 1353 2846 1425 loquuntur,
2881 1360 3206 1428 cratonum,
3246 1362 3520 1430 premisso
3548 1362 3691 1434 signo
3715 1378 3834 1433 gene-

2298 1441 2405 1494 rali
2437 1444 2606 1511 panis
2640 1444 2855 1499 simula
2885 1463 3016 1501 cum
3048 1448 3282 1503 duobus
3311 1450 3497 1521 digitis
3525 1451 3633 1503 illas
3659 1452 3834 1504 minutas

2298 1528 2715 1601 involutiones,
2740 1550 2874 1605 quae
2909 1536 2970 1589 in
3002 1537 3090 1591 eis
3114 1543 3253 1592 sunt
3274 1538 3434 1593 factae
3451 1554 3515 1593 ex
3542 1555 3599 1593 ea
3623 1543 3748 1608 parte
3764 1555 3838 1609 qua

2298 1622 2437 1673 sunt
2458 1620 2821 1691 complicatae
2841 1628 2897 1678 et
2917 1626 3089 1695 quasi
3107 1628 3390 1682 rotundae.
3427 1628 3535 1682 Pro
3560 1628 3702 1698 signo
3725 1628 3836 1680 lactis

2298 1707 2582 1763 minimun
2614 1710 2861 1782 digitum
2890 1712 3066 1768 labiis
3095 1714 3375 1787 impinge,
3405 1732 3501 1786 pro
3543 1731 3602 1771 eo
3645 1715 3763 1786 quod
3792 1716 3841 1768 ita

2226 1800 2281 1864 Β
2296 1796 2458 1868 sugit
2474 1797 2814 1855 infans.Pro
2835 1801 3012 1873 signo
3042 1804 3238 1858 mellis
3261 1804 3544 1876 paulisper
3560 1805 3769 1876 linguam
3782 1804 3839 1856 fac

2295 1900 2603 1957 apparere,
2632 1890 2685 1942 et
2701 1889 2921 1961 digitos
2944 1892 3172 1961 applica
3192 1894 3362 1964 quasi
3376 1894 3609 1949 lambere
3620 1893 3752 1947 velis.
3766 1891 3842 1945 Pro

2295 1975 2470 2046 signo
2500 1992 2809 2047 pomorum
2839 1980 3089 2036 maxime
3110 1982 3222 2052 piri
3246 1984 3339 2037 vel
3357 1982 3741 2052 mali,pollicem
3757 1995 3844 2033 cum

2292 2065 2427 2119 aliis
2451 2066 2655 2137 digitis
2677 2068 2984 2124 conclude.
3005 2070 3121 2125 Pro
3142 2072 3322 2143 signo
3344 2086 3669 2134 cerasorum,
3688 2067 3845 2125 hocad-

2291 2153 2364 2208 de
2395 2157 2457 2208 ut
2477 2155 2726 2227 digitum
2749 2158 2963 2213 subtus
2982 2159 3216 2214 oculum
3233 2177 3437 2231 ponas.
3460 2162 3564 2215 Pro
3585 2160 3726 2230 signo
3739 2156 3847 2227 porri

2289 2243 2477 2314 crudi,
2510 2244 2785 2313 pollicem
2815 2250 2871 2301 et
2901 2247 3149 2320 digitum
3164 2250 3218 2304 ei
3240 2250 3559 2321 proximum
3586 2247 3847 2317 conjunctos

2288 2333 2557 2387 extende.
2625 2334 2741 2389 Pro
2776 2335 2950 2408 signo
2981 2336 3057 2391 ali
3086 2339 3180 2393 vel
3206 2340 3375 2406 rat‘ae,
3409 2338 3634 2394 extende
3659 2335 3840 2406 digitum

2287 2424 2487 2476 contra
2508 2422 2757 2477 buccam
2778 2424 3078 2493 paululum
3111 2427 3685 2498 apertam,propterid
3712 2438 3849 2495 genus

2288 2510 2492 2565 odoris
2513 2510 2669 2582 quod
2687 2512 2939 2567 sentitur
2959 2528 3034 2568 ex
3054 2514 3322 2571 illis.Pro
3344 2516 3514 2586 signo
3542 2531 3687 2586 aquae
3699 2526 3843 2567 omnes

2286 2599 2505 2672 digitos
2524 2601 2842 2673 conjunge,
2865 2607 2921 2657 et
2951 2618 3058 2673 per
3086 2603 3391 2675 obliquum
3417 2621 3591 2659 move.
3621 2605 3715 2657 Pro
3733 2601 3852 2671 signo

2285 2689 2428 2759 vini,
2461 2689 2709 2761 digitum
2730 2690 2968 2746 infecte.
2994 2696 3050 2747 et
3078 2693 3157 2747 ita
3188 2694 3369 2749 labiis
3402 2693 3660 2765 adjunge.
3684 2692 3775 2745 Pro
3796 2688 3854 2740 si-

2282 2794 2402 2849 gno
2434 2779 2691 2848 potionis
2731 2781 3127 2852 pigmentatae,
3172 2784 3462 2838 conclude
3491 2796 3713 2848 manum,
3738 2777 3849 2831 etita

2278 2867 2492 2922 simula
2521 2868 2854 2923 molentem.
2887 2870 3002 2925 Pro
3023 2870 3196 2942 signo
3218 2872 3476 2941 potionis
3504 2887 3626 2942 quae
3644 2873 3719 2923 est
3737 2864 3857 2920 melle

2278 2958 2335 3009 et
2378 2957 2695 3028 absynthio
2747 2961 3088 3030 temperata,
3148 2960 3305 3017 duos
3346 2962 3560 3033 digitos
3587 2958 3791 3013 indicem
3822 2954 3858 3005 et

506 3042 841 3139 praemisso,
875 3066 988 3123 hoc
1011 3042 1159 3122 adde
1189 3071 1250 3121 ut
1282 3082 1520 3122 crucem
1549 3042 1659 3137 per
1675 3066 1931 3121 medium
1961 3042 2170 3137 palmae
2276 3047 2534 3139 τιξθάίοῐὲ
2563 3063 2595 3139 εξ
2628 3047 2865 3103 “meris
2884 3048 3186 3121 disiunge,
3212 3054 3271 3105 et
3300 3051 3468 3122 ipsos
3486 3044 3776 3139 quoque,“
3804 3042 3858 3138 Ψ

505 3134 692 3211 facias
720 3134 835 3226 pro
869 3172 938 3212 eo
970 3157 1127 3229 quod
1163 3156 1219 3210 id
1249 3171 1442 3228 genus
1471 3134 1643 3226 panis
1692 3154 1873 3208 dividi
1895 3134 2046 3209 solet
2064 3169 2173 3225 per
2210 3134 2466 3229 GYififm
2480 3134 2914 3229 ἀίεᾶξωβίοείίέ
2945 3154 3136 3229 ῐηοῨθν
3162 3141 3304 3209 (lum
3322 3136 3748 3229 absl'mhium_in
3774 3134 3861 3229 δίῖίε

503 3223 814 3315 quadrum.
862 3223 1007 3300 Pro“
1038 3246 1212 3318 signo
1246 3223 1498 3314 t'ortulae,
1517 3260 1650 3315 quae
1691 3247 1908 3313 printer
1936 3223 2170 3298 solitam
2277 3223 2437 3318 ἶῼιίίξ
2462 3230 2561 3318 est
2580 3226 2857 3318 divisum.
2878 3228 2997 3318 PFO
3016 3228 3191 3318 signo
3232 3230 3484 3299 είηεΡίεν
3509 3224 3727 3281 arﬁculo
3750 3224 3862 3318 “Pw”

501 3332 713 3388 libram
733 3334 908 3389 datur
937 3334 997 3388 in
1028 3335 1289 3405 quinque
1310 3333 1739 3405 principalibus
1780 3332 1971 3398 festis,
2016 3333 2170 3387 duos

503 3419 725 3493 digitos
777 3423 877 3493 qui
927 3422 1201 3492 pollicem
1242 3425 1567 3493 sequentur
1593 3421 1896 3492 paululum
1938 3421 2167 3477 divisos

501 3524 654 3578 pone
676 3510 914 3581 oblique
930 3527 1112 3580 super
1131 3510 1349 3565 alteros
1369 3511 1520 3565 duos
1538 3511 1756 3582 digitos
1779 3525 1983 3565 eorum
2006 3510 2166 3564 simi-

500 3594 591 3651 les
622 3597 694 3651 de
725 3597 907 3653 altera
929 3614 1104 3653 manu
1116 3598 1388 3653 similiter
1410 3599 1661 3654 divisos.
1689 3600 1800 3653 Pro
1817 3598 1989 3670 signo
2013 3599 2170 3653 faba-

499 3699 649 3757 rum,
679 3687 867 3757 primo
900 3686 1131 3756 pollicis
1175 3686 1425 3743 articulo
1459 3688 1764 3760 sequentis
1796 3688 1964 3759 digiti
1996 3704 2164 3743 sum-

498 3774 760 3829 mitatem
791 3791 1078 3846 suppone,
1103 3779 1159 3831 et
1188 3777 1268 3830 ita
1296 3776 1389 3831 fac
1432 3778 1628 3848 ipsum
1665 3777 1940 3848 pollicem
1967 3777 2165 3831 immi-

496 3877 658 3918 nere.
696 3864 808 3919 Pro
828 3865 1004 3936 signo
1038 3882 1306 3937 ovorum,
1329 3883 1461 3921 cum
1484 3866 1666 3938 digito
1688 3867 1747 3920 in
1768 3866 1949 3921 altero
1976 3866 2162 3939 digito

496 3952 711 4031 simula
743 3956 950 4008 testam
981 3955 1081 4009 diu
1110 3956 1500 4010 vellicantem.
1536 3956 1649 4011 Pro
1672 3956 1849 4029 signo
1878 3955 2163 4027 pulmenti

497 4041 763 4096 oleribus
795 4044 1068 4114 confecti,
1090 4045 1255 4098 trahe
1288 4045 1536 4116 digitum
1568 4061 1749 4115 super
1777 4046 1954 4100 alium
1985 4046 2158 4116 quasi

492 4131 595 4201 qui
626 4133 964 4203 coquendas
983 4134 1253 4188 inciderit
1284 4133 1524 4189 herbas.
1558 4134 1671 4188 Pro
1695 4135 1869 4205 signo
1893 4135 2158 4205 generali

487 4220 762 4292 piscium,
784 4237 917 4277 cum
932 4238 1104 4277 manu
1122 4223 1334 4278 simula
1347 4223 1550 4278 caudae
1563 4224 1749 4295 piscis
1763 4224 1821 4278 in
1839 4240 1989 4296 aqua
2007 4239 2159 4278 com-

488 4309 825 4366 motionem.
852 4312 964 4367 Pro
988 4313 1163 4383 signo
1189 4314 1487 4384 sepiarum
1502 4314 1721 4386 digitos
1739 4329 1944 4369 omnes
1959 4314 2154 4368 divide

488 4398 561 4452 ab
591 4398 863 4470 invicem,
897 4403 954 4455 et
982 4401 1058 4456 ita
1090 4418 1416 4475 commove,
1449 4404 1587 4474 quia
1623 4408 1679 4458 et
1696 4404 1878 4474 sepiae
1900 4404 1980 4459 ita
1999 4406 2153 4460 mul-

2276 3312 2418 3368 riori
2486 3314 2712 3370 minimi
2767 3316 2937 3388 digiti
2980 3317 3254 3387 pollicem
3285 3335 3574 3390 suppono.
3606 3318 3707 3370 Pro
3740 3314 3864 3381 signo

2274 3405 2443 3473 aceti,
2471 3404 2619 3460 frica
2641 3421 2774 3460 cum
2809 3407 2995 3478 digito
3039 3411 3261 3479 guttur,
3287 3410 3431 3480 quia
3450 3409 3509 3462 in
3540 3408 3744 3478 gutture
3760 3398 3865 3453 acri-

2274 3494 2470 3548 monia
2494 3495 2763 3550 sentitur.
2797 3496 2912 3550 Pro
2969 3495 3144 3568 signo
3174 3498 3470 3564 scutellae,
3504 3509 3714 3551 manum
3739 3490 3866 3544 latius

2276 3582 2545 3638 extende.
2578 3584 2694 3639 Pro
2726 3584 2902 3656 signo
2932 3586 3142 3656 scyphi
3189 3586 3291 3657 qui
3346 3588 3501 3656 capit
3546 3580 3866 3655 quotidianam

2275 3672 2398 3726 vini
2456 3687 2815 3742 mensuram,
2860 3674 3073 3728 inclina
3102 3691 3346 3731 manum
3410 3676 3695 3739 deorsum,
3745 3666 3867 3723 etita

2277 3777 2481 3817 cavam
2512 3764 2668 3832 tene,
2687 3762 2891 3834 digitis
2913 3762 3343 3835 aliquantulum
3361 3764 3611 3819 inﬂexis.
3636 3763 3730 3815 Pro
3741 3757 3867 3825 signo

2273 3852 2486 3922 phialae
2533 3852 2719 3906 vitrea
2748 3852 3041 3923 premisso
3102 3854 3278 3924 signo
3333 3854 3451 3909 hoc
3481 3852 3643 3921 adde,
3688 3850 3741 3903 ut
3763 3845 3871 3898 duos

2274 3940 2493 4013 digitos
2512 3942 2669 3995 circa
2683 3941 2916 3995 oculum
2930 3956 3139 4011 ponas,
3160 3946 3223 3996 ut
3236 3943 3559 4012 splendore
3576 3938 3713 3995 oculi
3726 3933 3871 4003 splen.

2273 4031 2384 4085 dor
2425 4031 2562 4084 vitri
2606 4029 2996 4101 significetur.
3054 4030 3171 4085 Pro
3220 4031 3403 4102 signo
3436 4030 3713 4095 staminea,
3740 4019 3876 4078 mani-

2272 4135 2398 4174 cam
2432 4119 2566 4192 ejus
2606 4123 2737 4174 tene
2786 4135 2919 4173 cum
2949 4119 3142 4174 tribus
3175 4120 3408 4191 digitis,
3445 4120 3675 4174 minimo
3695 4118 3743 4169 et
3765 4113 3874 4165 duo-

2264 4209 2379 4265 bus
2407 4209 2814 4281 sequentibus.
2848 4209 2963 4263 Pro
3006 4209 3181 4279 signo
3212 4209 3610 4279 fcmoralium,
3640 4207 3739 4261 hoc
3770 4197 3875 4255 adde

2262 4302 2325 4354 ut
2351 4313 2585 4353 manum
2624 4298 2684 4352 in
2704 4296 2927 4352 femore
2957 4298 3028 4352 de
3059 4298 3344 4354 deorsum
3378 4299 3583 4354 trahas
3627 4292 3776 4367 quasi
3805 4285 3877 4357 qui

2262 4402 2328 4442 se
2367 4386 2752 4442 fcmoralibus
2786 4386 2985 4440 vestit.
3018 4386 3137 4441 Pro
3182 4387 3364 4459 signo
3399 4386 3611 4455 frocci,
3644 4380 3878 4438 manicam

485 4486 717 4556 tiplices
740 4467 879 4542 esse
906 4491 1197 4546 videntur.
1222 4492 1336 4546 Pro
1355 4467 1532 4564 signo
1562 4467 1842 4564 anguilla;
1860 4494 2147 4551 conclude
2190 4475 2393 4572 Delus
2450 4480 2609 4572 ιθΠῖ
2632 4476 2839 4572 θοάξθπι
2871 4476 3486 4572 m0d0y_flll0_m8nica
3537 4474 3783 4530 Stamina?
3813 4467 3879 4572 ξ⁵¹

485 4579 794 4647 utramque
824 4593 1080 4649 manum,
1114 4581 1287 4650 quasi
1344 4582 1446 4651 qui
1502 4581 1579 4635 ita
1638 4584 1795 4637 tenet
1845 4586 1901 4637 et
1934 4584 2149 4653 premit

489 4664 833 4737 anguillam.
894 4667 1007 4722 Pro
1070 4668 1246 4740 signo
1279 4670 1616 4741 lampredm,
1657 4671 1715 4724 in
1749 4672 1984 4726 maxilla
2014 4689 2147 4727 cum

481 4754 666 4826 digito
688 4754 902 4810 simula
913 4763 1164 4827 punctos
1182 4774 1332 4830 quos
1350 4758 1648 4830 lampreda
1667 4760 1880 4815 subtus
1904 4761 2145 4817 occulos

480 4841 677 4899 habet.
740 4846 852 4900 Pro
911 4847 1086 4918 signo
1116 4847 1401 4902 salmonis
1432 4848 1524 4903 vel
1563 4849 1936 4920 struthionis;
1971 4850 2145 4923 signo

478 4931 733 5001 piscium
757 4935 870 4991 hoc
905 4936 1053 4990 adde
1084 4939 1147 4991 ut
1168 4953 1429 5010 pugnum
1473 4943 1670 4993 erecto
1689 4939 1900 5010 pollice
1928 4955 2144 5010 suppo-

474 5034 584 5073 nas
624 5026 838 5094 mento,
863 5041 980 5096 quo
999 5026 1280 5097 superbia
1310 5026 1700 5098 signiﬁcatur,
1726 5029 1866 5099 quia
1898 5028 2142 5099 superbi

477 5109 728 5166 maxime
751 5116 807 5167 et
836 5114 1050 5170 divites
1080 5115 1228 5171 tales
1275 5116 1477 5187 pisces
1524 5117 1715 5171 solent
1748 5118 1987 5171 habere.
2022 5118 2138 5172 Pro

477 5194 651 5267 signo
687 5200 844 5271 lucii,
876 5202 1089 5259 iterum
1110 5205 1375 5277 generali
1406 5206 1658 5277 piscium
1686 5206 2004 5275 praemisso
2029 5205 2140 5259 hoc

474 5283 623 5339 adde
654 5290 716 5342 ut
744 5305 878 5344 cum
925 5308 1101 5349 manu
1133 5295 1371 5367 signum
1409 5295 1595 5349 facias
1628 5295 1966 5363 celeritatis,
1997 5295 2139 5366 quia

471 5373 667 5429 lucius
698 5377 951 5434 celerius
996 5398 1172 5453 quam
1210 5385 1363 5438 alius
1395 5384 1581 5453 piscis
1602 5388 1777 5438 natat.
1812 5385 1927 5438 Pro
1959 5384 2136 5454 signo

469 5466 685 5539 truitaa,
708 5466 821 5523 hoc
850 5468 998 5524 adde
1020 5475 1082 5524 ut
1102 5473 1347 5545 dignum
1364 5474 1435 5527 de
1457 5473 1775 5544 supercilio
1807 5472 1879 5525 ad
1922 5489 2137 5544 super-

471 5555 673 5613 cilium
726 5558 950 5629 trahas,
1006 5564 1247 5630 propter
1289 5562 1577 5635 ligaturas
1611 5576 1743 5634 quae
1773 5560 1888 5617 hoc
1915 5561 1977 5615 in
2005 5562 2136 5617 loco

470 5646 766 5709 habentur
794 5663 828 5706 a
859 5647 1120 5724 feminis,
1153 5652 1212 5708 et
1255 5651 1395 5726 quia
1423 5651 1600 5709 truita
1630 5664 1867 5725 semper
1888 5648 2140 5710 femineo

2258 4566 2531 4621 tenenda.
2566 4564 2678 4620 Pro
2711 4564 2887 4637 signo
2920 4564 3189 4634 cucullis,
3224 4564 3339 4620 hoc
3372 4566 3548 4620 adde.
3576 4567 3636 4617 ut
3663 4574 3780 4616 cum
3802 4554 3877 4609 du-

2255 4655 2406 4709 obus
2425 4654 2628 4726 digitis
2658 4656 2814 4709 retro
2845 4656 3059 4725 tangas
3101 4653 3419 4723 capellum.
3458 4655 3579 4708 Pro
3613 4652 3773 4722 signo
3794 4660 3883 4698 ma.

2257 4742 2542 4813 nicarum,
2576 4747 2709 4797 tene
2741 4742 3029 4797 manicam
3050 4742 3259 4812 frocci,
3300 4746 3360 4797 et
3378 4743 3625 4815 signum
3649 4735 3786 4811 quod
3804 4745 3878 4804 pro

2258 4832 2645 4888 fcmoralibus
2674 4831 2843 4886 addc.

2323 4921 2505 4975 Plura
2550 4922 2688 4975 sunt
2719 4937 2851 4992 quae
2879 4920 3071 4974 adduc
3112 4919 3312 4975 dicere
3341 4936 3621 4991 possem,
3654 4916 3752 4973 sed
3781 4923 3880 4965 cum

2253 5010 2428 5065 modo
2456 5010 2825 5064 meminerim
2865 5009 3083 5079 quibus
3106 5026 3239 5065 sum
3262 5010 3533 5079 locutus,
3570 5008 3734 5063 video
3765 4996 3884 5075 quod

2251 5115 2363 5155 nec
2394 5115 2546 5169 opus
2574 5098 2749 5153 fuerit
2771 5100 3008 5153 tamtum
3026 5098 3252 5153 dixisse
3282 5100 3354 5153 dc
3369 5097 3722 5170 hujusmodi
3743 5090 3881 5158 76,91!

2249 5191 2311 5244 ut
2332 5189 2410 5243 ait
2436 5189 2554 5259 ille,
2593 5189 2652 5243 in
2684 5189 2896 5243 silvam
2926 5189 3088 5259 ligna
3121 5189 3459 5243 contulisse
3483 5186 3665 5261 [Hom
3686 5183 3835 5240 ISat.
3860 5191 3885 5226 ῖς

2244 5276 2367 5347 34);
2396 5278 2552 5332 unde
2574 5280 2637 5332 ut
2658 5278 2730 5332 de
2761 5278 2855 5332 his
2892 5278 3124 5332 tandem
3158 5280 3423 5343 taceam;
3452 5293 3614 5349 quae,
3648 5274 3883 5345 quantum

2245 5369 2405 5436 puto,
2426 5366 2637 5421 melius
2659 5367 2851 5421 nostis
2870 5383 3045 5439 quam
3082 5382 3215 5439 ego,
3241 5366 3340 5420 vid
3356 5367 3592 5421 endum
3614 5369 3704 5421 est
3734 5362 3795 5416 de
3816 5370 3888 5410 sc-

2245 5456 2493 5524 cuturis,
2526 5458 2589 5510 ut
2618 5470 2686 5509 ea
2717 5454 2926 5526 loquar
2964 5471 3097 5526 quae
3129 5470 3262 5509 cum
3301 5469 3416 5508 nec
3453 5456 3591 5508 visa
3623 5454 3776 5523 prius
3806 5458 3889 5500 nec

2242 5543 2437 5599 audita
2486 5544 2642 5598 scire
2692 5541 2960 5614 valeatis,
2988 5546 3127 5598 tunc
3157 5558 3266 5614 pro
3316 5542 3453 5597 sola
3487 5543 3747 5597 novitate
3779 5534 3890 5608 plus

2241 5632 2667 5709 aliquantulum
2696 5632 2936 5691 veniant
2958 5632 3033 5690 ad
3055 5633 3327 5708 gratiam.
3352 5631 3433 5687 Et
3464 5633 3609 5706 quia
3629 5641 3812 5687 sermo
3824 5623 3898 5681 est
