3956 6176
103 343 201 407 705
654 334 1351 403 CONSUETUDINES
1385 330 2019 397 CLUNIACENSES
2048 364 2122 379 -
2159 329 2409 395 LIBER
2439 330 2907 396 SECUNDUS.

3354 331 3471 397 706

102 546 162 600 de
180 542 546 598 instituendis
578 539 834 607 novitiis,
886 539 1167 608 quantum
1212 535 1341 590 fleri
1370 535 1583 603 potest,
1625 512 1814 602 perA
1847 536 1907 592 Si
1929 538 2194 609 psalmos
2211 538 2459 605 noverit,
2486 542 2542 594 et
2563 533 2615 594 si
2651 536 2709 589 in
2747 540 2940 612 aliquo
2983 554 3168 596 versu
3191 543 3500 613 erraverit,

104 634 339 687 ordinem
362 632 592 685 dicatur
624 630 693 683 dc
713 645 781 683 ea
803 627 1113 697 disciplina
1137 640 1251 696 qua
1275 623 1504 696 jugiter
1526 622 1623 675 ille
1646 625 1734 676 te-

102 725 248 776 netur
267 721 360 792 qui
385 720 695 774 nobiscum
716 716 968 771 voluerit
986 712 1349 769 conversari.

725 821 977 878 CAPUT
1012 821 1081 874 V.

281 914 569 980 Quomodo
589 929 654 968 se
688 914 882 968 I‘rater
901 910 1063 965 levet
1084 909 1160 964 ad
1190 912 1528 962 nocturnos.

155 1024 331 1076 Primo
353 1021 535 1093 igitur
552 1021 621 1074 ad
644 1023 990 1086 nocturnos,
1017 1016 1213 1071 audito
1245 1015 1440 1086 signo,
1481 1011 1637 1065 illico
1666 1026 1734 1065 se

103 1113 266 1165 levare
284 1110 539 1178 festinat,
561 1112 615 1162 et
635 1109 981 1179 priusquam
1004 1103 1435 1175 coopertorium
1474 1100 1733 1172 dejiciat,

102 1200 256 1252 induit
272 1215 333 1253 se
357 1198 613 1266 cuculla,
637 1212 927 1267 cruraque
943 1194 1089 1266 tegit
1112 1209 1243 1247 cum
1267 1192 1385 1260 illa,
1416 1194 1735 1260 antequam

98 1288 240 1355 levet,
260 1292 384 1341 ante
400 1287 660 1355 lectum;
696 1287 1007 1356 ipsumque
1030 1284 1245 1339 lectum
1276 1296 1393 1335 non
1419 1279 1498 1333 ita
1542 1276 1735 1349 negli-

100 1382 273 1447 genter
304 1377 554 1446 dimittit,
606 1375 714 1430 sed
762 1374 1009 1429 honeste
1078 1369 1512 1442 coepertorium
1553 1367 1735 1422 desu-

101 1481 185 1534 per
210 1465 590 1532 extendendo,
624 1463 939 1533 componit.
976 1461 1367 1516 Necessarias
1390 1474 1506 1513 non
1536 1457 1732 1525 intrat,

104 1554 195 1607 nisi
212 1555 384 1624 capite
403 1554 636 1623 capelle
659 1556 957 1622 cooperto.
984 1551 1132 1605 Ante
1156 1564 1376 1621 pueros
1395 1547 1545 1601 solet
1574 1545 1736 1599 veni-

100 1658 149 1695 re
173 1642 221 1695 in
246 1640 578 1710 ecclesiam,
614 1646 671 1697 et
701 1642 996 1697 sollicitus
1026 1642 1119 1694 est
1148 1638 1267 1692 illis
1298 1637 1489 1693 tribus
1523 1635 1735 1691 oratio-

99 1731 240 1785 nibus
266 1732 578 1799 interesse,
613 1748 746 1802 quze
783 1732 956 1802 signo
989 1729 1150 1783 finito
1174 1728 1336 1782 fiunt.

705 1837 958 1891 CAPUT
989 1836 1083 1889 VI.

263 1928 346 1983 De
375 1927 737 1982 excessibus
762 1942 874 1997 pro
891 1925 1101 1998 quibus
1122 1924 1351 1979 veniam
1372 1922 1544 1994 petit.

157 2034 283 2088 Nam
304 2035 490 2088 sinon
521 2032 879 2102 interfuerit,
904 2034 962 2086 in
995 2032 1248 2101 capitulo
1280 2029 1511 2084 veniam
1561 2028 1735 2097 petet,

105 2125 227 2177 sicut
270 2124 435 2177 etiam
483 2139 600 2194 pro
660 2138 749 2191 eo,
809 2122 863 2177 si
918 2137 1092 2193 quam
1140 2120 1476 2192 regularem
1532 2117 1739 2171 horam

108 2212 370 2281 dimiserit,
401 2213 461 2265 ni
492 2212 653 2267 forte
683 2212 759 2267 sit
781 2211 1087 2279 sacerdos,
1125 2212 1189 2263 ut
1228 2208 1461 2262 interim
1490 2205 1739 2266 missam

112 2303 285 2366 cantet;
308 2301 396 2355 vel
418 2300 469 2355 si
508 2301 808 2356 dimiserit
842 2299 1234 2368 collationem,
1285 2298 1377 2352 vel
1418 2294 1736 2365 capitulum

113 2390 468 2459 sinelicentia,
504 2390 609 2444 vel
637 2389 975 2462 generalem
999 2388 1413 2443 refectionem:
1457 2398 1735 2455 procum-

117 2478 235 2532 bens
250 2478 315 2533 ad
336 2480 688 2548 orationem,
714 2494 899 2549 super
915 2477 1147 2533 cubitos
1170 2480 1226 2531 et
1248 2490 1442 2547 genua
1473 2474 1736 2528 froccum

107 2571 382 2622 retrorsum
406 2568 671 2631 attrahit,
706 2583 778 2622 ne
811 2569 887 2622 ita
916 2567 1165 2637 pendeat
1205 2580 1387 2634 super
1431 2563 1616 2634 pedes
1662 2560 1736 2615 ad

106 2656 473 2721 terram.Quod
496 2658 559 2711 si
581 2656 954 2728 aliquomodo
980 2654 1293 2727 contigerit
1314 2657 1375 2708 ut
1397 2668 1513 2707 non
1531 2667 1736 2706 occur-

111 2749 177 2797 rat
202 2749 316 2799 ante
342 2745 554 2801 Gloria
595 2746 808 2816 psalmi
859 2744 1230 2817 nonagesimi
1283 2741 1476 2814 quarti
1527 2739 1621 2794 vel
1664 2738 1738 2793 ad

112 2834 381 2902 quamlibet
409 2835 624 2889 horam
655 2839 786 2888 ante
810 2833 1012 2888 Gloria
1035 2832 1205 2903 primi
1233 2832 1465 2901 psalmi,
1506 2830 1735 2883 intrans

115 2921 317 2976 chorum
347 2928 399 2978 et
454 2923 713 2978 veniens
770 2923 842 2976 ad
900 2922 1147 2994 gradum
1204 2921 1427 2989 altaris,
1488 2919 1737 2974 honeste

115 3012 407 3083 tractimque
438 3013 590 3083 petit
620 3012 851 3066 veniam
908 3026 1090 3082 super
1143 3025 1356 3065 manus
1416 3011 1473 3063 et
1517 3022 1731 3080 genua,

114 3100 476 3172 paululumque
514 3101 815 3172 protendit
845 3100 1241 3155 summitatem
1263 3099 1449 3153 frocci
1473 3100 1533 3152 ut
1554 3112 1736 3167 super

116 3200 211 3240 eam
236 3191 412 3244 teneat
441 3206 692 3255 manus;
727 3193 783 3245 et
818 3205 1079 3262 surgens
1108 3191 1312 3244 contra
1346 3188 1529 3242 altare
1561 3185 1737 3240 altius

112 3276 330 3347 inclinat;
361 3279 492 3333 inde
528 3294 655 3333 non
686 3295 752 3334 se
783 3279 1042 3334 movebit
1072 3293 1264 3350 usque
1295 3277 1432 3332 dum
1464 3277 1611 3331 hora
1657 3274 1736 3329 sit

113 3363 257 3430 ﬁnita;
306 3368 433 3422 aliis
492 3368 946 3438 inclinantibus,
1000 3371 1130 3439 ipse
1207 3384 1325 3423 non
1394 3365 1513 3421 nisi
1587 3378 1734 3419 con-

112 3455 175 3505 tra
199 3455 355 3511 altare
392 3458 662 3512 inclinat.
691 3457 807 3513 Sed
838 3459 889 3512 si
921 3459 1116 3512 visum
1154 3457 1328 3511 fuerit
1354 3457 1567 3510 domno
1625 3454 1734 3507 ab-

115 3543 221 3606 bati,
248 3545 472 3601 fratrem
501 3546 764 3616 aliquem
797 3547 867 3600 ad
902 3562 1033 3601 eum
1056 3546 1259 3618 dirigit
1280 3549 1340 3600 ut
1363 3545 1618 3608 recedat;
1640 3550 1735 3604 cui

117 3647 216 3686 cum
242 3650 399 3689 manu
424 3635 696 3690 innuenti
728 3635 1027 3705 paululum
1061 3634 1317 3703 inclinat,
1347 3636 1404 3688 et
1429 3633 1581 3687 facto
1603 3635 1736 3686 ante

111 3725 152 3773 et
176 3727 304 3777 retro
321 3724 631 3778 receditad
663 3725 973 3778 stationem
996 3739 1185 3792 suam;
1228 3723 1330 3777 ubi
1372 3738 1585 3777 rursus
1628 3736 1734 3791 pe-

112 3811 212 3863 tens
237 3813 447 3867 veniam
478 3816 548 3868 ut
591 3814 779 3883 prius,
832 3814 1072 3867 inclinat
1122 3816 1322 3868 contra
1359 3813 1731 3871 conventum,

113 3903 155 3950 et
177 3906 474 3956 conventus
508 3906 717 3956 contra
750 3918 904 3956 eum.

696 3990 947 4046 CAPUT
980 3991 1102 4044 Vll.

252 4080 528 4143 Quomodo
559 4097 629 4135 se
658 4080 875 4134 habent
911 4080 986 4134 ad
1022 4080 1204 4134 horas
1233 4078 1565 4150 regulares.

166 4165 237 4219 Ad
259 4167 445 4224 Gloria
465 4170 841 4242 singulorum
871 4169 1235 4239 psalmorum
1256 4168 1356 4240 qui
1389 4171 1525 4222 sunt
1549 4166 1607 4221 in
1637 4180 1733 4220 re-

118 4254 376 4321 gularibus
407 4258 598 4326 horis,
634 4274 844 4313 manus
876 4274 991 4312 non
1023 4260 1179 4312 tenet
1222 4258 1282 4311 in
1320 4258 1477 4326 sinu,
1526 4255 1634 4311 sed
1677 4255 1738 4310 in

118 4343 327 4399 manicas
355 4349 542 4418 mittit,
575 4362 799 4420 easque
840 4347 1217 4419 constringit,
1265 4361 1339 4400 ne
1374 4345 1527 4400 inter
1573 4344 1738 4398 incli-

117 4432 321 4489 nandum
346 4438 414 4490 ad
446 4441 667 4491 terram
701 4436 1056 4508 pertingant,
1105 4434 1240 4505 quia
1291 4434 1597 4489 inclinatio
1641 4434 1741 4489 illa

118 4521 313 4577 multum
344 4525 513 4581 debet
546 4541 688 4581 esse
719 4525 1042 4593 submissa,
1086 4539 1196 4578 nec
1245 4524 1392 4578 adeo
1440 4524 1511 4577 ad
1567 4523 1739 4578 aliam

115 4610 467 4673 psalmodiam.
491 4615 656 4680 Quod
688 4615 741 4669 si
772 4615 983 4669 sedere
1014 4614 1267 4669 voluerit
1294 4614 1445 4667 inter
1472 4614 1736 4682 psalmo-
1767 4600 1822 4666 D

117 4693 251 4767 diam,
269 4701 536 4757 observat
559 4719 631 4757 ne
650 4701 1035 4774 sedcatjuxta
1058 4701 1236 4755 alium
1268 4701 1593 4769 sedentem,
1629 4700 1736 4755 sed

120 4780 176 4834 ita
204 4792 251 4839 ut
276 4805 419 4845 unus
446 4797 578 4859 stc‘,
601 4797 655 4847 et
678 4792 880 4846 sedeat
911 4792 1075 4860 alter,
1101 4795 1156 4846 et
1174 4790 1427 4844 invicem
1452 4789 1738 4844 exhibere

119 4869 287 4931 debent
305 4882 670 4935 occasionem
694 4881 958 4935 sedendi.
990 4880 1340 4951 Ubicunque
1373 4879 1557 4947 sedet,
1585 4895 1736 4932 nun-

123 4976 258 5029 quam
278 4968 495 5024 dimittit
515 4971 776 5025 manicas
796 4972 870 5024 ita
886 4971 1259 5041 negligenter
1275 4969 1347 5023 ad
1367 4972 1583 5024 terram
1599 4984 1737 5039 pen-

125 5048 367 5115 dere,scd
413 5060 466 5112 si
498 5076 705 5114 manus
755 5063 894 5114 sunt
923 5060 1073 5113 intra
1106 5059 1322 5126 sinum,
1378 5058 1622 5113 manica)
1677 5058 1737 5111 in

128 5139 480 5201 transversum
502 5151 662 5203 extra
688 5148 883 5203 sinum
918 5151 1057 5202 sunt
1083 5147 1366 5202 collectae.
1406 5146 1469 5201 Si
1498 5148 1738 5217 prOptor

129 5225 302 5298 aliquid
329 5235 396 5288 de
419 5236 595 5292 Choru
631 5239 791 5305 exiit,
834 5237 928 5291 vel
971 5237 1022 5291 si
1058 5239 1264 5308 postea
1301 5236 1465 5291 venit
1501 5236 1735 5308 quando

130 5311 241 5369 hora
263 5324 645 5397 estinchoata,
687 5327 744 5380 in
780 5325 991 5381 faciem
1031 5342 1198 5381 suam
1238 5326 1493 5392 inclinat,
1541 5326 1733 5381 omni-

132 5399 215 5458 bus
234 5409 482 5467 similiter
502 5415 886 5471 inclinaturis.
910 5415 1127 5470 Contra
1147 5415 1344 5487 majus
1367 5415 1547 5470 altare
1577 5431 1731 5470 nun-

133 5504 269 5558 ‘lllam
290 5497 531 5572 inclinat,
555 5504 670 5558 nisi
698 5506 971 5559 manibus
995 5505 1066 5558 de
1099 5506 1326 5559 manica
1348 5504 1651 5573 extractis,
1677 5508 1734 5559 et

134 5584 277 5649 capite
296 5605 429 5658 pene
453 5608 633 5664 usque
658 5593 729 5648 ad
770 5597 988 5648 terram
1035 5593 1318 5665 dimisso;
1369 5597 1573 5649 contra
1617 5595 1730 5650 alia

137 5666 312 5743 altaria,
335 5681 385 5731 et
406 5684 598 5736 contra
622 5681 970 5738 crucifixum
990 5682 1048 5736 in
1071 5681 1321 5753 capitulo
1344 5682 1725 5740 moderatius.

1852 620 2057 684 cedem
2078 630 2251 684 modo
2267 629 2497 684 veniam
2516 630 2658 700 petit
2679 632 2811 684 ante
2833 645 2899 684 se
2934 646 3050 701 quo
3074 632 3351 702 superius
3390 633 3510 687 dixi

1850 720 1924 773 ad
1968 719 2216 791 gradum
2263 720 2467 774 altaris
2506 734 2644 773 esse
2666 719 2975 790 petendam
3024 736 3129 789 pro
3159 723 3509 776 occursione

1848 809 2126 864 tardiore.
2161 809 2391 864 Lectori
2416 809 2487 863 ad
2519 809 2764 880 gradum
2790 808 2890 864 ubi
2926 808 3064 864 facit
3083 812 3215 864 ante
3244 813 3302 864 et
3330 814 3508 879 retro,

1853 902 1908 954 et
1936 899 2098 955 eunti
2120 899 2193 954 ad
2227 898 2537 954 lectionem
2588 902 2643 954 et
2698 898 2986 968 redeunti,
3030 900 3373 954 reverenter
3419 900 3512 954 in-

1853 989 2048 1045 clinat.

2469 1094 2720 1151 CAPUT
2750 1096 2898 1151 VIII.

1925 1184 2214 1251 Quomodo
2241 1184 2532 1240 laternam
2563 1184 2820 1255 ligneam
2838 1190 3086 1255 portare
3117 1184 3332 1240 debeat
3365 1185 3441 1239 ad

2518 1262 2854 1312 nocturnos.

1922 1345 2089 1411 Quod
2112 1346 2164 1400 si
2194 1346 2347 1401 inter
2362 1344 2652 1400 lectiones
2687 1345 2783 1399 ille
2814 1345 2913 1416 qui
2947 1346 3229 1401 laternam
3257 1344 3516 1417 ligneam

1852 1434 2190 1490 circumfert
2213 1435 2284 1489 ad
2302 1450 2435 1490 eum
2456 1435 2703 1503 venerit,
2730 1438 2785 1488 et
2809 1438 3023 1504 putans
3059 1451 3194 1490 eum
3226 1434 3508 1505 dormire,

1850 1526 2045 1580 lumen
2087 1526 2287 1580 contra
2321 1524 2531 1578 faciem
2589 1523 2724 1594 ejus
2779 1524 3111 1593 intenderit,
3174 1523 3226 1578 si
3281 1524 3511 1595 vigilat,

1848 1614 2063 1668 iterum
2120 1614 2465 1668 reverenter
2518 1612 2797 1684 inclinat;
2856 1617 2913 1667 at
2969 1613 3022 1667 si
3062 1613 3414 1668 obdormivit
3460 1614 3519 1668 et

1846 1704 2071 1758 laterna
2099 1702 2291 1772 posita
2321 1701 2497 1756 fuerit
2552 1704 2685 1757 ante
2742 1717 2897 1770 eum,
2957 1702 3246 1757 excitatus
3309 1703 3513 1773 perlu-

1848 1794 1995 1847 strat
2022 1791 2275 1861 primum
2306 1806 2439 1846 cum
2471 1806 2539 1846 ea
2572 1791 2844 1847 dextrum
2873 1792 3141 1861 chorum,
3170 1794 3227 1847 et
3254 1808 3361 1863 per
3390 1806 3511 1847 me-

1766 1890 1814 1955 υ
1847 1880 2007 1934 dium
2034 1878 2297 1949 rediens,
2330 1879 2579 1933 chorum
2610 1878 2990 1949 exteriorem,
3038 1880 3368 1934 novissime
3424 1879 3512 1934 si-

1845 1969 2119 2023 nistrum.
2142 1967 2207 2023 Si
2227 1983 2402 2039 quem
2423 1966 2732 2023 offenderit
2753 1968 3152 2039 obdormisse,
3184 1971 3323 2025 tunc
3367 1984 3513 2025 con-

1844 2060 1931 2112 tra
1962 2057 2097 2128 ejus
2121 2057 2328 2113 oculos
2351 2058 2548 2112 lumen
2565 2060 2656 2112 ter
2674 2058 2924 2113 intendit
2943 2074 2959 2129 ;
2979 2058 3034 2113 si
3052 2058 3224 2114 tertia
3242 2059 3375 2115 vice
3396 2075 3514 2115 non

1846 2146 2235 2220 evigilaverit,
2270 2145 2432 2216 ponit
2461 2148 2595 2200 ante
2625 2160 2761 2201 eum
2799 2146 3104 2217 laternam,
3149 2150 3211 2203 ut
3255 2148 3330 2203 ab
3381 2148 3515 2219 ipso

1845 2252 2082 2309 quoque
2110 2235 2363 2291 excitato
2396 2234 2670 2290 similiter
2699 2238 2984 2304 portetur.

2485 2341 2738 2397 CAPUT
2769 2342 2869 2397 IX.

1992 2431 2114 2498 Qua
2144 2431 2461 2503 disciplina
2488 2431 2880 2487 recolloeatus
2889 2430 3092 2503 jaceat
3112 2433 3177 2487 in
3193 2432 3367 2490 lecto.

1918 2522 2007 2576 Ad
2037 2522 2248 2576 lectum
2270 2521 2509 2575 rediens
2530 2521 2742 2575 iterum
2766 2537 2833 2576 se
2855 2521 3103 2577 collocat
3141 2538 3275 2577 cum
3324 2523 3510 2579 disci-

1845 2610 2025 2683 plina,
2059 2626 2168 2665 nec
2198 2610 2486 2665 cucullam
2527 2611 2695 2682 prius
2751 2611 2912 2667 exuit
2966 2627 3141 2682 quam
3201 2615 3513 2683 cooperto-

1846 2700 1997 2754 rium
2030 2714 2221 2770 usque
2271 2715 2456 2770 super
2513 2698 2744 2755 cubitos
2802 2700 3025 2769 trahat;
3082 2702 3222 2755 tunc
3276 2701 3515 2772 quidem

1847 2804 1976 2843 eam
2008 2793 2238 2843 exutam
2272 2788 2589 2861 diligenter
2617 2788 2928 2860 complicat
2971 2793 3030 2844 et
3072 2790 3237 2860 ponit
3294 2790 3368 2845 ad
3412 2806 3513 2845 ca-

1845 2880 1968 2947 put.
2011 2876 2449 2942 Quantumlibet
2503 2878 2759 2933 calorem
2817 2877 3051 2947 sentiat,
3112 2880 3306 2934 tamen
3362 2895 3514 2934 nun-

1846 2980 2021 3036 quam
2052 2966 2187 3035 plus
2221 2967 2490 3037 corporis
2523 2967 2616 3021 sui
2650 2966 2870 3039 detegit
2898 2982 3074 3037 quam
3118 2967 3322 3038 pedes.
3369 2967 3511 3022 bra-

1847 3054 1979 3109 chia
2009 3056 2064 3108 et
2096 3058 2288 3124 caput.

2500 3160 2753 3217 CAPUT
2781 3162 2855 3217 X.

1770 3245 1822 3311 C
1956 3249 2247 3316 Quomodo
2262 3254 2471 3323 surgat
2492 3265 2682 3318 mane,
2714 3248 2812 3305 vel
2826 3250 2966 3322 quid
2984 3252 3187 3306 statim
3209 3250 3411 3306 faciat.

1917 3340 2007 3394 Ad
2031 3339 2306 3408 sonitum,
2339 3339 2438 3410 qui
2470 3338 2727 3393 diluculo
2776 3338 2906 3393 fieri
2963 3339 3113 3394 solet
3166 3340 3225 3395 in
3290 3341 3513 3396 dormi-

1844 3430 1997 3485 torio
2023 3429 2095 3483 ad
2143 3428 2492 3483 excitandos
2549 3428 2786 3496 fratres,
2845 3426 2984 3483 facit
3038 3428 3296 3499 idipsum
3355 3430 3513 3500 quod

1844 3519 1919 3573 ad
1948 3519 2186 3590 signum
2244 3520 2712 3585 nocturnorum;
2770 3516 3122 3587 quantocius
3180 3518 3395 3590 surgit,
3457 3521 3515 3573 et

1847 3623 1917 3663 ea
1945 3606 2076 3661 vice
2103 3621 2221 3661 non
2247 3605 2396 3660 alios
2429 3605 2663 3660 calceos
2694 3620 2869 3676 quam
2902 3607 3002 3677 qui
3033 3606 3107 3660 ad
3163 3606 3320 3661 diem
3375 3607 3515 3662 facti

1848 3697 1987 3751 sunt
2017 3694 2222 3764 induit,
2255 3694 2371 3748 nisi
2404 3692 2554 3749 forte
2571 3693 2649 3748 sit
2669 3693 2961 3766 sanguine
2984 3693 3268 3765 minutus,
3293 3695 3515 3751 cultelli

1850 3786 1944 3840 sui
1976 3799 2181 3839 secum
2212 3782 2479 3852 portandi
2510 3786 2678 3838 cavet
2708 3783 3003 3838 oblivisci.
3038 3784 3204 3839 Lotis
3238 3784 3513 3840 manibus

1852 3873 2019 3939 facie,
2042 3888 2173 3927 cum
2198 3872 2306 3926 tria
2328 3860 2705 3942 manutergia'
2728 3872 3023 3942 pendeant
3044 3872 3219 3927 simul
3257 3874 3317 3927 in
3350 3874 3514 3928 clau-

1849 3965 1995 4030 stro,
2015 3975 2134 4016 non
2154 3960 2332 4031 tergit
2354 3960 2425 4013 ad
2446 3959 2604 4014 aliud
2627 3975 2803 4030 quam
2843 3961 3001 4031 quod
3046 3961 3176 4015 suis
3215 3960 3514 4018 similibus

1849 4054 1939 4105 est
1966 4050 2324 4119 deputatum,
2370 4047 2505 4118 quia
2535 4063 2713 4102 unum
2739 4052 2830 4102 est
2851 4049 3074 4118 pueris,
3100 4050 3347 4104 alterum
3370 4066 3514 4105 can-

1847 4138 2100 4207 toribus,
2126 4136 2360 4191 tertium
2416 4135 2636 4190 idiotis.
2696 4136 2887 4191 Pectit
2944 4139 3136 4206 caput,
3195 4137 3338 4193 facit
3389 4142 3514 4195 tres

1850 4227 2148 4282 orationes
2208 4226 2266 4278 in
2324 4225 2543 4290 choro,
2615 4224 2876 4279 anterior
2930 4228 2988 4279 et
3039 4226 3287 4295 propior
3343 4228 3514 4282 altari

1849 4332 2024 4387 quam
2046 4315 2338 4383 seniores,
2360 4314 2513 4369 sicut
2531 4313 2702 4368 etiam
2723 4313 2796 4367 ad
2817 4315 3162 4382 nocturnos,
3183 4314 3243 4369 in
3272 4315 3513 4387 quibus,

1847 4408 2234 4478 posteaquam
2272 4403 2442 4474 pueri
2468 4402 2672 4475 legere
2728 4402 3036 4475 incipiunt,
3094 4418 3212 4460 non
3270 4406 3516 4461 multum

1848 4498 2133 4551 moratur.

2486 4598 2739 4654 CAPUT
2768 4598 2870 4655 XI.

2192 4688 2482 4755 Quomodo
2511 4689 2739 4759 sedeat,
2787 4689 2883 4743 vel
2918 4690 3175 4746 incedat.

1921 4780 2149 4835 Sedens
2196 4779 2270 4833 ad
2326 4777 2638 4833 lectionem
2667 4779 2745 4833 ita
2785 4777 2952 4834 sedet
2998 4782 3062 4834 ut
3090 4779 3226 4834 ulna
3256 4778 3334 4834 sit
3364 4779 3516 4835 inter

1851 4883 1917 4922 se
1942 4870 1999 4922 et
2026 4866 2399 4936 aliumjuxta
2440 4867 2768 4935 sedentem;
2828 4867 3120 4922 anteriora
3178 4866 3362 4922 frocci
3418 4869 3513 4923 sui

1853 4971 2092 5027 semper
2116 4957 2175 5010 in
2198 4956 2490 5028 gremium
2520 4956 2597 5009 ita
2653 4954 2889 5010 attrahit
2931 4959 2994 5010 ut
3051 4956 3233 5025 pedes
3280 4957 3514 5025 possint

1846 5045 2001 5100 bene
2027 5044 2234 5099 videri.
2267 5044 2521 5099 Girones
2552 5059 2808 5116 quoque,
2840 5043 2935 5099 vel
2964 5057 3116 5115 quos
3148 5043 3386 5116 quidam
3419 5059 3511 5099 sa-

1848 5135 2028 5207 gittas
2057 5136 2291 5204 vocant,
2318 5133 2541 5206 colligit
2563 5132 2859 5203 utrinque,
2883 5134 2945 5186 ut
2987 5148 3102 5188 non
3132 5132 3389 5204 sparsim
3412 5132 3511 5204 ja-

1849 5226 2019 5279 ceant
2047 5223 2104 5278 in
2136 5225 2310 5278 terra.
2342 5222 2708 5293 Quocunque
2730 5219 2966 5291 incedit,
2992 5237 3228 5294 semper
3247 5223 3512 5279 demisso

1849 5313 2037 5383 capite
2090 5311 2325 5381 incedit,
2359 5314 2418 5366 et
2461 5311 2514 5365 si
2544 5310 2859 5380 aliquando
2890 5311 3062 5394 visus
3092 5310 3269 5367 fuerit
3311 5314 3509 5368 erecta

1849 5401 2104 5469 cervice,
2134 5415 2251 5455 non
2279 5399 2604 5472 negligitur
2635 5399 2957 5455 innotatus.

2462 5504 2715 5561 CAPUT
2746 5505 2877 5561 XII.

2130 5594 2419 5661 Quomodo
2456 5595 2653 5651 veniat
2676 5595 2752 5650 ad
2770 5595 3224 5652 confessionem.

1913 5686 1976 5741 Si
2006 5700 2155 5757 opus
2186 5684 2363 5741 habet
2398 5685 2471 5740 ad
2503 5684 2944 5744 confessionem
3000 5700 3107 5757 pro
3155 5685 3352 5757 aliquo
3411 5697 3510 5745 ex~
