4028 6176
505 344 623 406 707

1460 343 1865 406 UDALRICI
1902 344 2515 408 CLUNIACENSIS
2559 347 2977 411 MONACIII.

3762 361 3852 428 708

496 560 675 599 cessu
709 544 934 610 venire,
970 544 1193 597 accedit
1239 545 1311 596 ad
1343 543 1709 598 sacerdotem
1741 543 1810 597 ad
1843 558 2014 613 quem
2059 558 2161 613 po-
2194 527 2241 588 Α
2271 543 2732 618 Quadragesima
2767 549 2856 602 vel
2914 549 3042 603 dies
3088 549 3332 620 privata,
3381 567 3490 606 non
3544 555 3709 610 solum
3755 568 3855 628 post

494 633 796 687 tissimum
816 633 1100 686 voluerit:
1137 635 1191 686 et
1221 637 1387 686 stans
1420 637 1554 685 ante
1574 648 1726 697 cum,
1761 633 2058 686 dexteram
2092 632 2163 685 de

497 723 726 775 manica
745 725 1065 775 extractam
1085 722 1247 791 ponit
1278 736 1458 790 super
1480 725 1706 790 pectus,
1757 721 1913 790 quod
1944 725 2034 774 est
2079 721 2164 773 si-

495 826 678 881 gnum
710 810 1130 864 confessionis.
1170 811 1370 880 Surgit
1403 809 1709 875 sacerdos,
1743 825 1918 879 quem
1949 825 2166 879 prince-

497 899 733 952 dcntem
766 899 1470 968 sequiturincapitulum,
1505 904 1559 952 et
1585 900 1837 968 primum
1870 901 2000 952 ante
2033 914 2166 952 eum

495 987 641 1055 petit
672 986 902 1039 veniam
935 989 1052 1040 toto
1085 1001 1332 1054 corpore
1365 991 1739 1056 prostratus;
1774 986 2167 1057 aquojussus

495 1088 562 1127 sc
596 1074 812 1139 levare,
849 1076 1158 1142 postquam
1192 1074 1548 1140 consederit,
1583 1074 1844 1143 loquitur
1873 1075 2028 1144 quod
2066 1075 2166 1128 ha-

493 1161 613 1215 bet.
633 1160 694 1214 Si
717 1163 828 1214 tale
846 1162 983 1231 quid
1003 1163 1054 1214 ei
1075 1162 1318 1232 contigit
1349 1163 1404 1214 in
1429 1167 1598 1216 nocte
1631 1163 1783 1232 quod
1831 1178 1942 1216 nos
1993 1179 2167 1218 vere-

495 1251 685 1304 cunde
723 1249 1100 1320 fragilitatem
1133 1250 1526 1320 appellamus,
1559 1256 1690 1304 ante
1725 1252 2168 1305 confessionem

393 1385 396 1388 .
497 1341 722 1407 septem
742 1339 1174 1407 pcenitentiales
1194 1339 1458 1408 psalmos
1473 1340 1708 1406 dixerit,
1728 1339 1819 1392 vel
1839 1340 1889 1391 si
1906 1341 2169 1410 psalmos

494 1426 705 1493 nescit,
743 1427 1106 1480 Dominieam
1131 1428 1463 1481 Orationem
1484 1430 1738 1498 septies;
1772 1433 1828 1482 et
1859 1433 2169 1500 postquam

506 1514 692 1568 fuerit
710 1517 1052 1586 confessus,
1073 1517 1226 1586 quod
1248 1517 1360 1570 sibi
1375 1518 1394 1584 ,ξ
1409 1519 1626 1571 usserit
1645 1521 1948 1573 sacerdos.
1968 1518 2050 1574 Eo
2081 1519 2172 1573 die

494 1619 608 1657 non
641 1606 862 1657 textum
884 1603 1188 1677 Evangelii
1218 1607 1537 1672 osculatur,
1574 1621 1682 1660 nec
1713 1608 1784 1661 ad
1829 1624 2033 1678 pacem
2065 1624 2169 1663 va-

491 1691 592 1761 dit,
615 1707 724 1748 nec
742 1692 812 1745 ad
832 1691 1211 1748 offerendam.

1105 1800 1358 1855 CAPUT
1388 1802 1540 1856 XIII.

637 1886 944 1956 Quomodo,
987 1888 1082 1942 vel
1109 1890 1337 1960 quan.th
1363 1907 1595 1961 pannos
1625 1908 1764 1945 suos
1796 1892 2019 1946 induat.

561 1974 666 2028 Est
696 1980 890 2030 autem
925 1977 1076 2046 apud
1121 1993 1233 2032 nos
1295 1979 1641 2034 lavatorium
1688 1984 1984 2036 secretum
2032 1997 2165 2036 cum

485 2079 657 2134 aquae
690 2064 888 2133 ductu,
923 2065 1121 2136 ibique
1153 2067 1307 2121 lavat
1352 2067 1657 2123 femoralia
1705 2086 1832 2139 sua,
1882 2076 2165 2141 quantum

486 2151 586 2205 illa
619 2153 925 2208 eventione
956 2160 1094 2209 sunt
1127 2161 1430 2226 contacta;
1462 2161 1558 2212 aut
1580 2159 1631 2212 si
1665 2159 1840 2212 habet
1873 2159 1930 2212 in
1962 2175 2166 2228 prom-

489 2243 590 2310 ptu
640 2243 1016 2297 mutatorium
1056 2260 1251 2312 suum,
1315 2247 1495 2300 mutat
1542 2248 1697 2318 quod
1751 2251 1843 2302 est
1900 2248 2160 2318 indutus,

489 2345 598 2384 nec
624 2331 790 2400 prius
823 2332 893 2384 ad
926 2349 994 2386 ca
1038 2349 1170 2403 quze
1203 2336 1486 2404 prtefatus
1520 2353 1650 2389 sum
1685 2338 1968 2391 accedere
2013 2353 2162 2407 prae-

488 2422 690 2473 sumit.
727 2420 1041 2491 Nunquam
1077 2426 1258 2476 mutat
1292 2424 1347 2476 in
1378 2425 1504 2478 sola
1529 2425 1778 2493 cuculla,
1815 2426 1931 2480 nisi
1963 2429 2020 2480 et
2049 2426 2163 2495 pel-

492 2506 710 2562 liceum
748 2510 841 2562 vel
894 2510 1156 2564 froccum
1211 2511 1420 2566 habeat
1453 2513 1736 2578 indutum,
1774 2530 1847 2568 ne
1878 2514 2017 2584 quid
2058 2532 2162 2568 nu-

487 2594 684 2650 ditatis
715 2613 841 2650 sure
874 2599 1065 2667 possit
1095 2601 1166 2654 ab
1225 2602 1422 2671 aliquo
1458 2602 1664 2656 videri.
1712 2603 1972 2670 Pannos,
2009 2619 2161 2674 quos

489 2684 667 2752 exuit,
701 2685 1014 2740 confestim
1056 2689 1385 2758 complicat,
1421 2689 1726 2745 femoralia
1757 2691 2003 2745 involvit
2037 2697 2160 2745 sta-

491 2771 784 2841 mineo,et
815 2790 946 2828 cum
977 2775 1110 2845 ejus
1151 2777 1398 2831 manicis
1442 2779 1680 2851 colligat
1725 2783 2002 2850 utraque:
2057 2781 2158 2834 ho-

489 2876 614 2915 ram
645 2878 876 2934 quoque
911 2865 1170 2919 mutandi
1201 2866 1505 2936 discernit,
1538 2884 1669 2938 quae
1729 2885 1840 2922 non
1899 2873 1990 2923 est
2040 2869 2157 2922 nisi

488 2953 622 3004 ante
651 2951 920 3023 primam,
954 2954 1046 3008 vel
1080 2955 1132 3008 si
1163 2955 1292 3024 ipsa
1316 2956 1492 3010 simul
1527 2973 1660 3010 cum
1678 2957 1979 3012 matutinis
2001 2958 2156 3012 laud.

489 3043 774 3109 cantatur,
809 3047 941 3097 ante
989 3044 1238 3099 tertiam.
1275 3045 1438 3099 Tunc
1469 3046 1641 3100 etiam
1675 3047 1904 3101 noverit
1953 3047 2158 3101 horam

488 3144 627 3184 esse
658 3131 1081 3200 confessionis,
1117 3135 1170 3187 et
1201 3137 1335 3203 post
1366 3135 1681 3203 capitulum
1714 3136 1972 3207 quandiu
2003 3135 2160 3206 psal-

487 3218 563 3271 mi
588 3235 695 3288 pro
717 3219 960 3274 fratrum
988 3223 1398 3277 anniversario
1433 3224 1727 3278 dicuntur.
1748 3223 1810 3278 In
1831 3224 2042 3278 diebus
2061 3240 2155 3278 so-
2191 3247 2241 3308 Ο

488 3306 781 3362 lemnibus
802 3325 992 3381 usque
1014 3312 1085 3365 ad
1107 3313 1350 3366 missam
1370 3313 1766 3367 matutinalem
1787 3329 1801 3381 ;
1825 3314 1881 3366 in
1899 3314 2155 3377 Quadra-

487 3398 716 3468 gesima
746 3415 853 3468 per
881 3403 1007 3454 tres
1039 3401 1189 3470 dies,
1215 3417 1321 3472 per
1337 3418 1488 3474 quos
1521 3403 2060 3458 silentiumtenetur
2097 3403 2157 3456 in

488 3487 746 3542 claustro
767 3504 956 3559 usque
990 3490 1060 3544 ad
1080 3496 1330 3556 sextam,

1117 3596 1368 3652 CAPUT
1402 3599 1530 3652 XIV

486 3681 559 3736 Si
587 3689 786 3737 coctus
815 3690 926 3753 est,
981 3701 1087 3756 qua
1140 3687 1284 3741 liora
1334 3689 1653 3743 eoctionem
1705 3706 1866 3742 suam
1937 3689 2151 3744 videat.

556 3770 721 3836 Quod
746 3773 797 3825 si
830 3776 1034 3827 coctus
1062 3779 1173 3844 est,
1209 3781 1271 3831 ut
1315 3777 1660 3848 vulgariter,
1721 3778 1882 3832 aiunt
1929 3779 2154 3833 coctio-

493 3877 627 3916 nem
659 3878 730 3916 ex
763 3878 924 3917 more
966 3881 1081 3918 non
1142 3866 1320 3933 videt,
1378 3883 1568 3937 neque
1625 3868 1789 3938 ligat,
1849 3869 1964 3922 nisi
2021 3871 2154 3923 ante

487 3951 758 4020 primam,
792 3952 889 4006 vel
919 3954 971 4007 si
1001 3955 1150 4024 ipsa,
1185 3960 1248 4010 ut
1302 3973 1481 4026 supra
1539 3959 1795 4026 memini,
1856 3959 2154 4013 matutinis

487 4037 645 4094 laud.
681 4045 772 4094 est
803 4041 1099 4112 adjuncta,
1137 4048 1268 4099 ante
1312 4047 1561 4114 tertiam,
1595 4051 1649 4102 et
1681 4053 1816 4118 post
1845 4065 2152 4118 vesperae,

489 4125 565 4181 ita
595 4130 787 4182 tamen
811 4133 872 4183 ut
900 4134 1140 4200 prepter
1182 4133 1293 4186 hoc
1339 4134 1638 4189 silentium
1681 4153 1796 4189 non
1846 4137 2152 4210 infringat.

486 4215 791 4270 Panniculi
823 4222 1016 4272 autem
1050 4237 1260 4276 recens
1291 4222 1462 4276 lavati
1509 4223 1595 4277 sic
1641 4239 1780 4279 esse
1836 4225 2051 4280 debent
2095 4229 2154 4283 in

486 4309 779 4374 promptu,
813 4310 876 4362 ut
906 4324 1023 4363 non
1055 4325 1205 4380 opus
1235 4311 1447 4366 habeat
1471 4313 1610 4382 quid
1630 4313 1808 4384 loqui.
1831 4315 1919 4368 Ad
1942 4317 2156 4372 catalo-

485 4408 628 4463 gum
663 4395 798 4449 tldei
832 4396 1028 4451 Sancti
1063 4399 1368 4454 Athanasii
1402 4417 1699 4472 nunquam
1732 4403 1926 4470 sedet;
1957 4405 2030 4459 ad
2061 4406 2155 4460 of-

487 4481 791 4536 ferendam
822 4501 930 4539 nec
963 4488 1223 4542 anterior
1251 4505 1361 4542 nec
1393 4491 1687 4558 posterior
1713 4493 1940 4547 accedit
1979 4511 2156 4565 quam

486 4586 636 4626 suus
654 4575 745 4626 est
774 4574 943 4632 ordo.

1103 4682 1363 4738 CAPUT
1409 4685 1533 4740 XV.

845 4767 1137 4834 Quomodo
1160 4787 1389 4842 pannos
1431 4789 1570 4829 suos
1611 4775 1792 4830 lavet.

555 4856 680 4920 Qua
711 4855 884 4926 facta,
937 4858 989 4912 si
1021 4859 1160 4930 quid
1201 4861 1256 4914 ei
1299 4861 1583 4930 placuerit
1627 4863 1699 4918 de
1758 4865 1968 4934 pannis
2027 4864 2156 4920 suis

483 4944 784 5012 Iavare,in
815 4947 1068 5018 coquina
1098 4950 1358 5020 regulari
1388 4950 1459 5004 ad
1505 4950 1618 5006 hoc
1674 4952 1866 5007 solum
1927 4969 2156 5008 mneum

486 5031 747 5103 offendit,
769 5034 826 5088 in
854 5051 970 5106 quo
1000 5052 1152 5107 aqua
1184 5037 1433 5106 caleﬁat,
1469 5038 1804 5112 lexiviaque
1857 5043 2155 5112 tempere-

484 5123 600 5174 tur.
622 5121 686 5174 In
728 5123 987 5179 claustro
1018 5128 1211 5180 autem
1244 5130 1514 5181 truncum
1555 5129 1988 5197 amplissimum
2020 5145 2154 5184 cum

484 5209 785 5279 plerisque
817 5212 1144 5268 intervallis
1185 5219 1474 5284 cavatum,
1535 5219 1598 5271 ut
1629 5217 1724 5270 hic
1776 5218 2150 5289 stamineum,

485 5296 604 5350 illic
632 5297 930 5354 femoralia
963 5302 1146 5356 lavari
1177 5305 1408 5372 possint
1445 5307 1782 5374 separatim.
1832 5307 1974 5371 Quae
2019 5309 2152 5362 ante

485 5385 802 5455 capitulum
826 5389 996 5443 mittit
1028 5391 1083 5442 in
1115 5407 1324 5462 aquam
1377 5393 1624 5447 calidam
1669 5397 1730 5448 ut
1780 5396 2148 5464 mollescant,

486 5477 619 5543 post
638 5473 852 5529 tabulae
884 5479 1333 5544 percussionem
1358 5481 1532 5550 lavat,
1558 5486 1748 5537 etnon
1779 5483 1998 5538 diutius
2031 5483 2149 5538 nisi

485 5563 744 5634 quandiu
778 5563 1013 5618 licentia
1042 5565 1320 5637 loquendi
1344 5570 1536 5637 durat,
1567 5574 1813 5640 excepto
1836 5571 1885 5624 si
1907 5575 1999 5626 est
2019 5572 2148 5627 dies

477 5651 694 5724 jejunii
716 5651 916 5708 lavare
941 5668 1054 5709 non
1076 5655 1422 5726 prohibetur
1449 5660 1858 5731 posttertiam;
1877 5661 1970 5716 vel
1989 5660 2042 5716 si
2063 5663 2155 5717 est

2182 4601 2236 4663 D

2273 635 2500 688 tertiam
2531 637 2636 689 sed
2679 638 2850 690 etiam
2885 643 3017 706 post
3051 643 3273 692 sextam
3318 639 3481 710 lavat,
3531 645 3732 699 tametsi
3768 664 3854 703 non

2272 722 2582 793 loquamur
2613 725 2670 778 in
2702 726 2980 780 claustro.
3015 726 3304 798 Quidquid
3346 734 3526 782 autem
3556 732 3706 802 lavat,
3744 751 3857 805 quo-

2272 813 2565 881 quomodo
2599 814 2676 866 sit
2709 815 2981 878 lavatum,
3022 820 3155 884 post
3188 816 3385 870 horam
3417 817 3628 871 lavandi
3651 823 3804 876 aufert
3821 829 3862 877 et

2275 901 2490 970 siccat;
2525 916 2596 954 ne
2621 902 2817 971 jaceat
2857 903 2930 956 ita
2965 904 3270 958 sordidum
3299 909 3352 958 et
3382 905 3681 976 horridum,
3713 914 3860 964 maxi-

2273 1005 2364 1043 me
2396 991 2492 1044 ubi
2526 994 2682 1046 totus
2707 996 3030 1047 conventus
3063 993 3281 1047 videbit
3337 994 3404 1049 de
3463 996 3741 1052 refectorio
3781 1016 3861 1053 ex-

2274 1080 2486 1133 iturus.

2875 1170 3136 1224 CAPUT
3178 1171 3329 1225 XVI.

2349 1257 2638 1322 Quomodo
2667 1259 3207 1334 de‘regulariliora
3242 1277 3352 1334 non
3385 1267 3569 1330 exeat,
3602 1262 3707 1316 nisi
3726 1279 3814 1334 pro

2726 1330 3068 1384 inevitabili
3099 1333 3474 1386 necessitate.

2348 1418 2555 1472 Audito
2589 1419 2763 1489 signo
2797 1419 2954 1490 quod
2983 1420 3053 1472 ad
3104 1421 3348 1490 primam
3393 1420 3661 1490 pulsatur,
3715 1421 3866 1476 eccle-

2275 1507 2422 1560 siam
2455 1523 2587 1560 cum
2618 1508 2750 1560 aliis
2784 1508 2988 1572 intrat;
3027 1512 3080 1561 et
3125 1509 3261 1578 quia
3316 1509 3558 1577 pulsatio
3611 1510 3749 1581 signi
3786 1512 3867 1564 rite

2276 1595 2596 1664 proteletur
2613 1613 2923 1667 quousque
2939 1600 3162 1666 septem
3179 1598 3389 1667 psalmi
3405 1599 3871 1668 possintessecan-

2273 1685 2395 1752 tati,
2429 1684 2761 1755 aliquando,
2795 1701 2845 1738 Sl
2878 1685 3148 1753 voluerit,
3176 1690 3484 1756 postquam
3512 1687 3667 1756 pueri
3715 1690 3870 1740 trans-

2274 1776 2432 1843 eunt,
2461 1774 2584 1828 exit
2611 1790 2717 1846 pro
2750 1775 3017 1843 corporis
3050 1776 3427 1842 necessitate,
3451 1775 3552 1830 sed
3574 1775 3778 1829 rediens
3802 1776 3866 1828 la-

2195 1887 2246 1948 Β
2276 1865 2372 1915 vat
2403 1877 2631 1926 manus,
2659 1879 2732 1916 ne
2763 1879 2895 1916 cum
2929 1866 3165 1916 ventum
3215 1864 3392 1917 fuerit
3427 1864 3497 1918 ad
3553 1863 3868 1929 offerendam,

2275 1967 2489 2005 rursus
2521 1950 2732 2004 habeat
2765 1953 2958 2021 exire;
2991 1953 3128 2024 quia
3153 1952 3204 2006 si
3239 1956 3356 2006 tam
3383 1952 3702 2023 frequenter
3745 1952 3873 2005 exie-

2273 2039 2367 2109 rit,
2403 2041 2515 2094 hoc
2564 2057 2798 2111 quoque
2850 2041 2907 2094 in
2957 2040 3209 2112 capitulo
3270 2044 3629 2095 reservatum
3662 2040 3873 2109 experie-

2273 2131 2385 2182 tur.
2419 2129 2534 2183 Sed
2565 2145 2673 2184 nec
2720 2129 2878 2184 videt
2924 2131 3088 2184 exire
3145 2146 3499 2203 quemquam
3555 2130 3780 2200 quandiu
3821 2128 3874 2180 de

2271 2218 2649 2289 regularibus
2696 2219 2860 2272 horis
2918 2219 3034 2272 ulla
3092 2219 3151 2272 in
3186 2219 3283 2274 die
3332 2221 3606 2286 cantatur,
3660 2217 3760 2271 nisi
3794 2231 3874 2285 pro

2272 2306 2590 2360 inevitabili
2626 2307 3001 2371 necessitate,
3037 2309 3118 2377 ut,
3153 2307 3327 2362 verbi
3356 2308 3558 2381 gratia,
3601 2307 3651 2361 si
3677 2306 3738 2360 de
3764 2319 3875 2360 naso

2271 2411 2449 2449 cruor
2479 2398 2727 2449 emanat.

2871 2484 3123 2539 CAPUT
3165 2485 3326 2539 XVII

2274 2572 2564 2638 Quomodo
2593 2588 2660 2627 se
2683 2580 2984 2644 praeparet
3015 2575 3091 2628 ad
3122 2573 3459 2645 capitulum,
3499 2572 3592 2628 vel
3639 2571 3758 2644 quid
3803 2569 3872 2623 la-

2603 2645 2719 2698 ciat
2749 2645 2806 2698 si
2833 2651 2924 2698 est
2957 2645 3079 2698 sibi
3109 2647 3386 2700 conscius
3417 2645 3604 2699 ullius.

2338 2733 2579 2797 Quando
2613 2733 2779 2786 scilla
2812 2735 3083 2803 pulsatur
3110 2733 3182 2786 ad
3215 2735 3550 2804 capitulum,
3586 2732 3876 2786 stamineum

2269 2837 2442 2876 suum
2477 2822 2734 2893 undique
2759 2822 3011 2876 detrahit
3041 2827 3096 2876 et
3128 2822 3383 2877 honeste
3413 2823 3706 2893 componit,
3736 2822 3786 2873 ut
3805 2835 3879 2888 pa-

2269 2914 2432 2964 ratus
2465 2911 2542 2964 sit
2575 2912 2626 2965 si
2658 2912 2856 2982 aliquo
2887 2911 3061 2966 modo
3091 2916 3414 2966 accusatus
3441 2911 3710 2982 judicium
3751 2923 3878 2977 qua}-

2269 3015 2404 3053 rcre
2428 2998 2692 3067 jubetur.
2727 2999 2872 3054 Cum
2896 3000 3147 3054 domnus
3180 3000 3369 3054 abbas
3403 3000 3634 3054 dixerit
3667 2994 3878 3051 Benedi-

2269 3089 2406 3156 cite,
2442 3088 2682 3142 inclinat
2709 3107 2721 3154 ;
2754 3093 3069 3160 postquam
3091 3093 3332 3143 ventum
3358 3090 3533 3144 fuerit
3552 3090 3616 3143 ad
3643 3087 3878 3140 actionem

2269 3175 2528 3246 capituli,
2573 3177 2627 3232 si
2657 3178 2797 3248 quid
2828 3178 2882 3232 ei
2914 3193 3207 3232 excessus
3239 3178 3440 3249 aliquo
3485 3178 3648 3232 modo
3695 3174 3878 3228 contin-

2269 3265 2374 3335 git,
2410 3265 2566 3335 quod
2593 3265 2744 3319 alius
2778 3266 2940 3334 vidit,
2990 3271 3044 3320 et
3074 3267 3254 3338 digne
3310 3268 3561 3336 potuerit
3592 3264 3878 3325 reclamare,

2267 3353 2396 3423 ipse
2425 3355 2802 3423 praeveniens
2825 3355 2967 3424 petit
2986 3355 3239 3423 veniam,
3279 3357 3512 3410 etillam
3541 3355 3749 3408 veniam
3789 3354 3878 3402 toto

2267 3457 2516 3511 corpore
2547 3446 2860 3512 prostrato,
2886 3443 3240 3514 culpamque
3303 3461 3472 3498 suam
3535 3444 3760 3507 fatetur;
3800 3436 3879 3491 sed

2291 3534 2744 3601 quantacunque
2779 3532 3052 3601 fateatur,
3089 3536 3286 3586 tamen
3329 3549 3446 3586 non
3495 3531 3726 3599 amplius
3772 3524 3881 3595 petit

2266 3619 2499 3673 veniam
2529 3622 2745 3688 praeter
2775 3621 2931 3673 illam
2965 3637 3140 3690 quam
3180 3621 3368 3690 petiit.
3404 3620 3566 3684 Quod
3599 3619 3647 3673 si
3677 3618 3805 3670 alius
3828 3612 3881 3664 de

2265 3707 2364 3761 illo
2397 3708 2826 3775 reclamaverit,
2861 3712 2998 3763 tunc
3032 3709 3272 3779 quidem
3307 3710 3540 3780 quoties
3589 3708 3654 3760 de
3707 3719 3762 3756 se
3809 3715 3880 3753 re-

2265 3796 2520 3850 clamare
2579 3796 2864 3865 audierit,
2936 3799 3108 3851 toties
3183 3814 3422 3870 quoque
3481 3797 3697 3851 veniam
3753 3789 3879 3861 petit.

2263 3885 2503 3948 Quodsi
2535 3885 2757 3940 sedens
2787 3889 2844 3939 et
2901 3887 3384 3940 reclamationem
3451 3886 3521 3940 de
3569 3901 3631 3938 se
3685 3880 3883 3934 audiens

2263 3975 2430 4045 prius
2463 3975 2747 4045 quidquid
2779 3975 3156 4044 responderit
3185 3992 3364 4045 quam
3410 3974 3634 4028 veniam
3677 3965 3882 4040 petierit,

2260 4063 2480 4134 jussus
2505 4067 2565 4116 ut
2596 4079 2662 4117 se
2695 4068 3052 4132 prosternat,
3087 4063 3143 4116 in
3178 4063 3310 4133 ipso
3356 4063 3556 4117 froceo
3603 4077 3704 4114 suo
3746 4068 3882 4110 unam

2263 4152 2475 4221 accipit
2503 4151 2974 4220 percussionem.
3008 4151 3222 4206 Postea
3253 4169 3364 4222 pro
3385 4168 3455 4207 eo
3471 4166 3573 4222 pro
3592 4162 3699 4220 quo
3717 4148 3794 4200 est
3808 4156 3884 4196 re-

2265 4240 2570 4309 clamatus,
2611 4241 2865 4295 sustinet
2915 4241 3070 4310 quod
3098 4242 3346 4310 praelato
3386 4241 3632 4307 videtur,
3682 4234 3763 4289 vel
3805 4247 3885 4284 va-

2265 4327 2489 4398 pulare,
2525 4329 2616 4382 vel
2649 4344 2787 4382 esse
2820 4329 2878 4382 in
2912 4330 3082 4399 culpa
3109 4330 3355 4398 leviori;
3386 4346 3520 4385 nam
3547 4343 3671 4398 quae
3698 4322 3759 4376 ad
3776 4334 3886 4393 gra-

2265 4417 2492 4472 viorem
2523 4418 2755 4488 culpam
2786 4418 3098 4487 pertinent,
3133 4419 3204 4472 de
3245 4411 3344 4474 his
3402 4434 3524 4474 non
3569 4417 3763 4487 loquor
3801 4409 3885 4463 hac

2268 4506 2419 4561 vice.

2853 4595 3105 4650 CAPUT
3137 4595 3353 4650 XVIII.
3441 4593 3450 4596 ’

2782 4683 2870 4738 De
2939 4684 3103 4754 culpa
3165 4683 3223 4738 Ie
3237 4687 3422 4739 viora.

2339 4771 2564 4826 Missus
2595 4773 2788 4827 autem
2817 4772 2877 4826 in
2909 4772 3140 4842 culpam
3171 4773 3460 4828 leviorem
3492 4774 3566 4827 ita
3621 4785 3684 4824 se
3727 4763 3883 4826 habet.

2263 4864 2326 4915 ut
2355 4860 2486 4930 ipsa
2515 4876 2750 4931 quoque
2781 4861 2899 4915 sibi
2933 4861 3136 4932 regula
3170 4863 3532 4932 praescribit.
3592 4861 3737 4914 Inter
3785 4863 3884 4922 pre-

2263 4965 2365 5004 ces
2397 4953 2842 5020 nocturnorum,
2877 4955 2932 5005 et
2963 4950 3238 5005 horarum
3265 4951 3528 5005 omnium
3552 4942 3886 5020 regularium,

2261 5040 2596 5108 prostratus
2625 5036 2785 5108 jacet
2816 5039 2888 5092 ad
2918 5039 3200 5110 gradum;
3227 5055 3345 5093 non
3387 5038 3575 5104 offert,
3611 5051 3719 5090 non
3748 5041 3885 5084 oscu-

2263 5128 2415 5181 latur
2444 5129 2663 5181 textum
2725 5127 3051 5199 Evangelii,
3115 5144 3232 5182 non
3291 5127 3526 5183 accedit
3579 5125 3648 5179 ad
3701 5129 3885 5193 pacem.

2261 5231 2368 5271 nec
2399 5216 2469 5270 ad
2503 5232 2768 5271 mensam
2792 5232 2924 5272 cum
2954 5216 3126 5286 aliis;
3160 5217 3267 5271 sed
3307 5217 3363 5271 si
3423 5232 3537 5287 qua
3595 5214 3715 5268 dies
3767 5205 3885 5260 festa

2259 5304 2570 5359 duodecim
2600 5304 2917 5359 lectionum
2949 5306 3176 5378 agenda
3211 5305 3647 5374 supervenerit,
3695 5297 3884 5354 solutus

2260 5397 2353 5448 est
2378 5394 2450 5446 ab
2481 5409 2551 5448 eo
2581 5393 2738 5464 quod
2770 5409 2836 5449 se
2867 5394 3205 5464 prostravit,
3267 5393 3365 5448 vel
3425 5393 3580 5464 quod
3621 5405 3743 5444 cum
3779 5380 3884 5436 aliis

2259 5498 2376 5536 non
2399 5482 2622 5536 refecit.
2639 5482 2700 5535 In
2723 5483 2976 5537 ecclesia
2996 5498 3112 5536 non
3133 5482 3392 5536 abstinet
3415 5497 3483 5536 se
3515 5498 3547 5534 a
3587 5477 3830 5537 lectione,
3858 5481 3886 5565 ,τι

2260 5574 2468 5625 cantus
2499 5571 2893 5642 impositione,
2933 5587 3041 5626 nec
3081 5588 3115 5625 a
3147 5571 3384 5626 caeteris
3425 5588 3559 5642 quae
3604 5564 3884 5639 praelibavi.

2266 5659 2496 5714 Privata
2519 5660 2612 5716 die
2641 5661 2914 5716 veniente
2932 5676 3146 5716 rursus
3164 5661 3343 5716 intrat
3375 5660 3433 5714 in
3453 5675 3568 5732 quo
3591 5657 3747 5729 prius
3766 5647 3885 5711 emt,
3926 5689 3932 5696 -
