3956 6176
121 361 222 426 709

658 359 1359 425 CONSUETUDINES
1405 359 2044 425 CLUNIACENSES.
2076 393 2154 407 —
2182 356 2437 421 LIBER
2474 356 2939 421 SECUNDUS.

3426 351 3546 418 710

114 576 278 632 usque
296 560 430 616 dum
446 561 545 615 ﬁat
558 561 880 616 absolutus.
914 562 1264 619 Absolvitur
1281 564 1474 617 autem
1493 563 1745 617 maxime
1780 548 1837 611 Α
1855 558 1992 614 facit
2021 561 2154 614 ante
2182 561 2239 614 et
2268 561 2447 629 retro,
2480 562 2537 614 et
2565 560 2655 613 ter
2683 557 2823 611 dicit
2853 557 3009 612 hunc
3040 572 3310 613 versum:
3345 556 3528 626 Deus,

120 650 321 720 quando
349 654 675 719 prostratus
699 649 861 720 jacet
889 652 961 704 ad
994 652 1268 722 gradum,
1296 654 1353 706 et
1380 667 1536 705 unus
1569 651 1750 705 frater
1853 661 1917 715 in
1935 648 2288 720 adiutorium
2317 664 2506 702 meum
2527 646 2773 702 intende
2803 647 2980 716 (sicut
3028 647 3202 702 etiam
3247 646 3320 701 ad
3379 661 3530 716 opus

119 738 178 792 ad
204 754 323 792 eum
352 739 639 810 dirigitur,
664 755 694 792 a
717 756 833 810 quo
865 740 981 793 sibi
1012 741 1168 810 quod
1201 742 1278 794 sit
1312 741 1621 795 absolutus
1653 740 1747 793 in-
1854 740 2176 808 manuum),
2214 742 2290 806 et,
2325 742 2386 792 ut
2416 737 2498 791 ibi
2522 739 2632 804 est,
2679 739 2897 791 caetera
2946 735 3278 806 subjungit.
3313 735 3529 805 Sicque

119 832 318 881 nuatur.
350 827 475 881 Hoc
497 844 730 899 quoque
772 828 947 882 modo
997 828 1124 883 fieri
1166 830 1319 884 solet
1346 829 1661 898 absolutio,
1695 828 1749 882 si

119 916 278 970 eidem
304 931 471 969 noxae
502 916 875 988 adjudicatus
926 923 1130 986 postea
1173 919 1507 989 contigerit,
1557 922 1617 972 ut
1639 932 1748 986 pro

118 1004 283 1074 aliquo
329 1004 540 1058 delicto
580 1006 770 1060 denuo
806 1006 1161 1061 reclamatus
1205 1007 1574 1071 verberetur;
1609 1007 1666 1059 et
1696 1004 1748 1059 si

117 1092 208 1145 hoc
228 1108 331 1145 non
353 1094 482 1161 erit,
517 1109 632 1148 non
660 1094 1011 1160 absolvitur,
1056 1095 1171 1149 nisi
1199 1095 1367 1164 prius
1399 1094 1533 1165 ejus
1566 1095 1751 1148 satis-

46 1188 51 1193 '
118 1180 263 1235 factio
286 1180 541 1251 jacentis
562 1182 634 1236 ad
668 1182 934 1253 gradum,
967 1183 1064 1238 vel
1092 1183 1165 1237 ad
1212 1198 1389 1237 unam
1418 1182 1625 1240 horam
1657 1180 1750 1234 vi-

117 1269 290 1323 deatur
321 1285 352 1322 a
399 1275 715 1326 conventu.

684 1360 935 1415 CAPUT
983 1361 1142 1415 XIX.

204 1447 532 1519 Ubicunque
567 1450 831 1519 steterit,
871 1450 1149 1522 quomodo
1186 1456 1353 1505 stare
1402 1448 1637 1504 debeat.

170 1534 323 1590 Stans
343 1540 538 1590 autem
556 1542 690 1592 ante
708 1526 985 1593 domuum
1010 1539 1282 1594 abbatem
1298 1539 1390 1593 vel
1409 1537 1747 1608 ubicunque

116 1624 325 1692 steterit,
343 1624 400 1678 id
418 1626 597 1680 etiam
615 1642 733 1682 non
750 1628 906 1699 negti
915 1628 999 1699 git
1020 1631 1081 1682 ut
1112 1628 1322 1682 habeat
1342 1627 1527 1698 pedes
1549 1640 1752 1696 aequa-

105 1712 226 1768 liter
243 1715 620 1784 compositos,
656 1718 712 1770 et
733 1732 1031 1788 nunquam
1054 1717 1127 1771 ab
1149 1716 1402 1771 invicem
1424 1716 1577 1771 inter
1594 1718 1751 1769 stan-

115 1801 227 1855 dum
266 1803 651 1860 divaricatos.

709 1893 961 1949 CAPUT
1000 1895 1129 1949 XX.

166 1979 238 2033 De
254 1980 345 2034 bis
374 1998 502 2052 quae
535 1999 651 2037 non
682 1982 823 2038 licet
876 1983 1084 2040 facere
1121 1983 1243 2039 nisi
1263 1983 1340 2038 ad
1360 1983 1564 2038 horam
1594 1982 1682 2036 lo-

800 2073 1038 2144 quandi

168 2157 369 2212 Exiens
399 2175 430 2213 a
462 2159 745 2229 capitulo,
779 2162 830 2215 si
850 2165 945 2215 est
966 2176 1034 2215 ea
1056 2161 1185 2216 dies
1216 2162 1275 2215 in
1306 2176 1420 2232 qua
1449 2159 1605 2231 loqui
1637 2172 1757 2214 non

112 2246 438 2316 prohibetur,
476 2248 829 2319 priusquam
861 2250 1044 2305 ullum
1061 2250 1313 2305 verbum
1336 2250 1509 2318 dicat,
1542 2248 1758 2303 librum

109 2336 287 2406 accipit
335 2340 392 2391 et
450 2336 648 2392 sedet.
711 2338 929 2393 Stando
978 2339 1123 2393 nihil
1180 2339 1417 2394 omnino
1476 2337 1755 2409 loquitur;

109 2425 239 2493 quod
268 2425 551 2495 loquitur,
608 2426 868 2496 loquitur
923 2427 1229 2483 submissa
1288 2443 1455 2483 voce.
1496 2426 1761 2497 Loquela

111 2527 198 2565 sua
225 2517 273 2567 et
293 2513 597 2569 audientia
627 2531 745 2570 non
776 2518 870 2570 est
897 2516 1016 2571 nisi
1054 2517 1125 2573 de
1148 2516 1536 2587 spiritalibus,
1570 2515 1665 2570 vel
1688 2514 1760 2570 de

111 2600 184 2654 his
209 2603 411 2671 quibus
433 2603 576 2659 haec
607 2605 948 2674 temporalis
978 2606 1095 2660 vita
1150 2622 1352 2662 carere
1382 2622 1499 2661 non
1545 2606 1758 2676 potest.

110 2688 158 2742 Si
179 2691 301 2760 quid
328 2707 478 2762 opus
510 2691 699 2746 habet
739 2708 771 2747 a
804 2696 1127 2749 camerario
1158 2711 1452 2766 quaerere,
1481 2697 1622 2748 tunc
1639 2707 1759 2747 ma-

110 2778 234 2833 xime
250 2781 481 2851 quaerit;
514 2781 576 2835 si
599 2796 749 2850 opus
782 2782 958 2837 habet
985 2799 1218 2855 ungues
1241 2799 1469 2854 secare,
1504 2785 1642 2837 tunc
1673 2796 1765 2837 se-

113 2870 212 2936 cat;
240 2869 287 2921 si
316 2884 462 2939 opus
496 2869 990 2940 habetjustitiam
1014 2888 1181 2926 suam
1212 2876 1268 2928 et
1298 2875 1557 2942 pateram
1597 2872 1760 2924 lava-

112 2970 178 3021 re,
198 2959 322 3010 tunc
352 2958 511 3012 lavat
537 2973 551 3027 ;
584 2958 637 3011 si
669 2974 819 3028 opus
852 2960 1029 3015 habet
1052 2961 1350 3016 cultellum
1383 2977 1558 3015 suum
1589 2973 1759 3014 acue-

112 3048 317 3109 rc,lunc
338 3048 493 3101 acuit
535 3047 606 3100 ad
639 3050 829 3102 cotem
859 3049 957 3119 qui
981 3051 1055 3104 ob
1106 3050 1218 3104 hoc
1257 3051 1471 3120 pendet
1504 3051 1561 3103 in
1596 3050 1761 3104 clau-

112 3138 212 3188 stro
230 3153 244 3199 ;
261 3136 311 3189 si
333 3152 482 3207 Opus
508 3136 693 3191 habet
709 3137 849 3208 quid
868 3138 939 3192 de
956 3139 1307 3195 vestimento
1338 3154 1449 3194 suo
1479 3140 1553 3194 ad
1574 3140 1762 3195 solem

112 3224 407 3293 extendere,
434 3230 583 3280 tunc
606 3226 887 3296 extendit,
913 3230 970 3282 et
1001 3228 1153 3283 bene
1203 3228 1535 3284 meminerit
1564 3232 1626 3283 ut
1651 3245 1761 3284 au-

114 3310 232 3365 ferat
257 3318 381 3368 ante
403 3315 808 3384 collationem,
835 3316 950 3384 vel,
985 3317 1037 3370 si
1053 3317 1363 3372 duodecim
1394 3317 1682 3373 lectiones
1701 3318 1761 3371 in

113 3403 347 3469 sequenti
375 3407 559 3458 nocte
591 3403 829 3473 fuerint,
852 3408 984 3460 ante
1016 3421 1338 3476 veSperas;
1372 3407 1423 3460 si
1448 3422 1621 3477 quem
1644 3405 1759 3460 fra-

111 3490 233 3543 trum
261 3490 656 3547 infirmantem
705 3493 951 3549 visitare
994 3495 1268 3563 voluerit,
1314 3500 1451 3550 tunc
1509 3496 1760 3550 maxime

111 3576 293 3634 visitat.
321 3581 382 3636 Si
413 3585 616 3636 autem
650 3585 740 3637 est
769 3584 996 3654 absque
1028 3584 1357 3639 obedientia
1389 3587 1669 3656 quantum
1686 3585 1759 3639 ad

112 3664 359 3736 hospites,
419 3674 656 3725 tantum
686 3671 945 3742 loquitur
986 3674 1058 3727 ad
1108 3689 1463 3745 quamquam
1508 3674 1759 3727 famulo-

110 3769 237 3823 rum,
268 3760 373 3811 nisi
398 3777 542 3814 cum
573 3760 827 3815 licentia.
862 3762 1021 3815 Nihil
1080 3764 1333 3833 appellat
1379 3762 1760 3834 singulariter

112 3857 275 3914 suum,
307 3849 408 3903 sed
442 3849 524 3901 ad
551 3850 744 3903 omnia
776 3850 913 3904 dicit
949 3854 1238 3917 nostrum,
1274 3852 1389 3905 nisi
1421 3852 1490 3905 de
1511 3856 1671 3921 patre
1703 3854 1759 3904 et

112 3938 295 4004 matre;
324 3938 394 3992 de
426 3938 532 3991 his
584 3940 736 3992 solet
770 3939 1016 3994 licenter
1051 3939 1168 3993 dici
1216 3956 1385 3995 meus
1419 3945 1475 3995 et
1506 3955 1636 3994 mea
1661 3940 1759 3994 .Si

112 4036 255 4090 quem
281 4024 523 4080 fratrem
554 4028 801 4095 appella,
837 4044 1132 4099 nunquam
1187 4045 1330 4098 puro
1378 4029 1613 4083 nomine
1652 4045 1758 4099 ap-

112 4112 276 4180 pellat,
306 4116 422 4169 nisi
452 4117 715 4170 domnus
737 4116 1041 4188 adjungat,
1063 4122 1119 4172 et
1150 4134 1366 4188 pueros
1411 4118 1626 4173 fratres
1648 4134 1758 4173 no-

112 4199 288 4270 minat;
317 4205 454 4257 item
482 4204 791 4274 proprium
820 4221 1035 4260 nomen
1065 4207 1356 4275 dicturus,
1393 4222 1630 4278 semper
1646 4207 1757 4262 fra-

112 4288 183 4340 ter
210 4293 528 4360 praemittit.

686 4381 940 4438 CAPUT
992 4385 1147 4440 XXI.

518 4472 608 4527 De
630 4473 952 4528 minutione
1000 4474 1331 4545 sanguinis.

168 4554 221 4609 Si
245 4560 496 4615 voluerit
523 4562 880 4633 sanguinem
910 4562 1195 4633 minuere,
1237 4564 1371 4635 ipsa
1422 4564 1587 4633 hora,
1644 4579 1761 4634 qua

1856 826 2168 898 sanguinis
2189 826 2497 881 diminutio
2516 825 2861 894 inchoatur;
2884 824 3186 879 silentium
3203 826 3378 889 tenet,
3410 822 3530 877 nisi

1860 915 2156 969 modicum
2188 915 2330 986 quid
2352 915 2505 969 dicat
2535 915 2607 969 de
2636 914 2747 968 hoc
2770 913 2925 984 quod
2945 913 3100 967 inter
3119 928 3328 966 manus
3351 913 3537 969 habe-

1859 1006 1976 1058 tur.
2008 1003 2240 1058 Abhinc
2270 1017 2530 1074 surgens
2579 1003 2779 1058 statim
2827 1002 2989 1057 venit
3018 1002 3079 1055 in
3127 1001 3532 1071 refectorium,

1860 1092 2219 1163 aliquantum
2251 1093 2322 1147 de
2346 1092 2496 1147 libra
2518 1108 2626 1146 sua
2658 1106 3011 1146 comesurus
3032 1093 3090 1145 et
3106 1091 3178 1145 de
3210 1089 3348 1144 vino
3378 1090 3532 1145 bibi-

1857 1182 2060 1250 turus;
2094 1182 2249 1235 sicut
2270 1182 2441 1235 etiam
2471 1197 2579 1251 per
2607 1180 2735 1234 dies
2769 1179 3043 1251 geminos
3068 1181 3417 1249 sequentes.
3452 1179 3545 1234 Ad

1860 1269 2167 1338 prandium
2187 1271 2240 1324 si
2263 1269 2359 1324 alii
2392 1269 2610 1324 habent
2656 1269 2990 1339 pitantiam,
3028 1268 3127 1323 ille
3158 1267 3456 1338 generale,
3489 1270 3548 1323 et

1863 1357 1934 1411 ad
1966 1373 2189 1413 coenam
2217 1374 2327 1413 ova
2356 1359 2487 1412 tria.
2517 1357 2578 1412 Si
2611 1360 2703 1413 est
2734 1362 2966 1427 tempus
2996 1356 3265 1426 hiemale,
3298 1356 3529 1411 scilicet

1864 1462 1897 1500 a
1928 1446 2208 1503 Kalendis
2237 1447 2512 1503 Octobris
2536 1462 2725 1518 usque
2754 1446 2828 1500 ad
2852 1445 3380 1517 Quadragesiman,
3406 1447 3462 1500 et
3482 1446 3536 1500 si

1863 1522 2079 1591 fratres
2099 1538 2459 1609 generaliter
2479 1552 2596 1591 non
2613 1536 2730 1590 nisi
2750 1536 2936 1591 semel
2967 1534 3255 1604 reﬁciunt,
3280 1535 3417 1589 tunc
3440 1535 3537 1590 ille

1861 1630 1998 1696 post
2019 1641 2305 1697 vesperas
2336 1628 2545 1681 coenat.
2578 1624 2853 1680 Secundo
2887 1628 2943 1679 et
2974 1623 3143 1677 tertio
3173 1622 3266 1677 die
3286 1625 3421 1692 post
3438 1638 3540 1677 ca-

1862 1715 2110 1786 pitulum
2140 1715 2386 1770 veniens
2409 1716 2471 1769 in
2497 1713 2895 1783 refectorium,
2934 1712 3073 1767 dicit
3104 1726 3343 1766 versum
3372 1711 3535 1766 refe-

1865 1805 2175 1860 ctionalem
2204 1803 2381 1858 simul
2415 1819 2549 1858 cum
2597 1802 2822 1873 pueris,
2847 1805 2903 1856 et
2958 1800 3173 1856 habeat
3209 1799 3317 1854 tria
3371 1802 3540 1856 cocta

1864 1894 2196 1965 pulmenta;
2227 1893 2321 1948 die
2354 1895 2580 1963 quarta,
2624 1892 2786 1947 casei
2819 1891 3227 1962 quadrantem,
3258 1890 3351 1944 vel
3382 1887 3541 1961 quod

1864 1986 2090 2039 tantum
2107 1983 2277 2038 valet.
2311 1981 2436 2047 Quo
2483 1981 2576 2037 die
2623 1981 2846 2036 inclutis
2887 1994 3123 2051 quoque
3164 1978 3536 2034 diurnalibus

1867 2073 1941 2127 ad
1972 2072 2219 2143 primam
2249 2071 2401 2126 redit
2429 2072 2489 2125 in
2520 2071 2787 2125 chorum.
2827 2069 2918 2123 Ad
2957 2070 3282 2124 nocturnos
3314 2067 3409 2123 his
3432 2067 3540 2122 tri-

1868 2163 1983 2217 bus
2009 2161 2285 2216 noctibus
2314 2160 2368 2215 si
2410 2159 2787 2228 obdormivit,
2831 2173 3004 2213 nemo
3055 2173 3190 2212 eum
3235 2173 3368 2212 cum
3399 2157 3542 2211 abs-

1871 2267 2057 2307 consa
2083 2249 2449 2321 inquietabit,
2475 2249 2582 2304 sed
2613 2248 2785 2302 etiam
2816 2247 2888 2302 ad
2905 2246 3279 2301 intervallum
3310 2245 3370 2299 in
3392 2246 3543 2300 lecto

1871 2356 1981 2396 suo
2010 2338 2300 2409 pausavit,
2334 2354 2444 2393 nec
2466 2336 2830 2408 permissum
2860 2338 2954 2390 est
2983 2334 3216 2389 veniam
3248 2337 3450 2404 petere
3482 2333 3543 2390 in

1873 2428 2146 2499 capitulo,
2181 2428 2236 2481 si
2264 2427 2402 2499 quid
2434 2427 2487 2481 ei
2510 2424 2890 2481 reclamatum
2914 2425 3007 2478 est
3035 2422 3107 2478 de
3138 2422 3260 2488 illo,
3292 2426 3350 2477 et
3379 2426 3540 2479 stare

1869 2517 2085 2589 jussus
2106 2532 2212 2588 pro
2244 2516 2416 2570 venia
2447 2515 2765 2569 inclinavit.
2803 2513 2983 2570 Cavet
3013 2518 3208 2567 autem
3231 2527 3301 2568 eo
3325 2510 3418 2567 die
3456 2510 3540 2566 mi

1873 2622 2075 2676 nuere,
2108 2607 2167 2660 in
2197 2605 2372 2677 cujus
2402 2605 2676 2676 sequenti
2707 2605 2877 2659 nocte
2914 2601 3225 2657 duodecim
3280 2601 3427 2655 ﬁunt
3453 2600 3543 2655 le-

1875 2695 2124 2763 ctiones,
2156 2695 2273 2749 nisi
2312 2694 2373 2749 in
2415 2692 3079 2763 Quadragesima;tune
3128 2704 3368 2760 semper
3400 2690 3455 2743 et
3483 2689 3543 2744 in

1874 2783 2130 2839 Sabbato
2152 2784 2615 2855 post‘vesperas
2667 2781 2892 2851 minuit,
2926 2796 3034 2852 pro
3079 2795 3149 2835 eo
3196 2778 3432 2850 quodin
3449 2777 3544 2832 die

1877 2874 2177 2928 Dominica
2206 2888 2323 2927 non
2349 2871 2682 2944 jejunabit;
2716 2871 2775 2926 in
2830 2886 2945 2943 qua
2976 2869 3114 2941 quia
3152 2868 3422 2923 facturus
3451 2868 3547 2922 est

1873 2963 2021 3019 foris
2041 2963 2362 3017 claustrum
2393 2960 2861 3031 processionem,
2894 2958 3080 3013 induit
3111 2972 3347 3029 quoque
3378 2955 3545 3010 diur-

1871 3052 2072 3116 nales;
2098 3054 2232 3122 post
2253 3049 2699 3119 completorium
2721 3049 2792 3104 de
2823 3048 3014 3103 tribus
3037 3045 3407 3102 orationibus
3425 3059 3545 3099 non

1871 3143 1989 3197 nisi
2020 3156 2193 3196 unam
2224 3139 2383 3210 facit,
2418 3141 2474 3194 et
2502 3138 2641 3193 exit.
3532 3151 3543 3154 ·

2467 3226 2719 3282 CAPUT
2757 3225 2941 3281 XXII.

1876 3318 1995 3385 Qua
2018 3316 2332 3389 disciplina
2351 3316 2413 3370 in
2445 3315 2699 3371 ecclesia
2733 3317 2963 3369 maneat
2985 3312 3061 3368 ad
3089 3310 3374 3367 solemnia
3396 3308 3542 3363 mis-

2594 3420 2815 3458 sarum.

1942 3497 2055 3551 Sed
2089 3499 2151 3551 ut
2180 3494 2516 3565 redeam‘ad
2547 3494 2743 3549 locum
2785 3492 2941 3547 unde
2969 3489 3276 3560 paululum
3308 3485 3541 3555 diverti,

1870 3584 2395 3656 interloquendum
2426 3584 2478 3638 si
2517 3582 2588 3637 ad
2619 3582 2825 3637 horam
2874 3580 3116 3651 signum
3151 3575 3403 3633 audierit
3443 3590 3541 3630 re-

1871 3675 2156 3746 gularem,
2178 3676 2232 3728 et
2253 3674 2304 3728 si
2327 3673 2493 3729 estin
2546 3672 2825 3741 claustro,
2858 3670 3054 3740 ipsum
3102 3667 3351 3723 verbum
3384 3663 3545 3736 quod

1871 3763 2047 3818 habet
2076 3764 2135 3817 in
2169 3778 2273 3818 ore
2304 3779 2420 3817 non
2447 3762 2697 3833 perficit,
2730 3760 2837 3815 sed
2868 3760 3145 3815 continuo
3176 3759 3330 3811 tacet
3362 3757 3420 3809 et
3453 3768 3548 3810 oc-

1871 3854 2053 3908 currit
2083 3854 2155 3907 ad
2186 3854 2512 3908 orationem
2558 3852 2887 3919 interesse;
2922 3848 3089 3904 sedet
3118 3847 3178 3901 in
3241 3845 3445 3911 choro,
3492 3845 3551 3898 et

1870 3958 2181 4013 quousque
2213 3941 2497 3995 sacerdos
2520 3939 2764 3994 missam
2783 3940 3127 3993 cantaturus
3148 3936 3228 3990 sit
3256 3934 3532 4001 vestitus,

1870 4031 2114 4085 intendit
2141 4030 2396 4084 lectioni.
2433 4029 2479 4082 A
2532 4045 2647 4099 quo
2697 4031 2892 4082 tamen
2940 4027 3199 4098 primum
3230 4025 3407 4079 ictum
3449 4036 3548 4077 se-

1872 4120 2046 4174 cundi
2070 4118 2227 4191 signi
2259 4118 2526 4187 audierit,
2548 4117 2704 4171 illico
2734 4119 2933 4171 cessat
2961 4115 3252 4186 etsurgit,
3273 4113 3446 4167 etiam
3460 4110 3531 4164 ad

1870 4209 1986 4263 duo
2006 4207 2181 4279 signa
2209 4222 2341 4278 quae
2370 4206 2679 4275 pulsantur
2700 4206 2772 4259 ad
2800 4218 3112 4273 vesperas,
3144 4202 3238 4256 vel
3270 4199 3540 4271 quoties-

1869 4312 2100 4367 cunque
2130 4295 2320 4351 omnia
2355 4295 2529 4366 signa
2562 4293 2890 4364 pulsantur.
2924 4289 3193 4359 Veniam,
3226 4303 3403 4359 quam
3430 4302 3539 4357 pe-

1868 4386 1953 4454 tit,
1982 4385 2297 4457 diligenter
2327 4383 2605 4439 observat
2627 4397 2699 4436 ne
2720 4395 2977 4451 unquam
2997 4377 3229 4434 tardius
3259 4376 3354 4431 vel
3387 4374 3549 4430 cele-

1869 4475 1997 4530 rius
2026 4489 2202 4546 quam
2224 4472 2320 4526 alii
2340 4476 2525 4543 petat;
2549 4487 2682 4526 cum
2704 4470 2837 4525 aliis
2870 4484 2938 4524 se
2969 4464 3453 4524 submittentibus
3478 4478 3548 4519 se

1873 4563 2182 4629 submittit,
2208 4577 2341 4617 cum
2357 4560 2490 4616 aliis
2522 4576 2589 4615 se
2608 4559 2945 4616 levantibus
2967 4573 3034 4614 se
3055 4558 3210 4612 levat
3226 4556 3298 4611 ad
3316 4552 3549 4621 venias,

112 4640 169 4695 de
207 4648 451 4717 capitulo
502 4651 734 4718 exierit,
775 4651 1071 4706 licentiam
1121 4653 1353 4722 quaerit.
1407 4652 1479 4706 Et
1526 4655 1589 4707 ut
1647 4645 1837 4707 hocD
1871 4655 1945 4709 ad
1973 4668 2183 4725 preces
2207 4654 2261 4706 et
2309 4651 2383 4705 ad
2441 4651 2761 4705 orationes.
2811 4649 2961 4703 Aliis
3009 4663 3128 4703 non
3182 4642 3541 4716 legentibus,

114 4734 255 4788 modo
285 4752 398 4807 quo
434 4739 533 4792 ﬁat
565 4740 773 4793 ordine
806 4755 1166 4809 persequar:
1211 4744 1451 4811 accepta
1498 4741 1758 4810 licentia,

113 4821 242 4876 vadit
268 4827 335 4879 ad
358 4829 735 4883 cellerarium
766 4830 1129 4883 voluntatem
1162 4845 1329 4883 suam
1384 4831 1669 4897 indicare,
1701 4833 1763 4884 ut

116 4912 385 4971 I’mvideat
437 4916 720 4970 famulum
772 4917 844 4971 ad
903 4916 1250 4988 liujusmodi
1306 4918 1643 4987 deputatum
1704 4919 1763 4971 in

115 5004 364 5070 promptu
396 5020 538 5059 esse
569 5010 703 5075 post
732 5005 1118 5077 Evangelium
1155 5007 1357 5061 missae
1386 5005 1654 5076 majoris.
1681 5005 1765 5060 Eo

116 5098 338 5158 namque
372 5098 669 5148 momento
700 5095 1038 5149 abscedens
1072 5095 1142 5149 de
1175 5095 1427 5149 ecclesia
1462 5095 1648 5148 induit
1669 5110 1768 5149 no-

110 5175 402 5265 cturnates,
438 5198 555 5237 non
585 5184 735 5237 alios
766 5184 1004 5254 quidem
1037 5199 1228 5255 usque
1258 5183 1319 5237 in
1350 5184 1505 5238 diem
1527 5183 1766 5238 tartium

108 5262 414 5336 induturus,
450 5286 559 5325 nec
592 5272 842 5328 chorum
892 5273 1240 5328 intraturus.
1285 5272 1645 5344 Tollensque
1675 5270 1767 5326 fa-

115 5349 275 5408 sciam
303 5357 374 5411 dc
409 5361 559 5415 lecto
582 5378 692 5416 suo
713 5362 787 5416 ad
820 5362 931 5417 hoc
987 5363 1413 5432 necessariam,
1473 5362 1673 5434 pergit
1708 5361 1769 5416 in

112 5444 398 5510 coquinam
433 5451 797 5521 regularem,
834 5451 934 5505 ubi
968 5451 1277 5507 brachium
1308 5466 1485 5506 suum
1513 5450 1770 5506 denudat

120 5531 164 5578 et
190 5534 446 5591 calefacit
472 5554 485 5608 ;
512 5542 680 5593 vocat
700 5539 981 5595 famulum
1002 5542 1311 5610 praefatum
1343 5542 1521 5613 signo
1553 5543 1772 5595 tantum

122 5630 189 5673 ex
207 5624 524 5697 ccllerario,
554 5628 831 5699 ducitque
883 5644 1088 5683 secum
1143 5629 1217 5684 ad
1262 5630 1422 5684 illam
1470 5630 1774 5685 minuendi

119 5702 404 5784 Sanguinis
427 5716 738 5773 ofﬁcinam.
790 5718 1149 5789 Priusquam
1197 5718 1339 5790 quid
1372 5718 1530 5775 aliud
1561 5718 1755 5789 faciat,

1871 4759 1980 4798 nec
2011 4742 2167 4797 aliud
2198 4756 2372 4813 quam
2403 4740 2597 4795 solum
2619 4738 2881 4793 officium
2908 4736 3175 4792 divinum
3197 4729 3549 4789 attendenti-

1872 4831 2008 4900 bus,
2043 4832 2172 4901 ipse
2201 4845 2435 4901 quoque
2466 4843 2762 4899 nunquam
2795 4827 3011 4882 librum
3030 4824 3215 4895 aperit
3237 4821 3310 4875 ad
3340 4820 3552 4892 legen-

1874 4919 2032 4987 dum,
2064 4919 2318 4973 maxime
2376 4919 2435 4972 in
2490 4919 2692 4986 choro,
2726 4916 2842 4971 nisi
2903 4911 3217 4985 aliquando
3273 4907 3550 4978 antipho-

1877 5008 2104 5063 narium
2134 5007 2205 5061 ad
2237 5005 2523 5078 majorem
2555 5006 2798 5059 missam
2844 5005 3087 5074 propter
3114 5000 3371 5070 aliquem
3402 5011 3546 5068 gra-

1877 5096 2103 5150 viorem
2122 5097 2354 5150 cantum
2375 5094 2517 5165 quid
2538 5093 2608 5148 ad
2640 5107 2910 5163 praesens
2931 5091 3216 5156 cantatur,
3241 5085 3336 5140 vel
3356 5084 3428 5139 ad
3452 5098 3553 5138 ve-

1883 5200 2094 5255 speras
2123 5184 2337 5238 librum
2383 5183 2735 5253 hymnorum
2780 5181 3022 5250 propter
3077 5176 3332 5246 aliquem
3389 5172 3554 5244 hym-

1882 5290 2020 5329 num
2050 5288 2119 5328 ea
2149 5272 2277 5327 vice
2308 5271 2669 5333 canendum;
2705 5271 2762 5324 et
2793 5269 2844 5323 si
2893 5265 3179 5321 sacerdos
3211 5266 3304 5319 est
3334 5261 3553 5317 hebdo-

1882 5363 2202 5431 madarius,
2235 5361 2295 5416 in
2326 5359 2686 5414 collectanea
2715 5357 2853 5412 licet
2881 5356 2933 5412 ei
2954 5355 3109 5427 quod
3142 5369 3293 5425 Opus
3326 5351 3555 5406 habue-

1885 5452 1979 5522 rit,
2011 5450 2242 5520 videre;
2274 5452 2371 5503 aut
2393 5448 2445 5501 si
2477 5449 2663 5502 lector
2693 5450 2784 5502 est
2812 5446 2874 5500 in
2917 5442 3231 5500 refectorio
3252 5483 3267 5512 ,
3301 5444 3357 5496 et
3381 5439 3555 5511 juve-

1886 5541 1981 5594 nis
2010 5539 2202 5592 adhuc
2248 5536 2556 5610 positusin
2607 5534 2896 5603 custodia,
2938 5533 3010 5587 ad
3058 5534 3365 5600 utramque
3414 5526 3555 5580 mis-

1889 5645 2037 5697 sam,
2079 5628 2132 5682 si
2187 5625 2459 5692 voluerit,
2520 5624 2579 5678 in
2635 5624 2819 5679 choro
2877 5621 3164 5694 praevidet
3216 5617 3552 5673 lectionem.

1886 5717 2089 5790 Signa,
2122 5733 2256 5791 quae
2306 5730 2439 5769 cum
2497 5730 2672 5769 manu
2730 5714 2875 5770 fiunt
2920 5727 3027 5784 pro
3082 5709 3400 5774 locutione,
3437 5715 3555 5761 non
