  <div class='ocr_page' id='page_1' title='image "/cluster/home/n/w/nwhite01/storage/ocr_20150623/149/hvd.32044054760079/361.png"; bbox 0 0 3956 6176; ppageno 0'>
   <div class='ocr_carea' id='block_1_1' title="bbox 427 319 3777 407">
    <p class='ocr_par' dir='ltr' id='par_1_1' title="bbox 427 319 3777 407">
     <span class='ocr_line' id='line_1_1' title="bbox 427 319 3777 407; baseline 0.011 -36"><span class='ocrx_word' id='word_1_1' title='bbox 427 323 536 391; x_wconf 59' lang='grc' dir='ltr'><strong>7η</strong></span> <span class='ocrx_word' id='word_1_2' title='bbox 1435 319 1818 388; x_wconf 78' lang='lat' dir='ltr'><strong>UDAL‘RICI</strong></span> <span class='ocrx_word' id='word_1_3' title='bbox 1868 319 2467 392; x_wconf 80' lang='lat' dir='ltr'><strong>CLUNIACENSIS</strong></span> <span class='ocrx_word' id='word_1_4' title='bbox 2511 325 2893 393; x_wconf 73' lang='lat' dir='ltr'><strong>MONACHI</strong></span> <span class='ocrx_word' id='word_1_5' title='bbox 3688 324 3777 407; x_wconf 59' lang='grc'><strong>719</strong></span> 
     </span>
    </p>
   </div>
   <div class='ocr_carea' id='block_1_2' title="bbox 369 532 3786 613">
    <p class='ocr_par' dir='ltr' id='par_1_2' title="bbox 369 532 3786 613">
     <span class='ocr_line' id='line_1_2' title="bbox 369 532 3786 613; baseline -0.001 -16"><span class='ocrx_word' id='word_1_6' title='bbox 369 532 375 541; x_wconf 75' lang='grc'><em>’</em></span> <span class='ocrx_word' id='word_1_7' title='bbox 427 541 579 597; x_wconf 89' lang='lat' dir='ltr'><strong>amat</strong></span> <span class='ocrx_word' id='word_1_8' title='bbox 619 539 959 613; x_wconf 81' lang='lat' dir='ltr'><strong>frequenter</strong></span> <span class='ocrx_word' id='word_1_9' title='bbox 1002 538 1216 607; x_wconf 82' lang='lat' dir='ltr'><strong>facere,</strong></span> <span class='ocrx_word' id='word_1_10' title='bbox 1250 539 1543 594; x_wconf 72' lang='lat' dir='ltr'><strong>conventu</strong></span> <span class='ocrx_word' id='word_1_11' title='bbox 1580 534 1832 591; x_wconf 75' lang='lat' dir='ltr'><strong>maxime</strong></span> <span class='ocrx_word' id='word_1_12' title='bbox 1863 549 2111 591; x_wconf 84' lang='lat' dir='ltr'><strong>cernen-</strong></span> <span class='ocrx_word' id='word_1_13' title='bbox 2133 533 2187 603; x_wconf 73' lang='grc' dir='ltr'><strong>Ᾱ</strong></span> <span class='ocrx_word' id='word_1_14' title='bbox 2226 537 2482 605; x_wconf 85' lang='lat' dir='ltr'><strong>teantur,</strong></span> <span class='ocrx_word' id='word_1_15' title='bbox 2516 537 2651 599; x_wconf 91' lang='lat' dir='ltr'><strong>etc.,</strong></span> <span class='ocrx_word' id='word_1_16' title='bbox 2684 533 2939 598; x_wconf 80' lang='lat' dir='ltr'><strong>inclinis,</strong></span> <span class='ocrx_word' id='word_1_17' title='bbox 2981 533 3180 590; x_wconf 77' lang='lat' dir='ltr'><strong>Gloria</strong></span> <span class='ocrx_word' id='word_1_18' title='bbox 3208 534 3381 589; x_wconf 85' lang='lat' dir='ltr'><strong>Patri</strong></span> <span class='ocrx_word' id='word_1_19' title='bbox 3398 552 3410 601; x_wconf 88' lang='lat'><strong>;</strong></span> <span class='ocrx_word' id='word_1_20' title='bbox 3443 537 3662 605; x_wconf 87' lang='lat' dir='ltr'><strong>erectus,</strong></span> <span class='ocrx_word' id='word_1_21' title='bbox 3681 538 3786 610; x_wconf 79' lang='lat' dir='ltr'><strong>Agi-</strong></span> 
     </span>
    </p>
   </div>
   <div class='ocr_carea' id='block_1_3' title="bbox 424 624 3785 702">
    <p class='ocr_par' dir='ltr' id='par_1_3' title="bbox 424 624 3785 702">
     <span class='ocr_line' id='line_1_3' title="bbox 424 624 3785 702; baseline -0.002 -13"><span class='ocrx_word' id='word_1_22' title='bbox 424 636 502 702; x_wconf 91' lang='lat' dir='ltr'><strong>te,</strong></span> <span class='ocrx_word' id='word_1_23' title='bbox 561 633 618 686; x_wconf 91' lang='lat' dir='ltr'><strong>et</strong></span> <span class='ocrx_word' id='word_1_24' title='bbox 673 631 907 702; x_wconf 88' lang='lat' dir='ltr'><strong>quoties</strong></span> <span class='ocrx_word' id='word_1_25' title='bbox 940 630 1094 699; x_wconf 83' lang='lat' dir='ltr'><strong>facit,</strong></span> <span class='ocrx_word' id='word_1_26' title='bbox 1115 628 1254 684; x_wconf 82' lang='lat' dir='ltr'><strong>facit</strong></span> <span class='ocrx_word' id='word_1_27' title='bbox 1279 631 1621 683; x_wconf 86' lang='lat' dir='ltr'><strong>reverenter</strong></span> <span class='ocrx_word' id='word_1_28' title='bbox 1635 631 1688 681; x_wconf 89' lang='lat' dir='ltr'><strong>et</strong></span> <span class='ocrx_word' id='word_1_29' title='bbox 1715 642 1817 697; x_wconf 88' lang='lat' dir='ltr'><strong>pro</strong></span> <span class='ocrx_word' id='word_1_30' title='bbox 1842 624 2113 680; x_wconf 88' lang='lat' dir='ltr'><strong>necessi-</strong></span> <span class='ocrx_word' id='word_1_31' title='bbox 2223 640 2353 677; x_wconf 86' lang='lat' dir='ltr'><strong>mus</strong></span> <span class='ocrx_word' id='word_1_32' title='bbox 2385 624 2516 695; x_wconf 88' lang='lat' dir='ltr'><strong>tibi,</strong></span> <span class='ocrx_word' id='word_1_33' title='bbox 2561 628 2697 695; x_wconf 87' lang='lat' dir='ltr'><strong>etc.,</strong></span> <span class='ocrx_word' id='word_1_34' title='bbox 2728 625 2781 678; x_wconf 89' lang='lat' dir='ltr'><strong>si</strong></span> <span class='ocrx_word' id='word_1_35' title='bbox 2813 640 3000 693; x_wconf 86' lang='lat' dir='ltr'><strong>coena,</strong></span> <span class='ocrx_word' id='word_1_36' title='bbox 3032 624 3372 679; x_wconf 82' lang='lat' dir='ltr'><strong>Memoriam</strong></span> <span class='ocrx_word' id='word_1_37' title='bbox 3400 624 3550 694; x_wconf 76' lang='lat' dir='ltr'><strong>fecit,</strong></span> <span class='ocrx_word' id='word_1_38' title='bbox 3594 629 3702 694; x_wconf 89' lang='lat' dir='ltr'><strong>etc.,</strong></span> <span class='ocrx_word' id='word_1_39' title='bbox 3727 631 3785 695; x_wconf 90' lang='lat' dir='ltr'><strong>et,</strong></span> 
     </span>
    </p>
   </div>
   <div class='ocr_carea' id='block_1_4' title="bbox 424 712 3790 790">
    <p class='ocr_par' dir='ltr' id='par_1_4' title="bbox 424 712 3790 790">
     <span class='ocr_line' id='line_1_4' title="bbox 424 712 3790 790; baseline -0.001 -16"><span class='ocrx_word' id='word_1_40' title='bbox 424 722 561 790; x_wconf 78' lang='lat' dir='ltr'><strong>tate,</strong></span> <span class='ocrx_word' id='word_1_41' title='bbox 606 723 662 775; x_wconf 87' lang='lat' dir='ltr'><strong>et</strong></span> <span class='ocrx_word' id='word_1_42' title='bbox 715 735 1015 790; x_wconf 83' lang='lat' dir='ltr'><strong>nunquam</strong></span> <span class='ocrx_word' id='word_1_43' title='bbox 1068 719 1293 790; x_wconf 83' lang='lat' dir='ltr'><strong>absque</strong></span> <span class='ocrx_word' id='word_1_44' title='bbox 1342 717 1596 788; x_wconf 84' lang='lat' dir='ltr'><strong>alicujus</strong></span> <span class='ocrx_word' id='word_1_45' title='bbox 1642 716 1906 771; x_wconf 80' lang='lat' dir='ltr'><strong>utilitatis</strong></span> <span class='ocrx_word' id='word_1_46' title='bbox 1937 713 2111 768; x_wconf 87' lang='lat' dir='ltr'><strong>ratio-</strong></span> <span class='ocrx_word' id='word_1_47' title='bbox 2224 712 2590 771; x_wconf 78' lang='lat' dir='ltr'><strong>Benedictus</strong></span> <span class='ocrx_word' id='word_1_48' title='bbox 2626 715 2805 783; x_wconf 87' lang='lat' dir='ltr'><strong>Deus,</strong></span> <span class='ocrx_word' id='word_1_49' title='bbox 2836 718 2988 780; x_wconf 88' lang='lat' dir='ltr'><strong>etc.;</strong></span> <span class='ocrx_word' id='word_1_50' title='bbox 3023 714 3173 768; x_wconf 84' lang='lat' dir='ltr'><strong>facto</strong></span> <span class='ocrx_word' id='word_1_51' title='bbox 3209 717 3336 767; x_wconf 89' lang='lat' dir='ltr'><strong>ante</strong></span> <span class='ocrx_word' id='word_1_52' title='bbox 3364 717 3417 767; x_wconf 91' lang='lat' dir='ltr'><strong>et</strong></span> <span class='ocrx_word' id='word_1_53' title='bbox 3458 717 3596 769; x_wconf 88' lang='lat' dir='ltr'><strong>retro</strong></span> <span class='ocrx_word' id='word_1_54' title='bbox 3621 715 3790 770; x_wconf 77' lang='lat' dir='ltr'><strong>incedit</strong></span> 
     </span>
    </p>
   </div>
   <div class='ocr_carea' id='block_1_5' title="bbox 430 802 3788 878">
    <p class='ocr_par' dir='ltr' id='par_1_5' title="bbox 430 802 3788 878">
     <span class='ocr_line' id='line_1_5' title="bbox 430 802 3788 878; baseline -0.002 -14"><span class='ocrx_word' id='word_1_55' title='bbox 430 825 525 878; x_wconf 91' lang='lat' dir='ltr'><strong>ne,</strong></span> <span class='ocrx_word' id='word_1_56' title='bbox 562 815 623 864; x_wconf 87' lang='lat' dir='ltr'><strong>ut</strong></span> <span class='ocrx_word' id='word_1_57' title='bbox 674 812 886 863; x_wconf 85' lang='lat' dir='ltr'><strong>caetera</strong></span> <span class='ocrx_word' id='word_1_58' title='bbox 938 808 1218 875; x_wconf 90' lang='lat' dir='ltr'><strong>membra,</strong></span> <span class='ocrx_word' id='word_1_59' title='bbox 1265 807 1343 861; x_wconf 93' lang='lat' dir='ltr'><strong>ita</strong></span> <span class='ocrx_word' id='word_1_60' title='bbox 1396 808 1592 878; x_wconf 91' lang='lat' dir='ltr'><strong>ipsum</strong></span> <span class='ocrx_word' id='word_1_61' title='bbox 1634 820 1867 875; x_wconf 91' lang='lat' dir='ltr'><strong>quoque</strong></span> <span class='ocrx_word' id='word_1_62' title='bbox 1914 803 2111 857; x_wconf 84' lang='lat' dir='ltr'><strong>visum</strong></span> <span class='ocrx_word' id='word_1_63' title='bbox 2225 804 2580 874; x_wconf 85' lang='lat' dir='ltr'><strong>pedatentim</strong></span> <span class='ocrx_word' id='word_1_64' title='bbox 2615 804 2899 858; x_wconf 87' lang='lat' dir='ltr'><strong>cantando</strong></span> <span class='ocrx_word' id='word_1_65' title='bbox 2947 802 3255 873; x_wconf 84' lang='lat' dir='ltr'><strong>psalmum,</strong></span> <span class='ocrx_word' id='word_1_66' title='bbox 3307 803 3601 871; x_wconf 70' lang='lat' dir='ltr'><strong>Miserere,</strong></span> <span class='ocrx_word' id='word_1_67' title='bbox 3643 820 3788 875; x_wconf 84' lang='lat' dir='ltr'><strong>usque</strong></span> 
     </span>
    </p>
   </div>
   <div class='ocr_carea' id='block_1_6' title="bbox 433 892 3794 969">
    <p class='ocr_par' dir='ltr' id='par_1_6' title="bbox 433 892 3794 969">
     <span class='ocr_line' id='line_1_6' title="bbox 433 892 3794 969; baseline -0.002 -16"><span class='ocrx_word' id='word_1_68' title='bbox 433 898 671 953; x_wconf 81' lang='lat' dir='ltr'><strong>cohibet</strong></span> <span class='ocrx_word' id='word_1_69' title='bbox 700 915 732 952; x_wconf 91' lang='lat' dir='ltr'><strong>a</strong></span> <span class='ocrx_word' id='word_1_70' title='bbox 760 899 1107 969; x_wconf 82' lang='lat' dir='ltr'><strong>vagacitate.</strong></span> <span class='ocrx_word' id='word_1_71' title='bbox 1143 892 1332 951; x_wconf 78' lang='lat' dir='ltr'><strong>Finita</strong></span> <span class='ocrx_word' id='word_1_72' title='bbox 1372 896 1576 965; x_wconf 89' lang='lat' dir='ltr'><strong>missa,</strong></span> <span class='ocrx_word' id='word_1_73' title='bbox 1613 910 1746 948; x_wconf 92' lang='lat' dir='ltr'><strong>cum</strong></span> <span class='ocrx_word' id='word_1_74' title='bbox 1768 906 1998 948; x_wconf 89' lang='lat' dir='ltr'><strong>summo</strong></span> <span class='ocrx_word' id='word_1_75' title='bbox 2023 892 2111 944; x_wconf 85' lang='lat' dir='ltr'><strong>si-</strong></span> <span class='ocrx_word' id='word_1_76' title='bbox 2225 895 2295 949; x_wconf 84' lang='lat' dir='ltr'><strong>ad</strong></span> <span class='ocrx_word' id='word_1_77' title='bbox 2336 894 2552 948; x_wconf 78' lang='lat' dir='ltr'><strong>ostium</strong></span> <span class='ocrx_word' id='word_1_78' title='bbox 2601 892 2943 961; x_wconf 88' lang='lat' dir='ltr'><strong>refectorii;</strong></span> <span class='ocrx_word' id='word_1_79' title='bbox 2986 892 3184 961; x_wconf 83' lang='lat' dir='ltr'><strong>ibique</strong></span> <span class='ocrx_word' id='word_1_80' title='bbox 3224 907 3289 946; x_wconf 89' lang='lat' dir='ltr'><strong>se</strong></span> <span class='ocrx_word' id='word_1_81' title='bbox 3338 892 3600 945; x_wconf 81' lang='lat' dir='ltr'><strong>inclinans</strong></span> <span class='ocrx_word' id='word_1_82' title='bbox 3640 896 3794 946; x_wconf 86' lang='lat' dir='ltr'><strong>contra</strong></span> 
     </span>
    </p>
   </div>
   <div class='ocr_carea' id='block_1_7' title="bbox 438 976 3796 1058">
    <p class='ocr_par' dir='ltr' id='par_1_7' title="bbox 438 976 3796 1058">
     <span class='ocr_line' id='line_1_7' title="bbox 438 976 3796 1058; baseline -0.002 -17"><span class='ocrx_word' id='word_1_83' title='bbox 438 984 618 1042; x_wconf 90' lang='lat' dir='ltr'><strong>lentio</strong></span> <span class='ocrx_word' id='word_1_84' title='bbox 636 987 804 1043; x_wconf 82' lang='lat' dir='ltr'>sedet</span> <span class='ocrx_word' id='word_1_85' title='bbox 825 987 895 1042; x_wconf 88' lang='lat' dir='ltr'><strong>ad</strong></span> <span class='ocrx_word' id='word_1_86' title='bbox 918 987 1224 1042; x_wconf 91' lang='lat' dir='ltr'><strong>lectionem</strong></span> <span class='ocrx_word' id='word_1_87' title='bbox 1254 1000 1567 1058; x_wconf 86' lang='lat' dir='ltr'><strong>quousque</strong></span> <span class='ocrx_word' id='word_1_88' title='bbox 1591 982 1759 1055; x_wconf 86' lang='lat' dir='ltr'><strong>pueri</strong></span> <span class='ocrx_word' id='word_1_89' title='bbox 1775 978 2016 1038; x_wconf 88' lang='lat' dir='ltr'><strong>redeant</strong></span> <span class='ocrx_word' id='word_1_90' title='bbox 2040 976 2112 1035; x_wconf 87' lang='lat' dir='ltr'><strong>de</strong></span> <span class='ocrx_word' id='word_1_91' title='bbox 2226 998 2492 1037; x_wconf 90' lang='lat' dir='ltr'><strong>mensam</strong></span> <span class='ocrx_word' id='word_1_92' title='bbox 2522 981 2927 1052; x_wconf 80' lang='lat' dir='ltr'><strong>principalem,</strong></span> <span class='ocrx_word' id='word_1_93' title='bbox 2962 980 3104 1036; x_wconf 91' lang='lat' dir='ltr'><strong>dicit</strong></span> <span class='ocrx_word' id='word_1_94' title='bbox 3142 982 3332 1036; x_wconf 88' lang='lat' dir='ltr'><strong>omnia</strong></span> <span class='ocrx_word' id='word_1_95' title='bbox 3361 995 3484 1052; x_wconf 74' lang='lat' dir='ltr'><strong>quae</strong></span> <span class='ocrx_word' id='word_1_96' title='bbox 3512 982 3565 1034; x_wconf 91' lang='lat' dir='ltr'><strong>in</strong></span> <span class='ocrx_word' id='word_1_97' title='bbox 3598 981 3796 1035; x_wconf 62' lang='lat' dir='ltr'><strong>ecclesia</strong></span> 
     </span>
    </p>
   </div>
   <div class='ocr_carea' id='block_1_8' title="bbox 440 1069 3798 1139">
    <p class='ocr_par' dir='ltr' id='par_1_8' title="bbox 440 1069 3798 1139">
     <span class='ocr_line' id='line_1_8' title="bbox 440 1069 3798 1139; baseline -0.002 -9"><span class='ocrx_word' id='word_1_98' title='bbox 440 1073 638 1131; x_wconf 89' lang='lat' dir='ltr'><strong>misto.</strong></span> <span class='ocrx_word' id='word_1_99' title='bbox 2225 1071 2499 1126; x_wconf 86' lang='lat' dir='ltr'><strong>dicuntur</strong></span> <span class='ocrx_word' id='word_1_100' title='bbox 2546 1087 2579 1124; x_wconf 90' lang='lat' dir='ltr'><strong>a</strong></span> <span class='ocrx_word' id='word_1_101' title='bbox 2622 1071 2932 1125; x_wconf 79' lang='lat' dir='ltr'><strong>sacerdote</strong></span> <span class='ocrx_word' id='word_1_102' title='bbox 2973 1071 3066 1125; x_wconf 85' lang='lat' dir='ltr'><strong>vel</strong></span> <span class='ocrx_word' id='word_1_103' title='bbox 3106 1085 3139 1123; x_wconf 88' lang='lat' dir='ltr'><strong>a</strong></span> <span class='ocrx_word' id='word_1_104' title='bbox 3175 1074 3476 1139; x_wconf 85' lang='lat' dir='ltr'><strong>conventu,</strong></span> <span class='ocrx_word' id='word_1_105' title='bbox 3507 1069 3559 1122; x_wconf 90' lang='lat' dir='ltr'><strong>id</strong></span> <span class='ocrx_word' id='word_1_106' title='bbox 3585 1072 3678 1136; x_wconf 88' lang='lat' dir='ltr'><strong>est,</strong></span> <span class='ocrx_word' id='word_1_107' title='bbox 3718 1070 3798 1123; x_wconf 85' lang='lat' dir='ltr'><strong>Di-</strong></span> 
     </span>
    </p>
   </div>
   <div class='ocr_carea' id='block_1_9' title="bbox 1023 1156 3802 1235">
    <p class='ocr_par' dir='ltr' id='par_1_9' title="bbox 1023 1156 3802 1235">
     <span class='ocr_line' id='line_1_9' title="bbox 1023 1156 3802 1235; baseline -0.003 -13"><span class='ocrx_word' id='word_1_108' title='bbox 1023 1163 1275 1222; x_wconf 83' lang='lat' dir='ltr'><strong>CAPUT</strong></span> <span class='ocrx_word' id='word_1_109' title='bbox 1314 1163 1525 1220; x_wconf 85' lang='lat' dir='ltr'><strong>XXIII.</strong></span> <span class='ocrx_word' id='word_1_110' title='bbox 2228 1160 2480 1235; x_wconf 83' lang='lat' dir='ltr'><strong>spersit,</strong></span> <span class='ocrx_word' id='word_1_111' title='bbox 2496 1160 2661 1216; x_wconf 83' lang='lat' dir='ltr'><strong>dedit</strong></span> <span class='ocrx_word' id='word_1_112' title='bbox 2675 1159 3059 1234; x_wconf 80' lang='lat' dir='ltr'><strong>pauperibus,</strong></span> <span class='ocrx_word' id='word_1_113' title='bbox 3087 1161 3221 1228; x_wconf 88' lang='lat' dir='ltr'><strong>ete.,</strong></span> <span class='ocrx_word' id='word_1_114' title='bbox 3244 1156 3691 1213; x_wconf 84' lang='lat' dir='ltr'><strong>novissimefacto</strong></span> <span class='ocrx_word' id='word_1_115' title='bbox 3705 1164 3802 1214; x_wconf 83' lang='lat' dir='ltr'><strong>ante</strong></span> 
     </span>
    </p>
   </div>
   <div class='ocr_carea' id='block_1_10' title="bbox 684 1247 3802 1327">
    <p class='ocr_par' dir='ltr' id='par_1_10' title="bbox 684 1247 3802 1327">
     <span class='ocr_line' id='line_1_10' title="bbox 684 1247 3802 1327; baseline -0.004 -15"><span class='ocrx_word' id='word_1_116' title='bbox 684 1254 804 1323; x_wconf 82' lang='lat' dir='ltr'><strong>Qua</strong></span> <span class='ocrx_word' id='word_1_117' title='bbox 827 1254 1140 1327; x_wconf 61' lang='lat' dir='ltr'><strong>disciplina</strong></span> <span class='ocrx_word' id='word_1_118' title='bbox 1175 1262 1403 1310; x_wconf 80' lang='lat' dir='ltr'><strong>maneat</strong></span> <span class='ocrx_word' id='word_1_119' title='bbox 1437 1255 1496 1308; x_wconf 88' lang='lat' dir='ltr'><strong>in</strong></span> <span class='ocrx_word' id='word_1_120' title='bbox 1526 1251 1870 1309; x_wconf 66' lang='lat' dir='ltr'><strong>refeelorio.</strong></span> <span class='ocrx_word' id='word_1_121' title='bbox 2067 1319 2093 1327; x_wconf 86' lang='lat'>_</span> <span class='ocrx_word' id='word_1_122' title='bbox 2230 1255 2286 1306; x_wconf 91' lang='lat' dir='ltr'><strong>et</strong></span> <span class='ocrx_word' id='word_1_123' title='bbox 2314 1257 2471 1305; x_wconf 81' lang='lat' dir='ltr'><strong>retro</strong></span> <span class='ocrx_word' id='word_1_124' title='bbox 2504 1251 2642 1305; x_wconf 81' lang='lat' dir='ltr'><strong>exit.</strong></span> <span class='ocrx_word' id='word_1_125' title='bbox 2677 1248 2841 1315; x_wconf 87' lang='lat' dir='ltr'><strong>Quod</strong></span> <span class='ocrx_word' id='word_1_126' title='bbox 2873 1251 2922 1304; x_wconf 89' lang='lat' dir='ltr'><strong>si</strong></span> <span class='ocrx_word' id='word_1_127' title='bbox 2965 1266 3080 1305; x_wconf 91' lang='lat' dir='ltr'><strong>non</strong></span> <span class='ocrx_word' id='word_1_128' title='bbox 3109 1248 3359 1318; x_wconf 82' lang='lat' dir='ltr'><strong>amplius</strong></span> <span class='ocrx_word' id='word_1_129' title='bbox 3389 1263 3548 1318; x_wconf 89' lang='lat' dir='ltr'><strong>quam</strong></span> <span class='ocrx_word' id='word_1_130' title='bbox 3577 1247 3727 1302; x_wconf 86' lang='lat' dir='ltr'><strong>semel</strong></span> <span class='ocrx_word' id='word_1_131' title='bbox 3750 1261 3802 1300; x_wconf 82' lang='lat' dir='ltr'><strong>eo</strong></span> 
     </span>
    </p>
   </div>
   <div class='ocr_carea' id='block_1_11' title="bbox 514 1319 3806 1417">
    <p class='ocr_par' dir='ltr' id='par_1_11' title="bbox 514 1319 3806 1417">
     <span class='ocr_line' id='line_1_11' title="bbox 514 1319 3806 1417; baseline -0.005 -14"><span class='ocrx_word' id='word_1_132' title='bbox 514 1337 603 1403; x_wconf 77' lang='lat' dir='ltr'><strong>Ad</strong></span> <span class='ocrx_word' id='word_1_133' title='bbox 638 1319 840 1402; x_wconf 73' lang='lat' dir='ltr'><strong>heram</strong></span> <span class='ocrx_word' id='word_1_134' title='bbox 872 1319 1100 1417; x_wconf 65' lang='lat' dir='ltr'><strong>prandii</strong></span> <span class='ocrx_word' id='word_1_135' title='bbox 1141 1338 1235 1399; x_wconf 87' lang='lat' dir='ltr'><strong>vel</strong></span> <span class='ocrx_word' id='word_1_136' title='bbox 1280 1359 1487 1413; x_wconf 68' lang='lat' dir='ltr'><strong>omnes,</strong></span> <span class='ocrx_word' id='word_1_137' title='bbox 1529 1338 1581 1397; x_wconf 89' lang='lat' dir='ltr'><strong>si</strong></span> <span class='ocrx_word' id='word_1_138' title='bbox 1619 1339 1678 1396; x_wconf 89' lang='lat' dir='ltr'><strong>in</strong></span> <span class='ocrx_word' id='word_1_139' title='bbox 1711 1319 2116 1396; x_wconf 73' lang='lat' dir='ltr'><strong>dormitorium</strong></span> <span class='ocrx_word' id='word_1_140' title='bbox 2230 1334 2323 1396; x_wconf 90' lang='lat' dir='ltr'><strong>die</strong></span> <span class='ocrx_word' id='word_1_141' title='bbox 2355 1332 2572 1397; x_wconf 80' lang='lat' dir='ltr'><strong>fratres</strong></span> <span class='ocrx_word' id='word_1_142' title='bbox 2612 1339 2942 1407; x_wconf 86' lang='lat' dir='ltr'><strong>comedunt,</strong></span> <span class='ocrx_word' id='word_1_143' title='bbox 2977 1344 3116 1394; x_wconf 89' lang='lat' dir='ltr'><strong>tunc</strong></span> <span class='ocrx_word' id='word_1_144' title='bbox 3145 1351 3263 1392; x_wconf 89' lang='lat' dir='ltr'><strong>non</strong></span> <span class='ocrx_word' id='word_1_145' title='bbox 3300 1338 3443 1392; x_wconf 87' lang='lat' dir='ltr'><strong>alios</strong></span> <span class='ocrx_word' id='word_1_146' title='bbox 3491 1351 3679 1391; x_wconf 84' lang='lat' dir='ltr'><strong>versus</strong></span> <span class='ocrx_word' id='word_1_147' title='bbox 3702 1335 3806 1389; x_wconf 82' lang='lat' dir='ltr'><strong>dicit</strong></span> 
     </span>
    </p>
   </div>
   <div class='ocr_carea' id='block_1_12' title="bbox 443 1421 3807 1504">
    <p class='ocr_par' dir='ltr' id='par_1_12' title="bbox 443 1421 3807 1504">
     <span class='ocr_line' id='line_1_12' title="bbox 443 1421 3807 1504; baseline -0.006 -9"><span class='ocrx_word' id='word_1_148' title='bbox 443 1452 562 1495; x_wconf 88' lang='lat' dir='ltr'><strong>non</strong></span> <span class='ocrx_word' id='word_1_149' title='bbox 593 1437 879 1504; x_wconf 87' lang='lat' dir='ltr'><strong>ascendit,</strong></span> <span class='ocrx_word' id='word_1_150' title='bbox 916 1436 1125 1490; x_wconf 88' lang='lat' dir='ltr'><strong>lavatis</strong></span> <span class='ocrx_word' id='word_1_151' title='bbox 1174 1435 1446 1488; x_wconf 81' lang='lat' dir='ltr'><strong>manibus</strong></span> <span class='ocrx_word' id='word_1_152' title='bbox 1487 1432 1681 1486; x_wconf 84' lang='lat' dir='ltr'><strong>statim</strong></span> <span class='ocrx_word' id='word_1_153' title='bbox 1725 1430 1899 1484; x_wconf 88' lang='lat' dir='ltr'><strong>intrat</strong></span> <span class='ocrx_word' id='word_1_154' title='bbox 1928 1429 1987 1483; x_wconf 91' lang='lat' dir='ltr'><strong>in</strong></span> <span class='ocrx_word' id='word_1_155' title='bbox 2016 1443 2114 1483; x_wconf 89' lang='lat' dir='ltr'><strong>re-</strong></span> <span class='ocrx_word' id='word_1_156' title='bbox 2230 1445 2406 1502; x_wconf 87' lang='lat' dir='ltr'><strong>quam</strong></span> <span class='ocrx_word' id='word_1_157' title='bbox 2436 1429 2571 1485; x_wconf 90' lang='lat' dir='ltr'><strong>illos</strong></span> <span class='ocrx_word' id='word_1_158' title='bbox 2603 1430 2675 1483; x_wconf 88' lang='lat' dir='ltr'><strong>ad</strong></span> <span class='ocrx_word' id='word_1_159' title='bbox 2726 1443 2953 1483; x_wconf 89' lang='lat' dir='ltr'><strong>coenam</strong></span> <span class='ocrx_word' id='word_1_160' title='bbox 2983 1427 3367 1499; x_wconf 85' lang='lat' dir='ltr'><strong>pertinentes,</strong></span> <span class='ocrx_word' id='word_1_161' title='bbox 3408 1428 3463 1480; x_wconf 89' lang='lat' dir='ltr'><strong>et</strong></span> <span class='ocrx_word' id='word_1_162' title='bbox 3485 1425 3702 1497; x_wconf 75' lang='lat' dir='ltr'><strong>Agitatis</strong></span> <span class='ocrx_word' id='word_1_163' title='bbox 3725 1421 3807 1477; x_wconf 82' lang='lat' dir='ltr'><strong>tibi</strong></span> 
     </span>
    </p>
   </div>
   <div class='ocr_carea' id='block_1_13' title="bbox 444 1512 3809 1594">
    <p class='ocr_par' dir='ltr' id='par_1_13' title="bbox 444 1512 3809 1594">
     <span class='ocr_line' id='line_1_13' title="bbox 444 1512 3809 1594; baseline -0.005 -10"><span class='ocrx_word' id='word_1_164' title='bbox 444 1527 776 1584; x_wconf 74' lang='lat' dir='ltr'><strong>tectorium.</strong></span> <span class='ocrx_word' id='word_1_165' title='bbox 839 1526 927 1581; x_wconf 83' lang='lat' dir='ltr'><strong>Ad</strong></span> <span class='ocrx_word' id='word_1_166' title='bbox 984 1525 1186 1580; x_wconf 87' lang='lat' dir='ltr'><strong>sedem</strong></span> <span class='ocrx_word' id='word_1_167' title='bbox 1236 1538 1404 1578; x_wconf 88' lang='lat' dir='ltr'><strong>suam</strong></span> <span class='ocrx_word' id='word_1_168' title='bbox 1464 1523 1615 1578; x_wconf 88' lang='lat' dir='ltr'><strong>facto</strong></span> <span class='ocrx_word' id='word_1_169' title='bbox 1677 1523 1806 1575; x_wconf 86' lang='lat' dir='ltr'><strong>ante</strong></span> <span class='ocrx_word' id='word_1_170' title='bbox 1860 1522 1917 1574; x_wconf 89' lang='lat' dir='ltr'><strong>et</strong></span> <span class='ocrx_word' id='word_1_171' title='bbox 1959 1521 2117 1574; x_wconf 89' lang='lat' dir='ltr'><strong>retro</strong></span> <span class='ocrx_word' id='word_1_172' title='bbox 2228 1520 2463 1594; x_wconf 79' lang='lat' dir='ltr'><strong>gratias</strong></span> <span class='ocrx_word' id='word_1_173' title='bbox 2497 1535 2512 1589; x_wconf 90' lang='lat'><strong>;</strong></span> <span class='ocrx_word' id='word_1_174' title='bbox 2543 1533 2748 1574; x_wconf 86' lang='lat' dir='ltr'><strong>verum</strong></span> <span class='ocrx_word' id='word_1_175' title='bbox 2806 1532 3102 1588; x_wconf 85' lang='lat' dir='ltr'><strong>nunquam</strong></span> <span class='ocrx_word' id='word_1_176' title='bbox 3149 1516 3223 1571; x_wconf 89' lang='lat' dir='ltr'><strong>ad</strong></span> <span class='ocrx_word' id='word_1_177' title='bbox 3278 1531 3449 1570; x_wconf 81' lang='lat' dir='ltr'><strong>unam</strong></span> <span class='ocrx_word' id='word_1_178' title='bbox 3494 1514 3661 1569; x_wconf 85' lang='lat' dir='ltr'><strong>vicem</strong></span> <span class='ocrx_word' id='word_1_179' title='bbox 3706 1512 3809 1567; x_wconf 83' lang='lat' dir='ltr'><strong>facit</strong></span> 
     </span>
    </p>
   </div>
   <div class='ocr_carea' id='block_1_14' title="bbox 447 1600 3809 1686">
    <p class='ocr_par' dir='ltr' id='par_1_14' title="bbox 447 1600 3809 1686">
     <span class='ocr_line' id='line_1_14' title="bbox 447 1600 3809 1686; baseline -0.005 -14"><span class='ocrx_word' id='word_1_180' title='bbox 447 1616 656 1673; x_wconf 89' lang='lat' dir='ltr'><strong>stando</strong></span> <span class='ocrx_word' id='word_1_181' title='bbox 708 1620 1053 1672; x_wconf 82' lang='lat' dir='ltr'><strong>reverenter</strong></span> <span class='ocrx_word' id='word_1_182' title='bbox 1106 1618 1407 1686; x_wconf 83' lang='lat' dir='ltr'><strong>exspectat</strong></span> <span class='ocrx_word' id='word_1_183' title='bbox 1466 1612 1765 1668; x_wconf 90' lang='lat' dir='ltr'><strong>dominum</strong></span> <span class='ocrx_word' id='word_1_184' title='bbox 1823 1611 2117 1680; x_wconf 82' lang='lat' dir='ltr'><strong>abbatem,</strong></span> <span class='ocrx_word' id='word_1_185' title='bbox 2230 1613 2562 1684; x_wconf 86' lang='lat' dir='ltr'><strong>utrumque,</strong></span> <span class='ocrx_word' id='word_1_186' title='bbox 2597 1611 2658 1665; x_wconf 88' lang='lat' dir='ltr'><strong>ut</strong></span> <span class='ocrx_word' id='word_1_187' title='bbox 2688 1607 2913 1663; x_wconf 89' lang='lat' dir='ltr'><strong>tardius</strong></span> <span class='ocrx_word' id='word_1_188' title='bbox 2969 1622 3146 1682; x_wconf 84' lang='lat' dir='ltr'><strong>quam</strong></span> <span class='ocrx_word' id='word_1_189' title='bbox 3202 1605 3302 1660; x_wconf 87' lang='lat' dir='ltr'><strong>alii</strong></span> <span class='ocrx_word' id='word_1_190' title='bbox 3350 1603 3550 1673; x_wconf 89' lang='lat' dir='ltr'><strong>veniat,</strong></span> <span class='ocrx_word' id='word_1_191' title='bbox 3594 1606 3644 1658; x_wconf 91' lang='lat' dir='ltr'><strong>et</strong></span> <span class='ocrx_word' id='word_1_192' title='bbox 3681 1600 3809 1655; x_wconf 84' lang='lat' dir='ltr'><strong>citius</strong></span> 
     </span>
    </p>
   </div>
   <div class='ocr_carea' id='block_1_15' title="bbox 445 1701 2460 1774">
    <p class='ocr_par' dir='ltr' id='par_1_15' title="bbox 445 1701 2460 1774">
     <span class='ocr_line' id='line_1_15' title="bbox 445 1701 2460 1774; baseline -0.003 -11"><span class='ocrx_word' id='word_1_193' title='bbox 445 1707 564 1763; x_wconf 88' lang='lat' dir='ltr'><strong>nisi</strong></span> <span class='ocrx_word' id='word_1_194' title='bbox 593 1706 738 1762; x_wconf 90' lang='lat' dir='ltr'><strong>adeo</strong></span> <span class='ocrx_word' id='word_1_195' title='bbox 771 1705 848 1761; x_wconf 88' lang='lat' dir='ltr'><strong>sit</strong></span> <span class='ocrx_word' id='word_1_196' title='bbox 877 1705 1149 1760; x_wconf 80' lang='lat' dir='ltr'><strong>infirmus</strong></span> <span class='ocrx_word' id='word_1_197' title='bbox 1181 1707 1243 1758; x_wconf 92' lang='lat' dir='ltr'><strong>ut</strong></span> <span class='ocrx_word' id='word_1_198' title='bbox 1272 1708 1434 1759; x_wconf 85' lang='lat' dir='ltr'><strong>stare</strong></span> <span class='ocrx_word' id='word_1_199' title='bbox 1464 1718 1580 1758; x_wconf 90' lang='lat' dir='ltr'><strong>non</strong></span> <span class='ocrx_word' id='word_1_200' title='bbox 1610 1701 1823 1774; x_wconf 90' lang='lat' dir='ltr'><strong>possit,</strong></span> <span class='ocrx_word' id='word_1_201' title='bbox 1857 1708 1996 1754; x_wconf 88' lang='lat' dir='ltr'><strong>tunc</strong></span> <span class='ocrx_word' id='word_1_202' title='bbox 2026 1712 2121 1752; x_wconf 88' lang='lat' dir='ltr'><strong>se-</strong></span> <span class='ocrx_word' id='word_1_203' title='bbox 2231 1704 2460 1774; x_wconf 87' lang='lat' dir='ltr'><strong>surgat.</strong></span> 
     </span>
    </p>
   </div>
   <div class='ocr_carea' id='block_1_16' title="bbox 447 1788 3324 1865">
    <p class='ocr_par' dir='ltr' id='par_1_16' title="bbox 447 1788 3324 1865">
     <span class='ocr_line' id='line_1_16' title="bbox 447 1788 3324 1865; baseline -0.003 -14"><span class='ocrx_word' id='word_1_204' title='bbox 447 1796 577 1865; x_wconf 91' lang='lat' dir='ltr'><strong>det;</strong></span> <span class='ocrx_word' id='word_1_205' title='bbox 611 1795 753 1850; x_wconf 85' lang='lat' dir='ltr'><strong>nihil</strong></span> <span class='ocrx_word' id='word_1_206' title='bbox 779 1795 1014 1850; x_wconf 91' lang='lat' dir='ltr'><strong>omnino</strong></span> <span class='ocrx_word' id='word_1_207' title='bbox 1057 1793 1328 1857; x_wconf 84' lang='lat' dir='ltr'><strong>comedit,</strong></span> <span class='ocrx_word' id='word_1_208' title='bbox 1383 1796 1696 1864; x_wconf 87' lang='lat' dir='ltr'><strong>antequam</strong></span> <span class='ocrx_word' id='word_1_209' title='bbox 1724 1790 1896 1845; x_wconf 91' lang='lat' dir='ltr'><strong>lectio</strong></span> <span class='ocrx_word' id='word_1_210' title='bbox 1926 1789 2005 1844; x_wconf 87' lang='lat' dir='ltr'><strong>sit</strong></span> <span class='ocrx_word' id='word_1_211' title='bbox 2034 1788 2121 1842; x_wconf 84' lang='lat' dir='ltr'><strong>in-</strong></span> <span class='ocrx_word' id='word_1_212' title='bbox 2833 1789 3085 1845; x_wconf 86' lang='lat' dir='ltr'><strong>CAPUT</strong></span> <span class='ocrx_word' id='word_1_213' title='bbox 3114 1789 3324 1844; x_wconf 84' lang='lat' dir='ltr'><strong>XXIV.</strong></span> 
     </span>
    </p>
   </div>
   <div class='ocr_carea' id='block_1_17' title="bbox 450 1878 3813 1955">
    <p class='ocr_par' dir='ltr' id='par_1_17' title="bbox 450 1878 3813 1955">
     <span class='ocr_line' id='line_1_17' title="bbox 450 1878 3813 1955; baseline -0.004 -15"><span class='ocrx_word' id='word_1_214' title='bbox 450 1888 659 1955; x_wconf 65' lang='lat' dir='ltr'><strong>coepta,</strong></span> <span class='ocrx_word' id='word_1_215' title='bbox 694 1887 751 1939; x_wconf 92' lang='lat' dir='ltr'><strong>et</strong></span> <span class='ocrx_word' id='word_1_216' title='bbox 788 1886 1099 1954; x_wconf 84' lang='lat' dir='ltr'><strong>antequam</strong></span> <span class='ocrx_word' id='word_1_217' title='bbox 1140 1883 1211 1937; x_wconf 93' lang='lat' dir='ltr'><strong>de</strong></span> <span class='ocrx_word' id='word_1_218' title='bbox 1255 1898 1428 1935; x_wconf 91' lang='lat' dir='ltr'><strong>manu</strong></span> <span class='ocrx_word' id='word_1_219' title='bbox 1480 1880 1810 1935; x_wconf 85' lang='lat' dir='ltr'><strong>sacerdotis</strong></span> <span class='ocrx_word' id='word_1_220' title='bbox 1869 1878 2120 1933; x_wconf 86' lang='lat' dir='ltr'><strong>oblatam</strong></span> <span class='ocrx_word' id='word_1_221' title='bbox 2156 1918 2205 1955; x_wconf 60' lang='grc' dir='ltr'><em>η</em></span> <span class='ocrx_word' id='word_1_222' title='bbox 2233 1881 2318 1935; x_wconf 80' lang='lat' dir='ltr'><strong>De</strong></span> <span class='ocrx_word' id='word_1_223' title='bbox 2340 1880 2708 1935; x_wconf 77' lang='lat' dir='ltr'><strong>habitatione</strong></span> <span class='ocrx_word' id='word_1_224' title='bbox 2731 1896 2833 1934; x_wconf 86' lang='lat' dir='ltr'><strong>sna</strong></span> <span class='ocrx_word' id='word_1_225' title='bbox 2855 1886 2912 1934; x_wconf 81' lang='lat' dir='ltr'><strong>et</strong></span> <span class='ocrx_word' id='word_1_226' title='bbox 2940 1885 3072 1952; x_wconf 81' lang='lat' dir='ltr'><strong>post</strong></span> <span class='ocrx_word' id='word_1_227' title='bbox 3086 1879 3404 1951; x_wconf 83' lang='lat' dir='ltr'><strong>prandium</strong></span> <span class='ocrx_word' id='word_1_228' title='bbox 3440 1881 3494 1931; x_wconf 82' lang='lat' dir='ltr'><strong>et</strong></span> <span class='ocrx_word' id='word_1_229' title='bbox 3508 1879 3628 1949; x_wconf 88' lang='lat' dir='ltr'><strong>post</strong></span> <span class='ocrx_word' id='word_1_230' title='bbox 3646 1887 3813 1929; x_wconf 65' lang='lat' dir='ltr'><strong>coenam</strong></span> 
     </span>
    </p>
   </div>
   <div class='ocr_carea' id='block_1_18' title="bbox 450 1960 3814 2043">
    <p class='ocr_par' dir='ltr' id='par_1_18' title="bbox 450 1960 3814 2043">
     <span class='ocr_line' id='line_1_18' title="bbox 450 1960 3814 2043; baseline -0.005 -15"><span class='ocrx_word' id='word_1_231' title='bbox 450 1973 736 2043; x_wconf 86' lang='lat' dir='ltr'><strong>accipiat;</strong></span> <span class='ocrx_word' id='word_1_232' title='bbox 770 1972 822 2026; x_wconf 92' lang='lat' dir='ltr'><strong>si</strong></span> <span class='ocrx_word' id='word_1_233' title='bbox 875 1975 1068 2027; x_wconf 89' lang='lat' dir='ltr'><strong>tamen</strong></span> <span class='ocrx_word' id='word_1_234' title='bbox 1111 1976 1202 2027; x_wconf 91' lang='lat' dir='ltr'><strong>cst</strong></span> <span class='ocrx_word' id='word_1_235' title='bbox 1249 1972 1476 2043; x_wconf 74' lang='lat' dir='ltr'><strong>priVata</strong></span> <span class='ocrx_word' id='word_1_236' title='bbox 1505 1969 1656 2040; x_wconf 81' lang='lat' dir='ltr'><strong>dies,</strong></span> <span class='ocrx_word' id='word_1_237' title='bbox 1706 1974 1761 2026; x_wconf 91' lang='lat' dir='ltr'><strong>ct</strong></span> <span class='ocrx_word' id='word_1_238' title='bbox 1792 1972 1844 2025; x_wconf 90' lang='lat' dir='ltr'><strong>si</strong></span> <span class='ocrx_word' id='word_1_239' title='bbox 1874 1966 2004 2041; x_wconf 89' lang='lat' dir='ltr'><strong>ipsa</strong></span> <span class='ocrx_word' id='word_1_240' title='bbox 2029 1968 2123 2022; x_wconf 87' lang='lat' dir='ltr'><strong>die</strong></span> <span class='ocrx_word' id='word_1_241' title='bbox 2156 1960 2207 1983; x_wconf 69' lang='grc' dir='ltr'><em>υ</em></span> <span class='ocrx_word' id='word_1_242' title='bbox 2301 1972 2447 2025; x_wconf 86' lang='lat' dir='ltr'><strong>Post</strong></span> <span class='ocrx_word' id='word_1_243' title='bbox 2474 1968 2858 2025; x_wconf 80' lang='lat' dir='ltr'><strong>refectionem</strong></span> <span class='ocrx_word' id='word_1_244' title='bbox 2881 2009 2895 2037; x_wconf 92' lang='lat'><strong>,</strong></span> <span class='ocrx_word' id='word_1_245' title='bbox 2929 1968 3002 2024; x_wconf 88' lang='lat' dir='ltr'><strong>ad</strong></span> <span class='ocrx_word' id='word_1_246' title='bbox 3032 1969 3184 2024; x_wconf 85' lang='lat' dir='ltr'><strong>hanc</strong></span> <span class='ocrx_word' id='word_1_247' title='bbox 3214 1969 3421 2023; x_wconf 86' lang='lat' dir='ltr'><strong>horam</strong></span> <span class='ocrx_word' id='word_1_248' title='bbox 3452 1965 3642 2036; x_wconf 82' lang='lat' dir='ltr'><strong>majori</strong></span> <span class='ocrx_word' id='word_1_249' title='bbox 3667 1960 3814 2016; x_wconf 88' lang='lat' dir='ltr'><strong>studio</strong></span> 
     </span>
    </p>
   </div>
   <div class='ocr_carea' id='block_1_19' title="bbox 448 2054 3817 2135">
    <p class='ocr_par' dir='ltr' id='par_1_19' title="bbox 448 2054 3817 2135">
     <span class='ocr_line' id='line_1_19' title="bbox 448 2054 3817 2135; baseline -0.005 -16"><span class='ocrx_word' id='word_1_250' title='bbox 448 2078 567 2119; x_wconf 92' lang='lat' dir='ltr'><strong>non</strong></span> <span class='ocrx_word' id='word_1_251' title='bbox 599 2063 1069 2117; x_wconf 85' lang='lat' dir='ltr'><strong>communicavit.</strong></span> <span class='ocrx_word' id='word_1_252' title='bbox 1106 2063 1187 2117; x_wconf 90' lang='lat' dir='ltr'><strong>De</strong></span> <span class='ocrx_word' id='word_1_253' title='bbox 1218 2063 1376 2117; x_wconf 90' lang='lat' dir='ltr'><strong>nullo</strong></span> <span class='ocrx_word' id='word_1_254' title='bbox 1408 2065 1609 2135; x_wconf 80' lang='lat' dir='ltr'><strong>gustat</strong></span> <span class='ocrx_word' id='word_1_255' title='bbox 1640 2061 1903 2134; x_wconf 79' lang='lat' dir='ltr'><strong>generali</strong></span> <span class='ocrx_word' id='word_1_256' title='bbox 1933 2059 2124 2130; x_wconf 87' lang='lat' dir='ltr'><strong>prius-</strong></span> <span class='ocrx_word' id='word_1_257' title='bbox 2232 2075 2409 2131; x_wconf 90' lang='lat' dir='ltr'><strong>quam</strong></span> <span class='ocrx_word' id='word_1_258' title='bbox 2439 2060 2510 2114; x_wconf 90' lang='lat' dir='ltr'><strong>ad</strong></span> <span class='ocrx_word' id='word_1_259' title='bbox 2541 2059 2716 2113; x_wconf 90' lang='lat' dir='ltr'><strong>aliam</strong></span> <span class='ocrx_word' id='word_1_260' title='bbox 2753 2059 3051 2114; x_wconf 89' lang='lat' dir='ltr'><strong>silentium</strong></span> <span class='ocrx_word' id='word_1_261' title='bbox 3080 2059 3174 2114; x_wconf 90' lang='lat' dir='ltr'><strong>est</strong></span> <span class='ocrx_word' id='word_1_262' title='bbox 3219 2054 3338 2113; x_wconf 87' lang='lat' dir='ltr'><strong>sibi</strong></span> <span class='ocrx_word' id='word_1_263' title='bbox 3382 2054 3659 2121; x_wconf 88' lang='lat' dir='ltr'><strong>indictum,</strong></span> <span class='ocrx_word' id='word_1_264' title='bbox 3684 2054 3728 2105; x_wconf 89' lang='lat' dir='ltr'><strong>et</strong></span> <span class='ocrx_word' id='word_1_265' title='bbox 3751 2063 3817 2103; x_wconf 82' lang='lat' dir='ltr'><strong>se-</strong></span> 
     </span>
    </p>
   </div>
   <div class='ocr_carea' id='block_1_20' title="bbox 449 2144 3817 2226">
    <p class='ocr_par' dir='ltr' id='par_1_20' title="bbox 449 2144 3817 2226">
     <span class='ocr_line' id='line_1_20' title="bbox 449 2144 3817 2226; baseline -0.005 -18"><span class='ocrx_word' id='word_1_266' title='bbox 449 2165 627 2226; x_wconf 84' lang='lat' dir='ltr'><strong>quam</strong></span> <span class='ocrx_word' id='word_1_267' title='bbox 674 2152 1085 2222; x_wconf 83' lang='lat' dir='ltr'><strong>benedicatur;</strong></span> <span class='ocrx_word' id='word_1_268' title='bbox 1139 2151 1494 2223; x_wconf 90' lang='lat' dir='ltr'><strong>sibimetipsi</strong></span> <span class='ocrx_word' id='word_1_269' title='bbox 1544 2152 1687 2205; x_wconf 87' lang='lat' dir='ltr'><strong>nihil</strong></span> <span class='ocrx_word' id='word_1_270' title='bbox 1731 2164 1986 2221; x_wconf 90' lang='lat' dir='ltr'><strong>unquam</strong></span> <span class='ocrx_word' id='word_1_271' title='bbox 2016 2164 2125 2219; x_wconf 88' lang='lat' dir='ltr'><strong>ap-</strong></span> <span class='ocrx_word' id='word_1_272' title='bbox 2232 2148 2488 2204; x_wconf 90' lang='lat' dir='ltr'><strong>cundum</strong></span> <span class='ocrx_word' id='word_1_273' title='bbox 2520 2148 2676 2220; x_wconf 89' lang='lat' dir='ltr'><strong>quod</strong></span> <span class='ocrx_word' id='word_1_274' title='bbox 2701 2148 2949 2219; x_wconf 91' lang='lat' dir='ltr'><strong>tempori</strong></span> <span class='ocrx_word' id='word_1_275' title='bbox 2977 2148 3073 2203; x_wconf 87' lang='lat' dir='ltr'><strong>vel</strong></span> <span class='ocrx_word' id='word_1_276' title='bbox 3092 2146 3397 2203; x_wconf 90' lang='lat' dir='ltr'><strong>ordiniest</strong></span> <span class='ocrx_word' id='word_1_277' title='bbox 3417 2144 3817 2226; x_wconf 72' lang='lat' dir='ltr'><strong>consentaneum,</strong></span> 
     </span>
    </p>
   </div>
   <div class='ocr_carea' id='block_1_21' title="bbox 449 2223 3821 2313">
    <p class='ocr_par' dir='ltr' id='par_1_21' title="bbox 449 2223 3821 2313">
     <span class='ocr_line' id='line_1_21' title="bbox 449 2223 3821 2313; baseline -0.005 -15"><span class='ocrx_word' id='word_1_278' title='bbox 449 2223 640 2313; x_wconf 77' lang='lat' dir='ltr'><strong>portat</strong></span> <span class='ocrx_word' id='word_1_279' title='bbox 670 2246 887 2313; x_wconf 84' lang='lat' dir='ltr'><strong>praeter</strong></span> <span class='ocrx_word' id='word_1_280' title='bbox 915 2242 1004 2296; x_wconf 89' lang='lat' dir='ltr'><strong>sal</strong></span> <span class='ocrx_word' id='word_1_281' title='bbox 1052 2245 1108 2297; x_wconf 93' lang='lat' dir='ltr'><strong>et</strong></span> <span class='ocrx_word' id='word_1_282' title='bbox 1149 2257 1378 2312; x_wconf 86' lang='lat' dir='ltr'><strong>aquam,</strong></span> <span class='ocrx_word' id='word_1_283' title='bbox 1427 2242 1542 2296; x_wconf 90' lang='lat' dir='ltr'><strong>nisi</strong></span> <span class='ocrx_word' id='word_1_284' title='bbox 1584 2241 1733 2296; x_wconf 83' lang='lat' dir='ltr'><strong>forte</strong></span> <span class='ocrx_word' id='word_1_285' title='bbox 1774 2238 2128 2312; x_wconf 79' lang='lat' dir='ltr'><strong>generaliter</strong></span> <span class='ocrx_word' id='word_1_286' title='bbox 2233 2242 2332 2292; x_wconf 91' lang='lat' dir='ltr'><strong>aut</strong></span> <span class='ocrx_word' id='word_1_287' title='bbox 2360 2238 2420 2292; x_wconf 91' lang='lat' dir='ltr'><strong>in</strong></span> <span class='ocrx_word' id='word_1_288' title='bbox 2453 2238 2711 2293; x_wconf 90' lang='lat' dir='ltr'><strong>claustro</strong></span> <span class='ocrx_word' id='word_1_289' title='bbox 2746 2237 2914 2292; x_wconf 88' lang='lat' dir='ltr'><strong>sedet</strong></span> <span class='ocrx_word' id='word_1_290' title='bbox 2953 2236 3208 2310; x_wconf 87' lang='lat' dir='ltr'><strong>legendo</strong></span> <span class='ocrx_word' id='word_1_291' title='bbox 3240 2235 3337 2292; x_wconf 88' lang='lat' dir='ltr'><strong>vel</strong></span> <span class='ocrx_word' id='word_1_292' title='bbox 3370 2231 3652 2301; x_wconf 86' lang='lat' dir='ltr'><strong>cantando,</strong></span> <span class='ocrx_word' id='word_1_293' title='bbox 3686 2229 3764 2282; x_wconf 88' lang='lat' dir='ltr'><strong>aut</strong></span> <span class='ocrx_word' id='word_1_294' title='bbox 3783 2223 3821 2279; x_wconf 80' lang='lat' dir='ltr'><strong>si</strong></span> 
     </span>
    </p>
   </div>
   <div class='ocr_carea' id='block_1_22' title="bbox 451 2315 3819 2401">
    <p class='ocr_par' dir='ltr' id='par_1_22' title="bbox 451 2315 3819 2401">
     <span class='ocr_line' id='line_1_22' title="bbox 451 2315 3819 2401; baseline -0.006 -13"><span class='ocrx_word' id='word_1_295' title='bbox 451 2331 770 2388; x_wconf 88' lang='lat' dir='ltr'><strong>serviendo</strong></span> <span class='ocrx_word' id='word_1_296' title='bbox 822 2332 1016 2386; x_wconf 90' lang='lat' dir='ltr'><strong>veniat</strong></span> <span class='ocrx_word' id='word_1_297' title='bbox 1063 2332 1134 2386; x_wconf 90' lang='lat' dir='ltr'><strong>ad</strong></span> <span class='ocrx_word' id='word_1_298' title='bbox 1176 2331 1379 2387; x_wconf 90' lang='lat' dir='ltr'><strong>sedem</strong></span> <span class='ocrx_word' id='word_1_299' title='bbox 1421 2346 1609 2385; x_wconf 89' lang='lat' dir='ltr'><strong>suam.</strong></span> <span class='ocrx_word' id='word_1_300' title='bbox 1643 2330 1703 2384; x_wconf 91' lang='lat' dir='ltr'><strong>Si</strong></span> <span class='ocrx_word' id='word_1_301' title='bbox 1752 2328 1892 2401; x_wconf 90' lang='lat' dir='ltr'><strong>quid</strong></span> <span class='ocrx_word' id='word_1_302' title='bbox 1927 2328 1980 2383; x_wconf 89' lang='lat' dir='ltr'><strong>ei</strong></span> <span class='ocrx_word' id='word_1_303' title='bbox 2021 2342 2128 2398; x_wconf 89' lang='lat' dir='ltr'><strong>per</strong></span> <span class='ocrx_word' id='word_1_304' title='bbox 2234 2329 2428 2400; x_wconf 80' lang='lat' dir='ltr'><strong>pergit</strong></span> <span class='ocrx_word' id='word_1_305' title='bbox 2472 2327 2786 2384; x_wconf 88' lang='lat' dir='ltr'><strong>dormitum</strong></span> <span class='ocrx_word' id='word_1_306' title='bbox 2818 2329 2875 2382; x_wconf 90' lang='lat' dir='ltr'><strong>et</strong></span> <span class='ocrx_word' id='word_1_307' title='bbox 2916 2327 3118 2400; x_wconf 90' lang='lat' dir='ltr'><strong>legere</strong></span> <span class='ocrx_word' id='word_1_308' title='bbox 3148 2325 3420 2394; x_wconf 90' lang='lat' dir='ltr'><strong>voluerit,</strong></span> <span class='ocrx_word' id='word_1_309' title='bbox 3446 2315 3819 2397; x_wconf 82' lang='lat' dir='ltr'><strong>jacendolegit,</strong></span> 
     </span>
    </p>
   </div>
   <div class='ocr_carea' id='block_1_23' title="bbox 450 2406 3819 2491">
    <p class='ocr_par' dir='ltr' id='par_1_23' title="bbox 450 2406 3819 2491">
     <span class='ocr_line' id='line_1_23' title="bbox 450 2406 3819 2491; baseline -0.003 -14"><span class='ocrx_word' id='word_1_310' title='bbox 450 2420 629 2477; x_wconf 85' lang='lat' dir='ltr'><strong>alium</strong></span> <span class='ocrx_word' id='word_1_311' title='bbox 689 2424 1048 2491; x_wconf 86' lang='lat' dir='ltr'><strong>apportatur,</strong></span> <span class='ocrx_word' id='word_1_312' title='bbox 1095 2424 1438 2475; x_wconf 85' lang='lat' dir='ltr'><strong>reverenter</strong></span> <span class='ocrx_word' id='word_1_313' title='bbox 1485 2424 1689 2475; x_wconf 88' lang='lat' dir='ltr'><strong>contra</strong></span> <span class='ocrx_word' id='word_1_314' title='bbox 1735 2418 1987 2490; x_wconf 87' lang='lat' dir='ltr'><strong>porrigit</strong></span> <span class='ocrx_word' id='word_1_315' title='bbox 2009 2431 2126 2470; x_wconf 88' lang='lat' dir='ltr'><strong>ma-</strong></span> <span class='ocrx_word' id='word_1_316' title='bbox 2235 2421 2293 2473; x_wconf 89' lang='lat' dir='ltr'><strong>et</strong></span> <span class='ocrx_word' id='word_1_317' title='bbox 2319 2419 2400 2473; x_wconf 88' lang='lat' dir='ltr'><strong>ita</strong></span> <span class='ocrx_word' id='word_1_318' title='bbox 2431 2417 2796 2487; x_wconf 85' lang='lat' dir='ltr'><strong>compositus</strong></span> <span class='ocrx_word' id='word_1_319' title='bbox 2826 2432 2894 2471; x_wconf 90' lang='lat' dir='ltr'><strong>ac</strong></span> <span class='ocrx_word' id='word_1_320' title='bbox 2926 2417 2980 2471; x_wconf 93' lang='lat' dir='ltr'><strong>si</strong></span> <span class='ocrx_word' id='word_1_321' title='bbox 3028 2416 3223 2471; x_wconf 86' lang='lat' dir='ltr'><strong>statim</strong></span> <span class='ocrx_word' id='word_1_322' title='bbox 3274 2414 3467 2486; x_wconf 86' lang='lat' dir='ltr'><strong>cupiat</strong></span> <span class='ocrx_word' id='word_1_323' title='bbox 3508 2406 3819 2467; x_wconf 82' lang='lat' dir='ltr'><strong>obdormire;</strong></span> 
     </span>
    </p>
   </div>
   <div class='ocr_carea' id='block_1_24' title="bbox 450 2491 3823 2581">
    <p class='ocr_par' dir='ltr' id='par_1_24' title="bbox 450 2491 3823 2581">
     <span class='ocr_line' id='line_1_24' title="bbox 450 2491 3823 2581; baseline -0.005 -15"><span class='ocrx_word' id='word_1_324' title='bbox 450 2526 613 2581; x_wconf 89' lang='lat' dir='ltr'><strong>num,</strong></span> <span class='ocrx_word' id='word_1_325' title='bbox 648 2514 706 2565; x_wconf 90' lang='lat' dir='ltr'><strong>et</strong></span> <span class='ocrx_word' id='word_1_326' title='bbox 746 2510 1171 2580; x_wconf 86' lang='lat' dir='ltr'><strong>aliquantulum</strong></span> <span class='ocrx_word' id='word_1_327' title='bbox 1220 2509 1495 2578; x_wconf 88' lang='lat' dir='ltr'><strong>inclinat;</strong></span> <span class='ocrx_word' id='word_1_328' title='bbox 1547 2509 1599 2562; x_wconf 88' lang='lat' dir='ltr'><strong>si</strong></span> <span class='ocrx_word' id='word_1_329' title='bbox 1631 2508 1772 2579; x_wconf 89' lang='lat' dir='ltr'><strong>quid</strong></span> <span class='ocrx_word' id='word_1_330' title='bbox 1816 2507 1872 2562; x_wconf 90' lang='lat' dir='ltr'><strong>ei</strong></span> <span class='ocrx_word' id='word_1_331' title='bbox 1917 2506 2009 2560; x_wconf 89' lang='lat' dir='ltr'><strong>vel</strong></span> <span class='ocrx_word' id='word_1_332' title='bbox 2054 2504 2127 2558; x_wconf 88' lang='lat' dir='ltr'><strong>ab</strong></span> <span class='ocrx_word' id='word_1_333' title='bbox 2237 2522 2353 2562; x_wconf 91' lang='lat' dir='ltr'><strong>non</strong></span> <span class='ocrx_word' id='word_1_334' title='bbox 2383 2507 2640 2562; x_wconf 89' lang='lat' dir='ltr'><strong>modoea</strong></span> <span class='ocrx_word' id='word_1_335' title='bbox 2668 2507 2839 2580; x_wconf 86' lang='lat' dir='ltr'><strong>signa</strong></span> <span class='ocrx_word' id='word_1_336' title='bbox 2862 2521 3146 2578; x_wconf 85' lang='lat' dir='ltr'><strong>quaecum</strong></span> <span class='ocrx_word' id='word_1_337' title='bbox 3174 2520 3354 2559; x_wconf 88' lang='lat' dir='ltr'><strong>manu</strong></span> <span class='ocrx_word' id='word_1_338' title='bbox 3376 2503 3517 2559; x_wconf 77' lang='lat' dir='ltr'><strong>ﬁunt</strong></span> <span class='ocrx_word' id='word_1_339' title='bbox 3532 2499 3731 2564; x_wconf 84' lang='lat' dir='ltr'><strong>devitat,</strong></span> <span class='ocrx_word' id='word_1_340' title='bbox 3747 2491 3823 2549; x_wconf 86' lang='lat' dir='ltr'><strong>sed</strong></span> 
     </span>
    </p>
   </div>
   <div class='ocr_carea' id='block_1_25' title="bbox 452 2584 3825 2671">
    <p class='ocr_par' dir='ltr' id='par_1_25' title="bbox 452 2584 3825 2671">
     <span class='ocr_line' id='line_1_25' title="bbox 452 2584 3825 2671; baseline -0.005 -18"><span class='ocrx_word' id='word_1_341' title='bbox 452 2599 586 2671; x_wconf 91' lang='lat' dir='ltr'><strong>ipso</strong></span> <span class='ocrx_word' id='word_1_342' title='bbox 617 2599 828 2653; x_wconf 90' lang='lat' dir='ltr'><strong>domno</strong></span> <span class='ocrx_word' id='word_1_343' title='bbox 859 2599 1088 2668; x_wconf 85' lang='lat' dir='ltr'><strong>abbate,</strong></span> <span class='ocrx_word' id='word_1_344' title='bbox 1122 2598 1215 2653; x_wconf 90' lang='lat' dir='ltr'><strong>vel</strong></span> <span class='ocrx_word' id='word_1_345' title='bbox 1246 2616 1277 2652; x_wconf 91' lang='lat' dir='ltr'><strong>a</strong></span> <span class='ocrx_word' id='word_1_346' title='bbox 1300 2598 1498 2669; x_wconf 89' lang='lat' dir='ltr'><strong>priore</strong></span> <span class='ocrx_word' id='word_1_347' title='bbox 1521 2598 1593 2652; x_wconf 87' lang='lat' dir='ltr'><strong>ad</strong></span> <span class='ocrx_word' id='word_1_348' title='bbox 1623 2597 1853 2652; x_wconf 87' lang='lat' dir='ltr'><strong>seillam</strong></span> <span class='ocrx_word' id='word_1_349' title='bbox 1883 2595 2128 2650; x_wconf 90' lang='lat' dir='ltr'><strong>sedente</strong></span> <span class='ocrx_word' id='word_1_350' title='bbox 2239 2597 2411 2651; x_wconf 87' lang='lat' dir='ltr'><strong>etiam</strong></span> <span class='ocrx_word' id='word_1_351' title='bbox 2442 2601 2645 2650; x_wconf 88' lang='lat' dir='ltr'><strong>nutum</strong></span> <span class='ocrx_word' id='word_1_352' title='bbox 2686 2595 2989 2651; x_wconf 91' lang='lat' dir='ltr'><strong>oculorum</strong></span> <span class='ocrx_word' id='word_1_353' title='bbox 3026 2609 3398 2666; x_wconf 88' lang='lat' dir='ltr'><strong>nequaquam</strong></span> <span class='ocrx_word' id='word_1_354' title='bbox 3428 2590 3616 2662; x_wconf 84' lang='lat' dir='ltr'><strong>dirigit</strong></span> <span class='ocrx_word' id='word_1_355' title='bbox 3655 2586 3714 2640; x_wconf 88' lang='lat' dir='ltr'><strong>ad</strong></span> <span class='ocrx_word' id='word_1_356' title='bbox 3735 2584 3825 2638; x_wconf 87' lang='lat' dir='ltr'><strong>lec-</strong></span> 
     </span>
    </p>
   </div>
   <div class='ocr_carea' id='block_1_26' title="bbox 451 2671 3827 2759">
    <p class='ocr_par' dir='ltr' id='par_1_26' title="bbox 451 2671 3827 2759">
     <span class='ocr_line' id='line_1_26' title="bbox 451 2671 3827 2759; baseline -0.004 -17"><span class='ocrx_word' id='word_1_357' title='bbox 451 2688 748 2759; x_wconf 87' lang='lat' dir='ltr'><strong>dirigitur,</strong></span> <span class='ocrx_word' id='word_1_358' title='bbox 782 2702 857 2742; x_wconf 80' lang='lat' dir='ltr'><strong>ex</strong></span> <span class='ocrx_word' id='word_1_359' title='bbox 883 2690 1004 2742; x_wconf 92' lang='lat' dir='ltr'><strong>toto</strong></span> <span class='ocrx_word' id='word_1_360' title='bbox 1036 2702 1296 2759; x_wconf 85' lang='lat' dir='ltr'><strong>surgens</strong></span> <span class='ocrx_word' id='word_1_361' title='bbox 1346 2688 1521 2742; x_wconf 90' lang='lat' dir='ltr'><strong>altius</strong></span> <span class='ocrx_word' id='word_1_362' title='bbox 1553 2686 1812 2756; x_wconf 90' lang='lat' dir='ltr'><strong>inclinat,</strong></span> <span class='ocrx_word' id='word_1_363' title='bbox 1847 2689 1903 2740; x_wconf 90' lang='lat' dir='ltr'><strong>et</strong></span> <span class='ocrx_word' id='word_1_364' title='bbox 1933 2699 2127 2755; x_wconf 79' lang='lat' dir='ltr'><strong>quan-</strong></span> <span class='ocrx_word' id='word_1_365' title='bbox 2238 2689 2361 2740; x_wconf 88' lang='lat' dir='ltr'><strong>tum</strong></span> <span class='ocrx_word' id='word_1_366' title='bbox 2409 2686 2587 2739; x_wconf 89' lang='lat' dir='ltr'><strong>ullius</strong></span> <span class='ocrx_word' id='word_1_367' title='bbox 2633 2684 2855 2754; x_wconf 80' lang='lat' dir='ltr'><strong>fratris,</strong></span> <span class='ocrx_word' id='word_1_368' title='bbox 2908 2688 2970 2738; x_wconf 91' lang='lat' dir='ltr'><strong>ut</strong></span> <span class='ocrx_word' id='word_1_369' title='bbox 3004 2684 3140 2738; x_wconf 92' lang='lat' dir='ltr'><strong>illuc</strong></span> <span class='ocrx_word' id='word_1_370' title='bbox 3186 2684 3282 2738; x_wconf 87' lang='lat' dir='ltr'><strong>vel</strong></span> <span class='ocrx_word' id='word_1_371' title='bbox 3326 2682 3395 2736; x_wconf 91' lang='lat' dir='ltr'><strong>ad</strong></span> <span class='ocrx_word' id='word_1_372' title='bbox 3425 2682 3738 2735; x_wconf 85' lang='lat' dir='ltr'><strong>momentum</strong></span> <span class='ocrx_word' id='word_1_373' title='bbox 3763 2671 3827 2723; x_wconf 84' lang='lat' dir='ltr'><strong>in-</strong></span> 
     </span>
    </p>
   </div>
   <div class='ocr_carea' id='block_1_27' title="bbox 454 2767 3827 2846">
    <p class='ocr_par' dir='ltr' id='par_1_27' title="bbox 454 2767 3827 2846">
     <span class='ocr_line' id='line_1_27' title="bbox 454 2767 3827 2846; baseline -0.005 -15"><span class='ocrx_word' id='word_1_374' title='bbox 454 2776 722 2831; x_wconf 90' lang='lat' dir='ltr'><strong>tumlibet</strong></span> <span class='ocrx_word' id='word_1_375' title='bbox 742 2776 890 2831; x_wconf 88' lang='lat' dir='ltr'><strong>forte</strong></span> <span class='ocrx_word' id='word_1_376' title='bbox 923 2776 1115 2846; x_wconf 88' lang='lat' dir='ltr'><strong>cupiat</strong></span> <span class='ocrx_word' id='word_1_377' title='bbox 1145 2776 1463 2844; x_wconf 87' lang='lat' dir='ltr'><strong>abstinere,</strong></span> <span class='ocrx_word' id='word_1_378' title='bbox 1497 2777 1568 2831; x_wconf 91' lang='lat' dir='ltr'><strong>de</strong></span> <span class='ocrx_word' id='word_1_379' title='bbox 1613 2776 1725 2830; x_wconf 90' lang='lat' dir='ltr'><strong>hoc</strong></span> <span class='ocrx_word' id='word_1_380' title='bbox 1753 2778 1943 2828; x_wconf 90' lang='lat' dir='ltr'><strong>tamen</strong></span> <span class='ocrx_word' id='word_1_381' title='bbox 1973 2788 2130 2844; x_wconf 69' lang='lat' dir='ltr'><strong>prm-</strong></span> <span class='ocrx_word' id='word_1_382' title='bbox 2220 2777 2490 2829; x_wconf 83' lang='lat' dir='ltr'><strong>tueatur.</strong></span> <span class='ocrx_word' id='word_1_383' title='bbox 2524 2775 2666 2828; x_wconf 85' lang='lat' dir='ltr'><strong>Post</strong></span> <span class='ocrx_word' id='word_1_384' title='bbox 2697 2788 2908 2827; x_wconf 88' lang='lat' dir='ltr'><strong>nonam</strong></span> <span class='ocrx_word' id='word_1_385' title='bbox 2952 2774 3081 2827; x_wconf 91' lang='lat' dir='ltr'><strong>sive</strong></span> <span class='ocrx_word' id='word_1_386' title='bbox 3129 2773 3290 2827; x_wconf 90' lang='lat' dir='ltr'><strong>sitim</strong></span> <span class='ocrx_word' id='word_1_387' title='bbox 3325 2771 3545 2834; x_wconf 87' lang='lat' dir='ltr'><strong>habeat,</strong></span> <span class='ocrx_word' id='word_1_388' title='bbox 3592 2767 3700 2820; x_wconf 86' lang='lat' dir='ltr'><strong>sive</strong></span> <span class='ocrx_word' id='word_1_389' title='bbox 3726 2776 3827 2825; x_wconf 88' lang='lat' dir='ltr'><strong>non,</strong></span> 
     </span>
    </p>
   </div>
   <div class='ocr_carea' id='block_1_28' title="bbox 454 2850 3829 2937">
    <p class='ocr_par' dir='ltr' id='par_1_28' title="bbox 454 2850 3829 2937">
     <span class='ocr_line' id='line_1_28' title="bbox 454 2850 3829 2937; baseline -0.004 -18"><span class='ocrx_word' id='word_1_390' title='bbox 454 2863 642 2919; x_wconf 87' lang='lat' dir='ltr'><strong>libare</strong></span> <span class='ocrx_word' id='word_1_391' title='bbox 671 2879 788 2919; x_wconf 90' lang='lat' dir='ltr'><strong>non</strong></span> <span class='ocrx_word' id='word_1_392' title='bbox 839 2864 1089 2919; x_wconf 84' lang='lat' dir='ltr'><strong>dimittit.</strong></span> <span class='ocrx_word' id='word_1_393' title='bbox 1123 2864 1440 2920; x_wconf 86' lang='lat' dir='ltr'><strong>Scutellam</strong></span> <span class='ocrx_word' id='word_1_394' title='bbox 1499 2880 1735 2937; x_wconf 90' lang='lat' dir='ltr'><strong>quoque</strong></span> <span class='ocrx_word' id='word_1_395' title='bbox 1773 2863 2026 2934; x_wconf 88' lang='lat' dir='ltr'><strong>applicat</strong></span> <span class='ocrx_word' id='word_1_396' title='bbox 2058 2860 2131 2915; x_wconf 87' lang='lat' dir='ltr'><strong>ad</strong></span> <span class='ocrx_word' id='word_1_397' title='bbox 2239 2866 2433 2918; x_wconf 85' lang='lat' dir='ltr'><strong>tamen</strong></span> <span class='ocrx_word' id='word_1_398' title='bbox 2464 2879 2581 2918; x_wconf 91' lang='lat' dir='ltr'><strong>non</strong></span> <span class='ocrx_word' id='word_1_399' title='bbox 2610 2863 2847 2917; x_wconf 85' lang='lat' dir='ltr'><strong>dimittit</strong></span> <span class='ocrx_word' id='word_1_400' title='bbox 2875 2878 3007 2917; x_wconf 91' lang='lat' dir='ltr'><strong>cum</strong></span> <span class='ocrx_word' id='word_1_401' title='bbox 3040 2862 3172 2917; x_wconf 89' lang='lat' dir='ltr'><strong>aliis</strong></span> <span class='ocrx_word' id='word_1_402' title='bbox 3204 2862 3292 2917; x_wconf 89' lang='lat' dir='ltr'><strong>ire</strong></span> <span class='ocrx_word' id='word_1_403' title='bbox 3324 2859 3608 2916; x_wconf 76' lang='lat' dir='ltr'><strong>bibituris.</strong></span> <span class='ocrx_word' id='word_1_404' title='bbox 3645 2850 3829 2919; x_wconf 74' lang='lat' dir='ltr'><strong>Quoties</strong></span> 
     </span>
    </p>
   </div>
   <div class='ocr_carea' id='block_1_29' title="bbox 455 2947 3832 3026">
    <p class='ocr_par' dir='ltr' id='par_1_29' title="bbox 455 2947 3832 3026">
     <span class='ocr_line' id='line_1_29' title="bbox 455 2947 3832 3026; baseline -0.005 -18"><span class='ocrx_word' id='word_1_405' title='bbox 455 2953 621 3008; x_wconf 89' lang='lat' dir='ltr'><strong>illum</strong></span> <span class='ocrx_word' id='word_1_406' title='bbox 651 2953 1027 3024; x_wconf 90' lang='lat' dir='ltr'><strong>potissimum</strong></span> <span class='ocrx_word' id='word_1_407' title='bbox 1058 2954 1322 3024; x_wconf 78' lang='lat' dir='ltr'><strong>fratrem,</strong></span> <span class='ocrx_word' id='word_1_408' title='bbox 1379 2955 1479 3026; x_wconf 88' lang='lat' dir='ltr'><strong>qui</strong></span> <span class='ocrx_word' id='word_1_409' title='bbox 1516 2954 1687 3026; x_wconf 85' lang='lat' dir='ltr'><strong>juxta</strong></span> <span class='ocrx_word' id='word_1_410' title='bbox 1735 2968 1801 3008; x_wconf 93' lang='lat' dir='ltr'><strong>se</strong></span> <span class='ocrx_word' id='word_1_411' title='bbox 1853 2951 2133 3022; x_wconf 85' lang='lat' dir='ltr'><strong>superius</strong></span> <span class='ocrx_word' id='word_1_412' title='bbox 2241 2955 2376 3023; x_wconf 78' lang='lat' dir='ltr'><strong>past</strong></span> <span class='ocrx_word' id='word_1_413' title='bbox 2392 2968 2679 3023; x_wconf 78' lang='lat' dir='ltr'><strong>vesperae</strong></span> <span class='ocrx_word' id='word_1_414' title='bbox 2698 2955 2986 3023; x_wconf 88' lang='lat' dir='ltr'><strong>coenatur,</strong></span> <span class='ocrx_word' id='word_1_415' title='bbox 3014 2968 3181 3008; x_wconf 88' lang='lat' dir='ltr'><strong>coena</strong></span> <span class='ocrx_word' id='word_1_416' title='bbox 3209 2953 3365 3005; x_wconf 87' lang='lat' dir='ltr'><strong>tacta</strong></span> <span class='ocrx_word' id='word_1_417' title='bbox 3383 2947 3743 3004; x_wconf 78' lang='lat' dir='ltr'><strong>dormitorium</strong></span> <span class='ocrx_word' id='word_1_418' title='bbox 3759 2954 3832 2992; x_wconf 83' lang='lat' dir='ltr'><strong>as-</strong></span> 
     </span>
    </p>
   </div>
   <div class='ocr_carea' id='block_1_30' title="bbox 457 3027 3834 3114">
    <p class='ocr_par' dir='ltr' id='par_1_30' title="bbox 457 3027 3834 3114">
     <span class='ocr_line' id='line_1_30' title="bbox 457 3027 3834 3114; baseline -0.004 -17"><span class='ocrx_word' id='word_1_419' title='bbox 457 3043 625 3098; x_wconf 89' lang='lat' dir='ltr'><strong>sedet</strong></span> <span class='ocrx_word' id='word_1_420' title='bbox 653 3046 716 3097; x_wconf 89' lang='lat' dir='ltr'><strong>ut</strong></span> <span class='ocrx_word' id='word_1_421' title='bbox 746 3043 1047 3114; x_wconf 82' lang='lat' dir='ltr'><strong>comedat;</strong></span> <span class='ocrx_word' id='word_1_422' title='bbox 1069 3043 1191 3098; x_wconf 90' lang='lat' dir='ltr'><strong>siis</strong></span> <span class='ocrx_word' id='word_1_423' title='bbox 1224 3044 1503 3111; x_wconf 86' lang='lat' dir='ltr'><strong>renuerit,</strong></span> <span class='ocrx_word' id='word_1_424' title='bbox 1525 3043 1775 3113; x_wconf 84' lang='lat' dir='ltr'><strong>applicat</strong></span> <span class='ocrx_word' id='word_1_425' title='bbox 1792 3042 1863 3096; x_wconf 91' lang='lat' dir='ltr'><strong>ad</strong></span> <span class='ocrx_word' id='word_1_426' title='bbox 1886 3040 2133 3096; x_wconf 77' lang='lat' dir='ltr'><strong>interio-</strong></span> <span class='ocrx_word' id='word_1_427' title='bbox 2243 3042 2457 3111; x_wconf 88' lang='lat' dir='ltr'><strong>cendit,</strong></span> <span class='ocrx_word' id='word_1_428' title='bbox 2492 3041 2791 3096; x_wconf 90' lang='lat' dir='ltr'><strong>cultellum</strong></span> <span class='ocrx_word' id='word_1_429' title='bbox 2828 3041 3084 3112; x_wconf 88' lang='lat' dir='ltr'><strong>deponit,</strong></span> <span class='ocrx_word' id='word_1_430' title='bbox 3137 3040 3510 3095; x_wconf 87' lang='lat' dir='ltr'><strong>diurnalibus</strong></span> <span class='ocrx_word' id='word_1_431' title='bbox 3546 3032 3732 3090; x_wconf 82' lang='lat' dir='ltr'><strong>calceis</strong></span> <span class='ocrx_word' id='word_1_432' title='bbox 3757 3027 3834 3081; x_wconf 79' lang='lat' dir='ltr'><strong>de-</strong></span> 
     </span>
    </p>
   </div>
   <div class='ocr_carea' id='block_1_31' title="bbox 454 3126 3835 3205">
    <p class='ocr_par' dir='ltr' id='par_1_31' title="bbox 454 3126 3835 3205">
     <span class='ocr_line' id='line_1_31' title="bbox 454 3126 3835 3205; baseline -0.005 -16"><span class='ocrx_word' id='word_1_433' title='bbox 454 3147 613 3201; x_wconf 87' lang='lat' dir='ltr'><strong>rem;</strong></span> <span class='ocrx_word' id='word_1_434' title='bbox 645 3133 803 3205; x_wconf 91' lang='lat' dir='ltr'><strong>quod</strong></span> <span class='ocrx_word' id='word_1_435' title='bbox 832 3132 885 3187; x_wconf 91' lang='lat' dir='ltr'><strong>si</strong></span> <span class='ocrx_word' id='word_1_436' title='bbox 935 3137 991 3189; x_wconf 92' lang='lat' dir='ltr'><strong>et</strong></span> <span class='ocrx_word' id='word_1_437' title='bbox 1044 3133 1160 3204; x_wconf 91' lang='lat' dir='ltr'><strong>ille,</strong></span> <span class='ocrx_word' id='word_1_438' title='bbox 1211 3134 1587 3204; x_wconf 89' lang='lat' dir='ltr'><strong>quantumvis</strong></span> <span class='ocrx_word' id='word_1_439' title='bbox 1630 3133 1931 3187; x_wconf 89' lang='lat' dir='ltr'><strong>remaneat</strong></span> <span class='ocrx_word' id='word_1_440' title='bbox 1975 3128 2133 3202; x_wconf 87' lang='lat' dir='ltr'><strong>quod</strong></span> <span class='ocrx_word' id='word_1_441' title='bbox 2241 3131 2466 3201; x_wconf 88' lang='lat' dir='ltr'><strong>tractis,</strong></span> <span class='ocrx_word' id='word_1_442' title='bbox 2500 3129 2880 3185; x_wconf 90' lang='lat' dir='ltr'><strong>nocturnales</strong></span> <span class='ocrx_word' id='word_1_443' title='bbox 2910 3129 3117 3200; x_wconf 88' lang='lat' dir='ltr'><strong>induit,</strong></span> <span class='ocrx_word' id='word_1_444' title='bbox 3170 3129 3335 3185; x_wconf 90' lang='lat' dir='ltr'><strong>venit</strong></span> <span class='ocrx_word' id='word_1_445' title='bbox 3364 3129 3422 3182; x_wconf 92' lang='lat' dir='ltr'><strong>in</strong></span> <span class='ocrx_word' id='word_1_446' title='bbox 3452 3126 3735 3182; x_wconf 88' lang='lat' dir='ltr'><strong>claustrum</strong></span> <span class='ocrx_word' id='word_1_447' title='bbox 3764 3131 3835 3170; x_wconf 85' lang='lat' dir='ltr'><strong>se-</strong></span> 
     </span>
    </p>
   </div>
   <div class='ocr_carea' id='block_1_32' title="bbox 456 3215 3837 3292">
    <p class='ocr_par' dir='ltr' id='par_1_32' title="bbox 456 3215 3837 3292">
     <span class='ocr_line' id='line_1_32' title="bbox 456 3215 3837 3292; baseline -0.004 -17"><span class='ocrx_word' id='word_1_448' title='bbox 456 3221 661 3291; x_wconf 88' lang='lat' dir='ltr'><strong>noluit,</strong></span> <span class='ocrx_word' id='word_1_449' title='bbox 694 3221 787 3276; x_wconf 89' lang='lat' dir='ltr'><strong>vel</strong></span> <span class='ocrx_word' id='word_1_450' title='bbox 820 3237 938 3277; x_wconf 91' lang='lat' dir='ltr'><strong>non</strong></span> <span class='ocrx_word' id='word_1_451' title='bbox 968 3223 1155 3292; x_wconf 91' lang='lat' dir='ltr'><strong>potuit</strong></span> <span class='ocrx_word' id='word_1_452' title='bbox 1179 3223 1507 3291; x_wconf 83' lang='lat' dir='ltr'><strong>comedere,</strong></span> <span class='ocrx_word' id='word_1_453' title='bbox 1542 3238 1660 3278; x_wconf 91' lang='lat' dir='ltr'><strong>non</strong></span> <span class='ocrx_word' id='word_1_454' title='bbox 1690 3222 1862 3276; x_wconf 91' lang='lat' dir='ltr'><strong>mittit</strong></span> <span class='ocrx_word' id='word_1_455' title='bbox 1900 3235 2143 3291; x_wconf 70' lang='lat' dir='ltr'><strong>quoque.</strong></span> <span class='ocrx_word' id='word_1_456' title='bbox 2174 3274 2222 3292; x_wconf 53' lang='grc' dir='ltr'><strong>Α</strong></span> <span class='ocrx_word' id='word_1_457' title='bbox 2244 3220 2423 3291; x_wconf 87' lang='lat' dir='ltr'><strong>dere;</strong></span> <span class='ocrx_word' id='word_1_458' title='bbox 2453 3220 2554 3275; x_wconf 90' lang='lat' dir='ltr'><strong>ubi</strong></span> <span class='ocrx_word' id='word_1_459' title='bbox 2586 3220 2660 3274; x_wconf 92' lang='lat' dir='ltr'><strong>ad</strong></span> <span class='ocrx_word' id='word_1_460' title='bbox 2693 3220 2850 3274; x_wconf 90' lang='lat' dir='ltr'><strong>illam</strong></span> <span class='ocrx_word' id='word_1_461' title='bbox 2880 3219 3086 3274; x_wconf 88' lang='lat' dir='ltr'><strong>horam</strong></span> <span class='ocrx_word' id='word_1_462' title='bbox 3118 3219 3380 3291; x_wconf 87' lang='lat' dir='ltr'><strong>quandiu</strong></span> <span class='ocrx_word' id='word_1_463' title='bbox 3411 3217 3570 3272; x_wconf 87' lang='lat' dir='ltr'><strong>sedet</strong></span> <span class='ocrx_word' id='word_1_464' title='bbox 3595 3215 3837 3292; x_wconf 51' lang='lat' dir='ltr'><strong>tantopere</strong></span> 
     </span>
    </p>
   </div>
   <div class='ocr_carea' id='block_1_33' title="bbox 456 3274 3838 3383">
    <p class='ocr_par' dir='ltr' id='par_1_33' title="bbox 456 3274 3838 3383">
     <span class='ocr_line' id='line_1_33' title="bbox 456 3274 3838 3383; baseline -0.003 -19"><span class='ocrx_word' id='word_1_465' title='bbox 456 3274 698 3383; x_wconf 75' lang='lat' dir='ltr'><strong>longius</strong></span> <span class='ocrx_word' id='word_1_466' title='bbox 1686 3274 2143 3383; x_wconf 11' lang='lat' dir='ltr'><strong>proﬁulla‘gratia&#39;</strong></span> <span class='ocrx_word' id='word_1_467' title='bbox 2170 3274 2543 3364; x_wconf 74' lang='lat' dir='ltr'><strong>csilentium</strong></span> <span class='ocrx_word' id='word_1_468' title='bbox 2574 3309 2790 3378; x_wconf 88' lang='lat' dir='ltr'><strong>studet,</strong></span> <span class='ocrx_word' id='word_1_469' title='bbox 2825 3312 2884 3364; x_wconf 91' lang='lat' dir='ltr'><strong>ut</strong></span> <span class='ocrx_word' id='word_1_470' title='bbox 2916 3309 2969 3363; x_wconf 93' lang='lat' dir='ltr'><strong>si</strong></span> <span class='ocrx_word' id='word_1_471' title='bbox 3001 3274 3302 3364; x_wconf 73' lang='lat' dir='ltr'><strong>scribendi</strong></span> <span class='ocrx_word' id='word_1_472' title='bbox 3337 3306 3556 3363; x_wconf 89' lang='lat' dir='ltr'><strong>seiolus</strong></span> <span class='ocrx_word' id='word_1_473' title='bbox 3584 3274 3838 3367; x_wconf 65' lang='lat' dir='ltr'><strong>fertequid</strong></span> 
     </span>
    </p>
   </div>
   <div class='ocr_carea' id='block_1_34' title="bbox 455 3383 3837 3470">
    <p class='ocr_par' dir='ltr' id='par_1_34' title="bbox 455 3383 3837 3470">
     <span class='ocr_line' id='line_1_34' title="bbox 455 3383 3837 3470; baseline -0.003 -18"><span class='ocrx_word' id='word_1_474' title='bbox 455 3399 704 3470; x_wconf 87' lang='lat' dir='ltr'><strong>privata,</strong></span> <span class='ocrx_word' id='word_1_475' title='bbox 737 3399 845 3453; x_wconf 90' lang='lat' dir='ltr'><strong>sed</strong></span> <span class='ocrx_word' id='word_1_476' title='bbox 875 3414 907 3452; x_wconf 93' lang='lat' dir='ltr'><strong>a</strong></span> <span class='ocrx_word' id='word_1_477' title='bbox 937 3415 1005 3455; x_wconf 89' lang='lat' dir='ltr'><strong>se</strong></span> <span class='ocrx_word' id='word_1_478' title='bbox 1033 3403 1257 3454; x_wconf 88' lang='lat' dir='ltr'><strong>tantum</strong></span> <span class='ocrx_word' id='word_1_479' title='bbox 1289 3404 1521 3455; x_wconf 81' lang='lat' dir='ltr'><strong>amovet</strong></span> <span class='ocrx_word' id='word_1_480' title='bbox 1538 3401 1868 3470; x_wconf 89' lang='lat' dir='ltr'><strong>scutellam,</strong></span> <span class='ocrx_word' id='word_1_481' title='bbox 1890 3400 2134 3455; x_wconf 88' lang='lat' dir='ltr'><strong>uttolla-</strong></span> <span class='ocrx_word' id='word_1_482' title='bbox 2245 3399 2575 3470; x_wconf 86' lang='lat' dir='ltr'><strong>scripserit,</strong></span> <span class='ocrx_word' id='word_1_483' title='bbox 2609 3413 2718 3453; x_wconf 92' lang='lat' dir='ltr'><strong>nec</strong></span> <span class='ocrx_word' id='word_1_484' title='bbox 2750 3412 3180 3470; x_wconf 75' lang='lat' dir='ltr'><strong>pergameneo,</strong></span> <span class='ocrx_word' id='word_1_485' title='bbox 3213 3414 3328 3452; x_wconf 91' lang='lat' dir='ltr'><strong>nec</strong></span> <span class='ocrx_word' id='word_1_486' title='bbox 3361 3397 3486 3467; x_wconf 90' lang='lat' dir='ltr'><strong>ipsa</strong></span> <span class='ocrx_word' id='word_1_487' title='bbox 3515 3405 3685 3464; x_wconf 87' lang='lat' dir='ltr'><strong>penna</strong></span> <span class='ocrx_word' id='word_1_488' title='bbox 3708 3383 3837 3457; x_wconf 81' lang='lat' dir='ltr'><strong>quid-</strong></span> 
     </span>
    </p>
   </div>
   <div class='ocr_carea' id='block_1_35' title="bbox 456 3474 3840 3561">
    <p class='ocr_par' dir='ltr' id='par_1_35' title="bbox 456 3474 3840 3561">
     <span class='ocr_line' id='line_1_35' title="bbox 456 3474 3840 3561; baseline -0.004 -19"><span class='ocrx_word' id='word_1_489' title='bbox 456 3492 552 3542; x_wconf 90' lang='lat' dir='ltr'><strong>tur</strong></span> <span class='ocrx_word' id='word_1_490' title='bbox 578 3503 611 3540; x_wconf 90' lang='lat' dir='ltr'><strong>a</strong></span> <span class='ocrx_word' id='word_1_491' title='bbox 640 3487 952 3542; x_wconf 89' lang='lat' dir='ltr'><strong>servitore.</strong></span> <span class='ocrx_word' id='word_1_492' title='bbox 1003 3489 1087 3543; x_wconf 89' lang='lat' dir='ltr'><strong>De</strong></span> <span class='ocrx_word' id='word_1_493' title='bbox 1134 3489 1326 3556; x_wconf 90' lang='lat' dir='ltr'><strong>micis,</strong></span> <span class='ocrx_word' id='word_1_494' title='bbox 1375 3489 1832 3561; x_wconf 88' lang='lat' dir='ltr'><strong>diligentissime</strong></span> <span class='ocrx_word' id='word_1_495' title='bbox 1865 3493 2034 3544; x_wconf 91' lang='lat' dir='ltr'><strong>cavet</strong></span> <span class='ocrx_word' id='word_1_496' title='bbox 2062 3505 2134 3544; x_wconf 90' lang='lat' dir='ltr'><strong>ne</strong></span> <span class='ocrx_word' id='word_1_497' title='bbox 2246 3503 2421 3558; x_wconf 92' lang='lat' dir='ltr'><strong>quam</strong></span> <span class='ocrx_word' id='word_1_498' title='bbox 2453 3488 2688 3542; x_wconf 90' lang='lat' dir='ltr'><strong>sonitus</strong></span> <span class='ocrx_word' id='word_1_499' title='bbox 2718 3488 2837 3543; x_wconf 93' lang='lat' dir='ltr'><strong>ullo</strong></span> <span class='ocrx_word' id='word_1_500' title='bbox 2868 3488 3041 3542; x_wconf 89' lang='lat' dir='ltr'><strong>modo</strong></span> <span class='ocrx_word' id='word_1_501' title='bbox 3086 3487 3429 3541; x_wconf 90' lang='lat' dir='ltr'><strong>committat.</strong></span> <span class='ocrx_word' id='word_1_502' title='bbox 3462 3485 3570 3539; x_wconf 83' lang='lat' dir='ltr'><strong>Aut</strong></span> <span class='ocrx_word' id='word_1_503' title='bbox 3596 3481 3643 3534; x_wconf 91' lang='lat' dir='ltr'><strong>si</strong></span> <span class='ocrx_word' id='word_1_504' title='bbox 3669 3474 3840 3531; x_wconf 82' lang='lat' dir='ltr'><strong>tardius</strong></span> 
     </span>
    </p>
   </div>
   <div class='ocr_carea' id='block_1_36' title="bbox 455 3562 3839 3649">
    <p class='ocr_par' dir='ltr' id='par_1_36' title="bbox 455 3562 3839 3649">
     <span class='ocr_line' id='line_1_36' title="bbox 455 3562 3839 3649; baseline -0.003 -20"><span class='ocrx_word' id='word_1_505' title='bbox 455 3574 596 3647; x_wconf 91' lang='lat' dir='ltr'><strong>quid</strong></span> <span class='ocrx_word' id='word_1_506' title='bbox 628 3575 721 3629; x_wconf 92' lang='lat' dir='ltr'><strong>vel</strong></span> <span class='ocrx_word' id='word_1_507' title='bbox 754 3576 1212 3631; x_wconf 89' lang='lat' dir='ltr'><strong>minutissimum</strong></span> <span class='ocrx_word' id='word_1_508' title='bbox 1260 3579 1427 3632; x_wconf 81' lang='lat' dir='ltr'><strong>cadat</strong></span> <span class='ocrx_word' id='word_1_509' title='bbox 1458 3579 1534 3633; x_wconf 89' lang='lat' dir='ltr'><strong>ad</strong></span> <span class='ocrx_word' id='word_1_510' title='bbox 1563 3581 1783 3633; x_wconf 88' lang='lat' dir='ltr'><strong>terram</strong></span> <span class='ocrx_word' id='word_1_511' title='bbox 1814 3581 1870 3634; x_wconf 90' lang='lat' dir='ltr'><strong>et</strong></span> <span class='ocrx_word' id='word_1_512' title='bbox 1901 3582 2135 3649; x_wconf 87' lang='lat' dir='ltr'><strong>pereat;</strong></span> <span class='ocrx_word' id='word_1_513' title='bbox 2245 3591 2423 3648; x_wconf 88' lang='lat' dir='ltr'><strong>quam</strong></span> <span class='ocrx_word' id='word_1_514' title='bbox 2446 3576 2646 3632; x_wconf 80' lang='lat' dir='ltr'><strong>caeteri</strong></span> <span class='ocrx_word' id='word_1_515' title='bbox 2688 3576 2760 3632; x_wconf 91' lang='lat' dir='ltr'><strong>de</strong></span> <span class='ocrx_word' id='word_1_516' title='bbox 2792 3576 3138 3632; x_wconf 89' lang='lat' dir='ltr'><strong>dormitorio</strong></span> <span class='ocrx_word' id='word_1_517' title='bbox 3180 3573 3574 3641; x_wconf 88' lang='lat' dir='ltr'><strong>descenderit,</strong></span> <span class='ocrx_word' id='word_1_518' title='bbox 3602 3574 3702 3623; x_wconf 88' lang='lat' dir='ltr'><strong>tam</strong></span> <span class='ocrx_word' id='word_1_519' title='bbox 3726 3562 3839 3617; x_wconf 70' lang='lat' dir='ltr'><strong>lente</strong></span> 
     </span>
    </p>
   </div>
   <div class='ocr_carea' id='block_1_37' title="bbox 459 3650 3842 3738">
    <p class='ocr_par' dir='ltr' id='par_1_37' title="bbox 459 3650 3842 3738">
     <span class='ocr_line' id='line_1_37' title="bbox 459 3650 3842 3738; baseline -0.001 -22"><span class='ocrx_word' id='word_1_520' title='bbox 459 3678 593 3717; x_wconf 89' lang='lat' dir='ltr'><strong>cum</strong></span> <span class='ocrx_word' id='word_1_521' title='bbox 621 3662 858 3717; x_wconf 86' lang='lat' dir='ltr'><strong>cultello</strong></span> <span class='ocrx_word' id='word_1_522' title='bbox 888 3665 1151 3720; x_wconf 90' lang='lat' dir='ltr'><strong>corrodit</strong></span> <span class='ocrx_word' id='word_1_523' title='bbox 1178 3681 1281 3719; x_wconf 89' lang='lat' dir='ltr'><strong>eas</strong></span> <span class='ocrx_word' id='word_1_524' title='bbox 1307 3666 1378 3720; x_wconf 93' lang='lat' dir='ltr'><strong>de</strong></span> <span class='ocrx_word' id='word_1_525' title='bbox 1411 3666 1677 3737; x_wconf 90' lang='lat' dir='ltr'><strong>mensali,</strong></span> <span class='ocrx_word' id='word_1_526' title='bbox 1703 3670 1765 3721; x_wconf 92' lang='lat' dir='ltr'><strong>ut</strong></span> <span class='ocrx_word' id='word_1_527' title='bbox 1780 3667 1851 3721; x_wconf 90' lang='lat' dir='ltr'><strong>ad</strong></span> <span class='ocrx_word' id='word_1_528' title='bbox 1873 3668 2137 3722; x_wconf 91' lang='lat' dir='ltr'><strong>ultimum</strong></span> <span class='ocrx_word' id='word_1_529' title='bbox 2248 3665 2457 3736; x_wconf 89' lang='lat' dir='ltr'><strong>pedem</strong></span> <span class='ocrx_word' id='word_1_530' title='bbox 2486 3666 2667 3736; x_wconf 90' lang='lat' dir='ltr'><strong>ponit,</strong></span> <span class='ocrx_word' id='word_1_531' title='bbox 2701 3669 2765 3721; x_wconf 90' lang='lat' dir='ltr'><strong>ut</strong></span> <span class='ocrx_word' id='word_1_532' title='bbox 2793 3665 2929 3738; x_wconf 80' lang='lat' dir='ltr'><strong>ejus</strong></span> <span class='ocrx_word' id='word_1_533' title='bbox 2961 3666 3264 3734; x_wconf 90' lang='lat' dir='ltr'><strong>incessus,</strong></span> <span class='ocrx_word' id='word_1_534' title='bbox 3301 3665 3355 3720; x_wconf 92' lang='lat' dir='ltr'><strong>si</strong></span> <span class='ocrx_word' id='word_1_535' title='bbox 3384 3663 3605 3718; x_wconf 85' lang='lat' dir='ltr'><strong>videtur</strong></span> <span class='ocrx_word' id='word_1_536' title='bbox 3629 3656 3692 3712; x_wconf 90' lang='lat' dir='ltr'><strong>ab</strong></span> <span class='ocrx_word' id='word_1_537' title='bbox 3729 3650 3842 3711; x_wconf 56' lang='lat' dir='ltr'><strong>aliis,</strong></span> 
     </span>
    </p>
   </div>
   <div class='ocr_carea' id='block_1_38' title="bbox 459 3752 3419 3828">
    <p class='ocr_par' dir='ltr' id='par_1_38' title="bbox 459 3752 3419 3828">
     <span class='ocr_line' id='line_1_38' title="bbox 459 3752 3419 3828; baseline 0.001 -23"><span class='ocrx_word' id='word_1_538' title='bbox 459 3766 592 3806; x_wconf 90' lang='lat' dir='ltr'><strong>cum</strong></span> <span class='ocrx_word' id='word_1_539' title='bbox 629 3752 865 3807; x_wconf 83' lang='lat' dir='ltr'><strong>ﬂabello</strong></span> <span class='ocrx_word' id='word_1_540' title='bbox 903 3754 1208 3825; x_wconf 83' lang='lat' dir='ltr'><strong>gramineo</strong></span> <span class='ocrx_word' id='word_1_541' title='bbox 1237 3757 1297 3809; x_wconf 92' lang='lat' dir='ltr'><strong>in</strong></span> <span class='ocrx_word' id='word_1_542' title='bbox 1327 3756 1636 3810; x_wconf 88' lang='lat' dir='ltr'><strong>scutellam</strong></span> <span class='ocrx_word' id='word_1_543' title='bbox 1673 3755 2044 3828; x_wconf 83' lang='lat' dir='ltr'><strong>colligantur,</strong></span> <span class='ocrx_word' id='word_1_544' title='bbox 2082 3760 2140 3812; x_wconf 92' lang='lat' dir='ltr'><strong>et</strong></span> <span class='ocrx_word' id='word_1_545' title='bbox 2249 3755 2486 3810; x_wconf 89' lang='lat' dir='ltr'><strong>minime</strong></span> <span class='ocrx_word' id='word_1_546' title='bbox 2515 3758 2708 3811; x_wconf 89' lang='lat' dir='ltr'><strong>tamen</strong></span> <span class='ocrx_word' id='word_1_547' title='bbox 2741 3756 2813 3810; x_wconf 89' lang='lat' dir='ltr'><strong>ab</strong></span> <span class='ocrx_word' id='word_1_548' title='bbox 2844 3755 2964 3810; x_wconf 91' lang='lat' dir='ltr'><strong>ullo</strong></span> <span class='ocrx_word' id='word_1_549' title='bbox 2984 3756 3177 3826; x_wconf 87' lang='lat' dir='ltr'><strong>possit</strong></span> <span class='ocrx_word' id='word_1_550' title='bbox 3206 3754 3419 3810; x_wconf 88' lang='lat' dir='ltr'><strong>audiri.</strong></span> 
     </span>
    </p>
   </div>
   <div class='ocr_carea' id='block_1_39' title="bbox 436 3839 3329 3912">
    <p class='ocr_par' dir='ltr' id='par_1_39' title="bbox 436 3839 3329 3912">
     <span class='ocr_line' id='line_1_39' title="bbox 436 3839 3329 3912; baseline 0.002 -19"><span class='ocrx_word' id='word_1_551' title='bbox 436 3839 535 3894; x_wconf 87' lang='lat' dir='ltr'><strong>ad</strong></span> <span class='ocrx_word' id='word_1_552' title='bbox 592 3839 1028 3912; x_wconf 78' lang='lat' dir='ltr'><strong>elcemosynam</strong></span> <span class='ocrx_word' id='word_1_553' title='bbox 1072 3842 1431 3899; x_wconf 88' lang='lat' dir='ltr'><strong>deferantur.</strong></span> <span class='ocrx_word' id='word_1_554' title='bbox 1466 3844 1735 3910; x_wconf 87' lang='lat' dir='ltr'><strong>Quandiu</strong></span> <span class='ocrx_word' id='word_1_555' title='bbox 1771 3851 1965 3900; x_wconf 90' lang='lat' dir='ltr'><strong>antem</strong></span> <span class='ocrx_word' id='word_1_556' title='bbox 2023 3860 2140 3900; x_wconf 91' lang='lat' dir='ltr'><strong>non</strong></span> <span class='ocrx_word' id='word_1_557' title='bbox 2851 3844 3103 3898; x_wconf 83' lang='lat' dir='ltr'><strong>CAPUT</strong></span> <span class='ocrx_word' id='word_1_558' title='bbox 3145 3843 3329 3899; x_wconf 86' lang='lat' dir='ltr'><strong>XXV.</strong></span> 
     </span>
    </p>
   </div>
   <div class='ocr_carea' id='block_1_40' title="bbox 459 3927 3846 4006">
    <p class='ocr_par' dir='ltr' id='par_1_40' title="bbox 459 3927 3846 4006">
     <span class='ocr_line' id='line_1_40' title="bbox 459 3927 3846 4006; baseline -0.003 -23"><span class='ocrx_word' id='word_1_559' title='bbox 459 3931 552 3983; x_wconf 90' lang='lat' dir='ltr'><strong>est</strong></span> <span class='ocrx_word' id='word_1_560' title='bbox 580 3945 611 3982; x_wconf 91' lang='lat' dir='ltr'><strong>a</strong></span> <span class='ocrx_word' id='word_1_561' title='bbox 643 3932 937 3985; x_wconf 89' lang='lat' dir='ltr'><strong>conventu</strong></span> <span class='ocrx_word' id='word_1_562' title='bbox 968 3936 1281 4003; x_wconf 84' lang='lat' dir='ltr'><strong>separatus</strong></span> <span class='ocrx_word' id='word_1_563' title='bbox 1324 3936 1388 3988; x_wconf 90' lang='lat' dir='ltr'><strong>ut</strong></span> <span class='ocrx_word' id='word_1_564' title='bbox 1436 3935 1488 3989; x_wconf 90' lang='lat' dir='ltr'><strong>si</strong></span> <span class='ocrx_word' id='word_1_565' title='bbox 1528 3950 1661 3989; x_wconf 90' lang='lat' dir='ltr'><strong>cum</strong></span> <span class='ocrx_word' id='word_1_566' title='bbox 1705 3935 1978 4006; x_wconf 80' lang='lat' dir='ltr'><strong>infirmis,</strong></span> <span class='ocrx_word' id='word_1_567' title='bbox 2029 3951 2138 3991; x_wconf 91' lang='lat' dir='ltr'><strong>nec</strong></span> <span class='ocrx_word' id='word_1_568' title='bbox 2259 3927 3846 4006; x_wconf 80' lang='lat' dir='ltr'><strong>Quadiseiplinasepostcompletorinmestcollocaturus.</strong></span> 
     </span>
    </p>
   </div>
   <div class='ocr_carea' id='block_1_41' title="bbox 459 4008 3853 4095">
    <p class='ocr_par' dir='ltr' id='par_1_41' title="bbox 459 4008 3853 4095">
     <span class='ocr_line' id='line_1_41' title="bbox 459 4008 3853 4095; baseline -0.002 -23"><span class='ocrx_word' id='word_1_569' title='bbox 459 4033 641 4073; x_wconf 89' lang='lat' dir='ltr'><strong>unum</strong></span> <span class='ocrx_word' id='word_1_570' title='bbox 667 4034 918 4090; x_wconf 85' lang='lat' dir='ltr'><strong>granum</strong></span> <span class='ocrx_word' id='word_1_571' title='bbox 949 4024 1149 4093; x_wconf 86' lang='lat' dir='ltr'><strong>gustat</strong></span> <span class='ocrx_word' id='word_1_572' title='bbox 1179 4023 1420 4092; x_wconf 88' lang='lat' dir='ltr'><strong>piperis,</strong></span> <span class='ocrx_word' id='word_1_573' title='bbox 1446 4039 1555 4079; x_wconf 89' lang='lat' dir='ltr'><strong>nec</strong></span> <span class='ocrx_word' id='word_1_574' title='bbox 1601 4023 1717 4080; x_wconf 94' lang='lat' dir='ltr'><strong>ullo</strong></span> <span class='ocrx_word' id='word_1_575' title='bbox 1745 4024 1918 4080; x_wconf 89' lang='lat' dir='ltr'><strong>modo</strong></span> <span class='ocrx_word' id='word_1_576' title='bbox 1966 4024 2140 4095; x_wconf 90' lang='lat' dir='ltr'><strong>quid-</strong></span> <span class='ocrx_word' id='word_1_577' title='bbox 2324 4024 2469 4079; x_wconf 88' lang='lat' dir='ltr'><strong>Post</strong></span> <span class='ocrx_word' id='word_1_578' title='bbox 2509 4022 2952 4094; x_wconf 87' lang='lat' dir='ltr'><strong>completorium</strong></span> <span class='ocrx_word' id='word_1_579' title='bbox 2983 4038 3115 4076; x_wconf 91' lang='lat' dir='ltr'><strong>cum</strong></span> <span class='ocrx_word' id='word_1_580' title='bbox 3146 4022 3359 4076; x_wconf 84' lang='lat' dir='ltr'><strong>iterum</strong></span> <span class='ocrx_word' id='word_1_581' title='bbox 3394 4021 3531 4075; x_wconf 85' lang='lat' dir='ltr'><strong>ﬁant</strong></span> <span class='ocrx_word' id='word_1_582' title='bbox 3553 4023 3664 4071; x_wconf 85' lang='lat' dir='ltr'><strong>tres</strong></span> <span class='ocrx_word' id='word_1_583' title='bbox 3691 4008 3853 4068; x_wconf 65' lang='lat' dir='ltr'><strong>oratio&#39;</strong></span> 
     </span>
    </p>
   </div>
   <div class='ocr_carea' id='block_1_42' title="bbox 462 4101 3853 4183">
    <p class='ocr_par' dir='ltr' id='par_1_42' title="bbox 462 4101 3853 4183">
     <span class='ocr_line' id='line_1_42' title="bbox 462 4101 3853 4183; baseline -0.003 -23"><span class='ocrx_word' id='word_1_584' title='bbox 462 4121 637 4178; x_wconf 90' lang='lat' dir='ltr'><strong>quam</strong></span> <span class='ocrx_word' id='word_1_585' title='bbox 670 4108 928 4178; x_wconf 90' lang='lat' dir='ltr'><strong>potionis</strong></span> <span class='ocrx_word' id='word_1_586' title='bbox 950 4126 1058 4179; x_wconf 89' lang='lat' dir='ltr'><strong>pro</strong></span> <span class='ocrx_word' id='word_1_587' title='bbox 1088 4110 1282 4182; x_wconf 88' lang='lat' dir='ltr'><strong>aliqua</strong></span> <span class='ocrx_word' id='word_1_588' title='bbox 1339 4112 1695 4183; x_wconf 84' lang='lat' dir='ltr'><strong>infirmitate,</strong></span> <span class='ocrx_word' id='word_1_589' title='bbox 1748 4113 1864 4168; x_wconf 87' lang='lat' dir='ltr'><strong>nisi</strong></span> <span class='ocrx_word' id='word_1_590' title='bbox 1896 4114 1954 4167; x_wconf 90' lang='lat' dir='ltr'><strong>in</strong></span> <span class='ocrx_word' id='word_1_591' title='bbox 1982 4114 2141 4167; x_wconf 87' lang='lat' dir='ltr'><strong>refe-</strong></span> <span class='ocrx_word' id='word_1_592' title='bbox 2230 4126 2384 4181; x_wconf 59' lang='lat' dir='ltr'><strong>‘nes,</strong></span> <span class='ocrx_word' id='word_1_593' title='bbox 2416 4112 2489 4166; x_wconf 92' lang='lat' dir='ltr'><strong>ad</strong></span> <span class='ocrx_word' id='word_1_594' title='bbox 2520 4111 2630 4167; x_wconf 88' lang='lat' dir='ltr'><strong>has</strong></span> <span class='ocrx_word' id='word_1_595' title='bbox 2651 4112 2846 4167; x_wconf 91' lang='lat' dir='ltr'><strong>locum</strong></span> <span class='ocrx_word' id='word_1_596' title='bbox 2867 4113 3025 4166; x_wconf 86' lang='lat' dir='ltr'><strong>tenet</strong></span> <span class='ocrx_word' id='word_1_597' title='bbox 3045 4114 3397 4181; x_wconf 78' lang='lat' dir='ltr'><strong>extremum,</strong></span> <span class='ocrx_word' id='word_1_598' title='bbox 3426 4113 3483 4164; x_wconf 90' lang='lat' dir='ltr'><strong>et</strong></span> <span class='ocrx_word' id='word_1_599' title='bbox 3506 4108 3714 4179; x_wconf 85' lang='lat' dir='ltr'><strong>priores</strong></span> <span class='ocrx_word' id='word_1_600' title='bbox 3732 4101 3853 4153; x_wconf 69' lang='lat' dir='ltr'><strong>ant-e-</strong></span> 
     </span>
    </p>
   </div>
   <div class='ocr_carea' id='block_1_43' title="bbox 463 4186 3855 4273">
    <p class='ocr_par' dir='ltr' id='par_1_43' title="bbox 463 4186 3855 4273">
     <span class='ocr_line' id='line_1_43' title="bbox 463 4186 3855 4273; baseline -0.002 -23"><span class='ocrx_word' id='word_1_601' title='bbox 463 4196 671 4267; x_wconf 90' lang='lat' dir='ltr'><strong>ctorio,</strong></span> <span class='ocrx_word' id='word_1_602' title='bbox 704 4198 1066 4254; x_wconf 87' lang='lat' dir='ltr'><strong>eucharistia</strong></span> <span class='ocrx_word' id='word_1_603' title='bbox 1121 4203 1385 4272; x_wconf 86' lang='lat' dir='ltr'><strong>excepta.</strong></span> <span class='ocrx_word' id='word_1_604' title='bbox 1442 4202 1678 4256; x_wconf 87' lang='lat' dir='ltr'><strong>Minime</strong></span> <span class='ocrx_word' id='word_1_605' title='bbox 1714 4217 1947 4273; x_wconf 91' lang='lat' dir='ltr'><strong>quoque</strong></span> <span class='ocrx_word' id='word_1_606' title='bbox 1996 4202 2142 4256; x_wconf 83' lang='lat' dir='ltr'><strong>bibit</strong></span> <span class='ocrx_word' id='word_1_607' title='bbox 2256 4204 2494 4257; x_wconf 88' lang='lat' dir='ltr'><strong>riorem.</strong></span> <span class='ocrx_word' id='word_1_608' title='bbox 2526 4202 2834 4271; x_wconf 74' lang='lat' dir='ltr'><strong>AsPersus</strong></span> <span class='ocrx_word' id='word_1_609' title='bbox 2866 4216 2897 4254; x_wconf 90' lang='lat' dir='ltr'><strong>a</strong></span> <span class='ocrx_word' id='word_1_610' title='bbox 2930 4201 3239 4256; x_wconf 90' lang='lat' dir='ltr'><strong>sacerdote</strong></span> <span class='ocrx_word' id='word_1_611' title='bbox 3289 4216 3445 4271; x_wconf 88' lang='lat' dir='ltr'><strong>aqua</strong></span> <span class='ocrx_word' id='word_1_612' title='bbox 3492 4193 3781 4255; x_wconf 83' lang='lat' dir='ltr'><strong>benedicta,</strong></span> <span class='ocrx_word' id='word_1_613' title='bbox 3814 4186 3855 4238; x_wconf 66' lang='lat' dir='ltr'><strong>et</strong></span> 
     </span>
    </p>
   </div>
   <div class='ocr_carea' id='block_1_44' title="bbox 464 4282 3857 4360">
    <p class='ocr_par' dir='ltr' id='par_1_44' title="bbox 464 4282 3857 4360">
     <span class='ocr_line' id='line_1_44' title="bbox 464 4282 3857 4360; baseline -0.001 -22"><span class='ocrx_word' id='word_1_614' title='bbox 464 4285 801 4356; x_wconf 89' lang='lat' dir='ltr'><strong>aliquando,</strong></span> <span class='ocrx_word' id='word_1_615' title='bbox 835 4288 953 4342; x_wconf 91' lang='lat' dir='ltr'><strong>nisi</strong></span> <span class='ocrx_word' id='word_1_616' title='bbox 983 4292 1245 4358; x_wconf 89' lang='lat' dir='ltr'><strong>pateram</strong></span> <span class='ocrx_word' id='word_1_617' title='bbox 1277 4306 1411 4344; x_wconf 93' lang='lat' dir='ltr'><strong>cum</strong></span> <span class='ocrx_word' id='word_1_618' title='bbox 1441 4290 1729 4345; x_wconf 88' lang='lat' dir='ltr'><strong>ambabus</strong></span> <span class='ocrx_word' id='word_1_619' title='bbox 1760 4290 2034 4345; x_wconf 88' lang='lat' dir='ltr'><strong>manibus</strong></span> <span class='ocrx_word' id='word_1_620' title='bbox 2055 4293 2146 4345; x_wconf 88' lang='lat' dir='ltr'><strong>te-</strong></span> <span class='ocrx_word' id='word_1_621' title='bbox 2253 4292 2503 4348; x_wconf 89' lang='lat' dir='ltr'><strong>veniens</strong></span> <span class='ocrx_word' id='word_1_622' title='bbox 2548 4290 2621 4345; x_wconf 90' lang='lat' dir='ltr'><strong>ad</strong></span> <span class='ocrx_word' id='word_1_623' title='bbox 2668 4292 2885 4346; x_wconf 90' lang='lat' dir='ltr'><strong>ostium</strong></span> <span class='ocrx_word' id='word_1_624' title='bbox 2933 4289 3207 4345; x_wconf 83' lang='lat' dir='ltr'><strong>ecclesiae</strong></span> <span class='ocrx_word' id='word_1_625' title='bbox 3258 4293 3437 4360; x_wconf 89' lang='lat' dir='ltr'><strong>caput</strong></span> <span class='ocrx_word' id='word_1_626' title='bbox 3484 4282 3722 4354; x_wconf 88' lang='lat' dir='ltr'><strong>cooperit</strong></span> <span class='ocrx_word' id='word_1_627' title='bbox 3757 4288 3857 4330; x_wconf 83' lang='lat' dir='ltr'><strong>cum</strong></span> 
     </span>
    </p>
   </div>
   <div class='ocr_carea' id='block_1_45' title="bbox 467 4360 3857 4452">
    <p class='ocr_par' dir='ltr' id='par_1_45' title="bbox 467 4360 3857 4452">
     <span class='ocr_line' id='line_1_45' title="bbox 467 4360 3857 4452; baseline -0.003 -23"><span class='ocrx_word' id='word_1_628' title='bbox 467 4374 684 4443; x_wconf 90' lang='lat' dir='ltr'><strong>nendo,</strong></span> <span class='ocrx_word' id='word_1_629' title='bbox 720 4377 777 4428; x_wconf 90' lang='lat' dir='ltr'><strong>et</strong></span> <span class='ocrx_word' id='word_1_630' title='bbox 806 4390 1104 4448; x_wconf 90' lang='lat' dir='ltr'><strong>nunquam</strong></span> <span class='ocrx_word' id='word_1_631' title='bbox 1123 4378 1239 4433; x_wconf 90' lang='lat' dir='ltr'><strong>nisi</strong></span> <span class='ocrx_word' id='word_1_632' title='bbox 1271 4379 1553 4434; x_wconf 89' lang='lat' dir='ltr'><strong>sedendo.</strong></span> <span class='ocrx_word' id='word_1_633' title='bbox 1578 4377 1742 4444; x_wconf 91' lang='lat' dir='ltr'><strong>Quod</strong></span> <span class='ocrx_word' id='word_1_634' title='bbox 1774 4379 1827 4433; x_wconf 90' lang='lat' dir='ltr'><strong>si</strong></span> <span class='ocrx_word' id='word_1_635' title='bbox 1855 4394 1962 4450; x_wconf 92' lang='lat' dir='ltr'><strong>per</strong></span> <span class='ocrx_word' id='word_1_636' title='bbox 1980 4379 2145 4433; x_wconf 89' lang='lat' dir='ltr'><strong>vices</strong></span> <span class='ocrx_word' id='word_1_637' title='bbox 2257 4379 2898 4452; x_wconf 88' lang='lat' dir='ltr'><strong>capello,necamplius</strong></span> <span class='ocrx_word' id='word_1_638' title='bbox 2912 4378 3163 4434; x_wconf 84' lang='lat' dir='ltr'><strong>denudat</strong></span> <span class='ocrx_word' id='word_1_639' title='bbox 3188 4377 3530 4450; x_wconf 89' lang='lat' dir='ltr'><strong>usquedum</strong></span> <span class='ocrx_word' id='word_1_640' title='bbox 3545 4360 3857 4452; x_wconf 77' lang='lat' dir='ltr'><strong>collocaverit</strong></span> 
     </span>
    </p>
   </div>
   <div class='ocr_carea' id='block_1_46' title="bbox 462 4451 3855 4542">
    <p class='ocr_par' dir='ltr' id='par_1_46' title="bbox 462 4451 3855 4542">
     <span class='ocr_line' id='line_1_46' title="bbox 462 4451 3855 4542; baseline -0.004 -19"><span class='ocrx_word' id='word_1_641' title='bbox 462 4468 779 4539; x_wconf 88' lang='lat' dir='ltr'><strong>contigerit</strong></span> <span class='ocrx_word' id='word_1_642' title='bbox 810 4471 872 4523; x_wconf 92' lang='lat' dir='ltr'><strong>ut</strong></span> <span class='ocrx_word' id='word_1_643' title='bbox 901 4469 1034 4524; x_wconf 91' lang='lat' dir='ltr'><strong>aliis</strong></span> <span class='ocrx_word' id='word_1_644' title='bbox 1054 4471 1501 4526; x_wconf 90' lang='lat' dir='ltr'><strong>considentibus</strong></span> <span class='ocrx_word' id='word_1_645' title='bbox 1533 4471 1661 4542; x_wconf 90' lang='lat' dir='ltr'><strong>ipse</strong></span> <span class='ocrx_word' id='word_1_646' title='bbox 1693 4471 1753 4526; x_wconf 93' lang='lat' dir='ltr'><strong>in</strong></span> <span class='ocrx_word' id='word_1_647' title='bbox 1781 4470 1990 4541; x_wconf 88' lang='lat' dir='ltr'><strong>primis</strong></span> <span class='ocrx_word' id='word_1_648' title='bbox 2022 4484 2140 4526; x_wconf 90' lang='lat' dir='ltr'><strong>non</strong></span> <span class='ocrx_word' id='word_1_649' title='bbox 2256 4451 2410 4526; x_wconf 77' lang='lat' dir='ltr'><strong>sein</strong></span> <span class='ocrx_word' id='word_1_650' title='bbox 2430 4469 2602 4524; x_wconf 89' lang='lat' dir='ltr'><strong>lecto.</strong></span> <span class='ocrx_word' id='word_1_651' title='bbox 2635 4469 3071 4539; x_wconf 83' lang='lat' dir='ltr'><strong>Haecpauca,ut</strong></span> <span class='ocrx_word' id='word_1_652' title='bbox 3091 4468 3395 4523; x_wconf 85' lang='lat' dir='ltr'><strong>memoriae</strong></span> <span class='ocrx_word' id='word_1_653' title='bbox 3412 4459 3782 4522; x_wconf 83' lang='lat' dir='ltr'><strong>occurrerunt,</strong></span> <span class='ocrx_word' id='word_1_654' title='bbox 3800 4451 3855 4504; x_wconf 72' lang='lat' dir='ltr'><strong>de</strong></span> 
     </span>
    </p>
   </div>
   <div class='ocr_carea' id='block_1_47' title="bbox 461 4544 3863 4633">
    <p class='ocr_par' dir='ltr' id='par_1_47' title="bbox 461 4544 3863 4633">
     <span class='ocr_line' id='line_1_47' title="bbox 461 4544 3863 4633; baseline -0.003 -22"><span class='ocrx_word' id='word_1_655' title='bbox 461 4556 635 4626; x_wconf 89' lang='lat' dir='ltr'><strong>adsit,</strong></span> <span class='ocrx_word' id='word_1_656' title='bbox 669 4559 875 4628; x_wconf 88' lang='lat' dir='ltr'><strong>postea</strong></span> <span class='ocrx_word' id='word_1_657' title='bbox 905 4558 1154 4614; x_wconf 88' lang='lat' dir='ltr'><strong>veniens</strong></span> <span class='ocrx_word' id='word_1_658' title='bbox 1185 4559 1255 4614; x_wconf 88' lang='lat' dir='ltr'><strong>ad</strong></span> <span class='ocrx_word' id='word_1_659' title='bbox 1290 4560 1559 4632; x_wconf 87' lang='lat' dir='ltr'><strong>gradum,</strong></span> <span class='ocrx_word' id='word_1_660' title='bbox 1593 4577 1725 4616; x_wconf 91' lang='lat' dir='ltr'><strong>cum</strong></span> <span class='ocrx_word' id='word_1_661' title='bbox 1753 4561 1929 4633; x_wconf 90' lang='lat' dir='ltr'><strong>signo</strong></span> <span class='ocrx_word' id='word_1_662' title='bbox 1951 4560 2144 4631; x_wconf 88' lang='lat' dir='ltr'><strong>petita</strong></span> <span class='ocrx_word' id='word_1_663' title='bbox 2180 4627 2221 4633; x_wconf 87' lang='lat'><em>_</em></span> <span class='ocrx_word' id='word_1_664' title='bbox 2256 4559 2455 4614; x_wconf 90' lang='lat' dir='ltr'><strong>multis</strong></span> <span class='ocrx_word' id='word_1_665' title='bbox 2486 4557 2640 4613; x_wconf 89' lang='lat' dir='ltr'><strong>dicta</strong></span> <span class='ocrx_word' id='word_1_666' title='bbox 2671 4557 2809 4629; x_wconf 90' lang='lat' dir='ltr'><strong>sint,</strong></span> <span class='ocrx_word' id='word_1_667' title='bbox 2844 4558 3063 4631; x_wconf 89' lang='lat' dir='ltr'><strong>quibus</strong></span> <span class='ocrx_word' id='word_1_668' title='bbox 3087 4570 3292 4613; x_wconf 87' lang='lat' dir='ltr'><strong>omnes</strong></span> <span class='ocrx_word' id='word_1_669' title='bbox 3320 4554 3547 4619; x_wconf 82' lang='lat' dir='ltr'><strong>novitii,</strong></span> <span class='ocrx_word' id='word_1_670' title='bbox 3582 4550 3629 4605; x_wconf 90' lang='lat' dir='ltr'><strong>si</strong></span> <span class='ocrx_word' id='word_1_671' title='bbox 3657 4544 3764 4603; x_wconf 78' lang='lat' dir='ltr'><strong>ﬁeri</strong></span> <span class='ocrx_word' id='word_1_672' title='bbox 3788 4553 3863 4611; x_wconf 74' lang='lat' dir='ltr'><strong>p0-</strong></span> 
     </span>
    </p>
   </div>
   <div class='ocr_carea' id='block_1_48' title="bbox 466 4627 3861 4722">
    <p class='ocr_par' dir='ltr' id='par_1_48' title="bbox 466 4627 3861 4722">
     <span class='ocr_line' id='line_1_48' title="bbox 466 4627 3861 4722; baseline -0.001 -22"><span class='ocrx_word' id='word_1_673' title='bbox 466 4627 685 4701; x_wconf 88' lang='lat' dir='ltr'><strong>domno</strong></span> <span class='ocrx_word' id='word_1_674' title='bbox 714 4646 924 4702; x_wconf 89' lang='lat' dir='ltr'><strong>abbate</strong></span> <span class='ocrx_word' id='word_1_675' title='bbox 958 4648 1251 4703; x_wconf 89' lang='lat' dir='ltr'><strong>licentiam</strong></span> <span class='ocrx_word' id='word_1_676' title='bbox 1283 4627 1666 4721; x_wconf 77' lang='lat' dir='ltr'><strong>comedendi;</strong></span> <span class='ocrx_word' id='word_1_677' title='bbox 1695 4627 2144 4722; x_wconf 26' lang='lat' dir='ltr'><strong>quotannuente,</strong></span> <span class='ocrx_word' id='word_1_678' title='bbox 2180 4627 2390 4717; x_wconf 78' lang='lat' dir='ltr'><strong>Dtest,</strong></span> <span class='ocrx_word' id='word_1_679' title='bbox 2435 4648 2604 4718; x_wconf 89' lang='lat' dir='ltr'><strong>prius</strong></span> <span class='ocrx_word' id='word_1_680' title='bbox 2647 4627 2802 4703; x_wconf 83' lang='lat' dir='ltr'><strong>sunt</strong></span> <span class='ocrx_word' id='word_1_681' title='bbox 2828 4627 3159 4703; x_wconf 77' lang='lat' dir='ltr'><strong>instruendi</strong></span> <span class='ocrx_word' id='word_1_682' title='bbox 3201 4661 3378 4721; x_wconf 89' lang='lat' dir='ltr'><strong>quam</strong></span> <span class='ocrx_word' id='word_1_683' title='bbox 3423 4640 3662 4718; x_wconf 83' lang='lat' dir='ltr'><strong>collegio</strong></span> <span class='ocrx_word' id='word_1_684' title='bbox 3704 4633 3861 4691; x_wconf 67' lang='grc' dir='ltr'><strong>ηοεῑτο</strong></span> 
     </span>
    </p>
   </div>
   <div class='ocr_carea' id='block_1_49' title="bbox 459 4735 2579 4811">
    <p class='ocr_par' dir='ltr' id='par_1_49' title="bbox 459 4735 2579 4811">
     <span class='ocr_line' id='line_1_49' title="bbox 459 4735 2579 4811; baseline 0.002 -22"><span class='ocrx_word' id='word_1_685' title='bbox 459 4750 594 4807; x_wconf 85' lang='lat' dir='ltr'><strong>quae</strong></span> <span class='ocrx_word' id='word_1_686' title='bbox 636 4749 771 4791; x_wconf 89' lang='lat' dir='ltr'><strong>cum</strong></span> <span class='ocrx_word' id='word_1_687' title='bbox 802 4735 934 4791; x_wconf 89' lang='lat' dir='ltr'><strong>aliis</strong></span> <span class='ocrx_word' id='word_1_688' title='bbox 961 4735 1208 4792; x_wconf 87' lang='lat' dir='ltr'><strong>fecisset</strong></span> <span class='ocrx_word' id='word_1_689' title='bbox 1237 4739 1293 4793; x_wconf 92' lang='lat' dir='ltr'><strong>et</strong></span> <span class='ocrx_word' id='word_1_690' title='bbox 1313 4738 1586 4811; x_wconf 86' lang='lat' dir='ltr'><strong>dixisset,</strong></span> <span class='ocrx_word' id='word_1_691' title='bbox 1619 4740 1824 4796; x_wconf 89' lang='lat' dir='ltr'><strong>eadem</strong></span> <span class='ocrx_word' id='word_1_692' title='bbox 1844 4755 1952 4811; x_wconf 91' lang='lat' dir='ltr'><strong>per</strong></span> <span class='ocrx_word' id='word_1_693' title='bbox 1982 4753 2048 4794; x_wconf 90' lang='lat' dir='ltr'><strong>se</strong></span> <span class='ocrx_word' id='word_1_694' title='bbox 2067 4738 2150 4792; x_wconf 87' lang='lat' dir='ltr'><strong>fa-</strong></span> <span class='ocrx_word' id='word_1_695' title='bbox 2257 4737 2579 4795; x_wconf 77' lang='lat' dir='ltr'><strong>sociantur.</strong></span> 
     </span>
    </p>
   </div>
   <div class='ocr_carea' id='block_1_50' title="bbox 471 4823 3334 4898">
    <p class='ocr_par' dir='ltr' id='par_1_50' title="bbox 471 4823 3334 4898">
     <span class='ocr_line' id='line_1_50' title="bbox 471 4823 3334 4898; baseline 0.001 -21"><span class='ocrx_word' id='word_1_696' title='bbox 471 4823 549 4878; x_wconf 90' lang='lat' dir='ltr'><strong>cit</strong></span> <span class='ocrx_word' id='word_1_697' title='bbox 578 4827 634 4879; x_wconf 91' lang='lat' dir='ltr'><strong>et</strong></span> <span class='ocrx_word' id='word_1_698' title='bbox 663 4824 821 4891; x_wconf 90' lang='lat' dir='ltr'><strong>dicit,</strong></span> <span class='ocrx_word' id='word_1_699' title='bbox 856 4825 913 4880; x_wconf 92' lang='lat' dir='ltr'><strong>id</strong></span> <span class='ocrx_word' id='word_1_700' title='bbox 937 4830 1047 4896; x_wconf 88' lang='lat' dir='ltr'><strong>est,</strong></span> <span class='ocrx_word' id='word_1_701' title='bbox 1081 4829 1215 4882; x_wconf 87' lang='lat' dir='ltr'><strong>ante</strong></span> <span class='ocrx_word' id='word_1_702' title='bbox 1247 4830 1303 4882; x_wconf 91' lang='lat' dir='ltr'><strong>et</strong></span> <span class='ocrx_word' id='word_1_703' title='bbox 1349 4830 1527 4898; x_wconf 90' lang='lat' dir='ltr'><strong>retro,</strong></span> <span class='ocrx_word' id='word_1_704' title='bbox 1579 4832 1636 4884; x_wconf 88' lang='lat' dir='ltr'><strong>et</strong></span> <span class='ocrx_word' id='word_1_705' title='bbox 1682 4844 1944 4897; x_wconf 89' lang='lat' dir='ltr'><strong>versum,</strong></span> <span class='ocrx_word' id='word_1_706' title='bbox 1975 4829 2029 4884; x_wconf 90' lang='lat' dir='ltr'><strong>si</strong></span> <span class='ocrx_word' id='word_1_707' title='bbox 2058 4829 2151 4882; x_wconf 91' lang='lat' dir='ltr'><strong>est</strong></span> <span class='ocrx_word' id='word_1_708' title='bbox 2843 4825 3097 4882; x_wconf 84' lang='lat' dir='ltr'><strong>CAPUT</strong></span> <span class='ocrx_word' id='word_1_709' title='bbox 3123 4824 3334 4881; x_wconf 86' lang='lat' dir='ltr'><strong>XXIV.</strong></span> 
     </span>
    </p>
   </div>
   <div class='ocr_carea' id='block_1_51' title="bbox 456 4911 3730 4989">
    <p class='ocr_par' dir='ltr' id='par_1_51' title="bbox 456 4911 3730 4989">
     <span class='ocr_line' id='line_1_51' title="bbox 456 4911 3730 4989; baseline -0.002 -24"><span class='ocrx_word' id='word_1_710' title='bbox 456 4911 789 4983; x_wconf 89' lang='lat' dir='ltr'><strong>prandium,</strong></span> <span class='ocrx_word' id='word_1_711' title='bbox 823 4912 990 4969; x_wconf 86' lang='lat' dir='ltr'><strong>Oculi</strong></span> <span class='ocrx_word' id='word_1_712' title='bbox 1018 4915 1291 4985; x_wconf 82' lang='lat' dir='ltr'><strong>omnium,</strong></span> <span class='ocrx_word' id='word_1_713' title='bbox 1322 4918 1434 4971; x_wconf 91' lang='lat' dir='ltr'><strong>etc.</strong></span> <span class='ocrx_word' id='word_1_714' title='bbox 1458 4932 1473 4985; x_wconf 92' lang='lat'><strong>;</strong></span> <span class='ocrx_word' id='word_1_715' title='bbox 1501 4917 1555 4971; x_wconf 91' lang='lat' dir='ltr'><strong>si</strong></span> <span class='ocrx_word' id='word_1_716' title='bbox 1581 4932 1768 4988; x_wconf 87' lang='lat' dir='ltr'><strong>coena,</strong></span> <span class='ocrx_word' id='word_1_717' title='bbox 1791 4916 1994 4972; x_wconf 84' lang='lat' dir='ltr'><strong>Edent</strong></span> <span class='ocrx_word' id='word_1_718' title='bbox 2008 4933 2149 4989; x_wconf 88' lang='lat' dir='ltr'><strong>pan-</strong></span> <span class='ocrx_word' id='word_1_719' title='bbox 2425 4916 2514 4972; x_wconf 92' lang='lat' dir='ltr'><strong>De</strong></span> <span class='ocrx_word' id='word_1_720' title='bbox 2544 4913 2919 4972; x_wconf 75' lang='lat' dir='ltr'><strong>confessione</strong></span> <span class='ocrx_word' id='word_1_721' title='bbox 2948 4920 3009 4971; x_wconf 86' lang='lat' dir='ltr'><strong>et</strong></span> <span class='ocrx_word' id='word_1_722' title='bbox 3030 4916 3321 4987; x_wconf 77' lang='lat' dir='ltr'><strong>petitione</strong></span> <span class='ocrx_word' id='word_1_723' title='bbox 3349 4912 3730 4971; x_wconf 83' lang='lat' dir='ltr'><strong>Novitiornm.</strong></span> 
     </span>
    </p>
   </div>
   <div class='ocr_carea' id='block_1_52' title="bbox 451 4990 3868 5079">
    <p class='ocr_par' dir='ltr' id='par_1_52' title="bbox 451 4990 3868 5079">
     <span class='ocr_line' id='line_1_52' title="bbox 451 4990 3868 5079; baseline -0.004 -25"><span class='ocrx_word' id='word_1_724' title='bbox 451 5014 654 5071; x_wconf 83' lang='lat' dir='ltr'><strong>peras,</strong></span> <span class='ocrx_word' id='word_1_725' title='bbox 677 5002 788 5056; x_wconf 90' lang='lat' dir='ltr'><strong>etc.</strong></span> <span class='ocrx_word' id='word_1_726' title='bbox 823 5000 1081 5070; x_wconf 90' lang='lat' dir='ltr'><strong>inclinis,</strong></span> <span class='ocrx_word' id='word_1_727' title='bbox 1119 5001 1320 5059; x_wconf 87' lang='lat' dir='ltr'><strong>Gloria</strong></span> <span class='ocrx_word' id='word_1_728' title='bbox 1350 5002 1549 5074; x_wconf 87' lang='lat' dir='ltr'><strong>Patri,</strong></span> <span class='ocrx_word' id='word_1_729' title='bbox 1582 5007 1639 5060; x_wconf 91' lang='lat' dir='ltr'><strong>et</strong></span> <span class='ocrx_word' id='word_1_730' title='bbox 1667 5004 2004 5060; x_wconf 88' lang='lat' dir='ltr'><strong>Orationem</strong></span> <span class='ocrx_word' id='word_1_731' title='bbox 2034 5003 2151 5061; x_wconf 91' lang='lat' dir='ltr'><strong>Do-</strong></span> <span class='ocrx_word' id='word_1_732' title='bbox 2329 5006 2396 5061; x_wconf 91' lang='lat' dir='ltr'><strong>In</strong></span> <span class='ocrx_word' id='word_1_733' title='bbox 2424 5005 2542 5060; x_wconf 88' lang='lat' dir='ltr'><strong>vita</strong></span> <span class='ocrx_word' id='word_1_734' title='bbox 2573 5019 2807 5077; x_wconf 89' lang='lat' dir='ltr'><strong>quoque</strong></span> <span class='ocrx_word' id='word_1_735' title='bbox 2837 5004 3109 5061; x_wconf 84' lang='lat' dir='ltr'><strong>saeculari</strong></span> <span class='ocrx_word' id='word_1_736' title='bbox 3143 5018 3515 5079; x_wconf 82' lang='lat' dir='ltr'><strong>quaecunque</strong></span> <span class='ocrx_word' id='word_1_737' title='bbox 3546 5001 3729 5056; x_wconf 86' lang='lat' dir='ltr'><strong>contra</strong></span> <span class='ocrx_word' id='word_1_738' title='bbox 3750 4990 3868 5079; x_wconf 41' lang='lat' dir='ltr'><strong>salu:</strong></span> 
     </span>
    </p>
   </div>
   <div class='ocr_carea' id='block_1_53' title="bbox 462 5072 3861 5164">
    <p class='ocr_par' dir='ltr' id='par_1_53' title="bbox 462 5072 3861 5164">
     <span class='ocr_line' id='line_1_53' title="bbox 462 5072 3861 5164; baseline 0 -23"><span class='ocrx_word' id='word_1_739' title='bbox 462 5089 755 5161; x_wconf 87' lang='lat' dir='ltr'><strong>minicam,</strong></span> <span class='ocrx_word' id='word_1_740' title='bbox 789 5096 1026 5148; x_wconf 89' lang='lat' dir='ltr'><strong>erectus</strong></span> <span class='ocrx_word' id='word_1_741' title='bbox 1061 5108 1236 5149; x_wconf 88' lang='lat' dir='ltr'><strong>manu</strong></span> <span class='ocrx_word' id='word_1_742' title='bbox 1268 5098 1323 5150; x_wconf 90' lang='lat' dir='ltr'><strong>et</strong></span> <span class='ocrx_word' id='word_1_743' title='bbox 1354 5109 1454 5150; x_wconf 89' lang='lat' dir='ltr'><strong>ore</strong></span> <span class='ocrx_word' id='word_1_744' title='bbox 1510 5095 1589 5149; x_wconf 90' lang='lat' dir='ltr'><strong>ita</strong></span> <span class='ocrx_word' id='word_1_745' title='bbox 1627 5095 1943 5164; x_wconf 90' lang='lat' dir='ltr'><strong>benedicit,</strong></span> <span class='ocrx_word' id='word_1_746' title='bbox 2003 5093 2148 5149; x_wconf 93' lang='lat' dir='ltr'><strong>0re-</strong></span> <span class='ocrx_word' id='word_1_747' title='bbox 2259 5097 2376 5151; x_wconf 85' lang='lat' dir='ltr'><strong>tam</strong></span> <span class='ocrx_word' id='word_1_748' title='bbox 2406 5095 2617 5149; x_wconf 85' lang='lat' dir='ltr'><strong>animae</strong></span> <span class='ocrx_word' id='word_1_749' title='bbox 2641 5072 2768 5149; x_wconf 60' lang='lat' dir='ltr'><strong>sum</strong></span> <span class='ocrx_word' id='word_1_750' title='bbox 2790 5072 3230 5163; x_wconf 76' lang='lat' dir='ltr'><strong>commiserunt,</strong></span> <span class='ocrx_word' id='word_1_751' title='bbox 3264 5072 3462 5148; x_wconf 74' lang='lat' dir='ltr'><strong>omnia</strong></span> <span class='ocrx_word' id='word_1_752' title='bbox 3482 5091 3686 5146; x_wconf 90' lang='lat' dir='ltr'><strong>domno</strong></span> <span class='ocrx_word' id='word_1_753' title='bbox 3712 5072 3861 5136; x_wconf 67' lang='lat' dir='ltr'><strong>abba“</strong></span> 
     </span>
    </p>
   </div>
   <div class='ocr_carea' id='block_1_54' title="bbox 470 5171 3862 5275">
    <p class='ocr_par' dir='ltr' id='par_1_54' title="bbox 470 5171 3862 5275">
     <span class='ocr_line' id='line_1_54' title="bbox 470 5171 3862 5275; baseline -0.004 -41"><span class='ocrx_word' id='word_1_754' title='bbox 470 5177 904 5275; x_wconf 52' lang='lat' dir='ltr'><strong>mBenedic,</strong></span> <span class='ocrx_word' id='word_1_755' title='bbox 939 5182 1207 5254; x_wconf 86' lang='lat' dir='ltr'><strong>Domine,</strong></span> <span class='ocrx_word' id='word_1_756' title='bbox 1232 5185 1345 5238; x_wconf 89' lang='lat' dir='ltr'><strong>etc.</strong></span> <span class='ocrx_word' id='word_1_757' title='bbox 1367 5225 1381 5254; x_wconf 93' lang='lat'><strong>,</strong></span> <span class='ocrx_word' id='word_1_758' title='bbox 1416 5184 1656 5240; x_wconf 89' lang='lat' dir='ltr'><strong>inclinat</strong></span> <span class='ocrx_word' id='word_1_759' title='bbox 1708 5184 1922 5239; x_wconf 88' lang='lat' dir='ltr'><strong>domno</strong></span> <span class='ocrx_word' id='word_1_760' title='bbox 1966 5183 2151 5238; x_wconf 89' lang='lat' dir='ltr'><strong>abba-</strong></span> <span class='ocrx_word' id='word_1_761' title='bbox 2261 5184 2334 5240; x_wconf 89' lang='lat' dir='ltr'><strong>ad</strong></span> <span class='ocrx_word' id='word_1_762' title='bbox 2355 5183 2795 5241; x_wconf 86' lang='lat' dir='ltr'><strong>confessionem</strong></span> <span class='ocrx_word' id='word_1_763' title='bbox 2818 5182 3213 5238; x_wconf 76' lang='lat' dir='ltr'><strong>manifestam.</strong></span> <span class='ocrx_word' id='word_1_764' title='bbox 3240 5183 3474 5252; x_wconf 84' lang='lat' dir='ltr'><strong>Postea,</strong></span> <span class='ocrx_word' id='word_1_765' title='bbox 3499 5193 3627 5236; x_wconf 90' lang='lat' dir='ltr'><strong>cum</strong></span> <span class='ocrx_word' id='word_1_766' title='bbox 3647 5173 3695 5230; x_wconf 91' lang='lat' dir='ltr'><strong>ei</strong></span> <span class='ocrx_word' id='word_1_767' title='bbox 3713 5171 3862 5267; x_wconf 75' lang='lat' dir='ltr'><strong>visum</strong></span> 
     </span>
    </p>
   </div>
   <div class='ocr_carea' id='block_1_55' title="bbox 463 5257 3860 5345">
    <p class='ocr_par' dir='ltr' id='par_1_55' title="bbox 463 5257 3860 5345">
     <span class='ocr_line' id='line_1_55' title="bbox 463 5257 3860 5345; baseline 0 -23"><span class='ocrx_word' id='word_1_768' title='bbox 463 5257 873 5332; x_wconf 56' lang='lat' dir='ltr'><strong>tiTBTrecedit</strong></span> <span class='ocrx_word' id='word_1_769' title='bbox 902 5273 963 5325; x_wconf 88' lang='lat' dir='ltr'><strong>ut</strong></span> <span class='ocrx_word' id='word_1_770' title='bbox 994 5272 1509 5345; x_wconf 59' lang='lat' dir='ltr'><strong>sedeat.,,Quodfsi</strong></span> <span class='ocrx_word' id='word_1_771' title='bbox 1539 5289 1688 5345; x_wconf 89' lang='lat' dir='ltr'><strong>epus</strong></span> <span class='ocrx_word' id='word_1_772' title='bbox 1735 5274 2007 5330; x_wconf 87' lang='lat' dir='ltr'><strong>habuerit</strong></span> <span class='ocrx_word' id='word_1_773' title='bbox 2036 5272 2150 5328; x_wconf 91' lang='lat' dir='ltr'><strong>ali-</strong></span> <span class='ocrx_word' id='word_1_774' title='bbox 2260 5272 2647 5345; x_wconf 84' lang='lat' dir='ltr'><strong>fuerit,jubet</strong></span> <span class='ocrx_word' id='word_1_775' title='bbox 2667 5288 2772 5329; x_wconf 90' lang='lat' dir='ltr'><strong>eos</strong></span> <span class='ocrx_word' id='word_1_776' title='bbox 2795 5272 3009 5328; x_wconf 84' lang='lat' dir='ltr'><strong>iterum</strong></span> <span class='ocrx_word' id='word_1_777' title='bbox 3024 5275 3157 5328; x_wconf 89' lang='lat' dir='ltr'><strong>ante</strong></span> <span class='ocrx_word' id='word_1_778' title='bbox 3187 5287 3253 5327; x_wconf 90' lang='lat' dir='ltr'><strong>se</strong></span> <span class='ocrx_word' id='word_1_779' title='bbox 3277 5272 3336 5327; x_wconf 88' lang='lat' dir='ltr'><strong>in</strong></span> <span class='ocrx_word' id='word_1_780' title='bbox 3357 5269 3667 5342; x_wconf 90' lang='lat' dir='ltr'><strong>capitulum</strong></span> <span class='ocrx_word' id='word_1_781' title='bbox 3685 5257 3860 5322; x_wconf 81' lang='lat' dir='ltr'><strong>venire:</strong></span> 
     </span>
    </p>
   </div>
   <div class='ocr_carea' id='block_1_56' title="bbox 463 5353 3864 5435">
    <p class='ocr_par' dir='ltr' id='par_1_56' title="bbox 463 5353 3864 5435">
     <span class='ocr_line' id='line_1_56' title="bbox 463 5353 3864 5435; baseline 0.001 -29"><span class='ocrx_word' id='word_1_782' title='bbox 463 5354 699 5424; x_wconf 90' lang='lat' dir='ltr'><strong>quando</strong></span> <span class='ocrx_word' id='word_1_783' title='bbox 741 5360 824 5425; x_wconf 90' lang='lat' dir='ltr'><strong>ut,</strong></span> <span class='ocrx_word' id='word_1_784' title='bbox 875 5358 1224 5432; x_wconf 89' lang='lat' dir='ltr'><strong>priusquam</strong></span> <span class='ocrx_word' id='word_1_785' title='bbox 1285 5364 1505 5434; x_wconf 64' lang='lat' dir='ltr'><strong>caeteri,</strong></span> <span class='ocrx_word' id='word_1_786' title='bbox 1563 5366 1774 5435; x_wconf 89' lang='lat' dir='ltr'><strong>surgat</strong></span> <span class='ocrx_word' id='word_1_787' title='bbox 1828 5379 1862 5417; x_wconf 92' lang='lat' dir='ltr'><strong>a</strong></span> <span class='ocrx_word' id='word_1_788' title='bbox 1918 5378 2149 5418; x_wconf 59' lang='lat' dir='ltr'><strong>mensa:</strong></span> <span class='ocrx_word' id='word_1_789' title='bbox 2257 5362 2488 5429; x_wconf 88' lang='lat' dir='ltr'><strong>Quibus</strong></span> <span class='ocrx_word' id='word_1_790' title='bbox 2510 5361 2886 5418; x_wconf 88' lang='lat' dir='ltr'><strong>venientibus</strong></span> <span class='ocrx_word' id='word_1_791' title='bbox 2907 5364 2965 5418; x_wconf 88' lang='lat' dir='ltr'><strong>et</strong></span> <span class='ocrx_word' id='word_1_792' title='bbox 2983 5353 3864 5435; x_wconf 58' lang='lat' dir='ltr'><strong>veniampetenlibus,poslqualli</strong></span> 
     </span>
    </p>
   </div>
   <div class='ocr_carea' id='block_1_57' title="bbox 464 5431 3864 5523">
    <p class='ocr_par' dir='ltr' id='par_1_57' title="bbox 464 5431 3864 5523">
     <span class='ocr_line' id='line_1_57' title="bbox 464 5431 3864 5523; baseline 0 -29"><span class='ocrx_word' id='word_1_793' title='bbox 464 5457 708 5497; x_wconf 90' lang='lat' dir='ltr'><strong>rursum</strong></span> <span class='ocrx_word' id='word_1_794' title='bbox 736 5446 984 5501; x_wconf 89' lang='lat' dir='ltr'><strong>veniens</strong></span> <span class='ocrx_word' id='word_1_795' title='bbox 1014 5450 1087 5503; x_wconf 88' lang='lat' dir='ltr'><strong>ad</strong></span> <span class='ocrx_word' id='word_1_796' title='bbox 1118 5451 1386 5523; x_wconf 88' lang='lat' dir='ltr'><strong>gradum,</strong></span> <span class='ocrx_word' id='word_1_797' title='bbox 1420 5455 1477 5506; x_wconf 88' lang='lat' dir='ltr'><strong>et</strong></span> <span class='ocrx_word' id='word_1_798' title='bbox 1533 5468 1772 5508; x_wconf 89' lang='lat' dir='ltr'><strong>manum</strong></span> <span class='ocrx_word' id='word_1_799' title='bbox 1819 5468 2144 5523; x_wconf 83' lang='lat' dir='ltr'><strong>expensam</strong></span> <span class='ocrx_word' id='word_1_800' title='bbox 2259 5452 2643 5523; x_wconf 88' lang='lat' dir='ltr'><strong>surrexerint,</strong></span> <span class='ocrx_word' id='word_1_801' title='bbox 2668 5452 2880 5507; x_wconf 89' lang='lat' dir='ltr'><strong>iterum</strong></span> <span class='ocrx_word' id='word_1_802' title='bbox 2901 5466 3136 5523; x_wconf 89' lang='lat' dir='ltr'><strong>quoque</strong></span> <span class='ocrx_word' id='word_1_803' title='bbox 3157 5452 3219 5506; x_wconf 87' lang='lat' dir='ltr'><strong>ut</strong></span> <span class='ocrx_word' id='word_1_804' title='bbox 3236 5431 3412 5522; x_wconf 83' lang='lat' dir='ltr'><strong>prius</strong></span> <span class='ocrx_word' id='word_1_805' title='bbox 3443 5445 3725 5518; x_wconf 81' lang='lat' dir='ltr'><strong>aliquanta</strong></span> <span class='ocrx_word' id='word_1_806' title='bbox 3750 5431 3864 5523; x_wconf 58' lang='grc' dir='ltr'><strong>ἱιιξξ-</strong></span> 
     </span>
    </p>
   </div>
   <div class='ocr_carea' id='block_1_58' title="bbox 464 5518 3864 5614">
    <p class='ocr_par' dir='ltr' id='par_1_58' title="bbox 464 5518 3864 5614">
     <span class='ocr_line' id='line_1_58' title="bbox 464 5518 3864 5614; baseline -0.004 -31"><span class='ocrx_word' id='word_1_807' title='bbox 464 5529 695 5586; x_wconf 88' lang='lat' dir='ltr'><strong>tractim</strong></span> <span class='ocrx_word' id='word_1_808' title='bbox 723 5548 755 5587; x_wconf 89' lang='lat' dir='ltr'><strong>a</strong></span> <span class='ocrx_word' id='word_1_809' title='bbox 786 5536 1025 5604; x_wconf 89' lang='lat' dir='ltr'><strong>pectore</strong></span> <span class='ocrx_word' id='word_1_810' title='bbox 1067 5518 1326 5608; x_wconf 76' lang='lat' dir='ltr'><strong>trahens,</strong></span> <span class='ocrx_word' id='word_1_811' title='bbox 1374 5518 1522 5595; x_wconf 82' lang='lat' dir='ltr'><strong>cum</strong></span> <span class='ocrx_word' id='word_1_812' title='bbox 1565 5518 1916 5612; x_wconf 78' lang='lat' dir='ltr'><strong>hujusmodi</strong></span> <span class='ocrx_word' id='word_1_813' title='bbox 1968 5540 2145 5614; x_wconf 84' lang='lat' dir='ltr'><strong>signo</strong></span> <span class='ocrx_word' id='word_1_814' title='bbox 2257 5544 2397 5597; x_wconf 89' lang='lat' dir='ltr'><strong>nuat</strong></span> <span class='ocrx_word' id='word_1_815' title='bbox 2417 5542 2489 5597; x_wconf 88' lang='lat' dir='ltr'><strong>de</strong></span> <span class='ocrx_word' id='word_1_816' title='bbox 2506 5518 2850 5596; x_wconf 86' lang='lat' dir='ltr'><strong>austeritate</strong></span> <span class='ocrx_word' id='word_1_817' title='bbox 2868 5518 3201 5611; x_wconf 73' lang='lat' dir='ltr'><strong>disciplinae</strong></span> <span class='ocrx_word' id='word_1_818' title='bbox 3220 5518 3532 5613; x_wconf 71' lang='lat' dir='ltr'><strong>regularis,</strong></span> <span class='ocrx_word' id='word_1_819' title='bbox 3554 5533 3761 5590; x_wconf 84' lang='lat' dir='ltr'><strong>etinter</strong></span> <span class='ocrx_word' id='word_1_820' title='bbox 3780 5518 3864 5593; x_wconf 68' lang='lat' dir='ltr'><strong>alia</strong></span> 
     </span>
    </p>
   </div>
   <div class='ocr_carea' id='block_1_59' title="bbox 424 5617 3861 5702">
    <p class='ocr_par' dir='ltr' id='par_1_59' title="bbox 424 5617 3861 5702">
     <span class='ocr_line' id='line_1_59' title="bbox 424 5617 3861 5702; baseline -0.001 -29"><span class='ocrx_word' id='word_1_821' title='bbox 424 5632 425 5635; x_wconf 75' lang='lat'>‘</span> <span class='ocrx_word' id='word_1_822' title='bbox 464 5618 758 5677; x_wconf 90' lang='lat' dir='ltr'><strong>licentiam</strong></span> <span class='ocrx_word' id='word_1_823' title='bbox 790 5624 1294 5694; x_wconf 85' lang='lat' dir='ltr'><strong>quaeritabeundi.</strong></span> <span class='ocrx_word' id='word_1_824' title='bbox 1313 5627 1436 5694; x_wconf 91' lang='lat' dir='ltr'><strong>Qua</strong></span> <span class='ocrx_word' id='word_1_825' title='bbox 1455 5633 1694 5701; x_wconf 87' lang='lat' dir='ltr'><strong>accepta</strong></span> <span class='ocrx_word' id='word_1_826' title='bbox 1712 5628 1954 5685; x_wconf 89' lang='lat' dir='ltr'><strong>inclinat</strong></span> <span class='ocrx_word' id='word_1_827' title='bbox 1975 5631 2149 5702; x_wconf 91' lang='lat' dir='ltr'><strong>quasi</strong></span> <span class='ocrx_word' id='word_1_828' title='bbox 2254 5647 2373 5687; x_wconf 90' lang='lat' dir='ltr'><strong>non</strong></span> <span class='ocrx_word' id='word_1_829' title='bbox 2400 5633 2555 5687; x_wconf 90' lang='lat' dir='ltr'><strong>tacet</strong></span> <span class='ocrx_word' id='word_1_830' title='bbox 2583 5629 2795 5686; x_wconf 90' lang='lat' dir='ltr'><strong>melius</strong></span> <span class='ocrx_word' id='word_1_831' title='bbox 2824 5643 2965 5685; x_wconf 89' lang='lat' dir='ltr'><strong>esse</strong></span> <span class='ocrx_word' id='word_1_832' title='bbox 2995 5632 3059 5684; x_wconf 92' lang='lat' dir='ltr'><strong>ut</strong></span> <span class='ocrx_word' id='word_1_833' title='bbox 3086 5629 3217 5685; x_wconf 91' lang='lat' dir='ltr'><strong>sine</strong></span> <span class='ocrx_word' id='word_1_834' title='bbox 3246 5625 3651 5684; x_wconf 90' lang='lat' dir='ltr'><strong>bonedictione</strong></span> <span class='ocrx_word' id='word_1_835' title='bbox 3680 5617 3743 5673; x_wconf 89' lang='lat' dir='ltr'><strong>ad</strong></span> <span class='ocrx_word' id='word_1_836' title='bbox 3772 5624 3861 5665; x_wconf 65' lang='lat' dir='ltr'><strong>sw-</strong></span> 
     </span>
    </p>
   </div>
   <div class='ocr_carea' id='block_1_60' title="bbox 460 5706 3865 5803">
    <p class='ocr_par' dir='ltr' id='par_1_60' title="bbox 460 5706 3865 5803">
     <span class='ocr_line' id='line_1_60' title="bbox 460 5706 3865 5803; baseline 0 -36"><span class='ocrx_word' id='word_1_837' title='bbox 460 5710 754 5803; x_wconf 70' lang='lat' dir='ltr'><strong>gyrando,</strong></span> <span class='ocrx_word' id='word_1_838' title='bbox 790 5713 849 5771; x_wconf 87' lang='lat' dir='ltr'><strong>et</strong></span> <span class='ocrx_word' id='word_1_839' title='bbox 875 5722 1121 5773; x_wconf 82' lang='lat' dir='ltr'><strong>versum</strong></span> <span class='ocrx_word' id='word_1_840' title='bbox 1151 5714 1311 5787; x_wconf 86' lang='lat' dir='ltr'><strong>dicit,</strong></span> <span class='ocrx_word' id='word_1_841' title='bbox 1363 5718 1418 5774; x_wconf 90' lang='lat' dir='ltr'><strong>si</strong></span> <span class='ocrx_word' id='word_1_842' title='bbox 1450 5721 1542 5775; x_wconf 90' lang='lat' dir='ltr'><strong>est</strong></span> <span class='ocrx_word' id='word_1_843' title='bbox 1586 5718 1922 5797; x_wconf 73' lang='lat' dir='ltr'><strong>prandium.</strong></span> <span class='ocrx_word' id='word_1_844' title='bbox 1950 5718 2148 5777; x_wconf 75' lang='lat' dir='ltr'><strong>Confi-</strong></span> <span class='ocrx_word' id='word_1_845' title='bbox 2243 5721 2453 5777; x_wconf 73' lang='lat' dir='ltr'><strong>cuium</strong></span> <span class='ocrx_word' id='word_1_846' title='bbox 2482 5719 2744 5789; x_wconf 73' lang='lat' dir='ltr'><strong>redeant,</strong></span> <span class='ocrx_word' id='word_1_847' title='bbox 2779 5734 2953 5797; x_wconf 86' lang='lat' dir='ltr'><strong>quam</strong></span> <span class='ocrx_word' id='word_1_848' title='bbox 2983 5720 3224 5795; x_wconf 88' lang='lat' dir='ltr'><strong>accepta</strong></span> <span class='ocrx_word' id='word_1_849' title='bbox 3255 5715 3659 5782; x_wconf 82' lang='lat' dir='ltr'><strong>benedictione</strong></span> <span class='ocrx_word' id='word_1_850' title='bbox 3685 5706 3749 5764; x_wconf 84' lang='lat' dir='ltr'><strong>de</strong></span> <span class='ocrx_word' id='word_1_851' title='bbox 3774 5712 3865 5759; x_wconf 58' lang='lat'><strong>€93?</strong></span> 
     </span>
    </p>
   </div>
  </div>
