4028 6176
132 347 222 409 713

694 345 1400 411 CONSUETUDINES
1433 346 2063 412 CLUNIACENSES.
2093 374 2163 395 ά
2197 348 2455 413 LIBER
2478 350 2934 417 SECUNDUS.

3416 357 3536 420 715

134 549 231 601 tero
257 560 369 600 non
398 545 740 616 perdurent.
766 546 837 599 At
869 547 923 600 si
956 547 1072 615 ipsi
1102 549 1341 601 econtra
1372 562 1605 602 omnem
1628 546 1763 601 obe-
1783 534 1836 599 Α
1865 563 2235 620 nequaquam
2248 550 2812 622 ulteriusacapitulo
2826 559 3194 626 separantur;
3210 560 3530 616 etdomnus

136 634 373 689 dientiam
394 637 453 688 et
484 634 863 689 stabilitatem
891 635 1265 705 pollicentur,
1296 637 1501 691 annuit
1525 637 1762 691 tandem

136 740 215 779 eos
235 723 638 778 benedictione
671 724 1039 778 confirmare.
1073 723 1457 779 Commendat
1478 724 1759 780 fratribus

134 817 179 867 ut
202 813 251 865 in
279 811 646 866 orationibus
695 814 824 867 suis
854 814 1241 868 recordentur
1289 829 1514 883 eorum,
1548 818 1605 869 et
1647 815 1758 868 ali-

134 900 348 973 quando,
383 902 437 954 si
484 900 736 971 videtur,
769 917 954 955 unum
980 902 1274 971 psalmum
1319 905 1456 973 post
1486 904 1756 975 singulas

134 991 275 1044 horas
302 989 359 1043 in
388 989 491 1045 illo
523 990 617 1045 die
645 1006 752 1060 pro
782 991 872 1045 eis
904 990 1146 1045 cantari.

661 1097 913 1152 CAPUT
943 1097 1186 1152 XXVII.

460 1203 551 1259 De
570 1203 988 1258 benedictione
1006 1205 1386 1260 novitiorum.

185 1310 417 1366 Veniunt
434 1311 507 1364 ad
528 1311 712 1381 pedes
733 1311 857 1365 bini
885 1310 980 1364 vel
1003 1311 1171 1366 terni.
1188 1311 1333 1366 Post
1368 1310 1761 1383 Evangelium

133 1399 338 1471 majoris
378 1399 585 1453 missaa
616 1400 729 1454 rite
770 1399 1106 1454 benedictio
1140 1403 1232 1454 est
1276 1401 1526 1472 agenda,
1560 1405 1617 1455 et
1647 1401 1760 1455 hoc

129 1490 269 1544 modo
298 1488 649 1543 inchoanda.
692 1488 960 1559 Singulis
1011 1492 1103 1543 est
1134 1490 1421 1559 scriptum
1463 1490 1759 1561 quomodo

129 1577 499 1647 proﬁteantur,
529 1576 688 1648 quod
709 1580 801 1631 est
831 1576 1175 1647 hujusmodi
1210 1594 1221 1631 :
1248 1577 1379 1649 Ego
1415 1576 1615 1633 frater
1627 1594 1760 1649 pro-

125 1668 262 1721 mitto
273 1666 664 1720 stabilitatem
685 1666 972 1732 monachi,
993 1672 1053 1720 et
1070 1681 1175 1720 con
1186 1667 1521 1721 versionem
1533 1683 1757 1721 morum

124 1761 435 1825 meorum,et
452 1754 850 1809 obedientiam
865 1755 1182 1810 secundum
1196 1754 1461 1827 regulam
1484 1755 1544 1810 S.
1572 1756 1758 1811 Bene-

128 1845 263 1914 dicti,
292 1860 487 1899 coram
519 1844 643 1898 Deo
673 1850 732 1899 et
753 1845 983 1898 sanctis
1011 1845 1143 1915 ejus
1172 1845 1234 1898 in
1259 1844 1367 1899 hoc
1398 1846 1759 1901 monasterio

124 1934 244 2005 quod
261 1940 349 1988 est
380 1939 780 1989 constructum
807 1935 865 1986 in
882 1933 1106 1988 honore
1126 1933 1253 1988 BB.
1276 1939 1461 2004 apost.
1484 1933 1662 1989 Petri
1699 1941 1758 1989 et

125 2022 299 2092 Pauli;
328 2022 390 2076 in
414 2022 742 2094 praesentia
774 2022 998 2077 domini
1033 2021 1111 2078 N.
1139 2021 1397 2077 abbatis.
1431 2022 1561 2078 Hoc
1584 2024 1755 2079 modo

126 2111 246 2183 legit
272 2112 686 2182 unusquisque
723 2110 783 2164 in
828 2110 997 2166 brevi
1037 2127 1166 2179 sua,
1213 2114 1269 2166 et
1307 2111 1757 2181 ipsambrevem

121 2201 265 2254 mittit
290 2217 474 2270 super
491 2200 676 2255 altare
696 2200 924 2273 jugiter
948 2200 1031 2255 ibi
1053 2200 1428 2256 servandam.
1449 2200 1510 2255 Si
1529 2201 1754 2257 litteras

122 2290 305 2359 nescit,
349 2290 496 2362 legit
536 2305 647 2360 pro
679 2305 748 2344 eo
793 2290 966 2359 alius,
1009 2290 1247 2361 signum
1289 2293 1481 2344 tamen
1516 2290 1755 2362 aliquod

121 2393 269 2433 manu
296 2378 435 2432 facit
466 2379 525 2432 in
554 2378 743 2433 brevi.
776 2379 990 2432 Petunt
1020 2384 1111 2432 ter
1137 2378 1371 2432 veniam
1406 2394 1589 2448 super
1627 2395 1753 2433 ma-

119 2484 213 2522 nus
243 2472 297 2522 et
346 2483 539 2539 genua
566 2486 580 2533 ;
616 2470 708 2522 ter
755 2464 928 2522 etiam
972 2467 1130 2522 hunc
1177 2483 1421 2521 versum
1452 2468 1700 2524 dicendo
1736 2484 1748 2523 :

116 2557 338 2628 Suscipe
350 2573 462 2626 me,
482 2557 746 2626 Domine,
762 2557 1081 2612 secundum
1109 2556 1416 2628 eloquium,
1432 2558 1567 2626 etc.,
1589 2560 1645 2612 et
1661 2561 1753 2612 to-

115 2648 211 2700 ties
244 2662 276 2699 a
306 2650 601 2701 conventu
644 2645 919 2699 similiter
966 2645 1055 2700 eis
1096 2645 1509 2716 respondetur.
1557 2646 1753 2701 Tertia

113 2736 242 2803 vice,
266 2736 467 2790 Gloria
489 2734 667 2789 Patri
677 2734 977 2806 adiuncto,
992 2750 1202 2806 gyrum
1223 2734 1548 2804 faciunt,ita
1566 2735 1753 2806 popli-

110 2824 251 2878 tibus
280 2825 472 2890 ﬂexis,
508 2826 564 2878 et
585 2826 791 2893 postea
807 2826 1193 2892 prosternunt
1215 2839 1281 2878 se
1311 2823 1383 2876 ad
1403 2825 1746 2879 orationem.

106 2913 351 2967 Domnus
390 2912 576 2967 abbas
613 2914 781 2965 stans
806 2912 1052 2981 imponit
1073 2912 1132 2965 K
1126 2912 1261 2983 yrie
1295 2912 1539 2967 eleison.
1561 2912 1752 2967 Pater

106 3007 313 3069 noster,
334 3002 628 3072 psalmum
657 3000 983 3070 Miserere;
1010 3000 1344 3069 praemissis
1368 3000 1463 3055 his
1477 3001 1749 3055 versicu-

102 3089 169 3144 lis
189 3107 201 3143 :
222 3090 436 3146 Salvos
457 3089 573 3159 fac,
600 3092 733 3157 etc.,
753 3088 932 3143 Mitte
961 3090 1070 3158 eis,
1088 3092 1223 3157 etc.,
1253 3088 1431 3144 Nihil
1440 3088 1745 3160 proficiat,

100 3184 220 3250 etc.,
243 3181 389 3234 Esto
413 3180 523 3247 eis,
558 3181 669 3233 etc.
693 3178 1035 3248 Sequuntur
1062 3177 1156 3233 hae
1184 3178 1615 3232 benedictionis
1636 3177 1750 3232 col-

1867 637 2053 691 abbas
2086 639 2410 693 secundum
2428 640 2696 711 gratiam,
2727 659 2857 713 quae
2880 646 3138 716 singulis
3152 650 3242 701 est
3264 648 3527 720 data,ju-

1868 726 1968 780 bet
1993 742 2098 781 eos
2117 728 2188 781 de
2208 731 2421 782 caetero
2440 729 2498 783 in
2526 731 2778 785 ecclesia
2808 734 3063 802 servire,
3086 735 3330 804 scilicet,
3349 741 3410 791 ut
3440 738 3528 793 le-

1875 819 2034 887 gant,
2052 818 2110 870 et
2122 820 2374 887 cantent,
2408 820 2506 889 qui
2528 819 2639 872 hoc
2663 820 2877 891 sciunt;
2903 826 2960 875 et
2977 823 3077 893 qui
3094 823 3251 877 aliud
3281 840 3397 877 non
3420 842 3527 879 va-

1868 903 2007 973 lent,
2030 905 2381 959 candelabra
2404 910 2459 960 et
2484 908 2778 963 tliuribula
2806 914 3057 978 portent.
3098 911 3180 965 De
3201 911 3296 965 his
3311 916 3524 984 tamen,

1869 994 1971 1062 qui
2009 994 2352 1049 sacerdotes
2385 1001 2521 1049 sunt
2554 996 2645 1050 vel
2668 997 2862 1051 levitas
2894 999 3209 1071 diligenter
3236 1002 3529 1056 examinat

1869 1083 2163 1152 quomodo
2200 1082 2317 1137 sint
2366 1084 2634 1155 ordinati,
2675 1087 2868 1157 qualis
2896 1088 2975 1142 sit
3008 1104 3211 1143 eorum
3255 1091 3524 1161 scientia,

1866 1170 2058 1241 qualis
2108 1172 2488 1242 conscientia,
2551 1176 2607 1227 et
2636 1191 2742 1244 per
2770 1177 3005 1247 aliquod
3035 1180 3268 1249 tempus
3318 1180 3529 1248 prob‘at

1864 1275 2067 1313 eorum
2090 1263 2619 1333 conversationem,
2654 1267 2963 1334 antequam
2991 1266 3080 1320 eis
3111 1266 3293 1337 hujus
3312 1268 3523 1323 minis-

1860 1349 1991 1401 terii
2034 1350 2330 1404 licentiam
2371 1352 2684 1420 permittat.
2732 1354 3037 1424 Praecipue
3085 1355 3187 1425 qui
3237 1358 3520 1412 sacerdos

1863 1442 1986 1491 erat
2003 1443 2314 1509 antequam
2332 1442 2580 1508 veniret,
2603 1442 2840 1497 omnino
2857 1444 2928 1497 ab
2944 1443 3140 1497 officio
3158 1444 3523 1516 prohibetur,

1863 1541 2057 1597 usque
2087 1528 2224 1582 dum
2244 1529 2467 1599 saepius
2480 1531 2856 1600 prospiciens
2888 1532 3157 1587 addiscat
3186 1549 3362 1604 quam
3379 1536 3526 1589 mul-

1860 1615 2043 1687 tiplici
2091 1619 2285 1673 studio
2316 1619 2429 1673 tale
2471 1623 2909 1674 sacramentum
2956 1623 3239 1676 tractetur
3268 1639 3301 1676 a
3328 1624 3523 1679 nobis.

1861 1709 1977 1764 Sed
1999 1710 2061 1763 ut
2074 1708 2171 1761 hic
2184 1708 2574 1777 meminerim,
2594 1711 2711 1762 tarn
2726 1710 2824 1779 qui
2840 1710 3408 1781 examinatur,quam
3426 1715 3527 1784 qui

1857 1799 1981 1871 jam
2004 1796 2319 1852 examinati
2341 1796 2537 1866 aliquo
2563 1797 2736 1852 modo
2761 1798 2994 1853 servire
3009 1798 3315 1869 jubentur,
3335 1816 3525 1855 unus-

1781 1908 1831 1969 B
1862 1888 2115 1959 quisque
2136 1886 2373 1940 illorum
2395 1886 2455 1939 in
2478 1886 2730 1954 capitulo
2751 1887 2997 1941 brevem
3019 1888 3338 1959 diligenter
3352 1892 3533 1945 atten-

1862 1977 1963 2045 dit,
1996 1978 2057 2029 ut
2093 1974 2519 2028 animadvertat
2546 1974 2599 2027 si
2630 1977 2722 2029 est
2751 1976 2823 2029 ad
2855 1975 3038 2030 ullum
3066 1978 3330 2048 scriptus
3353 1981 3525 2034 obsex-

1861 2065 2084 2137 quium,
2115 2063 2273 2135 quod
2293 2061 2387 2118 vel
2418 2063 2479 2117 in
2503 2063 2755 2117 ecclesia
2778 2063 2874 2118 vel
2905 2067 3069 2119 extra
3100 2066 3178 2121 sit
3206 2068 3521 2139 agendum.

2454 2150 2707 2205 CAPUT
2734 2152 2935 2207 XXIX

1857 2243 1947 2299 De
1966 2240 2431 2297 hebdomadario
2461 2246 2722 2307 cantare,
2759 2247 2818 2313 et
2848 2241 2922 2295 de
2954 2257 3021 2296 eo
3043 2243 3140 2313 qui
3171 2249 3409 2298 notatus
3428 2253 3524 2300 est

1929 2314 2005 2369 ad
2033 2314 2095 2367 in
2106 2313 2446 2385 vitatorium
2462 2312 2893 2385 imponendum,
2909 2313 3006 2385 vel
3024 2312 3100 2367 ad
3131 2313 3381 2385 aliquam
3392 2315 3515 2373 lec-

1933 2386 2167 2451 tionem,
2208 2382 2302 2437 vel
2314 2382 2547 2453 aliquod
2569 2383 3032 2452 responsorium.

1926 2473 1989 2529 Si
2028 2476 2135 2528 est
2173 2474 2407 2528 notatus
2445 2471 2518 2525 ad
2568 2471 2991 2541 invitatorium,
3042 2474 3272 2542 quando
3326 2472 3524 2543 ipsum

1855 2563 2091 2618 inchoat
2113 2566 2279 2617 stans
2295 2561 2365 2615 ad
2385 2561 2634 2632 gradum
2654 2576 2786 2613 cum
2806 2575 2917 2614 suo
2933 2561 3161 2631 collega
3174 2563 3267 2616 vel
3288 2564 3521 2633 quando

1856 2653 2002 2721 ﬁnit,
2029 2655 2275 2721 utraque
2305 2651 2433 2703 vice
2465 2649 2605 2702 facit
2625 2651 2757 2702 ante
2776 2652 2831 2703 et
2855 2651 3036 2703 retro.
3075 2648 3138 2703 Si
3173 2666 3246 2704 ex
3281 2651 3519 2707 duobus

1859 2740 2178 2795 cantaturis
2192 2738 2613 2803 invitatorium,
2637 2740 2730 2791 est
2743 2738 2908 2808 prior
2921 2741 3177 2806 notatus,
3192 2741 3331 2793 tunc
3345 2741 3518 2794 etiam

1860 2828 2356 2885 hebdomadarius
2389 2828 2518 2895 erit,
2552 2841 2661 2896 per
2703 2828 2880 2880 totam
2912 2826 3341 2881 hebdomadam
3384 2829 3518 2882 offi-

1860 2919 2015 2973 cium
2046 2919 2249 2972 missae
2280 2915 2525 2986 majoris
2554 2915 2815 2984 imponit,
2851 2916 2921 2968 ad
2953 2930 3127 2985 quam
3158 2932 3291 2969 cum
3319 2917 3380 2969 in
3427 2917 3520 2971 die

1859 3006 2293 3073 Dominica,vel
2321 3004 2378 3056 in
2404 3003 2662 3074 qualibet
2680 3003 2733 3055 ei
2754 3003 2952 3072 simili,
2978 3004 3170 3058 omnia
3204 3005 3377 3075 signa
3399 3003 3520 3059 sint

1854 3095 2164 3166 pulsanda,
2200 3094 2273 3147 ad
2304 3108 2436 3147 eum
2477 3092 2727 3161 pertinet
2769 3094 2832 3145 ut
2872 3092 3003 3161 ipse
3046 3092 3267 3161 primas
3311 3093 3514 3147 scillas

1853 3184 2092 3255 incipiat
2120 3182 2379 3253 pulsare,
2407 3183 2462 3235 et
2483 3184 2690 3250 postea
2714 3196 2897 3249 cappa
2926 3196 2991 3234 se
3013 3180 3257 3250 vestire,
3281 3184 3345 3235 ut
3375 3181 3514 3235 cho-

98 3268 285 3324 Ιθθῑωε
329 3269 492 3324 Deus
518 3266 1043 3339 indulgentiam”),
1062 3272 1198 3335 ϐίοι,
1217 3266 1393 3336 Deus,
1417 3267 1633 3338 quiper
1646 3282 1744 3320 σε·
1777 3264 1831 3331 C
1853 3289 1959 3328 rus
1988 3273 2256 3327 teneatur
2281 3270 2354 3324 ab
2386 3269 2521 3339 illo;
2571 3269 2672 3340 qui
2702 3270 2758 3321 et
2787 3268 3097 3322 incensum
3119 3268 3233 3321 sibi
3251 3262 3512 3339 allatum,

96 3365 392 3427 mternum,
418 3363 532 3413 etc.
554 3356 801 3412 Domine
813 3356 956 3411 Jesu
988 3355 1360 3426 Christe,qui
1380 3370 1447 3410 es
1472 3356 1581 3424 via,
1603 3359 1741 3424 etc.,

95 3446 302 3501 Sancte
333 3446 620 3517 Spiritus,
656 3444 755 3516 qui
786 3449 842 3499 te
863 3443 1069 3513 Deum,
1099 3443 1616 3512 etc.,Cucullasita
1635 3445 1743 3499 be-

92 3535 297 3589 nedicit
329 3551 342 3589 :
376 3535 625 3589 Domine
664 3534 808 3589 Jesu
840 3532 1084 3587 Christe
1116 3534 1383 3604 qui,etc.,
1404 3549 1555 3603 aqua
1573 3535 1744 3589 bene-

91 3624 235 3678 dicta
263 3625 631 3695 conspergit.
664 3622 781 3677 Sed
802 3622 1009 3676 novitii
1028 3638 1137 3677 sua
1156 3622 1566 3678 benedictione
1581 3624 1742 3679 finita

91 3717 451 3785 consurgunt
480 3713 553 3766 ab
572 3711 853 3780 oratione,
879 3715 1101 3766 exuunt
1118 3711 1377 3780 froccos,
1413 3716 1469 3767 et
1490 3713 1741 3769 induunt

88 3802 365 3856 cucullas.
415 3802 575 3855 Inter
619 3800 955 3855 exuendum
982 3815 1197 3854 rursus
1229 3800 1496 3855 dicturus
1523 3806 1617 3856 est
1666 3803 1744 3856 ad

86 3891 353 3962 singulos
384 3891 638 3946 domnus
666 3889 853 3943 abbas
883 3904 896 3944 :
942 3888 1140 3943 Exuat
1168 3895 1226 3944 te
1271 3889 1575 3960 Dominus,
1629 3893 1741 3946 etc.

86 3979 232 4035 Inter
261 3979 624 4035 induendum
657 3993 668 4034 :
702 3978 916 4033 Induat
960 3983 1037 4032 te.
1071 3980 1183 4032 etc.
1226 3978 1605 4033 Circumeunt
1637 3995 1742 4049 per

81 4070 256 4123 totum
297 4070 546 4123 chorum
596 4070 659 4122 ut
689 4081 898 4122 omnes
946 4066 1182 4135 fratres,
1232 4066 1306 4121 ab
1338 4067 1469 4138 ipso
1526 4068 1739 4126 domno

80 4157 283 4214 abbate
304 4158 655 4232 incipientes
688 4155 1049 4210 osculantur.

429 4246 437 4254 ’
625 4244 878 4300 CAPUT
909 4244 1175 4299 XXVIII.

80 4335 159 4390 De
194 4336 565 4392 habitatione
596 4334 830 4389 illorum
854 4334 915 4387 in
936 4333 1040 4388 illo
1072 4333 1269 4390 triduo
1279 4341 1414 4406 post
1446 4334 1739 4391 benedic-

792 4423 1027 4478 tionem.

146 4514 210 4569 ln
239 4514 336 4569 his
364 4514 559 4569 tribus
589 4513 803 4569 diebus
833 4529 950 4568 non
968 4513 1276 4576 denudent
1308 4516 1481 4584 caput
1513 4514 1737 4585 capello

1852 3378 1968 3434 quo
2000 3376 2218 3431 corpus
2251 3358 2484 3413 Domini
2513 3361 2645 3412 ante
2669 3357 3173 3411 consecrationem
3196 3360 3287 3411 est
3312 3356 3513 3413 incen-

1854 3451 2124 3519 sandum,
2158 3449 2218 3503 in
2246 3447 2609 3502 thuribulum
2642 3446 2822 3516 ponit.
2855 3444 3098 3510 Quando
3129 3448 3268 3500 sunt
3296 3444 3512 3501 fratres

1852 3540 1925 3594 ad
1952 3553 2159 3610 pacem
2189 3539 2247 3591 et
2267 3536 2755 3599 communionem,
2782 3534 2918 3587 licet
2941 3534 2995 3587 ei
3017 3533 3246 3589 sedere.
3270 3533 3511 3599 Quoties

1853 3630 1914 3684 in
1943 3628 2267 3698 septimana
2298 3625 2517 3679 fuerint
2539 3623 2848 3678 duodecim
2878 3623 3187 3694 lectiones,
3209 3624 3282 3676 ad
3306 3616 3513 3678 amnes

1852 3718 2032 3773 horas
2064 3716 2306 3786 imponit
2328 3713 2724 3783 antiphonam,
2761 3714 2975 3780 praeter
3004 3713 3077 3766 ad
3105 3728 3416 3782 vesperas,
3439 3698 3514 3773 ad

1852 3822 2002 3879 quas
2033 3821 2152 3859 non
2184 3803 2428 3873 imponit
2456 3802 2575 3855 nisi
2599 3801 2660 3855 in
2702 3800 2801 3855 tali
2834 3800 3252 3855 festivitate'de
3281 3797 3349 3855 'S.
3383 3799 3510 3854 Tri-

1851 3897 2049 3963 nitate,
2101 3893 2196 3947 vel
2246 3892 2418 3946 etiam
2468 3888 2825 3944 solemniore
2871 3904 3046 3959 quam
3103 3892 3215 3943 est.
3266 3887 3509 3963 Quando

1853 3960 2060 4040 omnes
2090 3982 2163 4035 ad
2181 3979 2465 4051 majorem
2484 3978 2731 4031 missam
2761 3993 2969 4031 sumus
2990 3977 3177 4031 induti
3199 3977 3372 4048 albis,
3392 3960 3510 4049 non

1854 4074 1925 4127 ad
1965 4087 2118 4139 eum,
2151 4069 2258 4123 sed
2276 4068 2349 4122 ad
2371 4066 2687 4121 armarium
2706 4065 2956 4135 pertinet
2978 4065 3237 4120 ofﬁcium
3256 4054 3509 4145 majoris

1848 4164 2076 4218 missae.
2107 4158 2275 4224 Quod
2306 4156 2360 4211 si
2397 4171 2514 4210 non
2549 4153 3065 4221 hebdomadarius,
3088 4157 3280 4209 tamen
3310 4152 3387 4221 ad
3414 4156 3512 4210 ali-

1849 4266 2024 4324 quam
2055 4247 2431 4317 antiphonam
2480 4246 2902 4297 nocturnorum
2933 4244 3168 4295 notatus
3219 4246 3330 4325 est,
3354 4228 3508 4327 cum

1848 4337 2196 4411 imposuerit
2235 4351 2383 4404 eam,
2433 4331 2593 4386 finito
2623 4330 2811 4401 primo
2861 4345 3045 4384 versu
3070 4328 3324 4415 'psalmi,
3352 4329 3513 4414 facit

1847 4432 1981 4485 ante
2012 4430 2068 4483 et
2086 4429 2283 4495 retro;
2316 4423 2389 4477 ad
2417 4420 2735 4493 legendum
2763 4419 3008 4473 multum
3042 4418 3280 4503 inclinis
3318 4421 3376 4499 et
3408 4434 3506 4501 Jac-
3554 4495 3563 4504 .

1849 4518 2004 4574 cedit
2034 4520 2090 4570 et
2119 4492 2360 4581 recedit,
2381 4492 2501 4565 nisi
2527 4526 2595 4564 ea
2608 4510 2756 4577 vice,
2775 4524 2888 4579 qua
2909 4492 3511 4591 conventusnovndum

82 4608 440 4673 coopertum,
503 4604 563 4657 in
618 4602 870 4657 cucullis
913 4602 1227 4669 dormiunt,
1296 4602 1441 4656 nihil
1499 4604 1738 4658 omnino
1766 4604 2136 4689 Dconsedit,
2171 4618 2287 4657 non
2310 4603 2401 4656 est
2422 4598 2917 4666 adeoinclinis;et
2935 4588 3510 4681 postquamlegerit,

81 4688 415 4760 loquuntur,
459 4689 713 4747 oﬂ‘erunt
754 4690 829 4744 ad
870 4705 1095 4759 pacem,
1142 4689 1217 4743 ad
1261 4691 1737 4746 communionem
1783 4686 1803 4689 ⁷
1842 4710 2059 4751 rursus
2081 4693 2152 4746 ad
2176 4690 2425 4763 gradum
2445 4704 2564 4743 non
2592 4687 2785 4741 solum
2808 4689 2941 4740 ante
2960 4688 3016 4740 et
3038 4686 3379 4765 retrofacit,
3396 4687 3506 4741 sed

80 4780 339 4849 veniunt,
363 4780 523 4851 quod
552 4794 669 4834 non
700 4778 1015 4850 aliquando
1036 4778 1352 4849 dimittunt,
1378 4781 1552 4834 etiam
1575 4781 1625 4835 si
1649 4781 1737 4836 eis

83 4866 299 4937 aliquid
371 4869 619 4940 contigit
661 4867 1026 4923 dormiendo.
1097 4867 1295 4922 Tertio
1346 4868 1582 4923 tandem
1621 4870 1735 4938 die,

82 4970 211 5008 cum
254 4957 542 5012 sacerdos
590 4955 771 5010 fuerit
808 4971 913 5010 eos
960 4956 1265 5010 osculatus
1326 4956 1398 5010 de
1445 4957 1737 5026 capitibus

81 5057 283 5099 eorum
312 5045 603 5101 abstrahit
643 5030 954 5115 capellam,
989 5048 1045 5099 et
1087 5045 1159 5099 de
1206 5047 1422 5099 caetero
1454 5045 1592 5100 licet
1621 5046 1734 5115 eis,

86 5132 233 5187 sicut
261 5135 393 5189 aliis
438 5133 744 5204 fratribus,
785 5133 946 5204 loqui
987 5137 1042 5189 et
1083 5148 1303 5189 exuere
1345 5135 1630 5188 cucullus.
1675 5134 1737 5189 Si

85 5222 212 5289 quis
240 5223 533 5292 inﬁrmus,
554 5224 629 5291 et,
654 5226 716 5276 ut
747 5222 928 5290 aiunt,
954 5222 1026 5276 ad
1048 5223 1517 5278 succurrendum
1543 5224 1733 5278 bene-

85 5310 388 5366 dictionem
428 5312 747 5380 acceperit,
800 5314 856 5365 et
894 5326 1000 5380 pro
1041 5310 1375 5366 infirmitate
1434 5312 1734 5367 silentium

86 5398 277 5456 tenere
307 5418 425 5456 non
446 5400 651 5472 potuit,
686 5415 820 5453 cum
840 5398 972 5453 aliis
1005 5399 1105 5470 qui
1132 5400 1563 5455 benedicuntur
1586 5402 1738 5471 capi-

82 5489 131 5538 ta
158 5490 609 5562 contegentibus
660 5489 788 5557 ipse
834 5503 1067 5558 quoque
1100 5490 1379 5560 contegit,
1442 5494 1498 5544 et
1541 5491 1736 5544 omnia

85 5590 204 5645 quae
233 5579 319 5633 illi
365 5578 589 5633 faciunt
618 5592 686 5632 eo
731 5578 924 5632 triduo
971 5577 1246 5632 similiter
1275 5578 1432 5648 facit,
1468 5582 1529 5633 ut
1578 5580 1735 5650 quod

80 5666 232 5732 prius
282 5668 573 5723 omissum
613 5668 738 5722 erat
780 5667 1143 5738 suppleatur.
1188 5666 1349 5739 Ergo
1391 5668 1463 5723 ab
1499 5668 1602 5725 illo
1642 5669 1736 5725 die

359 5756 625 5813 PAAROL.
659 5754 920 5811 CXLIX.

1850 4785 2021 4839 etiam
2049 4782 2204 4835 illam
2221 4779 2451 4833 veniam
2470 4793 2650 4846 super
2662 4791 2873 4830 manus
2895 4778 2950 4829 et
2976 4791 3169 4846 genua
3183 4768 3503 4855 praemittit.

1849 4875 1899 4927 A
1924 4887 2039 4943 quo
2062 4870 2235 4925 etiam
2263 4866 2576 4921 notandum
2606 4864 2718 4919 hoc
2742 4865 2926 4919 moris
2959 4879 3097 4917 esse
3119 4850 3426 4949 nosti-hiut
3455 4865 3509 4918 si

1851 4975 2028 5031 quam
2055 4954 2442 5028 prophetiam,
2466 4952 2718 5006 maxime
2740 4951 2842 5006 ubi
2863 4951 3005 5005 nihil
3041 4950 3299 5027 habetur
3315 4946 3507 5021 histo-

1853 5050 2062 5116 ricum,
2095 5045 2309 5117 legerit
2335 5043 2395 5097 in
2425 5040 2747 5096 Dominicis
2779 5038 3073 5109 noctibus,
3106 5034 3388 5113 adﬁnem
3425 5038 3507 5096 le-

1858 5137 2068 5193 ctionis
2102 5149 2221 5188 non
2243 5133 2415 5201 dicat,
2448 5131 2588 5184 Haec
2619 5130 2765 5184 dicit
2803 5128 3106 5198 Dominus,
3140 5128 3267 5211 sed,
3310 5128 3389 5205 Tu
3410 5144 3512 5191 au-

1860 5231 1973 5281 tem
2004 5222 2270 5292 Domine,
2307 5223 2444 5275 sunt
2475 5220 2643 5274 etiam
2668 5219 2739 5273 ad
2771 5218 2947 5272 tinem
2970 5217 3262 5301 cujusque
3286 5219 3512 5277 codicis

1852 5313 2273 5385 prophetarum
2322 5309 2602 5380 praelecti.
2652 5306 2817 5372 Quod
2867 5306 2918 5360 si
2949 5308 3021 5361 ad
3060 5308 3513 5379 responsorium

1857 5405 2108 5468 notatur,
2141 5400 2236 5454 hic
2256 5398 2491 5470 quidem
2512 5395 2811 5450 moderate
2844 5396 3102 5465 inclinat,
3128 5400 3183 5451 et
3202 5401 3513 5468 antequam

1856 5492 2135 5562 imponat,
2164 5490 2221 5543 et
2250 5489 2455 5558 postea
2472 5485 2632 5539 ﬁnito
2654 5500 2853 5554 versu,
2878 5486 2971 5538 vcl
3007 5484 3209 5541 Gloria
3238 5486 3435 5558 Patri,
3462 5486 3518 5551 si

1855 5581 1968 5635 hoc
2017 5581 2108 5633 est
2145 5578 2212 5631 ad
2218 5575 2609 5648 jungendum,
2647 5574 2784 5628 facit
2815 5577 2948 5628 ante
2980 5577 3037 5629 et
3070 5578 3251 5645 retro,
3286 5579 3342 5630 et
3380 5579 3516 5647 post

1854 5683 2096 5725 versum
2123 5666 2196 5722 ad
2217 5664 2455 5739 aliquod
2484 5665 2844 5722 momentum
2863 5663 3142 5720 inclinem
3174 5680 3241 5739 se
3273 5664 3518 5720 submit-

3162 5752 3229 5808 23
