3956 6176
475 392 594 454 715

1458 374 1861 442 ULDARICI
1894 368 2495 436 CLUNIACENSIS
2529 368 2927 433 MONACHI

3709 374 3798 437 716

475 610 577 673 tit;
625 608 681 661 et
710 605 763 660 si
808 620 943 659 cum
991 602 1173 654 altero
1221 599 1313 653 est
1357 597 1718 661 cantaturus,
1770 589 2023 645 cantabit
2067 587 2138 641 ad
2169 567 2229 630 Α
2258 601 2442 640 cornu
2474 585 2699 654 altaris,
2723 585 3053 640 inclinatad
3081 585 3412 653 orationem,
3435 587 3808 644 maximeDomi-

479 698 746 769 gradum.

1075 775 1326 831 CAPUT
1357 773 1545 827 XXX.

844 890 933 941 De
956 884 1267 939 sacerdote
1299 877 1780 935 hebdomadario.

557 980 719 1044 Quod
753 977 801 1031 si
828 975 1086 1043 scriptus
1118 972 1293 1025 estut
1318 967 1652 1023 sacerdotio
1687 966 1987 1036 fungatur,
2023 963 2155 1017 etin

416 1116 430 1127 .
488 1067 764 1139 praesenti
800 1066 1125 1133 septimana
1150 1058 1436 1129 majorem
1458 1056 1705 1110 missam
1736 1052 2077 1120 cantavcrit,
2097 1052 2158 1105 in

490 1155 759 1227 sequenti
792 1151 1047 1206 cantabit
1077 1147 1495 1202 matutinalem.
1534 1146 1616 1198 De
1650 1143 1743 1197 liis
1776 1144 1990 1209 autem,
2017 1156 2151 1211 quae

492 1248 755 1299 dicturus
808 1244 917 1309 est,
952 1255 1067 1295 non
1107 1253 1292 1308 pauca
1325 1236 1482 1289 scire
1516 1233 1691 1287 debet
1723 1231 1899 1285 corde
1946 1233 2158 1297 tenus;

491 1336 743 1405 primum
759 1336 883 1384 tres
903 1329 1180 1382 collectas
1195 1326 1266 1379 ad
1283 1324 1507 1377 cantica
1522 1320 1855 1392 quindecim
1872 1320 2160 1390 graduum

494 1428 624 1476 ante
659 1424 1002 1485 nocturnos,
1031 1416 1121 1470 vel
1154 1416 1203 1468 si
1229 1412 1557 1483 psalmodia
1580 1408 1946 1480 protenditur
1971 1422 2163 1477 usque

494 1513 566 1564 ad
600 1511 773 1562 finem
794 1505 1086 1573 Psalterii,
1114 1504 1393 1557 collectas
1409 1501 1479 1553 ad
1500 1499 1781 1569 suffragia
1802 1503 2161 1564 sanctorum,

503 1600 781 1653 collectas
818 1596 890 1649 ad
931 1594 1126 1647 ofﬁcia
1164 1593 1598 1659 defunctorum,
1648 1588 1717 1640 ad
1750 1586 2013 1656 psalmos
2056 1600 2165 1654 pro

496 1687 889 1742 familiaribus
911 1726 925 1752 ,
958 1684 1030 1736 ad
1061 1680 1447 1751 psalmodiam
1479 1678 1657 1745 Deus,
1692 1675 1957 1729 auribus.
1996 1674 2160 1727 Usus

500 1791 735 1847 quoque
765 1777 1006 1827 nostros
1029 1769 1406 1825 multifariam
1437 1766 1594 1820 scire
1619 1765 1810 1833 debet,
1840 1762 2087 1817 maxime
2108 1762 2169 1815 in

501 1864 767 1918 collectis
782 1861 1050 1915 dicendis
1067 1862 1121 1913 et
1142 1855 1510 1921 ordinandis,
1533 1858 1593 1908 ut
1622 1854 1682 1907 in
1713 1853 2008 1907 conventu
2024 1851 2168 1905 nihil

504 1967 762 2021 unquam
795 1951 949 2003 dicat
971 1948 1127 2018 quod
1153 1947 1223 2000 ab
1243 1945 1359 1998 illis
1375 1944 1491 1997 ullo
1514 1943 1687 1996 modo
1707 1942 2027 2009 dissideat;
2061 1939 2168 1993 sed

506 2039 931 2111 quantumlibet
964 2036 1188 2090 sciolus
1223 2034 1336 2088 sibi
1364 2033 1435 2086 de
1459 2031 1733 2086 omnibus
1760 2030 2045 2097 videatur,
2079 2031 2168 2082 ta-

2256 676 2470 744 nicam,
2512 675 2606 729 vel
2648 675 2700 728 si
2732 674 2925 746 magis
2966 674 3236 743 voluerit,
3267 674 3497 729 Domine
3522 682 3707 744 sancte,
3730 682 3808 732 etc.

2256 765 2572 820 Osculatur
2610 764 2792 818 altare
2841 767 2897 818 et
2940 765 3165 817 textum
3220 762 3525 834 Evangelii,
3562 764 3644 817 dat
3671 764 3815 820 locum

2259 855 2504 909 diacono
2530 856 2589 908 ut
2614 856 2772 907 stare
2795 851 2989 922 possit
3010 867 3191 922 prope
3211 852 3467 906 dextrum
3480 868 3637 907 cornu
3649 854 3815 919 altaris;

2258 944 2387 1014 ipse
2418 958 2653 1014 quoque
2671 945 2787 997 stat
2817 957 2998 1011 prope
3017 941 3344 1009 sinistrum,
3379 941 3648 994 etinclinis
3667 948 3818 996 contra

2261 1032 2572 1086 diaconum
2625 1031 2897 1085 similiter
2922 1030 3221 1100 inclinem,
3270 1029 3405 1083 dicit
3440 1030 3820 1097 confessionem;

2262 1121 2437 1191 cujus
2488 1120 2663 1174 etiam
2714 1119 2903 1173 forma
2935 1120 3011 1173 ita
3057 1122 3147 1173 est
3185 1119 3518 1188 proscripta,
3562 1116 3616 1171 ut
3661 1134 3745 1172 nec
3773 1120 3823 1172 ad

2263 1211 2530 1277 missam,
2562 1225 2670 1264 nec
2727 1208 2799 1262 ad
2828 1209 3009 1263 horas
3041 1208 3258 1278 quibus
3288 1212 3376 1262 est
3412 1207 3647 1274 dicenda,
3673 1207 3824 1261 verbis

2266 1298 2653 1368 amplioribus
2686 1298 2914 1351 dicatur
2953 1312 3128 1369 quam
3167 1295 3500 1367 hujusmodi
3545 1311 3554 1347 ε
3596 1294 3823 1348 Conﬁteor

2266 1388 2391 1442 Deo
2415 1394 2473 1442 et
2504 1387 2775 1442 omnibus
2804 1388 3031 1441 sanctis
3070 1387 3217 1457 ejus,
3254 1390 3311 1438 et
3348 1383 3521 1452 vobis,
3551 1382 3710 1437 Pater
3731 1384 3829 1455 quid

2263 1493 2443 1548 pecca
2455 1477 2512 1530 vi
2534 1476 2595 1530 in
2611 1476 2988 1546 cogitatione,
3017 1474 3329 1541 locutione,
3356 1480 3412 1527 et
3429 1487 3606 1543 opere,
3632 1487 3733 1525 mea
3750 1472 3833 1525 cul-

2263 1581 2361 1637 pa;
2375 1581 2596 1636 precor
2623 1581 2746 1634 vos,
2773 1571 2940 1620 orate
2956 1578 3192 1635 prome.
3220 1563 3398 1632 Resp.
3419 1562 3737 1615 Misereatur
3752 1576 3839 1614 ves-

2272 1655 2355 1708 tri
2373 1653 2740 1724 omnipotens
2762 1653 2943 1722 Deus,
2970 1658 3029 1705 et
3047 1652 3310 1705 dimittat
3336 1649 3495 1705 vobis
3513 1649 3677 1703 omnia
3687 1663 3834 1719 pecca

2275 1750 2330 1797 ta
2352 1749 2573 1812 vestra;
2592 1743 2815 1797 liberet
2839 1758 2939 1797 vos
2953 1742 3026 1796 ab
3040 1741 3196 1796 omni
3207 1738 3378 1803 malo;
3393 1753 3588 1793 conser
3597 1744 3677 1791 vet
3691 1742 3735 1791 et
3746 1752 3839 1789 con-

2275 1832 2472 1886 ﬁrmet
2509 1848 2611 1887 vos
2639 1834 2701 1886 in
2724 1833 2881 1887 omni
2902 1844 3079 1902 opere
3101 1830 3271 1898 bono,
3300 1835 3357 1884 ct
3388 1827 3650 1899 perducat
3690 1840 3767 1878 vos
3791 1824 3840 1877 ad
3924 1856 3925 1873 1

2284 1922 2461 1975 vitam
2506 1927 2818 1990 aeternam,
2855 1921 3065 1975 Amen.
3102 1919 3192 1973 Ad
3217 1916 3517 1988 epistolam
3549 1914 3692 1969 sedet
3707 1927 3843 1982 usque
3880 1946 3889 1957 η

2281 2011 2419 2064 dum
2449 2010 2520 2064 ad
2553 2010 2940 2082 Evangelium
2979 2008 3237 2063 venitur.
3281 2006 3531 2061 Diacono
3574 2005 3759 2057 lecturo
3780 2000 3846 2052 dat
3924 2076 3925 2079 η

822 2090 995 2180 debet
1026 2123 1338 2195 dedignari
1368 2121 1708 2191 frequenter
1733 2120 1880 2173 etde
1912 2090 2167 2186 singulis

2296 2100 2754 2154 benedictionem
2784 2097 3128 2170 hujusmodi
3162 2113 3178 2147 :
3210 2096 3374 2151 Deus
3404 2095 3721 2149 misereatur
3753 2103 3845 2142 ves-
3924 2090 3925 2099 ‘

509 2219 811 2272 cautorem
844 2219 901 2269 et
929 2214 1244 2268 armarium
1276 2212 1665 2280 interrogare.
1707 2207 1948 2272 Quoties
1975 2208 2169 2261 autem

510 2308 656 2359 fiunt
684 2304 995 2358 duodecim
1036 2303 1341 2368 lectiones,
1389 2301 1526 2368 post
1555 2300 1876 2351 nocturnos
1906 2296 2169 2350 lecturus

510 2394 897 2463 Evangelium
930 2408 1046 2445 non
1078 2391 1243 2461 prius
1266 2388 1387 2443 exit
1408 2388 1479 2441 de
1498 2387 1679 2441 choro
1698 2400 1873 2456 quam
1896 2401 1969 2439 ex
1998 2385 2171 2437 alter-

512 2483 746 2538 natione
774 2480 1197 2535 modulantium
1227 2481 1468 2532 ventum
1492 2476 1667 2530 fuerit
1695 2474 1767 2528 ad
1798 2474 1960 2528 illum
1979 2473 2172 2527 versi-

514 2572 730 2639 culum,
758 2570 934 2625 PIeni
956 2574 1092 2623 sunt
1110 2566 1240 2622 caeli
1271 2573 1329 2620 et
1353 2571 1550 2633 terra;
1583 2567 1639 2618 et
1658 2567 1797 2618 tunc
1828 2563 2177 2616 festinanter

515 2661 729 2714 lavatis
771 2658 1046 2712 manibus
1091 2655 1418 2710 sacrarium
1472 2654 1665 2719 intrat,
1725 2652 1977 2704 vestitus
2023 2650 2175 2721 alba,

517 2748 667 2805 stola
689 2751 745 2802 et
774 2746 997 2813 casula,
1030 2760 1247 2799 rursus
1277 2741 1576 2797 versiculo
1607 2740 1706 2794 illo
1727 2739 2019 2808 imposito,
2055 2739 2181 2793 Per

519 2836 789 2908 singulos
828 2836 1005 2904 dies,,
1038 2833 1305 2903 procedit
1331 2834 1542 2885 tenens
1590 2828 1877 2883 ambabus
1905 2827 2179 2882 manibus

520 2930 829 3002 Evangelii
859 2932 1081 2984 textum
1111 2928 1456 2980 reverenter
1486 2926 1688 2977 contra
1710 2924 1917 2992 pectus
1940 2921 2183 2975 reclina-

430 3038 459 3083 τκ
519 3023 662 3090 tum,
688 3034 863 3090 quem
895 3018 1068 3072 etiam
1085 3015 1376 3069 accedens
1390 3011 1552 3082 ponit
1580 3011 1640 3065 in
1672 3011 1863 3065 medio
1880 3010 2103 3080 altaris,
2129 3011 2185 3064 et

523 3124 652 3164 cum
685 3108 930 3162 incenso
963 3104 1104 3159 facit
1131 3118 1315 3172 super
1351 3117 1483 3155 eum
1507 3100 1704 3154 crucis
1737 3099 1978 3171 signum
2000 3097 2187 3153 semel

523 3200 778 3254 tantum:
811 3195 1052 3250 inclinat
1077 3208 1143 3247 se
1183 3191 1254 3245 ad
1284 3190 1609 3245 orationem
1638 3189 1889 3242 maxime
1921 3187 2186 3242 Domini-

2289 2189 2371 2242 tri
2393 2194 2450 2242 et
2480 2188 2797 2243 benedicat
2832 2204 2843 2241 :
2879 2202 2949 2241 ea
2966 2187 3094 2241 vice
3128 2189 3241 2240 stat
3270 2199 3451 2256 prope
3466 2183 3850 2237 dextrumcornu

2286 2277 2509 2345 altaris,
2544 2280 2600 2331 et
2631 2277 2918 2331 diaconus
2938 2290 3121 2346 prope
3153 2275 3484 2329 sinistrum.
3924 2258 3925 2267 “

2358 2367 2468 2420 Hic
2496 2369 2689 2421 autem
2720 2381 2836 2420 non
2867 2367 2960 2420 est
2989 2365 3303 2436 indignum
3332 2359 3752 2427 meminisseque
3765 2353 3849 2407 dili-

2291 2457 2508 2528 gentia,
2543 2471 2777 2527 quoque
2800 2454 2996 2510 studio
3027 2454 3101 2508 ad
3132 2452 3423 2507 Dominici
3441 2446 3683 2518 corporis
3706 2447 3750 2497 et
3764 2457 3855 2497 san-

2292 2545 2492 2617 guinis
2517 2545 3025 2601 consecrationem
3055 2547 3110 2597 et
3134 2540 3593 2597 communionem
3615 2534 3850 2589 serviatur.
3924 2580 3925 2585 η

2294 2634 2553 2689 Primum
2580 2638 2820 2705 propter
2840 2633 2953 2687 hoc
2976 2632 3171 2702 ipsum
3194 2630 3415 2685 factum
3436 2631 3525 2682 est
3551 2638 3705 2679 unum
3728 2633 3855 2673 arma-

2292 2725 2505 2779 riolum
2535 2726 2668 2778 ante
2701 2722 2912 2777 faciem
2932 2720 3179 2791 majoris
3198 2720 3407 2773 altaris
3420 2715 3619 2787 Optime
3645 2706 3860 2779 compagi-

2293 2818 2514 2883 natum,
2548 2815 2605 2866 et
2624 2811 2985 2866 intrinsecus
3014 2808 3228 2880 pannis
3249 2808 3549 2875 vestitum,
3572 2804 3624 2856 in
3649 2815 3744 2870 quo
3761 2794 3860 2849 nihil

2293 2901 2450 2956 aliud
2482 2901 2825 2956 reconditur
2845 2903 3064 2970 praeter
3089 2898 3185 2952 illa
3202 2895 3501 2964 utensilia,
3521 2907 3641 2964 quae
3658 2899 3863 2944 necessc.

2295 2992 2384 3046 ria
2414 2994 2551 3045 sunt
2581 2990 2653 3044 ad
2666 2989 2985 3044 missarum
3000 2987 3288 3044 solemnia
3303 2982 3634 3040 duntaxatin
3648 2974 3864 3033 conventu
3924 3008 3925 3011 η

2296 3079 2657 3153 generaliter
2687 3078 3067 3151 agendarum,
3091 3077 3397 3148 praecipue
3413 3075 3522 3129 duo
3544 3070 3730 3126 calices
3743 3058 3858 3117 aurei

2298 3184 2431 3224 eum
2469 3168 2700 3239 patenis
2740 3168 2995 3223 diversae
3035 3165 3419 3238 quantitatis;
3451 3164 3506 3216 et
3533 3160 3636 3215 duo
3670 3165 3868 3239 corp?”

524 3302 673 3355 cam,
707 3286 780 3339 ad
793 3285 1062 3339 ultimum
1083 3296 1324 3336 versum
1346 3277 1546 3348 hymni
1568 3276 1915 3348 praesignati
1945 3276 2188 3348 erigens
2219 3259 2267 3322 Ο
2298 3260 2395 3328 lia:
2427 3274 2610 3312 unum
2660 3258 2919 3327 duplum,
2963 3256 3118 3310 Βίουῖ
3155 3254 3356 3309 omnia
3396 3247 3695 3355 θοΐροιξθῙίδ
3730 3238 3868 3355 ille“

526 3391 592 3429 se
624 3374 775 3428 tollit
802 3374 1025 3426 textum
1065 3370 1136 3423 de
1169 3368 1335 3422 altari
1378 3365 1739 3435 deosculato,
1796 3366 1854 3418 et
1883 3364 2076 3436 pergit
2116 3365 2190 3418 ad

529 3461 900 3531 analogium,
963 3461 1166 3511 contra
1211 3471 1387 3526 quem
1445 3455 1616 3508 etiam
1657 3456 1984 3506 conventus
2031 3456 2190 3507 totus

530 3565 860 3605 conversus
880 3546 1138 3601 inclinat.
1156 3543 1456 3597 Matutinis
1487 3541 1762 3595 laudibus
1782 3542 2054 3611 inemptis
2076 3557 2192 3595 non

530 3656 598 3693 se
628 3640 824 3691 movet
855 3652 887 3689 a
910 3636 1037 3688 loco
1057 3648 1247 3704 usque
1281 3632 1418 3685 dum
1437 3630 1649 3684 dixerit
1679 3645 1812 3683 cum
1833 3629 1963 3683 aliis
1999 3628 2198 3684 Gloria

530 3726 731 3797 Patri,
756 3727 813 3779 et
833 3722 1258 3794 aliquantulum
1281 3719 1595 3787 inclinans,
1620 3718 1836 3789 quibus
1868 3733 1936 3772 se
1958 3719 2198 3790 erigen-

530 3817 693 3870 tibus
715 3814 845 3885 ipse
869 3826 1103 3883 quoque
1134 3809 1388 3874 recedit;
1420 3823 1622 3861 verum
1647 3822 1884 3877 semper
1910 3808 2201 3862 accelerat

535 3908 597 3958 ut
634 3902 801 3974 prius
825 3901 901 3955 sit
931 3915 1212 3955 reversus
1242 3898 1303 3952 in
1330 3897 1577 3951 chorum
1598 3911 1773 3966 quam
1795 3896 2023 3965 primus
2044 3897 2199 3965 psal-

535 4008 670 4048 mus
701 3991 957 4045 finiatur.
992 3990 1075 4043 De
1094 3989 1340 4042 incenso
1365 3987 1441 4040 ita
1469 3986 1623 4057 gerit
1646 3985 1970 4055 utprimum
1995 3985 2202 4038 inccn-

537 4083 629 4135 set
658 4079 871 4134 faciem
914 4078 1135 4146 altaris,
1170 4079 1309 4131 tunc
1344 4074 1722 4144 superficiem
1750 4088 1926 4127 manu
1947 4076 2037 4127 ter
2070 4088 2204 4127 cum

537 4169 1075 4238 incensoporrecta
1094 4182 1200 4235 per
1225 4165 1463 4219 diversa
1483 4163 1611 4217 loca
1630 4161 1955 4215 latitudinis
1979 4161 2201 4231 altaris,

537 4262 595 4315 et
620 4259 804 4313 semel
834 4258 893 4310 in
922 4259 1351 4318 transversum,
1384 4256 1506 4306 tum
1539 4252 1693 4304 retro
1725 4249 1998 4303 dextrum
2020 4265 2203 4304 cornu

538 4345 762 4410 altaris,
788 4348 909 4399 tum
935 4358 1121 4397 cornu
1140 4341 1345 4396 altaris
1370 4340 1699 4394 sinistrum.
1736 4337 2009 4391 Incensat
2030 4338 2205 4391 etiam

2300 3363 2439 3403 esse
2469 3347 2542 3401 ad
2571 3348 2836 3417 privatas
2865 3345 3108 3415 missas,
3149 3344 3406 3398 alterum
3439 3339 3705 3409 simplum.
3737 3329 3870 3383 Minor

2302 3436 2457 3491 calix
2488 3452 2621 3491 cum
2651 3435 2828 3505 duplo
2858 3434 3150 3505 corporali
3167 3433 3241 3487 ad
3270 3428 3654 3487 matutinalem
3668 3421 3870 3477 missam;

2305 3525 2497 3597 major
2526 3541 2660 3579 cum
2689 3524 2902 3594 simplo
2920 3524 2993 3578 ad
3021 3522 3345 3594 majorem;
3388 3535 3519 3574 nam
3533 3524 3586 3572 et
3611 3525 3758 3568 unum
3771 3506 3873 3560 sim-

2303 3615 2465 3685 plum
2512 3629 2752 3682 semper
2770 3612 2935 3684 jacet
2972 3612 3032 3666 in
3062 3612 3312 3667 sinistro
3345 3623 3529 3664 cornu
3552 3599 3744 3664 altaris,
3782 3594 3823 3647 ut
3851 3604 3873 3640 δ

2304 3702 2605 3774 prioribus
2649 3703 2873 3757 nostris
2914 3700 3135 3771 accepi,
3155 3703 3402 3769 propter
3417 3697 3527 3751 hoc
3549 3696 3606 3748 ut
3624 3690 3686 3745 ad
3706 3693 3876 3774 manu?

2304 3794 2498 3863 possit
2526 3807 2666 3847 esse
2680 3794 2883 3847 contra
2896 3790 3225 3860 periculum
3253 3788 3419 3859 ignis
3444 3802 3458 3855 ;
3490 3785 3675 3837 contra
3694 3770 3828 3847 quod.
3841 3770 3875 3818 51

2308 3881 2457 3936 forte
2488 3880 2821 3952 contigerit,
2858 3879 3116 3934 creditur
3146 3893 3179 3931 a
3208 3876 3414 3931 multis
3435 3873 3567 3945 quia
3584 3868 3788 3952 multum
3808 3872 3879 3952 νεῖ

2307 3970 2421 4025 leat
2461 3946 2815 4041 expansum;
2860 3970 3001 4022 Item
3049 3967 3130 4020 ibi
3178 3969 3270 4020 est
3314 3967 3517 4036 patena
3555 3951 3815 4041 mediocris
3842 3946 3879 3996 et

2308 4036 2608 4131 argentea,
2641 4062 2697 4113 et
2719 4072 2898 4112 aurea
2918 4055 3167 4111 scutella
3196 4054 3429 4109 habens
3450 4044 3758 4121 operculum
3771 4036 3881 4131 8315'

2311 4122 2442 4202 dein
2474 4122 2715 4211 metalli,
2750 4146 2948 4201 fabrili
2974 4159 3152 4216 opere
3186 4143 3550 4215 colligatum,
3579 4136 3652 4190 ibi
3688 4122 3887 4217 εωρυῌίθ

2313 4236 2386 4290 ad
2438 4237 3045 4291 subministrationem
3088 4232 3209 4286 vini
3253 4236 3311 4286 et
3361 4244 3572 4302 aquae:
3618 4236 3734 4279 nam
3772 4220 3885 4305 et

2313 4326 2565 4394 ampulla
2578 4327 2781 4379 vinum
2795 4328 2927 4379 ante
2948 4300 3461 4377 consecrationem
3483 4316 3624 4372 solet
3642 4305 3817 4366 offerri.
3831 4300 3886 4352 Ibi

540 4434 743 4488 altaria
773 4448 1024 4504 quaeque
1072 4432 1301 4484 minora
1332 4428 1515 4483 choro
1556 4427 1844 4496 proxima,
1888 4430 1944 4480 et
1972 4424 2204 4481 Sanctae
2231 4397 2287 4459 D
2317 4430 2534 4469 urceus
2565 4415 2908 4485 “Seniensi
2939 4426 3070 4465 cum
3088 4408 3443 4480 appendiCio
3464 4420 3569 4460 suo
3600 4400 3664 4455 ad
3682 4400 3887 4504 mnu“?

539 4521 749 4577 Crucis
780 4522 959 4575 altare
994 4520 1219 4573 faciens
1251 4533 1356 4588 per
1376 4516 1615 4586 singula
1647 4514 2044 4569 cumincenso
2066 4530 2205 4569 cru-

541 4611 632 4665 cis
664 4608 1066 4664 tantummodo
1098 4606 1358 4678 signum.

611 4699 677 4754 In
706 4698 956 4770 privatis
988 4696 1200 4750 diebus
1232 4693 1464 4765 quoties
1493 4691 1588 4745 bis
1627 4690 1972 4757 comeditur,
2007 4692 2208 4761 prius-

540 4804 719 4860 quam
748 4788 990 4859 signum
1020 4784 1290 4855 pulsetur
1319 4783 1389 4836 ad
1420 4780 1674 4850 tertiam,
1710 4795 1922 4833 manus
1953 4780 2107 4835 lavat
2137 4796 2212 4836 ex

542 4893 727 4949 more,
761 4880 823 4932 ut
845 4875 1106 4932 oratione
1137 4873 1288 4927 facta
1317 4887 1455 4925 mox
1486 4867 1960 4923 sacerdotalibus
2010 4869 2212 4922 induat

544 4985 630 5037 se,
664 4968 721 5021 et
748 4966 980 5021 tertiam
1002 4964 1280 5033 imponat.
1314 4960 1436 5025 Qua
1461 4956 1875 5027 finita,litania,
1894 4972 2006 5027 qua
2026 4957 2212 5011 missa

540 5056 919 5125 praevenitur,
967 5068 1099 5106 cum
1139 5051 1446 5104 decantata
1477 5047 1655 5104 fuerit
1687 5060 1877 5116 usque
1922 5046 1995 5099 ad
2046 5046 2208 5099 illum

545 5143 928 5211 versiculum,
959 5141 1176 5196 Omnes
1197 5138 1411 5206 sancti,
1445 5137 1564 5190 exit
1590 5136 1661 5189 de
1694 5135 1897 5203 choro,
1924 5137 1985 5187 ut
2010 5134 2211 5188 casula

545 5246 779 5300 quoque
811 5231 1119 5298 vestiatur,
1162 5231 1218 5282 et
1249 5243 1382 5282 cum
1420 5224 1811 5296 processione
1852 5222 2049 5277 veniat
2078 5224 2211 5276 ante

548 5319 749 5373 altare.
782 5318 842 5372 Si
875 5320 1001 5373 dies
1041 5321 1132 5372 est
1164 5317 1299 5371 talis
1330 5320 1391 5369 ut
1422 5330 1540 5370 non
1570 5313 1687 5367 nisi
1714 5312 1899 5366 semel
1943 5311 2211 5365 comeda-

547 5412 663 5475 tur,
692 5408 872 5460 vestit
895 5423 959 5461 se
994 5408 1145 5462 inter
1173 5405 1526 5460 cantandum
1555 5402 1816 5457 litaniam
1849 5416 1862 5455 :
1905 5403 1961 5454 et
1990 5399 2043 5454 si
2073 5415 2212 5469 pro-

546 5495 745 5551 cessio
803 5498 894 5549 est
925 5496 1171 5566 agenda,
1211 5499 1272 5548 ut
1320 5494 1378 5547 in
1411 5495 1620 5565 quarta
1671 5494 1726 5544 et
1757 5491 1924 5544 sexta
1956 5488 2103 5543 feria
2154 5488 2213 5543 in

548 5583 1025 5657 quadragesima,
1049 5599 1164 5637 non
1185 5600 1252 5638 se
1276 5584 1452 5638 vestit
1473 5583 1662 5636 donec
1694 5583 1749 5633 et
1765 5580 1893 5648 ipsa
1914 5577 2037 5647 jam
2058 5576 2212 5630 facta

546 5674 741 5730 fuerit.
778 5672 1087 5727 Accedens
1112 5675 1303 5725 autem
1332 5675 1524 5740 portat
1545 5670 1743 5740 ctipsc
1774 5667 2039 5722 codicem
2064 5664 2208 5718 mis-

460 5762 477 5787 ‘
543 5765 733 5824 salem
760 5763 821 5821 in
841 5761 1086 5820 brachio
1110 5760 1385 5825 sinistro;
1410 5775 1526 5831 quo
1556 5757 1824 5829 deposito
1854 5758 1913 5811 in
1936 5755 2208 5810 dextrum

2312 4477 2701 4567 ablutionem;
2734 4500 2814 4555 ibi
2843 4477 3077 4554 linteola
3093 4477 3283 4568 plura,
3320 4497 3452 4551 sine
3487 4492 3688 4565 quibus
3718 4477 3889 4549 singula

2314 4594 2546 4647 sacrata
2576 4605 2722 4645 vasa
2750 4604 2860 4644 nec
2889 4588 3176 4656 levantur,
3211 4602 3321 4640 nec
3345 4594 3630 4656 quoquam
3644 4571 3890 4647 portantur.

2316 4682 2515 4752 Ipsum
2536 4683 2731 4734 autem
2747 4676 3121 4732 armariolum
3143 4675 3395 4729 habetin
3419 4671 3604 4726 medio
3622 4662 3889 4720 tabulatum.

2317 4775 2377 4825 ut
2411 4783 2662 4841 quaeque
2702 4767 2919 4821 satiora
2960 4766 3077 4820 sint
3105 4779 3366 4832 rursum,
3416 4764 3628 4815 caetera
3659 4754 3889 4841 decisum-

2317 4860 2408 4914 Ad
2437 4858 2668 4913 initium
2722 4856 3042 4911 missarum
3084 4857 3396 4907 reseratur
3424 4867 3457 4903 a
3482 4846 3691 4917 majore
3707 4829 3888 4894 custode

2320 4949 2632 5010 Ecclesiae,
2662 4946 2757 5002 vel
2770 4946 2842 5000 ab
2856 4945 2993 5015 ejus
3011 4942 3388 5013 suffraganeo
3422 4937 3520 5009 qui
3550 4940 3676 4989 tunc
3703 4917 3894 5015 eslhfibj

2318 5004 2732 5105 domadari'us;
2763 5004 2955 5104 panno
2989 5034 3170 5087 totum
3201 5004 3463 5097 desuper
3491 5021 3746 5095 Operitur,
3861 5004 3897 5055 εί

2316 5130 2587 5196 patenam
2634 5125 2713 5179 ibi
2762 5122 2924 5192 ponit
2973 5120 3146 5175 simul
3194 5134 3327 5172 cum
3368 5110 3677 5185 corporali;
3720 5100 3895 5196 calice",1

2319 5231 2460 5270 vero
2485 5211 2942 5268 cumlinteoloin
2958 5211 3200 5279 longum
3223 5208 3461 5262 extento
3479 5208 3694 5263 tenens,
3722 5188 3898 5279 etdesll'

2318 5268 2428 5376 per
2473 5304 2772 5374 operiens,
2824 5302 3017 5370 portat
3046 5268 3119 5351 aud
3159 5296 3501 5366 amphoram
3533 5301 3688 5358 aquae
3715 5292 3818 5350 qum
3850 5268 3896 5376 ‘lo

2322 5398 2532 5449 stanno
2566 5370 2801 5460 semper
2851 5391 2943 5443 est
2981 5388 3040 5440 in
3070 5385 3345 5451 ecclesia,
3390 5386 3447 5437 et
3478 5382 3536 5434 in
3574 5378 3694 5431 loco
3729 5370 3898 5460 coml)“:

2320 5482 2485 5551 tenti,
2518 5483 2581 5535 ut
2609 5494 2815 5535 omnes
2847 5477 2927 5531 ibi
2969 5475 3187 5529 calices
3230 5473 3519 5536 laventur,
3552 5472 3781 5551 quorum
3797 5457 3899 5503 usus

2322 5577 2413 5628 est
2445 5542 2517 5625 ad
2546 5570 2803 5641 privatas
2834 5566 3074 5620 missas.
3112 5564 3198 5617 Ibi
3225 5576 3461 5634 quoque
3495 5560 3624 5611 tunc
3656 5542 3902 5641 hedeIElf‘:

2320 5625 2522 5715 durius
2546 5625 2927 5729 apportatum
2952 5655 3195 5709 calicem
3216 5625 3529 5720 diligenter
3552 5642 3694 5698 lavat
3708 5625 3902 5729 aquabpif

2322 5706 2521 5715 “HM
2557 5706 2926 5729 --Πυττηῆ
3080 5706 3123 5708 η
3321 5706 3353 5720 υ
3803 5716 3810 5724 1

2319 5750 2534 5817 infusa;
2569 5751 2625 5804 et
2670 5747 2723 5802 si
2751 5760 2871 5802 non
2898 5747 2989 5800 est
3020 5741 3302 5799 sacerdos
3332 5737 3427 5793 vel
3455 5734 3643 5798 levita,
3662 5720 3832 5798 quaerit
3853 5706 3904 5762 ad
