3956 6176
135 432 235 491 717

654 427 1354 495 CONSUETUDINES
1402 431 2056 499 CLUNIACENSES.
2092 470 2165 481 —
2198 435 2452 499 LIBER
2495 437 2939 504 SECUNDUS.

3400 444 3519 510 718

116 632 203 684 hoc
228 627 329 681 sibi
364 626 637 680 vicarium
668 628 1011 682 alterutrius
1042 629 1290 701 ordinis,
1337 635 1398 686 ut
1430 631 1489 685 in
1520 634 1731 703 quarta
1763 615 1813 679 Α
1847 650 2032 689 cornu
2060 636 2263 689 altaris
2292 640 2348 691 et
2376 638 2777 709 superficiem,
2812 641 2885 694 ad
2918 645 3246 699 extremum
3280 646 3517 702 sinistri

118 718 235 772 feria
253 718 302 769 et
328 714 599 783 Sabbato;
633 731 809 771 manu
831 717 1082 771 interius
1103 718 1290 773 missa
1314 719 1464 775 bene
1494 735 1730 791 quoque

114 807 157 859 in
182 804 337 858 fundo
366 804 488 873 ipse
518 803 668 857 calix
700 804 1080 874 confricetur,
1114 822 1187 860 ne
1219 807 1372 862 forte
1403 809 1730 880 aliquantu-

111 895 206 947 lum
233 893 443 947 fetisrat
464 896 705 962 propter
729 892 847 946 vini
873 894 1144 948 crebram
1166 895 1548 951 int‘usionem.
1572 897 1731 968 Ergo

110 982 297 1036 lavatus
324 983 646 1050 reportatur
672 984 728 1034 et
758 985 999 1051 ponitur
1028 999 1213 1053 super
1241 986 1642 1040 armariolum.

163 1070 537 1124 Subdiaconus
571 1071 1076 1138 anticipat'lavare
1120 1088 1352 1141 manus,
1388 1077 1449 1128 ut
1492 1074 1620 1144 ipse
1654 1075 1727 1129 ad

46 1178 55 1195 ι
108 1158 444 1213 ministerium
466 1158 669 1213 calicis
694 1159 771 1213 sit
792 1162 1034 1230 paratus
1060 1176 1074 1230 ;
1109 1177 1282 1232 quem
1305 1163 1559 1231 interim,
1588 1164 1725 1218 dum

109 1247 439 1319 Evangelium
470 1247 707 1318 legitur,
738 1248 1039 1318 accipiens
1066 1250 1242 1304 simul
1276 1267 1408 1304 cum
1431 1253 1725 1321 corporali

106 1339 148 1390 et
169 1340 365 1405 patena,
408 1337 712 1405 experitur
740 1336 791 1389 si
824 1338 964 1407 quid
1006 1353 1174 1408 aquae
1203 1339 1264 1391 in
1296 1339 1397 1394 illo
1441 1342 1729 1396 remansit

104 1426 222 1478 inter
244 1424 563 1493 lavandum,
599 1428 656 1479 et
696 1423 940 1480 effundit
972 1426 1030 1481 in
1062 1442 1301 1481 caveam
1346 1428 1418 1482 de
1450 1428 1721 1485 lateritiis

101 1512 276 1584 tegulis
302 1512 509 1568 factam
531 1513 591 1567 in
619 1514 886 1584 proximo
918 1516 1144 1585 altaris,
1173 1516 1327 1570 sicut
1350 1517 1532 1570 altera
1567 1518 1721 1573 facta

103 1606 172 1657 est
196 1601 471 1672 paululum
503 1603 815 1672 remotius,
860 1604 963 1657 ubi
997 1604 1152 1659 idem
1203 1605 1631 1676 subdiaconus,
1665 1611 1723 1663 et

100 1690 171 1743 alii
197 1690 565 1759 subministri,
591 1707 802 1746 manus
832 1708 1014 1761 super
1044 1708 1111 1746 ea
1143 1693 1359 1748 lavent.
1396 1694 1520 1749 Stat
1544 1694 1721 1766 juxta

99 1779 432 1845 sacerdotem,
462 1795 654 1850 usque
682 1780 820 1834 dum
843 1781 1232 1853 Evangelium
1262 1781 1516 1838 finiatur.
1544 1784 1717 1839 Ponit

103 1868 356 1936 corporale
378 1884 562 1938 super
578 1868 780 1937 altare,
802 1869 1047 1924 calicem
1068 1871 1333 1925 retinens
1350 1875 1407 1926 et
1423 1875 1715 1943 patenam;

1847 722 2057 777 faciem
2089 727 2145 778 et
2176 726 2572 795 superficiem.
2623 727 2683 780 Si
2725 744 2865 783 vero
2910 731 3039 784 dies
3084 732 3275 787 festus
3320 736 3509 807 adest,

1846 813 2104 883 quinque
2153 814 2250 867 illa
2293 816 2493 869 altaria
2537 817 2881 887 principalia
2920 820 3189 887 proxima
3220 822 3510 894 incensat,

1846 906 1903 955 et
1932 902 2073 955 illud
2096 904 2167 957 ad
2188 904 2343 974 quod
2368 910 2692 960 conventus
2717 907 2786 960 ad
2812 924 3095 977 vesperas
3120 912 3176 963 et
3197 912 3509 969 matutinas

1842 990 2050 1115 lapideis
2083 992 2186 1046 ivit
2218 993 2315 1046 ubi
2348 1000 2404 1047 et
2436 1010 2646 1049 cereus
2678 999 2791 1049 tam
2824 996 2884 1051 in
2912 1001 3083 1052 nocte
3115 1015 3290 1069 quam
3319 1001 3379 1055 in
3415 1002 3509 1057 die

1842 1077 1899 1114 ar
1951 1078 2024 1115 e.

1842 1077 2024 1115 amet.

1912 1151 2246 1206 Notandum
2276 1156 2468 1208 autem
2499 1156 2655 1225 quod
2686 1156 2744 1208 in
2777 1157 3052 1211 omnibus
3089 1159 3299 1214 diebus
3333 1160 3508 1216 festis

1840 1243 1895 1293 et
1926 1240 2250 1295 Dominicis
2281 1243 2351 1295 ad
2384 1244 2668 1314 majorem
2702 1244 2945 1299 missam
2975 1248 3263 1316 prmdicta
3298 1249 3506 1305 altaria

1836 1328 1931 1382 bis
1964 1328 2365 1400 incensantur,
2398 1332 2585 1401 primo
2618 1332 2889 1388 videlicet
2918 1339 3229 1406 postquam
3265 1338 3503 1393 confes-

1838 1418 2065 1471 sionem
2099 1435 2265 1472 suam
2291 1421 2573 1475 sacerdos
2596 1424 2651 1475 et
2672 1422 2957 1477 diaconus
2980 1424 3246 1493 fecerint,
3282 1428 3338 1480 et
3366 1432 3504 1496 post

1836 1505 2214 1561 offerendam.
2248 1508 2529 1563 Similiter
2557 1511 2630 1563 ad
2660 1511 2966 1581 minorem,
3000 1513 3073 1566 ad
3102 1530 3277 1584 quam
3300 1517 3494 1569 omnia

1836 1596 2007 1666 signa
2038 1597 2378 1665 pulsentur;
2410 1599 2657 1668 privatis
2690 1615 2830 1655 vero
2863 1600 3076 1655 diebus
3105 1604 3179 1657 ad
3210 1602 3499 1674 majorem

1831 1686 2078 1739 missam
2110 1687 2295 1741 semel
2323 1687 2632 1742 incensum
2661 1688 2921 1758 offertur,
2953 1692 3181 1745 scilicet
3201 1698 3334 1761 post
3358 1693 3498 1749 oﬂ'e-

1831 1774 2097 1841 rendam,
2124 1778 2181 1829 et
2203 1776 2572 1831 solummodo
2598 1793 2772 1832 sacra
2801 1779 3036 1849 oblatio,
3062 1796 3194 1850 quae
3221 1784 3313 1836 est
3333 1783 3391 1835 in
3415 1783 3498 1836 al-

1826 1864 1938 1916 tari
1958 1863 2286 1934 principali,
2312 1866 2670 1920 incensatur.
2696 1867 2785 1920 Ad
2810 1867 3094 1938 majorem
3112 1870 3358 1924 missam
3379 1872 3498 1926 nisi

98 1957 356 2009 comitatur
399 1957 775 2011 sacerdotem
822 1958 1254 2027 praecedentem
1294 1959 1718 2031 aliquantulum
1750 1987 1796 2048 Β
1829 1951 2002 2023 signa
2020 1953 2348 2024 pulsentur,
2370 1950 2995 2026 nunquaminCensum
3018 1956 3276 2012 offertur.
3298 1958 3495 2014 Scien-

106 2049 267 2098 contra
294 2044 507 2099 fratres
541 2048 606 2099 ut
650 2062 681 2099 a
730 2045 986 2117 singulis
1019 2045 1340 2103 offeratur:
1392 2064 1425 2103 a
1470 2049 1715 2105 diacono

94 2147 210 2203 aqua
249 2136 299 2187 et
351 2133 791 2205 manutergium
844 2136 1202 2205 apportatur,
1265 2140 1321 2191 et
1375 2142 1719 2193 reverenter

94 2222 381 2291 exhibetur;
413 2223 523 2294 qui
554 2224 764 2276 lavatis
799 2223 1071 2278 manibus
1121 2225 1347 2279 accedit
1390 2226 1461 2279 ad
1510 2227 1712 2294 altare,

93 2313 201 2363 etut
225 2310 309 2364 hic
338 2311 579 2381 proprie
610 2310 801 2365 dicam
830 2311 904 2366 de
928 2311 1137 2382 majori
1164 2313 1370 2383 missa,
1395 2317 1712 2387 utrumque

92 2399 363 2469 corporale,
386 2400 478 2454 vel
515 2400 675 2470 quod
697 2400 756 2453 in
787 2400 955 2454 altari
981 2401 1415 2472 semperjacet,
1439 2403 1536 2457 vel
1558 2404 1717 2475 quod

92 2486 433 2543 subdiaconus
447 2488 1116 2559 apportavit,aecipiens
1131 2491 1711 2562 expandit;pollicem

89 2578 244 2630 tamen
270 2580 321 2632 et
342 2576 600 2631 indicem
624 2577 933 2649 utriusque
960 2593 1168 2632 manus
1192 2580 1561 2635 combinatos
1586 2581 1712 2635 dili-

91 2668 256 2733 genter
284 2665 661 2737 constringit,
694 2681 767 2720 ne
797 2666 891 2720 vel
923 2666 1055 2735 ipsa
1094 2669 1427 2737 corporalia
1458 2685 1591 2723 cum
1624 2669 1713 2723 eis

88 2757 261 2824 tangat,
311 2770 436 2807 cum
488 2754 718 2825 quibus
767 2754 996 2808 hostias
1047 2755 1287 2810 habebit
1336 2757 1396 2811 in
1441 2758 1711 2827 proximo

88 2842 286 2911 tangere
314 2844 366 2897 et
396 2845 683 2897 tractare.
717 2841 1135 2898 Consummata
1173 2848 1365 2899 autem
1420 2846 1714 2901 oblatione

86 2929 318 2985 sacerdos
338 2946 583 3002 quoque
602 2930 758 2985 lavat
774 2947 1006 3001 manus,
1028 2946 1250 2987 cavens
1273 2937 1330 2987 et
1350 2934 1481 3003 ipse
1506 2938 1711 3003 postea

86 3031 139 3069 ne
175 3018 307 3072 aliud
354 3020 493 3091 quid
556 3020 756 3090 tangat
797 3036 930 3074 cum
976 3020 1179 3092 digitis
1222 3022 1440 3092 quibus
1492 3038 1710 3093 corpus

87 3103 266 3160 Domini
292 3111 378 3163 est
398 3108 788 3179 tangendum.
822 3108 1238 3164 Subdiaconus
1261 3114 1451 3179 portat
1474 3111 1707 3165 hostias

84 3193 134 3245 ad
148 3196 423 3251 diaconum
446 3211 638 3251 secus
668 3197 849 3252 altare
873 3201 1125 3253 stantem
1156 3203 1212 3253 et
1230 3214 1297 3253 se
1321 3200 1704 3271 operientem,

86 3286 129 3334 ut
151 3283 209 3337 de
233 3287 494 3341 omnibus
538 3288 679 3354 tres,
712 3301 862 3357 quas
905 3287 1178 3356 voluerit,
1219 3288 1399 3360 eligat
1440 3289 1512 3342 ad
1562 3305 1707 3343 con-

85 3373 407 3440 sacrandum;
468 3377 726 3445 propter
781 3375 939 3445 quod
997 3376 1249 3430 dimissa
1304 3380 1515 3447 patena
1575 3394 1707 3431 cum

40 3480 43 3487 -
85 3456 251 3515 hostiis
304 3479 482 3533 super
534 3463 737 3530 altare,
796 3465 1020 3533 vinum,
1072 3465 1229 3535 quod
1287 3466 1546 3520 oblatum
1593 3469 1704 3537 est,

84 3546 294 3604 funditur
336 3553 406 3606 ab
456 3553 603 3622 ipso
647 3566 884 3623 quoque
935 3553 1303 3608 subdiacono
1352 3554 1411 3607 in
1459 3554 1705 3609 alterum

83 3637 292 3707 calicem,
318 3644 668 3711 tantumque
699 3641 980 3711 relinquit
1015 3642 1172 3712 quod
1204 3642 1425 3696 sufﬁcit
1455 3643 1526 3696 ad
1559 3658 1705 3697 con-

81 3728 431 3784 secrationem.
452 3729 555 3783 Ad
574 3730 731 3799 quod
747 3732 942 3783 tamen
962 3730 1090 3800 ipse
1108 3746 1226 3785 non
1243 3732 1451 3785 miscet
1468 3748 1701 3802 aquam,

80 3814 182 3880 quia
207 3818 253 3869 ei
279 3834 381 3872 nec
427 3819 641 3872 vinum
674 3833 784 3871 nec
816 3834 1027 3889 aquam
1058 3820 1196 3874 licet
1227 3820 1561 3888 infundere,
1598 3822 1706 3875 sed

79 3900 261 3959 allatam
288 3908 609 3978 ampullam
660 3923 830 3977 aqum
863 3908 1039 3961 simul
1073 3924 1206 3962 cum
1239 3909 1422 3962 calice
1453 3910 1549 3963 dat
1579 3910 1706 3963 dia-

82 4005 211 4059 cono,
255 3999 313 4049 ut
356 3997 453 4050 ille
499 3996 786 4065 misceat;
837 3997 934 4050 dat
987 3999 1044 4051 et
1091 3997 1395 4052 linteolum
1445 4002 1505 4052 ut
1554 3999 1706 4052 calix

81 4077 258 4137 deforis
285 4086 549 4157 tergatur
601 4085 936 4156 diligenter,
988 4100 1060 4140 ne
1094 4086 1243 4141 forte
1276 4087 1417 4157 quid
1462 4086 1584 4140 vini
1612 4088 1705 4141 vel

82 4182 210 4237 aquae
251 4175 511 4228 exterius
563 4177 890 4243 remaneat,
925 4176 981 4228 et
1030 4175 1442 4230 censecratum
1483 4178 1702 4245 pereat.

82 4254 172 4311 Hac
197 4261 311 4316 vice
331 4278 450 4317 non
472 4266 646 4317 cavet
668 4262 889 4333 digitos
911 4262 1219 4332 diaconus,
1246 4280 1498 4334 quorum
1522 4280 1703 4335 supra

79 4350 286 4419 memini,
307 4352 418 4423 disj
430 4367 683 4423 ungere,
705 4352 805 4423 qui
823 4352 933 4406 has
952 4351 1181 4407 hostias
1195 4352 1319 4424 jam
1339 4354 1537 4423 posuit
1552 4369 1704 4424 quas

80 4440 171 4488 erat
195 4441 523 4510 positurus;
556 4444 616 4495 et
645 4440 736 4495 sic
790 4441 1023 4495 tandem
1075 4442 1259 4495 calice
1301 4458 1485 4511 super
1522 4442 1703 4496 altare

78 4526 246 4596 posito,
277 4530 685 4585 subdiaconus
725 4545 857 4583 cum
888 4535 1098 4599 patena
1131 4535 1186 4585 et
1215 4530 1467 4600 ampulla
1500 4545 1706 4584 rever-

79 4613 197 4684 tens,
214 4622 470 4684 patenam
496 4619 717 4673 hostiis
744 4617 1017 4672 refertam
1035 4620 1198 4689 ponit
1220 4635 1400 4689 super
1422 4619 1705 4673 armario-

1827 2042 1963 2096 dum
1987 2057 2218 2113 quoque
2243 2044 2517 2114 quoniam
2541 2044 2669 2099 sive
2693 2048 2813 2099 tres
2836 2046 2964 2100 sive
2991 2046 3252 2117 quinque
3277 2048 3492 2104 hostiae

1828 2135 2273 2200 consecrantur,
2309 2148 2546 2202 semper
2577 2135 2860 2188 sacerdos
2884 2136 3133 2189 mediam
3165 2137 3399 2207 accipit,
3434 2140 3493 2193 et

1826 2235 1960 2274 cum
2003 2221 2132 2291 ipsa
2182 2236 2391 2276 cruces
2423 2222 2483 2275 in
2514 2222 2696 2276 calice
2730 2223 2885 2293 facit,
2920 2224 3231 2294 ipsamque
3260 2225 3488 2295 dividit,

1826 2312 1883 2363 et
1912 2325 2087 2363 unam
2126 2311 2470 2381 particulam
2503 2310 2562 2364 in
2608 2312 2961 2382 sanguinem
3009 2312 3197 2381 mittit,
3246 2315 3302 2367 et
3347 2329 3490 2369 sese

1822 2399 2036 2467 media,
2057 2399 2367 2454 diaconum
2385 2398 2611 2470 reliqua
2629 2400 3063 2455 communicare
3081 2416 3197 2454 non
3215 2401 3486 2473 negligit.

1894 2488 2216 2558 Postquam
2245 2491 2438 2541 autem
2466 2488 2749 2542 diaconus
2784 2488 2983 2557 altare,
3017 2488 3112 2543 vel
3144 2489 3197 2543 si
3226 2489 3361 2543 talis
3394 2492 3489 2544 est

1824 2577 1974 2645 dies,
2008 2578 2205 2631 altaria
2240 2577 2658 2647 incensaverit,
2683 2582 2739 2632 et
2760 2578 3015 2648 aliquem
3036 2579 3366 2648 epicopum,
3391 2579 3487 2633 vel

1823 2666 2115 2734 abbatem,
2151 2666 2204 2719 si
2253 2666 2403 2720 forte
2435 2665 2683 2735 affuerit,
2708 2666 2880 2737 juxta
2917 2667 3248 2721 columnam
3277 2667 3489 2722 ciborii

1822 2758 2009 2822 stans,
2045 2754 2408 2808 thuribulum
2441 2770 2733 2809 converso
2753 2755 2963 2824 reddit,
2998 2771 3031 2809 a
3060 2771 3177 2826 quo
3200 2760 3255 2809 et
3284 2756 3488 2810 incen-

1823 2846 2006 2910 satur,
2032 2846 2088 2897 et
2116 2843 2331 2897 ibidem
2364 2846 2559 2897 manet
2587 2844 2851 2911 acclinis,
2887 2843 3043 2897 sicut
3073 2844 3144 2897 ad
3174 2844 3399 2913 primas
3430 2846 3488 2899 et

1821 2930 2054 2984 ultimas
2085 2931 2384 2998 collectas,
2410 2931 2598 2985 donec
2631 2930 2758 2984 Per
2776 2932 2965 2984 omnia
2989 2930 3202 2985 saecula
3233 2931 3473 2986 saeculo-

1817 3035 1947 3072 rum
1997 3034 2031 3071 a
2070 3019 2377 3073 sacerdote
2428 3019 2673 3073 dicatur.
2723 3018 3069 3073 Conversus
3119 3034 3375 3089 quoque,
3429 3020 3485 3073 si

1819 3122 2001 3177 cappa
2033 3110 2125 3161 est
2154 3107 2212 3160 in
2246 3108 2451 3173 choro,
2488 3106 2653 3175 prius
2685 3108 2846 3165 illum
2877 3108 3147 3161 incensat
3174 3107 3276 3177 qui
3306 3122 3375 3161 ea
3402 3107 3487 3161 in-

1815 3195 1994 3249 dutus
2024 3199 2144 3264 est;
2191 3195 2400 3248 deinde
2431 3194 2723 3264 incipiens
2754 3210 2786 3248 a
2818 3195 3026 3249 dextra
3070 3194 3275 3249 eodem
3306 3194 3482 3249 modo

1816 3287 1871 3338 et
1902 3285 2108 3339 ordine
2138 3283 2501 3339 thuribulum
2522 3286 2731 3353 portat,
2759 3299 2874 3353 quo
2897 3283 3173 3353 superius
3197 3282 3479 3354 diximus,

1815 3373 1910 3428 his
1943 3374 2042 3445 qui
2074 3377 2213 3427 sunt
2240 3374 2300 3426 in
2331 3373 2516 3427 choro
2549 3371 2761 3443 majori
2792 3372 2886 3427 vel
2926 3373 3170 3441 minori;
3202 3372 3314 3427 hoc
3344 3373 3482 3443 plus

1815 3463 2106 3531 faciendo,
2153 3462 2310 3532 quod
2344 3461 2402 3514 in
2436 3462 2719 3515 minorem
2771 3461 3015 3515 chorum
3047 3461 3167 3515 exit
3209 3462 3377 3531 prius
3407 3462 3484 3515 ad

1815 3553 2137 3620 dexteram,
2154 3555 2359 3621 postea
2373 3552 2445 3604 ad
2464 3552 2786 3604 sinistram.
2806 3551 2947 3604 Post
2961 3551 3074 3605 hoc
3091 3565 3233 3604 vero
3248 3550 3479 3619 exiens,

1814 3642 2083 3695 incensat
2114 3656 2220 3694 eos
2264 3641 2363 3710 qui
2398 3643 2563 3694 extra
2596 3639 2844 3694 chorum
2890 3643 3044 3707 sunt,
3078 3640 3373 3710 incipiens
3406 3639 3481 3693 ab

1816 3730 2057 3784 introitu
2089 3730 2255 3783 chori
2278 3731 2338 3783 in
2360 3728 2653 3798 superiori
2674 3735 2857 3797 parte,
2886 3729 3096 3783 deinde
3128 3729 3299 3798 alios,
3327 3729 3482 3782 sicut

1817 3822 1953 3872 sunt
1970 3819 2028 3871 in
2048 3818 2401 3873 stationibus
2421 3819 2549 3872 suis
2568 3835 2671 3887 per
2690 3819 3021 3888 circuitum,
3040 3820 3336 3887 postremo
3351 3817 3482 3885 ipsa

1813 3908 2040 3961 minora
2073 3907 2273 3961 altaria
2305 3923 2437 3977 quae
2479 3910 2614 3961 sunt
2642 3923 2823 3975 prope
2847 3907 3114 3974 chorum,
3140 3921 3272 3977 quae
3295 3921 3329 3957 a
3360 3904 3480 3957 dia-

1815 4012 1962 4050 cono
1984 4010 2101 4049 non
2124 3996 2524 4062 ineensantur,
2551 3996 2610 4049 in
2631 3995 2910 4049 anteriori
2926 3996 3111 4065 parte,
3139 3997 3195 4048 et
3216 3995 3277 4047 in
3296 3993 3481 4047 latere

1816 4086 2043 4151 dextro,
2079 4087 2135 4137 et
2180 4085 2241 4136 in
2273 4083 2537 4151 sinistro,
2573 4100 2687 4137 non
2737 4087 2928 4137 tamen
2956 4082 3264 4152 praesumit
3298 4097 3482 4151 super

1814 4174 1996 4227 altare
2028 4187 2261 4226 manum
2293 4172 2632 4225 extendere.
2656 4172 2820 4235 Quod
2844 4172 2895 4224 si
2923 4171 3179 4240 aliquem
3202 4169 3480 4223 sacerdo-

1813 4265 1931 4317 tem
1961 4261 2205 4315 missam
2239 4260 2315 4315 ibi
2365 4263 2693 4314 cantantem
2725 4258 3051 4327 offenderit,
3098 4256 3194 4310 vel
3224 4258 3352 4325 ipse
3382 4257 3479 4310 vel

1814 4351 2120 4420 diaconus,
2149 4350 2199 4404 si
2223 4352 2622 4417 competenter
2642 4348 2765 4401 ﬁeri
2794 4349 3007 4416 potest,
3041 4346 3094 4399 ei
3116 4344 3480 4399 thuribulum

1812 4439 1997 4508 offert,
2033 4443 2088 4493 et
2120 4439 2246 4508 ipse
2278 4438 2460 4491 altare
2492 4437 2586 4491 vel
2616 4451 2846 4490 sacram
2887 4435 3241 4488 oblationem
3270 4434 3470 4486 incen~

1811 4544 1975 4597 sans,
2009 4528 2060 4581 ei
2093 4526 2455 4581 thuribulum
2485 4525 2695 4593 reddit,
2726 4525 2972 4595 ipseque
3028 4537 3357 4577 conversus
3379 4521 3477 4575 vel

1813 4617 2099 4671 diaconus
2132 4632 2263 4669 eum
2285 4618 2629 4669 reverenter
2657 4614 2989 4680 incensare,
3014 4614 3071 4664 et
3092 4610 3354 4665 casulam
3383 4609 3477 4662 in-

76 4698 184 4765 lum,
209 4708 258 4758 et
283 4707 603 4777 ampullam
626 4708 684 4760 in
714 4708 846 4762 loco
868 4723 984 4779 quo
1008 4709 1160 4762 solet
1182 4708 1506 4762 reservari.
1533 4698 1777 4762 Acci-D
1811 4710 1900 4760 ter
1929 4705 2171 4759 brachia
2220 4708 2421 4773 aptare
2466 4718 2583 4757 non
2631 4703 2899 4773 negligit.
2934 4700 3079 4755 Cum
3109 4702 3303 4753 autem
3352 4698 3479 4752 Per

78 4788 312 4854 pilaliam
349 4798 628 4865 patenam
656 4799 997 4869 argenteam
1044 4797 1197 4850 intra
1248 4797 1555 4851 scutellam
1598 4813 1706 4850 au-

76 4893 201 4956 rea!!!
240 4887 621 4954 reconditam,
674 4890 730 4940 et
775 4888 953 4957 tergit
1007 4886 1277 4942 studiose
1331 4902 1465 4940 cum
1508 4901 1701 4955 panno

78 4969 454 5028 candidissimo
487 4989 671 5044 prope
701 4975 1077 5030 armariolum
1103 4978 1344 5045 propter
1370 4973 1481 5029 hoc
1512 4975 1707 5043 ipsum

73 5052 252 5125 iugiter
270 5063 581 5129 pendente,
615 5066 672 5117 et
702 5066 907 5133 postea
940 5080 1073 5119 cum
1094 5064 1337 5119 linteolo
1369 5064 1619 5117 honeste
1648 5067 1707 5116 et

76 5152 369 5202 reverenter
416 5150 685 5205 involvit.
732 5151 1031 5208 Sacerdds
1079 5153 1312 5208 interim
1356 5152 1599 5206 calicem
1648 5154 1706 5205 et

80 5226 284 5289 hostiam
313 5236 656 5308 incensans,
699 5239 842 5294 facit
870 5256 1002 5295 cum
1036 5241 1282 5296 incenso
1315 5256 1497 5311 super
1528 5241 1700 5294 ambo

79 5318 174 5371 tres
200 5338 421 5393 cruces,
447 5327 509 5381 et
537 5343 716 5381 unum
738 5329 908 5398 quasi
932 5330 1241 5399 circulum,
1268 5330 1536 5383 incensat
1558 5344 1701 5399 quo-

80 5420 164 5473 tluc
191 5417 380 5469 contra
431 5418 678 5487 utraque
712 5417 914 5471 altaris
952 5433 1171 5472 cornua
1206 5418 1475 5472 dextrum
1530 5422 1585 5472 et
1615 5418 1701 5471 si-

81 5495 304 5570 nistrum,
326 5510 608 5573 quantum
628 5522 860 5559 manum
879 5506 1195 5561 extendere
1216 5507 1425 5575 possit,
1446 5507 1699 5576 pedibus

80 5585 233 5641 tamen
264 5590 549 5659 immotis;
574 5594 783 5649 deinde
807 5595 1002 5649 reddit
1032 5595 1396 5650 thuribulum
1427 5596 1697 5665 diacono,

84 5674 157 5738 qui
181 5679 337 5743 prius
385 5681 657 5738 incensat
704 5685 1093 5753 sacerdotem,
1143 5687 1200 5740 et
1245 5685 1507 5738 casulam
1550 5683 1702 5738 inter

88 5755 285 5820 brachia
313 5784 530 5825 versus
556 5772 742 5842 pedes
790 5772 999 5844 trahit;
1028 5775 1235 5844 postea
1268 5772 1479 5829 faciem
1514 5772 1706 5827 dextri

64 6002 85 6049 Ι

1811 4796 2002 4850 omnia
2052 4793 2285 4862 saecula,
2334 4796 2469 4861 etc.,
2504 4796 2637 4846 ante
2668 4791 3074 4860 praefationem
3119 4786 3387 4853 audierit,
3425 4786 3480 4841 si

1804 4883 1927 4955 jam
1960 4884 2030 4936 de
2053 4881 2436 4956 incensandis
2469 4880 2752 4935 altaribus
2785 4878 2976 4947 rediit,
3009 4877 3103 4930 vel
3135 4876 3189 4929 si
3214 4876 3297 4928 ibi
3326 4890 3478 4945 prae-

1810 4989 1953 5027 sens
1985 4975 2096 5040 est,
2121 4976 2183 5025 ut
2212 4972 2273 5025 in
2302 4970 2549 5041 privatis
2578 4969 2811 5034 diebus,
2845 4966 3005 5019 vadit
3036 4969 3170 5035 post
3201 4964 3477 5019 sacerdo-

1812 5064 1927 5115 tem
1966 5064 2158 5129 retro;
2190 5060 2344 5130 quod
2379 5059 2433 5112 si
2476 5057 2735 5112 nondum
2765 5054 3026 5122 redierit,
3080 5067 3217 5107 mox
3246 5052 3348 5107 ubi
3379 5068 3478 5107 re-

1814 5149 2007 5215 dierit,
2050 5148 2193 5202 illud
2239 5148 2393 5201 idem
2450 5146 2618 5214 facit;
2676 5147 2733 5199 et
2779 5146 2914 5213 post
2960 5143 3272 5197 diaconum
3319 5140 3481 5195 vadit

1815 5238 2239 5305 subdiaconus,
2260 5251 2435 5289 manu
2458 5249 2699 5289 sursum
2717 5234 2947 5286 extenta
2966 5234 3175 5285 tenens
3206 5232 3480 5300 patenam

1813 5329 1890 5380 ita
1932 5329 1994 5380 ut
2032 5326 2380 5396 praedictum
2413 5327 2504 5377 est
2548 5326 2902 5390 coopertam,
2955 5322 3012 5374 et
3057 5319 3117 5372 in
3166 5318 3477 5374 duodecim

1810 5414 2166 5469 lectionibus
2194 5414 2304 5467 hoc
2329 5412 2478 5466 solet
2502 5411 2695 5463 facere
2719 5424 2873 5463 unus
2895 5407 3324 5475 ministrorum,
3357 5421 3477 5459 ma-

1811 5519 1958 5556 nens
1978 5506 2112 5571 post
2130 5500 2575 5555 subdiaconum.
2596 5497 2705 5562 Qui
2726 5496 2961 5567 quando
2979 5495 3118 5549 illuc
3135 5493 3474 5562 adveniunt,

1809 5592 1985 5645 altius
2009 5591 2306 5657 inclinant,
2332 5588 2514 5641 erecti
2536 5589 2741 5656 postea
2765 5589 2992 5640 stantes
3015 5584 3203 5638 donec
3221 5583 3479 5637 Sanctus

1809 5681 2142 5750 incipiatur.

1882 5769 1973 5823 Ex
2004 5768 2141 5825 hinc
2171 5766 2457 5823 sacerdos
2490 5764 2684 5822 omnia
2714 5764 2921 5823 eodem
2951 5762 3125 5818 modo
3147 5761 3288 5831 agit,
3325 5758 3476 5811 sicut
