3956 6176
450 376 573 442 719

1407 367 1813 435 UDALRICI
1848 364 2457 433 CLUNIACENSIS
2497 364 2895 427 MONACHI

3698 367 3786 429 720

452 580 511 634 et
535 577 594 630 in
615 575 877 647 qualibet
897 573 1082 627 missa
1104 571 1333 641 privata
1355 570 1637 625 deberent
1657 566 1774 639 agi,
1800 566 1955 621 sicut
1971 564 2118 620 alias
2141 559 2203 628 λ
2228 565 2401 620 mittit
2429 565 2489 618 in
2519 562 2783 634 calicem,
2814 563 2964 618 duas
2997 577 3177 633 super
3202 564 3473 634 patenum,
3495 564 3545 618 et
3566 579 3675 618 cum
3697 580 3791 619 cor-

454 666 674 720 dictum
722 666 832 718 est.
870 662 1037 716 Unus
1068 662 1262 715 autem
1292 659 1716 726 ministrorum,
1753 655 1854 727 qui
1884 669 2123 723 semper

451 756 569 809 duo
600 753 816 808 debent
847 765 1005 818 esse,
1039 752 1204 802 stans
1227 764 1361 803 eum
1379 746 1609 801 ﬂabello
1629 761 1811 815 prope
1835 744 2116 798 sacerdo-

450 847 590 911 tem,
617 858 688 897 ex
711 856 828 911 quo
849 854 1184 894 muscarum
1212 836 1510 891 infestatio
1538 849 1862 904 exsurgere
1888 833 2110 902 incipit,

453 931 641 985 donec
672 929 926 997 finiatur,
958 942 1059 981 cas
1085 941 1290 980 arcere
1327 943 1360 979 a
1382 925 1702 993 sacriﬁcio,
1734 925 1791 978 et
1815 924 1888 977 ab
1924 922 2113 991 altari,

453 1035 562 1073 seu
594 1019 667 1072 ab
700 1017 829 1087 ipso
862 1016 1169 1070 sacerdote
1191 1031 1307 1069 non
1329 1013 1597 1086 negligit.
1624 1014 1922 1067 Diaconus
1946 1026 2112 1079 vero,

452 1107 877 1174 subdiaconus,
896 1107 951 1158 et
968 1119 1122 1157 unus
1136 1103 1564 1169 ministrorum,
1581 1102 1634 1155 si
1651 1102 1780 1155 dies
1798 1100 1990 1154 festus
2004 1102 2112 1165 est,

445 1196 706 1250 acclines
737 1195 943 1263 postea
986 1196 1221 1246 manent
1262 1193 1514 1253 orationi
1557 1190 1783 1245 intenti.
1819 1190 1994 1243 Notat
2030 1191 2118 1242 ta-

447 1299 581 1338 men
599 1284 884 1337 diaconus
902 1282 1135 1352 quando
1155 1281 1440 1335 sacerdos
1454 1281 1526 1333 ad
1546 1279 1858 1350 Supplices
1879 1286 1936 1332 te
1956 1293 2123 1348 roga-

446 1390 576 1427 mus
601 1371 916 1425 inclinatus
956 1387 1023 1425 se
1055 1370 1332 1437 erexerit,
1363 1371 1419 1424 et
1447 1372 1587 1423 tunc
1620 1383 1857 1439 quoque
1889 1367 2017 1437 ipse
2050 1382 2117 1422 se

448 1463 709 1530 elevans,
733 1464 796 1515 ut
817 1462 1069 1530 quatuor
1088 1460 1330 1529 digitos,
1356 1458 1574 1528 quibus
1600 1457 1972 1510 Dominicum
1993 1472 2118 1509 cor-

448 1568 560 1622 pus
586 1550 949 1621 tangendum
972 1551 1029 1602 et
1056 1547 1437 1602 dividendum
1463 1549 1573 1616 est,
1603 1547 1800 1601 abluat
1818 1545 1875 1599 in
1896 1547 2123 1615 partem

449 1644 584 1695 ante
602 1639 1009 1709 supradictum
1030 1638 1407 1691 armariolum
1426 1635 1701 1691 secessit.
1722 1635 1793 1689 Et
1810 1634 2120 1689 sciendum

449 1730 727 1801 quoniam
758 1744 877 1783 non
906 1727 1080 1781 modo
1130 1742 1237 1796 pro
1278 1726 1474 1779 anima
1519 1725 1731 1795 ipsius,
1785 1724 1884 1794 qui
1927 1723 2125 1792 ipsum

450 1818 775 1886 urceolum,
832 1832 949 1887 quo
1009 1831 1160 1885 aqua
1205 1814 1491 1882 funditur,
1547 1816 1603 1868 et
1651 1813 1956 1887 concham,
2008 1827 2124 1882 qua

452 1905 802 1975 suscipitur,
856 1904 1033 1971 dedit,
1089 1903 1196 1957 sed
1244 1904 1382 1972 post
1422 1901 1777 1956 offerendam
1832 1903 1947 1955 tam
1995 1901 2123 1969 ipse

453 2010 629 2065 quam
660 1992 947 2046 sacerdos
974 2007 1187 2045 manus
1210 1991 1292 2047 ibi
1315 1990 1625 2045 abluentes
1647 1991 1799 2044 hanc
1819 1988 2124 2044 collectam

452 2082 680 2136 dicunt:
707 2080 974 2149 Oremus,
998 2079 1293 2150 Absolve,
1314 2080 1581 2149 Domine,
1603 2080 1875 2148 animam,
1896 2077 2122 2147 [ωηιιῶ

452 2174 590 2240 etc.,
622 2172 741 2222 tam
772 2170 886 2223 alte
928 2171 991 2222 ut
1023 2168 1297 2222 conversi
1344 2167 1672 2236 audientes,
1705 2168 1807 2238 qui
1835 2168 1950 2221 sibi
1991 2182 2123 2221 ser-

451 2259 636 2325 viunt,
664 2257 901 2327 possint
931 2257 1294 2326 respondere
1323 2257 1537 2310 Amen.
1574 2256 1787 2328 Digitis
1819 2255 2036 2310 ablutis
2070 2257 2127 2309 et

450 2348 655 2415 tersis,
689 2346 762 2400 ad
791 2346 986 2400 locum
1016 2345 1116 2400 ubi
1139 2345 1414 2415 primitus
1441 2345 1689 2399 acclinis
1718 2345 1994 2399 manebat
2024 2359 2123 2397 re-

452 2436 554 2505 dit,
588 2434 882 2505 altiusque
908 2435 1202 2488 inclinans
1235 2435 1511 2489 continuo
1544 2449 1611 2489 se
1644 2435 1836 2505 erigit,
1871 2437 2125 2503 postmo-

455 2524 595 2578 dum
624 2525 790 2577 stans
822 2525 878 2577 et
903 2523 1220 2593 diligenter
1263 2523 1594 2578 observans
1626 2523 1859 2593 quando
1897 2524 1967 2576 ad
1999 2521 2127 2576 Per

454 2614 645 2684 ipsum
678 2617 737 2666 et
762 2627 888 2666 cum
917 2612 1046 2682 ipso
1076 2613 1220 2667 etin
1250 2613 1399 2683 ipso,
1433 2627 1645 2666 cruces
1673 2627 1859 2682 super
1892 2611 2126 2666 sacriﬁ-

457 2701 611 2756 cium
641 2699 839 2755 facere
870 2699 1111 2770 incipiat
1132 2700 1438 2754 sacerdos.
1465 2699 1631 2763 Quod
1663 2714 1801 2753 mox
1828 2703 1892 2754 ut
1913 2699 2130 2754 viderit

456 2789 757 2844 moderate
789 2803 858 2841 ac
885 2787 1242 2856 pedetentim
1271 2788 1344 2841 ad
1377 2787 1559 2841 altare
1607 2788 1921 2858 accedens,
1956 2788 2127 2858 prius

432 2879 728 2941 ,dextrum
767 2891 952 2930 cornu
988 2876 1212 2945 altaris,
1260 2876 1471 2930 deinde
1512 2876 1784 2932 dextrum
1817 2876 2129 2931 humerum

460 2965 794 3022 sacerdotis
807 2965 1195 3034 osculatur,et
1207 2968 1413 3035 postea
1428 2967 1733 3035 corporale
1747 2982 1879 3020 cum
1896 2966 2127 3021 duobus

458 3056 672 3110 mediis
703 3053 906 3125 digitis
937 3069 1147 3107 manus
1173 3054 1397 3109 dextrae
1421 3070 1497 3109 ex
1522 3071 1636 3109 una
1655 3058 1819 3125 parte
1841 3058 2126 3124 removet,

460 3149 518 3201 ct
546 3144 835 3199 sacerdos
878 3158 955 3195 ex
983 3142 1184 3210 altera,
1219 3159 1351 3196 cum
1385 3144 1603 3213 quibus
1635 3147 1692 3198 et
1733 3143 1975 3198 calicem
2019 3159 2129 3214 per

458 3234 718 3290 medium
761 3236 992 3301 tenens,
1037 3247 1245 3301 parum
1294 3232 1632 3301 sublevare,
1670 3233 1807 3286 dum
1841 3233 2128 3287 sacerdos

460 3325 602 3378 dicit
627 3325 753 3377 Per
783 3320 972 3376 omnia
1020 3320 1254 3389 saecula,
1284 3324 1419 3390 etc.,
1448 3323 1505 3375 et
1543 3322 1893 3391 posmodum
1935 3323 2130 3392 ipsum

463 3411 773 3483 corporale
799 3426 874 3463 ex
897 3409 1103 3463 eadem
1133 3411 1295 3477 parte
1320 3424 1726 3479 superponere
1748 3416 2045 3481 procurat,
2075 3414 2133 3466 et

460 3502 696 3556 tandem
726 3497 967 3552 rediens
990 3498 1124 3566 post
1147 3497 1518 3552 sacerdotem
1548 3499 1607 3552 in
1630 3499 1845 3567 locum,
1876 3500 1975 3554 ubi
2008 3504 2132 3555 erat

462 3589 652 3661 prius,
676 3587 886 3641 iterum
908 3585 1155 3639 acclinis
1178 3588 1390 3653 manet,
1418 3587 1605 3641 donec
1628 3588 1680 3642 ei
1703 3604 1734 3641 a
1763 3588 2129 3644 subdiacono

463 3680 675 3749 patena
687 3675 967 3746 argentea
980 3671 1279 3727 offeratur.
1294 3674 1405 3739 Qui
1418 3675 1819 3731 subdiaconus
1834 3693 1950 3732 non
1963 3678 2131 3746 prius

467 3783 535 3822 se
595 3762 790 3835 erigit,
821 3776 1013 3832 neque
1056 3760 1129 3815 de
1175 3760 1326 3831 loco,
1378 3763 1437 3816 in
1480 3780 1597 3834 quo
1646 3770 1782 3834 post
1820 3766 2132 3821 diaconum

469 3853 720 3910 acclinis
743 3867 817 3906 ex
842 3866 958 3921 quo
976 3849 1233 3904 Sanctus
1248 3850 1568 3922 incoeptum
1585 3853 1793 3923 fuerat,
1813 3859 2129 3921 manserat,

468 3943 712 4009 recedit,
748 3940 935 3994 donec
962 3954 996 3993 a
1027 3938 1334 3994 sacerdote
1356 3939 1581 3995 Panem
1613 3949 1878 3998 nostrum
1908 3943 1967 3996 in
1992 3943 2132 3997 Ora—

467 4035 628 4089 tione
675 4028 979 4084 Dominica
1027 4026 1278 4082 dicatur.
1328 4028 1445 4083 Sed
1492 4032 1628 4084 tunc
1676 4031 1812 4086 inde
1842 4032 2133 4086 secedens

469 4126 646 4193 atque
676 4118 1022 4174 reverenter
1050 4115 1355 4186 incedens,
1395 4121 1451 4172 et
1481 4118 1791 4174 linteamen
1823 4121 1894 4174 de
1925 4124 2132 4190 patena

469 4210 815 4277 devolvens,
848 4221 1141 4275 manuque
1169 4205 1524 4261 linteaminis
1556 4212 1719 4277 parte
1749 4209 2008 4264 involuta
2042 4210 2132 4279 ip-

471 4316 600 4357 sam
618 4302 851 4366 tenens,
870 4296 1094 4365 partem
1115 4293 1385 4364 ejusdem
1405 4295 1760 4352 linteaminis
1782 4298 1969 4367 pende
1979 4315 2039 4353 re
2061 4316 2136 4354 ex

470 4386 763 4443 industria
808 4383 967 4450 facit,
1019 4385 1083 4436 ut
1125 4382 1411 4437 diaconus
1462 4400 1695 4456 quoque
1746 4403 1880 4441 cum
1931 4388 2135 4461 digitis

471 4476 684 4533 mediis
726 4472 1063 4528 linteamine
1107 4470 1389 4526 involutis
1435 4475 1699 4528 eamdem
1747 4479 2019 4546 patenam
2062 4480 2136 4532 ab

470 4568 605 4637 ipso
637 4560 941 4618 oseulante
973 4559 1029 4613 ei
1056 4574 1293 4613 manum
1324 4561 1642 4633 accipiens,
1672 4564 1833 4619 finita
1861 4565 2136 4620 Oratione

473 4652 798 4718 Dominica,
846 4647 1053 4703 offerat
1102 4648 1424 4714 sacerdoti;
1456 4656 1698 4721 prepter
1740 4654 1898 4724 quod
1937 4658 2128 4710 tamen

473 4744 747 4815 pollicem
763 4740 821 4795 et
839 4737 1094 4792 indicem
1110 4737 1347 4793 minime
1364 4738 1478 4810 disj
1489 4741 1672 4812 ungit,
1694 4742 1849 4797 sicut
1866 4746 2001 4798 tunc
2020 4760 2136 4799 non

382 4874 389 4881 .
475 4830 769 4905 disjunxit
798 4826 1031 4899 quando
1056 4825 1297 4881 calicem
1320 4843 1454 4881 cum
1475 4831 1784 4885 sacerdote
1805 4831 2042 4889 levavit.
2068 4834 2140 4888 Et

476 4922 786 4979 sciendum
831 4914 1107 4988 quoniam
1145 4916 1429 4986 quidquid
1479 4917 1550 4972 de
1599 4920 1880 4988 praedicta
1930 4924 2139 4991 patena

474 5011 721 5082 privatis
751 5005 963 5062 diebus
987 5004 1389 5059 subdiaconus
1422 5005 1578 5076 facit,
1605 5007 1890 5063 hocidem
1911 5010 1971 5064 in
2004 5012 2135 5065 duo-

479 5100 670 5154 decim
698 5094 1056 5151 lectionibus
1087 5093 1183 5147 ille
1212 5093 1636 5165 ministrorum,
1670 5099 1770 5167 qui
1811 5102 1946 5167 post
1975 5099 2139 5154 illum

475 5202 714 5243 manere
744 5185 916 5253 solet,
940 5198 1120 5254 agere
1151 5183 1478 5237 consuevit.
1502 5185 1827 5255 Postquam
1848 5202 1990 5240 vera
2016 5188 2139 5243 dia-

482 5291 669 5333 conus
691 5273 986 5329 sacerdoti
1014 5273 1284 5341 patenam
1305 5272 1532 5341 obtulit,
1563 5273 1646 5328 ibi
1664 5289 1846 5344 prepc
1868 5277 2139 5332 dextrum

482 5381 669 5422 cornu
697 5360 900 5417 altaris
932 5360 1199 5429 orationi,
1235 5360 1286 5414 si
1317 5361 1489 5431 sapit,
1523 5361 1784 5418 intentus
1816 5368 2009 5420 manet
2036 5382 2140 5421 ac-

481 5455 675 5522 clinis,
704 5451 892 5505 donec
913 5449 1039 5503 Per
1058 5448 1247 5504 omnia
1264 5458 1476 5503 saecula
1506 5451 1853 5506 saeculorum
1886 5454 2136 5510 dicatur.

474 5540 787 5600 Sacerdos
820 5553 967 5594 vero
1009 5537 1308 5606 accipiens
1339 5554 1466 5611 eam
1511 5556 1642 5594 cum
1674 5541 1885 5596 mediis
1935 5543 2137 5615 digitis

479 5632 645 5705 ponit
662 5643 843 5702 super
864 5625 1168 5697 corporale
1190 5626 1263 5679 ad
1280 5626 1485 5695 pedem
1505 5628 1728 5698 calicis,
1754 5633 1811 5685 et
1826 5634 2139 5704 postquam

478 5722 739 5797 fregerit
774 5717 1053 5787 hostium,
1099 5722 1276 5771 Unam
1303 5715 1681 5789 particulam,
1708 5723 1973 5777 ωιηιηοε
1994 5750 2003 5761 ι
2028 5726 2140 5793 est,

2228 654 2416 725 porali
2464 654 2606 724 tegit
2655 654 2981 723 utramque.
3034 652 3205 707 Prius
3251 656 3433 706 tamen
3461 667 3616 720 super
3644 653 3792 722 ipsum

2231 743 2496 812 calicem,
2531 743 2749 813 digitos
2781 741 3000 811 quibus
3042 741 3249 813 tetigit,
3283 741 3570 813 diligenter
3595 741 3733 796 fricat
3753 750 3794 798 et

2233 833 2470 900 excutit,
2504 847 2578 885 ne
2606 830 2747 900 quid
2767 829 2918 884 forte
2949 831 3100 884 inter
3128 829 3498 901 frangendum
3518 829 3580 883 de
3604 844 3795 899 corpore

2234 920 2467 976 Domini
2510 919 2857 988 adhaeserit;
2916 934 3126 973 manus
3180 918 3403 972 interim
3454 934 3573 973 cum
3619 934 3797 973 summa

2232 1009 2429 1065 studio
2452 1009 2734 1062 claudens
2757 1010 2813 1062 et
2832 1007 2892 1061 in
2914 1007 3152 1063 modum
3172 1007 3363 1061 crucis
3380 1007 3448 1061 ad
3466 1009 3646 1076 pectus
3661 1007 3802 1076 appli-

2233 1114 2399 1168 cans,
2420 1098 2591 1152 vertit
2609 1112 2675 1151 se
2688 1097 2941 1168 primum
2954 1096 3199 1152 diacono
3214 1100 3534 1150 reverenter
3544 1094 3802 1164 inclinanti,

2233 1192 2288 1243 et
2318 1188 2582 1242 casulam
2630 1202 2763 1240 cum
2793 1186 3028 1240 duobus
3067 1185 3277 1240 mediis
3312 1184 3502 1256 digitis
3540 1188 3655 1255 post
3678 1185 3804 1253 pacis

2231 1278 2504 1332 osculum
2551 1277 2705 1330 inter
2749 1276 2993 1330 brachia
3042 1276 3278 1346 aptanti,
3328 1275 3466 1329 dans
3514 1274 3585 1328 illi
3628 1289 3802 1343 pacem,

2230 1367 2443 1422 deinde
2460 1365 2848 1433 subdiacono,
2872 1367 2928 1419 et
2948 1365 3008 1419 in
3028 1364 3396 1435 procedendo
3419 1366 3598 1419 contra
3613 1378 3809 1417 conven-

2230 1458 2373 1521 tum,
2422 1455 2656 1509 duobus
2686 1454 2994 1522 ministris,
3028 1454 3102 1508 ad
3132 1454 3395 1509 ultimum
3422 1454 3638 1507 veniens
3668 1466 3806 1521 super

2232 1545 2482 1617 gradum
2512 1547 2645 1598 ante
2694 1543 3033 1615 analogium
3076 1543 3174 1597 dat
3202 1558 3402 1614 pacem
3446 1541 3669 1609 caeteris,
3696 1540 3811 1593 sicut

2231 1634 2495 1688 adnotari
2513 1633 2908 1695 decrevimus.
2929 1632 2987 1686 in
3001 1632 3260 1704 quinque
3273 1630 3571 1702 praecipuis
3586 1627 3809 1682 festivita-

2228 1724 2389 1778 tibus
2405 1724 2525 1777 toto
2549 1720 2884 1788 conventui;
2906 1723 3143 1776 caeteris
3164 1725 3359 1775 autem
3377 1719 3588 1788 diebus,
3606 1715 3812 1787 exceptis

2230 1812 2506 1867 Sabbatis
2525 1811 2584 1865 in
2601 1811 2819 1882 quibus
2839 1811 3116 1864 eveniunt
3128 1809 3358 1881 jejunia
3373 1807 3611 1871 Quatuor
3627 1806 3814 1873 Tempo-

2156 1938 2211 2002 B
2231 1917 2382 1971 rum,
2406 1904 2462 1955 et
2482 1900 2750 1970 exceptis
2772 1899 2979 1953 missis
2996 1898 3214 1970 jejunii
3232 1900 3293 1951 in
3312 1895 3692 1951 festivitatibus
3703 1892 3814 1957 Qua-

2233 1989 2609 2062 dragesimw,
2643 1991 2698 2043 et
2720 1988 2970 2059 reliquis
2989 1987 3264 2059 jejuniis,
3292 1987 3349 2039 in
3368 1986 3569 2057 quibus
3589 1983 3815 2038 festivitas

2235 2078 2547 2134 duodecim
2590 2076 2906 2131 lectionum
2955 2076 3241 2143 evenerit,
3292 2074 3514 2146 quando
3547 2088 3646 2127 una
3671 2068 3817 2125 hostia

2237 2166 2498 2236 offertur,
2548 2169 2604 2220 et
2631 2182 2747 2236 pax
2796 2167 2895 2220 uni
2945 2182 2978 2219 a
3008 2165 3259 2220 diacono
3309 2164 3491 2231 datur,
3538 2163 3616 2216 sic
3643 2162 3736 2213 itur
3766 2156 3819 2209 ad

2235 2272 2472 2326 pacem:
2509 2256 2567 2308 in
2597 2256 2766 2309 tertia
2794 2258 2850 2309 et
2871 2255 3075 2327 quinta
3096 2254 3267 2323 feria,
3294 2258 3350 2309 et
3376 2252 3610 2307 Sabbato
3638 2261 3817 2317 semper

2238 2345 2445 2399 dexter
2468 2344 2688 2399 chorus
2708 2345 2868 2398 vadit
2888 2344 2961 2398 ad
2989 2359 3218 2413 pacem,
3245 2346 3457 2414 praeter
3481 2340 3627 2394 illum
3644 2338 3721 2391 cui
3737 2336 3817 2390 tale

2239 2436 2379 2504 quid
2410 2434 2470 2488 in
2499 2436 2670 2488 nocte
2692 2434 2954 2505 contigit;
2988 2432 3049 2486 in
3070 2432 3355 2496 secunda,
3389 2431 3600 2501 quarta,
3630 2430 3678 2481 et
3699 2425 3821 2478 sexta

2241 2525 2512 2592 sinister;
2564 2524 2623 2577 in
2654 2522 2979 2578 Dominicis
3027 2523 3224 2577 autem
3272 2519 3603 2585 alternatim,
3643 2518 3695 2569 ut
3718 2513 3821 2566 alter

2241 2613 2465 2672 chorus
2496 2614 2554 2666 in
2587 2628 2721 2682 una,
2754 2612 2902 2666 alter
2940 2612 2999 2665 in
3028 2610 3235 2681 altera,
3268 2609 3421 2664 sicut
3449 2605 3733 2662 alternatim
3755 2600 3819 2654 in-

2242 2703 2539 2771 cipiuntur
2569 2701 2790 2771 hymni,
2810 2699 3146 2770 antiphonae
3162 2703 3220 2755 et
3241 2697 3469 2770 psalmi,
3487 2695 3554 2750 ab
3573 2709 3672 2750 uno
3688 2691 3821 2745 choro

2239 2791 2301 2844 in
2331 2807 2446 2845 una
2476 2790 2862 2859 hebdomade,
2897 2789 2970 2843 ab
3000 2789 3182 2843 altero
3213 2788 3277 2843 in
3309 2787 3437 2842 alia.
3470 2785 3524 2840 Si
3555 2797 3676 2838 vero
3695 2792 3822 2834 reve-

2242 2880 2365 2934 stiti
2394 2882 2533 2934 sunt
2554 2879 2611 2932 in
2642 2879 2847 2949 cappis
2878 2892 2988 2933 seu
3017 2878 3076 2932 in
3097 2878 3273 2947 albis,
3304 2875 3614 2932 secundum
3639 2868 3825 2941 dignita-

2240 2970 2359 3023 tem
2388 2968 2618 3023 ordinis
2646 2968 2814 3022 ibunt
2842 2967 2915 3021 ad
2944 2982 3169 3037 pacem,
3202 2970 3269 3021 ut
3298 2967 3480 3036 primo
3509 2964 3624 3017 loco
3672 2970 3825 3012 sacer-

2245 3057 2434 3125 dotes,
2468 3059 2623 3111 sicut
2653 3059 2792 3111 sunt
2827 3057 3081 3127 priores,
3129 3057 3396 3111 secundo
3439 3050 3663 3115 diaconi,
3700 3044 3825 3101 tertio

2243 3146 2592 3201 subdiaconi
2614 3146 2825 3200 deinde
2856 3146 2975 3214 alii,
3001 3145 3157 3199 sicut
3185 3145 3334 3199 ordo
3366 3158 3558 3199 eorum
3584 3137 3752 3207 exigit,
3776 3132 3827 3185 ad

2244 3238 2571 3291 extremum
2604 3233 2969 3289 conversi.Si
2997 3238 3190 3288 autem
3219 3234 3401 3304 aliqui
3429 3234 3557 3287 sunt
3580 3229 3634 3283 in
3660 3221 3829 3293 cappis,

2245 3327 2302 3380 et
2324 3324 2502 3395 aliqui
2524 3325 2583 3378 in
2603 3323 2777 3393 albis,
2804 3327 2859 3378 et
2879 3322 3060 3393 aliqui
3082 3323 3139 3376 in
3163 3323 3387 3378 froccis
3407 3322 3497 3376 vel
3520 3314 3749 3380 cucullis,
3763 3324 3831 3364 se-

2247 3414 2504 3469 cundum
2552 3414 2895 3485 dignitatem
2939 3410 3165 3466 ordinis
3213 3412 3388 3481 prius
3415 3410 3570 3465 ibunt
3598 3406 3651 3460 bi
3689 3399 3829 3473 quiin

2247 3503 2472 3573 cappis,
2506 3502 2718 3556 deinde
2749 3501 2848 3571 qui
2868 3501 2927 3554 in
2953 3501 3125 3571 albis,
3151 3503 3455 3570 postremo
3477 3496 3642 3569 quiin
3665 3486 3831 3545 froccis

2247 3607 2357 3646 seu
2379 3592 2626 3646 cucullis
2649 3593 2838 3660 erunt,
2862 3590 3018 3644 sicut
3034 3605 3272 3658 semper
3294 3591 3465 3660 prout
3481 3586 3547 3640 ad
3564 3576 3832 3639 conversio-

2248 3697 2383 3736 nem
2414 3682 2702 3735 venerunt
2723 3695 2831 3734 seu
2850 3695 2883 3733 a
2914 3679 3128 3733 domno
3150 3678 3365 3734 abbate
3393 3675 3561 3732 levati
3580 3673 3714 3739 sunt,
3742 3667 3833 3721 sive

2250 3772 2367 3824 sint
2399 3774 2690 3839 cantores,
2723 3770 2853 3824 sive
2884 3767 3188 3824 conversi.

2323 3858 2655 3913 Notandum
2683 3861 2879 3912 tamen
2903 3857 3181 3928 quoniam
3206 3856 3263 3911 si
3291 3857 3537 3912 domnus
3561 3851 3719 3906 abbas
3740 3856 3835 3914 pm-

2249 3950 2378 4017 pter
2407 3947 2661 4017 aliquam
2691 3945 3097 4000 rationabilem
3142 3961 3388 4000 causam
3420 3940 3707 4014 quemlibet
3731 3946 3828 3987 con-

2250 4051 2491 4091 versum
2513 4034 2799 4089 levaverit
2827 4034 2887 4088 in
2910 4033 3162 4104 capitulo
3184 4036 3240 4088 et
3268 4034 3331 4088 in
3362 4028 3673 4095 refectorio,
3695 4028 3837 4079 tamen

2254 4123 2517 4179 ordinem
2549 4124 2711 4177 illum
2746 4123 3040 4192 servabit;
3072 4123 3145 4177 ad
3166 4138 3375 4193 pacem
3406 4136 3544 4177 vero
3570 4123 3621 4173 et
3644 4114 3705 4169 ad
3723 4123 3837 4165 com-

2253 4212 2609 4282 munionem,
2645 4212 2801 4265 sicut
2830 4212 2887 4265 et
2912 4210 2985 4265 ad
3016 4226 3224 4281 aquam
3266 4210 3643 4276 benedictam,
3673 4213 3838 4257 secun-

2254 4302 2391 4356 dum
2421 4300 2686 4355 ordinem
2708 4299 3122 4354 conversionis
3145 4284 3287 4354 ibit.
3308 4299 3556 4353 Privatis
3575 4297 3739 4350 autem
3755 4287 3841 4342 die-

2252 4392 2368 4446 bus
2400 4405 2753 4456 conversus,
2786 4388 2887 4458 qui
2909 4389 3093 4442 servit
3120 4388 3191 4442 de
3216 4387 3586 4454 candelabro,
3607 4382 3722 4455 quia
3747 4374 3842 4430 alba

2253 4481 2489 4534 indutus
2520 4480 2630 4549 est,
2663 4478 2892 4548 primus
2922 4480 3231 4548 postquam
3265 4475 3549 4531 sacerdos
3575 4485 3731 4540 super
3747 4478 3841 4537 gm-

2253 4569 2391 4623 dum
2421 4568 2667 4636 venerit,
2697 4566 2858 4621 vadit
2878 4566 2951 4619 ad
2970 4566 3275 4635 pacem.At
3297 4565 3594 4619 sacerdote
3609 4559 3673 4615 ad
3688 4566 3844 4629 pacem

2173 4648 2625 4727 Dprocedente,
2670 4656 2954 4710 diaconus
3003 4656 3077 4709 ad
3119 4655 3301 4709 altare
3350 4654 3588 4721 accedit,
3635 4650 3842 4712 duasque

2252 4747 2500 4812 hostias,
2526 4746 2621 4800 vel
2650 4746 2705 4800 si
2733 4745 2937 4816 plures
2960 4744 3196 4814 fuerint,
3223 4747 3285 4797 ut
3304 4744 3365 4798 in
3390 4738 3707 4804 Dominicis,
3727 4733 3842 4787 fran-

2253 4837 2339 4908 git
2369 4839 2426 4890 et
2446 4835 2668 4902 dividit,
2699 4850 2849 4905 quas
2881 4835 3164 4889 sacerdos
3196 4849 3316 4887 non
3346 4833 3564 4899 divisit,
3593 4819 3842 4895 separatim

2252 4924 2506 4991 dimittit,
2540 4926 2602 4977 ut
2632 4924 2703 4977 de
2731 4923 2915 4978 altera
2945 4921 3095 4993 ipse,
3129 4923 3200 4976 de
3226 4922 3409 4977 altera
3441 4915 3702 4973 sacerdos
3729 4920 3843 4962 com-

2253 5013 2600 5077 municatur,
2627 5015 2684 5065 et
2705 5011 2778 5080 si,
2801 5012 3144 5080 priusquam
3169 5010 3456 5064 sacerdos
3480 5007 3680 5070 redeat,
3700 4994 3845 5069 perfe-

2254 5101 2420 5171 cerit,
2454 5116 2747 5171 nusquam
2769 5103 2962 5153 tamen
2991 5098 3230 5153 recedit.
3263 5099 3403 5153 Mox
3424 5111 3559 5151 vero
3587 5097 3642 5148 ut
3661 5084 3842 5143 subdia-

2259 5205 2444 5244 conus
2477 5193 2532 5244 et
2563 5188 2813 5242 ministri
2838 5202 3040 5259 pacem
3063 5186 3417 5256 acceperint,
3442 5197 3640 5238 manus
3661 5175 3842 5233 abluere

2260 5279 2319 5334 in
2344 5278 2592 5349 piscina,
2626 5294 2758 5349 qum
2790 5258 2881 5331 est
2909 5291 3091 5347 prope
3121 5275 3323 5343 altare,
3354 5290 3473 5327 non
3505 5258 3844 5341 negliguntnlt

2257 5368 2659 5423 subdiaconus
2689 5368 2959 5437 patenam
2987 5379 3224 5419 auream
3255 5364 3325 5417 ad
3348 5362 3587 5417 calicem
3617 5353 3843 5437 pertinelr

2255 5459 2395 5526 tem,
2426 5472 2599 5527 quam
2650 5457 2935 5526 posuerat
2964 5470 3146 5524 super
3191 5452 3580 5513 armariolum,
3626 5434 3843 5513 reportat»

2255 5561 2483 5616 ponens
2515 5560 2697 5615 super
2724 5545 2925 5614 altare,
2969 5547 3026 5598 et
3056 5543 3233 5598 simul
3274 5541 3570 5597 linteolum
3596 5536 3843 5589 extensum

2255 5635 2315 5691 in
2343 5639 2686 5688 transverso
2731 5633 2952 5702 altaris,
3006 5636 3063 5688 et
3099 5635 3304 5704 postea
3333 5633 3447 5685 stat
3486 5622 3701 5682 inclinis
3737 5616 3848 5704 inter

2242 5722 2692 5785 meetinatouium
2714 5726 2779 5785 ,ot
2809 5723 3296 5799 dextrumcornu
3321 5718 3521 5776 altaris
3551 5724 3721 5784 ιιείιιιθ
3744 5703 3846 5757 dum

2164 3290 2219 3358 ο
