3956 6176
147 328 244 387 724
342 314 347 319 δ
682 321 1392 387 CONSUETUDINES
1438 292 2096 386 CLUNIACENSES.
2130 354 2209 371 -
2252 322 2510 385 LIBER
2551 324 3002 389 SECUNDUS

3444 328 3565 389 722

149 525 351 581 redeat.
371 521 481 588 Qui
512 520 763 592 rediens,
781 524 837 577 et
867 522 1026 577 illam
1044 521 1474 592 portiunculam
1502 522 1794 577 Dominici
1820 512 1874 575 Α
1908 523 2008 591 vit,
2043 522 2253 593 accipit
2279 524 2352 578 ab
2382 524 2591 579 eodem
2620 525 2882 593 calicem,
2908 526 3190 581 osculans
3223 527 3276 581 ei
3304 542 3564 595 manum,

146 613 415 683 corporis,
443 627 618 683 quam
651 614 1000 681 sumpturus
1022 611 1223 679 est,de
1245 616 1459 680 patena
1491 611 1792 681 accipiens

148 719 265 756 cum
281 702 515 756 duobus
538 701 746 756 mediis
769 702 971 774 digitis
991 702 1251 757 sinistras
1273 718 1507 771 manus,
1523 705 1791 771 patenam

146 792 351 846 modice
384 791 632 845 diacono
663 792 956 863 porrigit;
1005 793 1063 867 et
1103 807 1286 861 super
1328 793 1569 846 calicem
1602 791 1790 861 ipsam

144 880 557 951 portiunculam
586 894 853 949 sumens,
872 884 1080 949 postea
1102 881 1373 935 eumdem
1392 880 1634 934 calicem
1655 896 1791 934 cum

148 969 419 1041 sanguine
442 968 692 1023 diacono
707 968 823 1023 dat.
840 969 1010 1023 Unus
1025 971 1220 1023 autem
1248 969 1320 1023 de
1340 968 1792 1023 ministristollit

150 1059 211 1111 de
239 1058 484 1111 armario
515 1058 845 1126 scutellam,
880 1060 938 1112 et
965 1058 1198 1112 allatam
1217 1061 1377 1112 tenet
1400 1073 1534 1111 cum
1552 1056 1791 1112 linteolo

150 1162 311 1216 super
337 1146 799 1215 reclinatorium,
825 1146 981 1216 quod
1013 1150 1124 1214 est,
1158 1149 1444 1217 quantum
1467 1149 1629 1215 puto,
1654 1160 1792 1215 pro-

147 1238 263 1304 pter
291 1234 401 1289 hoc
431 1235 688 1290 maxime
721 1235 938 1289 factum
968 1235 1121 1290 inter
1150 1236 1299 1289 duas
1323 1234 1534 1289 ciborii
1564 1234 1792 1288 colum-

150 1323 278 1388 nas;
311 1339 494 1394 super
537 1323 696 1395 quod
724 1323 1010 1379 diaconus
1049 1324 1222 1379 mittit
1271 1327 1544 1394 patenam
1587 1323 1648 1377 in
1678 1339 1793 1395 qua

146 1412 493 1467 Dominicum
528 1428 747 1483 corpus
786 1416 880 1467 est
918 1414 1212 1483 divisum;
1264 1414 1507 1467 calicem
1555 1427 1791 1483 quoque

147 1516 259 1555 cum
273 1501 569 1573 sanguine
582 1502 679 1556 dat
690 1502 1058 1557 subdiacono
1072 1502 1435 1558 intrinsecus
1450 1502 1628 1555 stanti
1640 1502 1794 1557 inter

146 1590 566 1645 reclinatorium
596 1593 652 1645 et
682 1589 898 1646 altare:
930 1591 1031 1662 qui
1065 1592 1286 1646 tenebit
1323 1607 1458 1646 eum
1488 1590 1790 1660 reclinem,

145 1694 297 1749 quam
328 1678 714 1750 conjunctius
743 1680 958 1749 poterit
981 1695 1130 1751 erga
1162 1680 1500 1749 scutellam;
1525 1694 1794 1734 commu-

143 1768 277 1822 nicat
302 1768 536 1838 primus
571 1768 879 1838 diaconus,
911 1772 968 1823 et
996 1772 1133 1839 post
1162 1784 1296 1824 eum
1326 1769 1423 1823 alii
1456 1769 1795 1823 forinsecus

143 1855 497 1953 accedentes,
517 1872 608 1953 -eo
639 1857 848 1912 ordine
878 1873 994 1928 quo
1026 1859 1083 1911 et
1113 1858 1187 1912 ad
1216 1873 1442 1928 pacem,
1477 1859 1533 1912 et
1577 1859 1798 1928 praeter
1830 1891 1880 1953 Β

143 1944 260 2000 illos
271 1945 439 2017 quiin
456 1945 618 2000 albis
644 1949 801 2014 sunt,
819 1950 1130 2017 antequam
1152 1946 1582 2002 communicent
1601 1946 1798 2001 cuncti

144 2035 349 2088 veniam
380 2036 680 2105 petentes,
716 2038 772 2090 et
794 2051 1030 2090 manum
1063 2036 1397 2091 sacerdotis
1430 2035 1792 2105 osculantes,

144 2125 244 2177 tam
274 2122 355 2177 illi
389 2140 577 2195 quam
609 2124 728 2179 alii.
784 2123 848 2178 Si
884 2125 1020 2195 quis
1060 2128 1288 2195 autem,
1322 2125 1424 2195 qui
1462 2139 1580 2179 non
1619 2125 1696 2178 sit
1725 2125 1797 2179 de

145 2212 229 2265 illo
258 2213 435 2267 choro
468 2213 578 2284 qui
607 2213 768 2267 vadit
806 2213 879 2266 ad
906 2229 1148 2283 pacem,
1181 2214 1438 2269 voluerit
1468 2214 1798 2267 communi-

145 2315 280 2369 care,
310 2300 464 2356 facto
507 2302 650 2357 inde
681 2302 857 2373 signo
888 2301 971 2355 illi
1017 2303 1119 2374 qui
1163 2306 1363 2357 servat
1412 2302 1700 2371 ordinem,
1745 2301 1797 2356 si

145 2388 371 2445 domnus
402 2390 601 2445 abbas
630 2391 728 2445 vel
756 2390 921 2461 prior
950 2392 1151 2461 abest,
1188 2391 1416 2446 accedit
1442 2394 1558 2445 tam
1589 2391 1662 2445 ad
1689 2405 1795 2460 pa-

147 2492 257 2532 cem
284 2494 455 2550 quam
487 2480 571 2534 ad
598 2480 1072 2535 communionem
1102 2479 1161 2534 in
1189 2496 1298 2535 suo
1317 2480 1543 2535 ordine.
1570 2479 1798 2534 Debent

149 2571 317 2622 autem
345 2569 579 2640 singuli
611 2569 691 2624 ita
724 2585 791 2624 se
823 2570 1091 2624 scutella)
1112 2570 1463 2641 adjungere,
1495 2572 1559 2623 ut
1574 2570 1626 2624 si
1647 2569 1798 2623 forte

144 2655 277 2711 inter
302 2658 666 2713 sumendum
700 2674 919 2729 corpus
953 2659 1185 2713 Domini
1224 2659 1538 2729 aliquando
1581 2659 1676 2712 vel
1724 2658 1796 2711 de

148 2759 232 2800 ore
244 2747 669 2815 sumentis,vel
685 2747 756 2802 de
779 2764 953 2802 manu
974 2748 1338 2819 porrigentis
1353 2749 1584 2817 lapsum
1597 2747 1793 2814 fuerit,

148 2834 247 2887 nisi
271 2837 326 2890 in
353 2836 678 2891 scutellam
695 2837 906 2891 cadere
927 2852 1046 2891 non
1065 2836 1279 2906 possit.
1299 2836 1795 2907 Quotquotautem

145 2923 315 2993 ipsum
356 2942 586 2996 corpus
618 2941 857 2981 sacrum
895 2925 1150 2994 dederit,
1203 2926 1461 2997 singulis
1507 2924 1797 2996 sanguine

64 3024 69 3039 λ
149 3012 291 3080 prius
320 3014 607 3087 intinguit
637 3014 734 3084 (6).
768 3014 1231 3069 Communicatis
1276 3017 1471 3069 autem
1522 3014 1797 3069 omnibus

150 3103 233 3173 qui
258 3104 578 3172 voluerint,
605 3108 661 3158 et
683 3103 1011 3158 novissime
1035 3103 1425 3171 subdiacono,
1442 3104 1541 3174 qui
1564 3118 1800 3173 semper

151 3207 239 3260 per
261 3192 759 3248 consuetudinem
792 3192 864 3246 ad
892 3191 1184 3262 majorem
1216 3192 1461 3246 missam
1486 3192 1801 3246 communi-

152 3244 284 3335 Eat;
297 3244 473 3337 £131};
492 3244 1174 3352 '(exc—e'ptisbisd'iebus
1204 3244 1269 3334 ίίᾷ
1282 3244 1287 3245 ί
1308 3244 1543 3352 quibus
1564 3244 1797 3334 2...“...
1830 3244 1883 3311 ο

150 3384 245 3423 una
274 3370 464 3425 hostia
519 3369 928 3440 consecratur)
969 3372 1025 3424 et
1077 3371 1505 3425 communicato
1555 3370 1653 3425 illo
1699 3369 1798 3441 qui

150 3458 283 3514 tenet
315 3459 656 3528 scutellam,
692 3459 746 3512 si
779 3474 997 3529 corpus
1030 3459 1263 3514 Domini
1292 3463 1587 3529 superest,
1620 3459 1714 3513 vel
1746 3459 1799 3513 si

152 3547 361 3603 videtur
391 3549 539 3619 sibi,
573 3548 916 3618 cooperitur
944 3548 1077 3618 ipsa
1108 3548 1375 3618 scutella,
1411 3551 1467 3603 et
1498 3548 1596 3619 qui
1641 3549 1799 3602 tenet

153 3651 260 3690 eam
276 3655 388 3694 non
406 3655 476 3693 se
498 3638 816 3693 submovet
835 3636 967 3690 inde
986 3652 1298 3707 quousque
1313 3636 1597 3691 sacerdos
1616 3638 1796 3692 calice

151 3739 179 3777 a
196 3727 557 3783 subdiacono
589 3728 824 3796 recepto
845 3725 1196 3796 sanguinem
1220 3729 1431 3795 sumat,
1456 3725 1796 3796 vinumque,

153 3829 251 3885 quo
278 3819 486 3885 postea
521 3814 767 3871 calicem
796 3815 972 3885 lavat,
1009 3814 1274 3870 infusum
1320 3815 1439 3869 sibi
1489 3816 1561 3869 ab
1594 3815 1801 3869 eodem

155 3905 502 3961 subdiacono
522 3905 583 3959 in
604 3905 787 3960 altera
799 3922 975 3960 manu
991 3907 1226 3960 tenente
1240 3904 1574 3974 ampullam,
1591 3909 1647 3959 et
1668 3919 1801 3958 cum

155 3992 315 4049 altera
358 3993 632 4050 involuta
680 3994 952 4064 linteolo,
987 3994 1144 4065 quod
1190 4010 1321 4048 cum
1367 3996 1577 4063 patena
1622 4009 1803 4062 super

156 4081 313 4138 altare
324 4086 632 4155 posuerat,
650 4084 999 4139 sublevante
1014 4083 1217 4138 calicis
1230 4084 1459 4154 pedem.
1478 4083 1798 4152 Diaconus,

155 4177 405 4243 percepta
435 4173 877 4243 communione,
901 4187 1083 4243 prope
1116 4172 1496 4227 armariolum
1527 4171 1708 4240 venit,
1741 4172 1804 4225 ut

156 4276 268 4315 cum
296 4263 430 4317 vino
454 4263 522 4316 in
552 4264 733 4317 altero
767 4263 950 4316 calice
983 4261 1203 4333 digitos
1234 4261 1433 4316 abluat
1458 4261 1677 4331 quibus
1698 4260 1805 4315 Do-

158 4350 408 4406 minicum
424 4367 650 4421 corpus
665 4350 955 4421 tractavit,
972 4350 1245 4405 ministro
1260 4350 1358 4420 qui
1380 4352 1690 4419 supererat
1702 4347 1800 4420 (7),

160 4452 273 4492 cum
300 4440 559 4513 ampulla
591 4440 871 4496 fundente
905 4441 1104 4494 vinum
1123 4443 1180 4493 et
1200 4440 1410 4510 pedem
1431 4439 1637 4493 calicis
1655 4438 1806 4493 sub-

160 4523 362 4584 levante
390 4549 402 4595 ;
437 4545 596 4601 quos
619 4529 853 4584 ablutos
883 4530 957 4584 ad
988 4528 1231 4583 calicem
1259 4528 1430 4597 prius
1462 4528 1656 4599 tergit,
1696 4528 1803 4581 de-

1907 614 1963 665 et
1992 627 2023 665 a
2055 611 2303 666 diacono
2331 615 2604 681 patenam
2636 613 2865 682 calicis,
2899 614 2970 667 ab
3002 614 3167 668 altari
3200 617 3571 687 superimpo-

1907 701 2020 753 sito
2051 716 2167 754 uno
2200 702 2491 769 corporali
2516 705 2814 771 acceptam
2840 718 2853 771 ;
2880 719 3011 756 nam
3036 705 3278 758 alteram
3301 706 3572 759 inlocum

1907 805 2080 843 suum
2114 805 2297 859 super
2326 791 2507 845 altare
2543 791 2809 861 reponit;
2853 794 2909 845 ct
2949 796 3086 845 tunc
3134 793 3231 847 ille
3276 794 3377 863 qui
3415 796 3575 848 tenet

1906 879 2238 948 scutellam,
2275 879 2449 934 altius
2474 895 2601 934 eam
2624 881 2888 950 elevans,
2918 882 3078 935 vadit
3110 883 3242 935 ante
3262 882 3571 936 sinistrum

1905 982 2090 1021 cornu
2116 967 2340 1037 altaris,
2373 971 2432 1022 et
2474 969 2878 1024 subdiaconus
2910 973 3177 1025 remanet
3207 986 3341 1024 cum
3392 971 3573 1025 calice

1903 1057 2037 1109 ante
2069 1055 2360 1126 dextrum,
2388 1061 2525 1127 post
2555 1059 2926 1113 sacerdotem
2971 1062 3180 1114 tenens
3215 1075 3348 1113 cum
3396 1060 3577 1114 altera

1905 1161 2080 1199 manu
2111 1145 2375 1213 calicem,
2410 1163 2543 1201 cum
2576 1147 2755 1202 altera
2784 1150 2994 1217 patena
3021 1164 3338 1218 parumper
3375 1149 3576 1204 suble-

1904 1236 2036 1286 vata
2068 1249 2200 1287 cum
2232 1235 2545 1304 corporali.
2573 1235 2792 1290 Verum
2812 1240 3018 1291 contra
3050 1237 3216 1306 ipsos
3246 1239 3406 1292 totus
3436 1254 3575 1293 con-

1903 1324 2119 1376 ventus
2149 1339 2257 1392 pro
2280 1324 2614 1378 reverentia
2638 1324 2929 1380 Dominici
2951 1326 3219 1396 corporis
3251 1327 3307 1381 et
3323 1327 3573 1398 sangui-

1904 1410 2001 1465 nis
2032 1412 2266 1467 veniam
2295 1413 2458 1483 petit.

1976 1500 2297 1555 Sciendum
2331 1504 2524 1556 autem
2548 1502 2844 1574 quoniam,
2880 1503 2934 1557 si
2963 1504 3207 1574 quilibet
3236 1506 3374 1574 post
3402 1520 3568 1559 com-

1905 1605 2140 1644 munem
2172 1590 2404 1645 veniam
2435 1593 2865 1662 supervenerit,
2901 1609 3057 1647 nunc
3088 1593 3148 1647 in
3179 1592 3381 1664 choro,
3414 1610 3569 1649 nunc

1907 1680 2073 1732 extra
2105 1678 2352 1735 chorum
2383 1681 2616 1734 veniam
2644 1685 2847 1750 petere
2879 1682 3072 1736 debet.
3102 1681 3383 1737 Similiter
3408 1685 3571 1753 post-

1906 1782 2081 1837 quam
2132 1767 2344 1838 aliquis
2379 1769 2904 1823 communicaverit
2944 1774 3162 1840 printer
3206 1770 3357 1824 hanc
3406 1787 3572 1825 com-

1905 1855 2262 1924 munionem,
2297 1872 2454 1911 nunc
2486 1860 2617 1911 ante
2648 1858 2828 1912 altare
2860 1858 2920 1913 S.
2953 1859 3235 1930 Joannis,
3269 1875 3427 1914 nunc
3457 1859 3573 1913 ali—

1904 1944 1967 1998 bi
1995 1945 2230 1999 veniam
2261 1946 2827 2001 consuetudinaliter
2871 1948 3033 2018 petit.
3083 1948 3220 2001 Mox
3269 1951 3463 2002 autem
3510 1951 3574 2002 ut

1907 2034 2005 2088 ille
2048 2033 2337 2104 minister,
2363 2035 2462 2106 qui
2490 2038 2817 2105 supererat,
2852 2036 3055 2107 digitis
3103 2037 3334 2091 diaconi
3364 2037 3567 2091 vinum

1907 2123 2275 2193 superfudit,
2329 2126 2556 2179 accedit
2610 2129 2777 2180 extra
2826 2126 3260 2181 inclinatorium
3291 2118 3569 2181 deferens

1908 2212 2152 2266 calicem
2191 2212 2369 2266 alium
2418 2214 2730 2285 minorem,
2770 2230 2902 2268 cum
2922 2216 3395 2285 ampulla,quam
3423 2215 3572 2268 sub-

1907 2301 2261 2355 ministravit
2292 2301 2559 2369 diacono,
2596 2305 2652 2356 et
2699 2306 2836 2372 post
2874 2303 2947 2357 ab
2998 2304 3209 2358 eodem
3244 2303 3473 2373 recipit,
3510 2304 3574 2357 ut

1908 2389 2193 2444 sacerdos
2225 2404 2459 2460 quoque
2490 2390 2709 2461 digitos
2740 2391 2875 2445 illos
2906 2391 3079 2461 lavet,
3114 2392 3333 2461 quibus
3365 2391 3570 2445 Domi-

1910 2480 2106 2533 nicum
2146 2494 2364 2548 corpus
2404 2480 2695 2548 tractavit,
2729 2495 2881 2549 quos
2910 2496 3211 2550 nunquam
3233 2480 3292 2534 in
3322 2478 3569 2550 majoris

1910 2568 2116 2622 missae
2147 2568 2330 2622 calice
2363 2568 2602 2622 abluere
2628 2568 2784 2623 licet.
2817 2568 2943 2634 Quo
2971 2572 3227 2638 sumpto,
3254 2570 3466 2623 iterum
3486 2569 3573 2621 vi-

1910 2672 2049 2711 num
2080 2657 2139 2709 in
2168 2656 2411 2711 calicem
2444 2656 2728 2726 funditur,
2762 2659 2825 2712 ut
2854 2658 2983 2728 ipse
3014 2658 3441 2729 aliquantulum
3471 2673 3572 2711 ca-

1911 2745 1993 2799 lix
2022 2746 2323 2815 abluatur,
2345 2748 2402 2800 et
2422 2761 2455 2799 a
2483 2747 2794 2801 sacerdote
2817 2749 3091 2802 sumitur.
3110 2747 3183 2801 Et
3206 2747 3440 2819 quoties
3456 2750 3573 2801 tam

1913 2834 2264 2905 sanguinem
2296 2851 2469 2906 quam
2514 2836 2808 2906 reliquum
2862 2836 3066 2890 vinum
3117 2836 3315 2906 sumit,
3360 2835 3575 2891 faciem

1910 2939 2128 2978 versus
2144 2924 2345 2992 altare,
2376 2923 2470 2978 vel
2492 2940 2708 2978 versus
2738 2926 3024 2979 orientem
3040 2925 3233 2979 vertit.
3255 2926 3358 2979 Ille
3380 2928 3573 2979 autem

1911 3012 2010 3083 qui
2039 3015 2232 3082 portat
2261 3012 2698 3080 candelabrum,
2725 3017 3039 3084 postquam
3067 3014 3352 3069 sacerdos
3382 3029 3575 3083 apace

1910 3100 2171 3167 redierit,
2208 3102 2484 3155 continuo
2515 3102 2748 3170 accipit,
2772 3104 2983 3157 tenens
3013 3103 3127 3157 hoc
3158 3104 3291 3156 ante
3321 3102 3574 3173 gradum

1912 3189 2305 3258 sublevatum,
2324 3205 2431 3243 nec
2452 3189 2618 3258 prius
2636 3189 2872 3260 deponit
2895 3206 3069 3261 quam
3094 3191 3221 3245 Per
3248 3190 3573 3244 Domimum

1911 3282 2178 3333 nostrum
2201 3278 2272 3332 de
2294 3278 2483 3348 prima
2505 3277 2749 3332 collecta
2763 3282 2897 3348 post
2920 3280 3391 3334 communionem
3414 3280 3573 3333 dica-

1911 3370 2024 3421 tur.
2058 3366 2274 3421 Eadem
2305 3366 2450 3422 hora
2481 3369 2596 3420 tam
2614 3367 3020 3423 subdiaconus
3043 3383 3177 3422 cum
3199 3368 3380 3422 calice
3399 3384 3574 3439 quam

1910 3456 2183 3510 minister
2213 3471 2346 3509 cum
2377 3455 2625 3510 scutella
2654 3456 2984 3511 discedunt.
3032 3458 3096 3512 In
3142 3458 3453 3512 duodecim
3490 3457 3572 3512 le-

1916 3545 2210 3599 ctionibus
2232 3544 2345 3598 duo
2377 3544 2654 3599 conversi
2681 3560 2812 3599 cum
2834 3546 3069 3600 duobus
3096 3547 3493 3616 candelabris,
3520 3550 3577 3601 et

1916 3633 2745 3703 tertiustenensthuribulum,
2762 3635 2969 3689 eodem
2985 3636 3223 3690 omnino
3245 3636 3421 3690 modo
3444 3644 3575 3689 ante

1912 3724 2159 3794 gradum
2193 3725 2249 3777 et
2283 3725 2572 3779 accedunt
2612 3726 2669 3778 et
2699 3723 3032 3795 discedunt,
3067 3740 3182 3796 quo
3232 3725 3451 3780 dictum
3485 3728 3578 3781 est

1870 3884 1874 3889 _
1910 3812 2160 3882 privatis
2192 3812 2425 3866 diebus.

1984 3900 2301 3955 Sciendum
2329 3916 2472 3955 vero
2522 3901 2818 3971 quoniam,
2852 3904 3088 3973 quoties
3138 3918 3256 3957 non
3301 3902 3419 3957 nisi
3460 3919 3576 3958 una

1914 3990 2107 4044 hostia
2157 3991 2542 4043 consecratur
2584 3990 2654 4042 ad
2702 3989 2991 4061 majorem
3040 3991 3322 4061 missam,
3375 3992 3580 4047 eadem

1914 4078 2099 4133 missa
2132 4093 2265 4131 cum
2295 4078 2476 4131 calice
2506 4078 2752 4132 minoris
2775 4079 2979 4133 missae
3005 4082 3062 4134 et
3083 4080 3258 4150 duplo
3283 4081 3577 4151 corporali

1914 4168 2209 4221 cantatur:
2244 4169 2299 4219 et
2327 4168 2466 4219 tunc
2496 4181 2687 4236 neque
2716 4170 2927 4236 patena
2942 4173 3222 4239 argentea
3238 4170 3574 4238 exhibetur,

1913 4271 2104 4326 neque
2133 4254 2413 4324 praedicta
2444 4254 2690 4308 scutella
2720 4258 3079 4324 apportatur,
3112 4272 3305 4325 neque
3334 4256 3573 4310 subdia-

1916 4360 2124 4413 conus,
2159 4347 2469 4414 postquam
2501 4343 2745 4397 calicem
2776 4347 2910 4413 post
2938 4344 3409 4399 communionem
3437 4360 3578 4398 sus-

1916 4433 2164 4503 ceperit,
2192 4434 2322 4502 post
2348 4431 2717 4485 sacerdotem
2748 4434 3030 4502 moratur,
3083 4429 3275 4504 neque
3325 4448 3579 4487 conver-

1915 4539 2023 4578 sus
2037 4522 2109 4577 de
2124 4522 2477 4576 candelabro
2497 4521 2791 4590 serviens,
2808 4525 3123 4593 postquam
3148 4523 3432 4577 sacerdos
3447 4523 3582 4591 post

160 4611 275 4671 inde
304 4619 373 4673 ad
396 4619 634 4688 faciem,
669 4624 728 4673 et
749 4634 877 4674 eam
897 4620 1121 4688 partem
1144 4633 1260 4688 qua
1279 4618 1531 4671 tersitea
1551 4617 1807 4687 applicat
1837 4604 1893 4667 D
1914 4612 2271 4667 ablutionem
2299 4610 2620 4682 digitorum
2649 4610 2851 4664 vinum
2874 4611 3043 4665 calici
3075 4612 3339 4666 infusum
3371 4610 3582 4665 ebibe-

162 4705 209 4756 et
239 4706 431 4762 vinum
474 4708 657 4763 sumit
698 4712 939 4763 vertens
978 4723 1044 4762 se
1094 4706 1167 4761 ad
1218 4706 1521 4775 orientem,
1566 4708 1623 4760 et
1664 4707 1803 4760 tunc

164 4798 469 4865 corporalia
493 4797 743 4867 plicare,
768 4800 825 4851 et
851 4796 1065 4850 librum
1095 4795 1405 4849 missalem
1436 4795 1507 4849 de
1557 4794 1804 4850 sinistro

164 4895 326 4938 cornu
355 4885 564 4940 altaris
593 4886 650 4939 in
668 4885 940 4940 dextrum
959 4899 1202 4956 ponere,
1228 4886 1284 4938 et
1305 4884 1374 4937 ad
1398 4883 1594 4937 locum
1616 4882 1802 4953 illum,

165 4969 248 5023 ubi
274 4974 433 5042 prior
466 4973 712 5029 collecta
743 4977 836 5029 est
871 4974 932 5027 in
960 4974 1230 5045 proximo
1262 4972 1539 5041 dicenda,
1574 4974 1808 5027 vertere

166 5062 455 5118 accelerat.
506 5062 920 5118 Subdiaconus
967 5078 1133 5131 vero,
1167 5077 1308 5117 mox
1354 5063 1416 5115 ut
1456 5060 1807 5132 sanguinem

170 5152 402 5220 sumpsit
433 5154 742 5220 sacerdos,
778 5156 834 5208 et
864 5152 1066 5206 vinum
1096 5166 1212 5223 quo
1243 5152 1449 5222 postea
1475 5149 1717 5205 calicem
1733 5149 1810 5204 la-

228 5289 296 5361 (6)
333 5293 642 5367 Intinguit.
677 5294 854 5350 Addit
882 5293 1034 5367 alius
1069 5294 1293 5367 codex:
1338 5293 1683 5367 Quanquam
1732 5293 1809 5347 sit

171 5368 351 5418 contra
390 5364 564 5421 usu'm
614 5367 860 5422 aliarum
903 5365 1335 5433 Ecclesiarum,
1372 5364 1508 5435 quia
1548 5365 1807 5435 quidam,

172 5434 402 5507 maxime
424 5439 626 5492 novitii
657 5438 870 5507 nostri,
903 5439 1051 5493 adeo
1082 5442 1220 5492 sunt
1246 5434 1450 5503 rudes,
1486 5439 1546 5489 ut
1568 5434 1639 5489 isi
1669 5451 1811 5489 san-

175 5504 392 5571 guinem
424 5508 499 5563 ita
528 5504 1236 5579 separatim’acciperent,
1258 5510 1733 5579 nonrcmaneret
1752 5508 1813 5559 ut

171 5586 566 5651 n0n_m_agnam
599 5578 913 5651 aliquando
939 5578 1364 5651 negligentiam
1380 5578 1773 5651 incurrerent.

208 5646 305 5733 ε
331 5646 877 5733 Stipereratfidem
908 5646 1097 5707 codex
1111 5646 1309 5733 supra
1327 5649 1633 5733 laudatus:
1668 5647 1811 5733 S‘er-

171 5717 311 5773 vitor
336 5717 439 5793 qui
463 5725 742 5796 superest
768 5723 963 5780 adhuc
992 5717 1223 5781 accedit
1251 5736 1385 5779 cum
1413 5721 1597 5777 altero
1628 5717 1811 5775 calice

1914 4702 2009 4772 rit,
2053 4700 2303 4770 amplius
2335 4700 2615 4769 operitur.
2663 4699 2981 4755 Sciendum
3026 4717 3260 4772 quoque
3303 4700 3582 4770 quoniam

1917 4790 2070 4845 omni
2102 4790 2195 4844 die
2228 4788 2529 4843 Dominica
2558 4804 2777 4858 corpus
2802 4790 3033 4843 Domini
3064 4791 3339 4858 mutatur,
3361 4792 3416 4842 et
3438 4788 3577 4842 dum

1918 4878 2200 4936 sacerdos
2230 4877 2495 4949 procedit
2523 4878 2592 4931 ad
2615 4892 2841 4948 pacem,
2865 4894 3078 4932 recens
3111 4880 3524 4932 consecratum
3547 4892 3579 4929 a

1915 4970 2163 5024 diacono
2191 4968 2249 5021 in
2284 4967 2479 5037 pixide
2514 4967 2735 5021 cortica
2765 4957 3099 5037 reponitur;
3134 4970 3190 5021 et
3241 4966 3397 5036 quod
3430 4982 3580 5037 prae—

1919 5057 2087 5114 terita
2119 5056 2422 5111 Dominica
2454 5057 2864 5110 censecratum
2883 5053 3092 5123 fuerat,
3118 5054 3253 5109 inde
3275 5054 3581 5125 accipitur,

1918 5152 1974 5205 et
2002 5147 2075 5203 ab
2107 5144 2315 5201 eodem
2345 5144 2594 5200 diacono
2621 5142 2923 5212 dividitur,
2944 5146 3002 5198 et
3018 5143 3235 5198 fratres
3253 5143 3389 5199 inde
3417 5160 3581 5199 com-

1920 5294 2086 5346 extra
2110 5288 2580 5355 reclinatorium,
2614 5288 2676 5341 ut
2707 5284 2993 5339 sacerdos
3034 5302 3219 5357 super
3266 5303 3400 5342 eum
3451 5303 3585 5341 cum

1919 5364 2056 5416 vino
2085 5362 2240 5415 lavet
2271 5360 2511 5430 digitos,
2538 5359 2755 5427 quibus
2779 5373 2997 5426 corpus
3029 5358 3401 5413 Dominicum
3431 5366 3583 5413 trac-

1919 5434 2082 5501 tavit,
2118 5432 2272 5485 sicut
2302 5429 2358 5483 et
2391 5429 2701 5501 diaconus,
2735 5444 2874 5501 mox
2920 5431 2981 5482 ut
3024 5430 3497 5498 communicavit,
3531 5432 3587 5482 et

1922 5498 2231 5572 antequam
2265 5498 2594 5572 corporalia
2628 5500 3042 5570 complicaret:
3077 5505 3134 5555 et
3156 5502 3269 5557 hoc
3299 5504 3500 5557 vinum
3522 5503 3585 5554 ut

1921 5569 2144 5653 iterum
2155 5571 2447 5653 sacerdos
2476 5569 2747 5653 ebiberit,
2771 5569 2956 5653 quod
2977 5574 3271 5653 _sccundo
3316 5572 3577 5653 servitqr

1918 5644 2174 5702 infundit
2198 5646 2260 5700 ut
2286 5642 2384 5698 ille
2416 5641 2567 5696 calix
2597 5641 2869 5712 utrinque
2900 5643 3192 5700 abluatur.
