3956 6176
441 282 557 342 723

1416 277 1821 342 UDALRICI
1870 274 2486 340 CLUNIACENSIS
2531 277 2929 339 MONACHI

3713 279 3800 345 724

443 479 852 543 municantur;
885 479 1018 532 duae
1055 479 1276 532 tantum
1324 477 1633 548 particulae
1677 476 1850 541 illius,
1879 476 2115 546 hostiae,
2143 458 2196 519 Α
2236 492 2411 531 unam
2441 492 2730 544 mensam,
2762 480 2969 546 postea
3000 475 3073 528 ad
3103 490 3305 529 omnes
3337 475 3393 529 in
3435 475 3538 529 alia
3573 480 3733 546 parte,
3769 484 3810 532 et

444 586 619 640 quam
651 569 935 622 sacerdos
967 568 1186 633 divisit,
1232 583 1349 621 non
1400 570 1715 621 mutantur.
1762 566 2120 620 Praedictam

446 662 641 711 autem
671 648 951 726 pixidcm,
988 656 1123 709 dum
1152 656 1362 726 psalmi
1400 656 1718 710 familiares
1739 658 1874 726 post
1892 657 2119 708 tertiam

449 748 746 814 dicuntur,
783 746 1067 799 diaconus
1119 745 1189 798 de
1241 744 1515 799 columba
1555 744 1786 816 jugiter
1831 745 2123 814 pendente

445 851 633 904 super
664 835 866 901 altare,
901 835 1051 888 bene
1082 850 1215 891 cum
1236 834 1475 887 linteolo
1494 833 1564 887 de
1590 834 1831 902 pulvere
1854 833 2119 887 exterius

452 927 635 993 tersa,
670 923 978 992 abstrahit,
1012 926 1066 976 et
1099 938 1280 991 super
1309 922 1580 975 dextrum
1613 938 1797 975 cornu
1852 922 1964 975 sub
1996 936 2126 974 coo-

449 1012 711 1081 pertorio
744 1011 926 1081 ponit,
950 1011 1253 1081 missaque
1274 1011 1432 1064 finita
1460 1011 1521 1064 in
1553 1011 1759 1065 eodem
1792 1011 1921 1064 loco
1953 1024 2125 1079 repo-

451 1102 557 1155 nit.
593 1102 917 1170 Postquam
950 1102 1143 1153 autem
1175 1099 1578 1153 subdiaconus
1627 1102 1683 1153 et
1732 1099 2004 1153 minister
2053 1098 2125 1152 de

457 1192 589 1245 ante
621 1189 799 1244 altare
820 1174 1229 1255 discesserint,
1249 1189 1501 1258 quisque
1525 1204 1635 1241 sua
1655 1188 1729 1241 ad
1750 1187 2128 1241 armariolum

460 1281 741 1348 reportat.
781 1277 894 1330 Ubi
939 1277 1366 1347 quantumlibet
1410 1276 1568 1329 clara
1618 1275 1747 1330 dies
1790 1276 1888 1345 sit,
1934 1279 2129 1329 tamen

461 1382 593 1421 cum
627 1382 802 1421 cereo
831 1370 1168 1435 utrumque,
1201 1367 1411 1434 patcna
1460 1366 1707 1431 scilicet,
1743 1380 1925 1434 super
1955 1379 2131 1435 quam

459 1456 692 1511 Domini
724 1470 942 1523 corpus
976 1454 1218 1507 fractum
1254 1454 1451 1522 fuerit,
1487 1457 1543 1507 et
1591 1454 1747 1507 calix
1794 1454 2131 1524 diligentis-

460 1546 609 1599 sime
643 1544 1096 1599 considerantur
1127 1560 1159 1596 a
1191 1542 1556 1597 subdiacono
1607 1546 1662 1596 et
1691 1560 1720 1595 a
1754 1543 2044 1611 ministro,
2078 1542 2130 1595 si

462 1634 605 1704 quid
629 1633 778 1687 forte
808 1632 903 1686 vel
934 1631 1397 1685 minutissimum
1422 1632 1493 1685 de
1517 1647 1765 1701 corpore
1786 1630 2012 1685 Domini
2034 1646 2130 1684 re-

462 1722 783 1787 manserit;
818 1725 892 1790 et,
927 1721 979 1774 si
1011 1722 1149 1791 quid
1179 1721 1395 1774 viderit
1426 1721 1813 1787 remansisse,
1850 1719 1963 1773 hoc
2012 1734 2131 1773 non

2235 567 2323 619 sic
2355 567 2564 620 iterum
2590 566 2742 619 redit
2772 565 2845 619 ad
2872 565 3193 632 dexteram,
3212 568 3264 618 et
3280 564 3573 619 tribuentis
3604 581 3808 621 manusa

2238 654 2494 725 singulis
2528 655 2852 709 osculatur.
2869 653 3111 718 Quoties
3134 652 3442 721 benedicit,
3457 652 3581 707 facit
3598 658 3696 708 tres
3716 672 3815 708 cru-

2237 758 2339 797 ces
2370 746 2572 797 contra
2603 758 2870 798 mensam
2901 741 3301 813 principalem,
3323 747 3513 796 contra
3537 743 3754 797 dextram
3774 748 3815 798 et

2240 833 2581 901 sinistram;
2632 832 2704 885 ad
2752 835 2953 900 potum
3001 847 3143 885 vero
3192 846 3307 884 non
3355 831 3465 883 nisi
3500 847 3670 885 unam.
3709 833 3821 885 Post

2242 919 2705 990 completorium,
2721 921 3069 990 priusquam
3089 920 3260 973 tertia
3289 920 3517 973 finiatur
3541 920 3715 989 oratio,
3732 920 3821 975 exit

2242 1009 2314 1063 de
2346 1009 2527 1064 choro
2554 1010 2625 1063 ad
2656 1025 2868 1080 aquam
2899 1008 3505 1077 benedictam,utcum
3522 1024 3584 1063 ea
3599 1009 3815 1080 singulos

2242 1100 2540 1169 aspergat.

2314 1186 2386 1240 Et
2414 1187 2550 1257 quia
2582 1187 2912 1242 sacerdotis
2944 1186 3129 1241 semel
3169 1186 3424 1255 memini,
3456 1188 3513 1239 ut
3552 1185 3636 1239 hic
3662 1186 3822 1255 adjun-

2245 1290 2380 1346 gam
2429 1275 2588 1345 quod
2632 1276 2823 1330 adhuc
2862 1275 2936 1329 ad
2979 1290 3111 1329 eum
3153 1275 3486 1345 specialiter
3523 1275 3752 1344 pertinet,
3790 1275 3831 1327 si

2243 1364 2489 1417 missam
2520 1365 2810 1434 privatam
2844 1366 3079 1418 cantare
3104 1364 3377 1432 voluerit,
3399 1364 3573 1418 innuit
3596 1378 3826 1417 converso

2245 1468 2378 1506 cum
2408 1453 2584 1523 signo
2637 1453 2857 1521 crucis,
2901 1452 3059 1523 quod
3099 1455 3192 1506 est
3236 1453 3471 1524 signum
3510 1452 3689 1505 missae
3729 1467 3831 1511 can-

2243 1540 2456 1594 tandae.
2499 1541 2629 1609 Qui,
2667 1541 2946 1595 continuo
2994 1556 3256 1610 sequens
3287 1541 3450 1595 illum
3479 1539 3545 1593 ad
3574 1541 3737 1594 locum
3763 1539 3831 1593 ubi

2244 1632 2383 1683 sunt
2413 1629 2686 1683 utensilia
2708 1628 3013 1683 recondita
3044 1629 3114 1682 ad
3135 1628 3423 1683 solemnia
3445 1627 3743 1695 missarum,
3760 1642 3834 1680 ac-

2246 1718 2442 1772 cendit
2472 1717 2796 1787 candelam,
2818 1718 2981 1787 ponit
3012 1718 3071 1771 in
3098 1718 3409 1776 brachium
3428 1716 3706 1771 sinistrum
3731 1730 3835 1770 ves-

462 1828 640 1866 manu
670 1814 913 1881 tangere
945 1810 1270 1878 praesumit,
1304 1809 1413 1862 sed
1451 1809 1655 1880 lingua
1702 1811 1926 1862 tantum
1978 1808 2135 1862 levat
2166 1807 2550 1890 Btimentum
2578 1806 3045 1875 sacerdotale,et
3066 1806 3327 1876 desuper
3345 1805 3550 1860 librum
3576 1804 3835 1859 missalem.

464 1904 522 1954 et
555 1900 754 1968 sumit,
790 1899 841 1951 si
871 1898 1006 1951 talis
1037 1900 1127 1952 est
1156 1897 1443 1966 particula
1490 1913 1665 1967 quam
1715 1897 2135 1953 convenienter

468 2003 705 2042 sumere
738 1986 956 2055 possit;
979 1985 1032 2040 si
1059 2001 1199 2039 vero
1223 1986 1641 2054 minutissima,
1659 1989 1732 2053 et,
1755 1988 1817 2039 ut
1838 1985 1914 2038 ita
1945 1985 2136 2038 dicam

466 2075 850 2130 indivisibilis
882 2076 938 2128 et
967 2077 1159 2127 atomo
1193 2074 1426 2143 similis,
1461 2073 1633 2143 hanc,
1667 2074 1719 2127 si
1751 2077 1965 2143 potest,
2002 2088 2136 2127 cum

468 2166 606 2219 vino
636 2165 695 2218 in
728 2165 1062 2234 calice,quo
1082 2163 1364 2216 sacerdos
1397 2167 1451 2217 et
1482 2164 1767 2217 diaconus
1801 2164 2020 2234 digitos
2038 2162 2135 2215 ab-

467 2255 654 2321 luunt,
686 2253 911 2321 recipit,
944 2252 1099 2305 levat
1130 2254 1187 2305 et
1218 2255 1471 2321 separat.
1507 2251 1673 2315 Quod
1723 2252 1775 2303 si
1821 2252 1897 2304 ita
1940 2252 2137 2304 adhae-

474 2342 639 2408 scrit,
672 2343 737 2395 ut
783 2356 915 2393 cum
943 2341 1078 2394 vino
1130 2340 1256 2393 fieri
1297 2357 1413 2395 non
1461 2341 1672 2410 possit,
1722 2341 1781 2393 in
1832 2356 1900 2394 eo
1942 2344 2136 2394 tamen

464 2431 617 2499 loco,
650 2429 753 2483 ubi
784 2445 912 2483 eam
940 2429 1172 2497 viderit,
1198 2429 1463 2499 linguam
1495 2430 1829 2484 summatim
1859 2429 2133 2499 applicat,

467 2521 525 2573 et
554 2520 643 2572 sic
675 2534 802 2572 eam
834 2518 1009 2571 sumit
1029 2533 1042 2586 ;
1062 2521 1117 2571 et
1138 2522 1341 2585 postea
1366 2519 1575 2571 iterum
1596 2521 1862 2587 patenam
1882 2518 2018 2571 vino
2038 2534 2137 2571 su-

466 2608 786 2678 perfundit.
812 2606 976 2671 Quod
1010 2606 1062 2659 si
1090 2622 1206 2660 non
1239 2608 1295 2659 et
1325 2607 1769 2676 quamtumlibet
1801 2606 1883 2660 ibi
1914 2621 2141 2660 reman—

468 2698 632 2750 sisse
664 2694 1032 2766 cognoverit,
1066 2710 1183 2747 non
1215 2696 1410 2748 tamen
1438 2697 1681 2764 propter
1712 2694 1824 2747 hoc
1868 2709 1997 2748 eam
2045 2693 2140 2747 vel

378 2784 381 2793 ’
469 2786 657 2840 semel
688 2783 1146 2855 diligentissime
1177 2783 1314 2836 vino
1342 2782 1772 2852 superfundere
1792 2783 2058 2851 dimittat,
2085 2784 2142 2836 et

469 2875 626 2928 illam
643 2872 1118 2942 superfusionem
1142 2871 1419 2940 primitus
1442 2871 1649 2935 sumit;
1672 2874 1728 2925 et
1747 2875 1956 2941 postea
1981 2886 2142 2925 eum-

470 2962 605 3015 dem
638 2959 902 3026 caJicem,
936 2974 1053 3029 quo
1074 2958 1277 3011 vinum
1309 2957 1449 3011 illud
1480 2961 1706 3027 patenae
1754 2957 2141 3027 superfusum

472 3048 818 3119 sumpserit,
853 3048 966 3101 alio
998 3047 1135 3100 vino
1168 3046 1369 3114 abluit,
1403 3046 1496 3100 vel
1539 3047 1711 3116 illud,
1745 3062 1861 3116 quo
1894 3046 2144 3099 calicem

473 3137 724 3208 majoris
756 3136 958 3189 missa)
991 3134 1083 3188 vel
1114 3135 1243 3204 ipse
1274 3134 1367 3187 vel
1399 3134 1671 3187 minister
1697 3134 1946 3188 interius
1979 3134 2141 3203 lavit,

470 3227 534 3280 in
565 3226 726 3279 illum
752 3225 995 3278 calicem
1016 3221 1313 3292 immergit
1343 3225 1398 3274 et
1424 3222 1603 3275 sumit
1627 3222 1913 3293 mittitque
1941 3223 2143 3277 vinum

474 3317 723 3369 alterum
755 3314 813 3367 in
846 3313 1088 3366 calicem
1132 3309 1378 3381 majoris
1412 3311 1636 3379 missae,
1671 3314 1726 3364 et
1778 3313 2149 3382 circumqua-

480 3422 595 3476 que
627 3405 786 3457 intus
826 3402 1013 3470 diluit,
1047 3403 1120 3470 et,
1151 3399 1202 3453 si
1253 3398 1524 3452 minister
1574 3401 2045 3469 communicavit,
2082 3401 2150 3454 il-

478 3494 579 3547 lud
612 3492 834 3558 ebibit;
866 3491 961 3543 sin
992 3494 1203 3551 autem,
1242 3486 1667 3556 subdiaconus,
1697 3492 2012 3559 postquam
2061 3490 2150 3543 vi-

478 3597 617 3635 num
632 3583 859 3649 patenae
883 3574 1267 3647 superfusum
1290 3576 1632 3645 sumpserit,
1655 3576 1709 3629 in
1735 3593 1866 3630 eum
1881 3577 2148 3648 calicem,

479 3684 662 3739 super
693 3683 867 3738 quem
898 3666 1101 3720 eadem
1133 3668 1338 3734 patena
1369 3663 1511 3717 fusa
1541 3668 1651 3731 est,
1668 3666 2154 3738 immergit,sicut

483 3759 705 3813 dictum
738 3760 848 3825 est,
882 3759 937 3808 et
966 3755 1143 3808 sumit
1173 3758 1229 3807 et
1258 3755 1395 3806 tunc
1429 3769 1546 3807 non
1572 3754 1685 3809 alio
1718 3755 1853 3809 vino
1884 3772 2017 3809 eum
2048 3757 2148 3810 ab-

479 3847 608 3916 luit,
641 3846 758 3900 nisi
789 3844 936 3899 forte
968 3845 1081 3897 tale
1114 3844 1252 3913 quid
1297 3847 1501 3911 postea
1533 3844 1611 3897 ibi
1657 3845 2021 3899 remansisse
2055 3860 2152 3899 co-

485 3935 779 4006 gnoverit.
814 3934 978 3988 Alter
1008 3936 1411 3991 ministrorum
1454 3949 1689 3988 cereum
1740 3934 1809 3986 ad
1862 3933 1975 3988 hoc
2025 3934 2154 3987 dili-

484 4027 695 4095 genter
740 4024 1171 4093 inspiciendum
1219 4028 1442 4091 tenere,
1479 4039 1684 4077 verum
1721 4022 1977 4092 linteola,
2014 4040 2147 4094 qua)

483 4113 598 4166 tria
628 4117 787 4182 sunt,
822 4112 993 4166 debet
1016 4114 1211 4169 studio
1227 4114 1542 4184 explicare.
1568 4110 1735 4174 Quod
1757 4112 1808 4164 si
1832 4112 2153 4167 subdiaco-

486 4219 603 4257 nus
636 4203 812 4256 estin
847 4202 1135 4272 custodia,
1182 4202 1447 4257 custodis
1499 4202 1591 4254 est
1641 4215 1877 4254 cereum
1926 4202 2153 4255 tenere.

485 4292 617 4345 Duo
648 4294 840 4345 autem
870 4289 1108 4344 linteola
1146 4307 1329 4360 super
1359 4290 1604 4344 calicem
1645 4287 1894 4358 majoris
1928 4289 2153 4359 missae,

488 4381 700 4434 iterum
732 4395 872 4433 vero
903 4394 1087 4448 super
1116 4381 1360 4434 calicem
1390 4377 1637 4431 minoris
1666 4377 1879 4431 debent
1908 4379 2066 4447 poni,
2102 4382 2159 4432 et

492 4470 582 4522 sic
613 4483 847 4538 quoque
879 4483 1049 4521 sacra
1072 4485 1214 4521 vasa
1240 4468 1299 4521 in
1317 4483 1426 4521 suo
1444 4468 1575 4520 loco
1600 4466 1891 4535 componi.
1917 4466 2080 4531 Quod
2107 4470 2160 4522 si

2227 1894 2538 1949 Sacerdos
2570 1898 2764 1950 autem
2796 1893 2988 1964 primo
3022 1910 3231 1949 manus
3261 1910 3407 1949 suas
3438 1895 3583 1948 lavat
3608 1896 3657 1947 et
3678 1891 3837 1963 tergit,

2247 1984 2420 2037 mittit
2450 1983 2705 2037 hostiam
2738 1999 2872 2039 cum
2901 1982 3201 2037 cochleari
3232 1998 3416 2052 super
3462 1986 3731 2052 patenam;
3766 1996 3840 2033 ca-

2249 2073 2422 2126 licem
2451 2088 2686 2143 quoque
2708 2072 2863 2126 lavat
2889 2075 2945 2126 et
2974 2072 3172 2143 tergit.
3196 2071 3345 2125 Item
3377 2072 3435 2125 in
3457 2070 3713 2140 ampullas
3730 2069 3839 2124 duas

2252 2161 2502 2215 infundit
2532 2160 2733 2215 vinum
2765 2165 2820 2215 et
2851 2176 3083 2231 aquam,
3116 2176 3266 2232 quas
3312 2164 3369 2214 et
3398 2176 3525 2214 cum
3556 2159 3760 2212 sinistra
3780 2157 3841 2208 la-

2248 2253 2363 2317 vat,
2395 2254 2449 2303 et
2489 2265 2620 2303 cum
2652 2250 2891 2303 dextera
2925 2248 3167 2302 calicem
3202 2249 3589 2319 superpositis
3615 2250 3782 2318 palena
3800 2246 3840 2297 et

2251 2338 2532 2408 coporali.
2589 2338 2670 2391 lla
2718 2338 3065 2406 praecedens
3115 2353 3474 2392 conversum
3527 2338 3840 2407 sequentem,

2249 2428 2441 2497 pergit
2479 2426 2551 2480 ad
2583 2427 2763 2480 altare
2799 2427 2896 2480 ubi
2930 2430 3022 2481 est
3051 2428 3416 2495 cantaturus,
3456 2426 3618 2496 cujus
3657 2424 3840 2477 linteum

2251 2516 2665 2585 complicatum
2695 2515 2968 2585 explicat,
2999 2516 3162 2586 ponit
3184 2516 3433 2570 calicem
3457 2520 3511 2570 et
3539 2514 3723 2569 librum
3740 2511 3841 2565 mis-

2251 2605 2458 2659 salem.
2508 2604 2597 2658 Ad
2643 2605 3057 2659 vestimentum
3087 2619 3207 2659 non
3236 2608 3335 2659 est
3370 2603 3727 2674 improvisum
3759 2614 3836 2653 nec

2251 2693 2563 2761 omissum,
2600 2697 2662 2747 ut
2692 2693 2765 2747 ad
2791 2693 3028 2764 singula
3058 2693 3261 2747 altaria
3276 2708 3397 2748 una
3416 2693 3489 2748 sit
3504 2691 3681 2748 tabula
3697 2690 3743 2744 in
3759 2703 3842 2758 qua

2249 2787 2525 2854 ponatur,
2581 2798 2878 2853 unumque
2924 2783 3155 2854 lignum
3195 2784 3467 2852 patulum
3496 2785 3549 2837 et
3583 2796 3727 2835 muro
3755 2777 3844 2832 inﬁ-

2250 2888 2412 2941 xum,
2445 2887 2628 2941 super
2657 2872 2811 2941 quod
2834 2876 3128 2940 ponantur
3162 2873 3470 2942 ampullas;
3511 2869 3703 2942 pendet
3734 2880 3844 2938 quo-

2252 2975 2367 3030 que
2398 2959 2458 3013 in
2483 2963 2757 3029 promptu
2785 2960 3306 3029 manutergiolum,
3335 2960 3407 3014 ad
3439 2974 3581 3030 quos
3605 2954 3846 3019 sacerdos,

2254 3050 2569 3117 postquam
2616 3063 2683 3101 se
2734 3048 3009 3117 induerit,
3061 3047 3287 3102 lavatas
3331 3049 3509 3120 tergit
3549 3043 3847 3102 summitates

2210 3178 2230 3209 ε
2256 3136 2598 3207 digitorum,
2617 3135 2835 3206 quibus
2852 3136 3198 3191 necessario
3213 3138 3405 3209 tangit
3422 3153 3518 3192 res
3535 3130 3850 3191 sacratasJa-

2257 3225 2328 3279 de
2360 3225 2608 3278 missam
2652 3225 2964 3293 incipiens,
2999 3227 3186 3279 totum
3233 3231 3492 3294 cantum,
3541 3224 3631 3296 qui
3666 3221 3724 3275 ad
3758 3232 3850 3272 eam

2255 3314 2526 3382 pertinet,
2562 3330 2669 3383 pro
2695 3313 2886 3368 edicto
2922 3314 3158 3368 Patrum
3195 3321 3537 3370 nostrorum
3561 3312 3727 3384 magis
3750 3307 3851 3377 legit
3880 3364 3895 3377 η

2257 3402 2315 3455 in
2362 3402 2653 3456 directum
2700 3418 2874 3473 quam
2913 3419 3171 3474 unquam
3216 3405 3431 3460 audeat
3479 3406 3709 3458 cantare.
3747 3396 3851 3450 Cum

2256 3496 2496 3544 ventum
2526 3490 2706 3545 fuerit
2740 3491 2811 3545 ad
2845 3490 3227 3560 olferendam,
3257 3493 3470 3548 eodem
3501 3490 3696 3557 studio,
3721 3488 3765 3542 et
3789 3484 3852 3537 di-

2258 3578 2520 3649 ligentia,
2566 3593 2681 3648 qua
2712 3579 2839 3632 ﬁeri
2883 3578 3036 3633 solet
3079 3580 3151 3633 ad
3187 3579 3481 3652 majorem
3525 3579 3757 3643 missam,
3778 3585 3853 3641 per

2260 3666 2454 3723 omnia
2467 3682 2532 3720 se
2550 3666 2742 3721 habet.
2765 3665 2951 3720 Finita
2979 3668 3163 3722 missa
3204 3684 3342 3723 cum
3366 3669 3617 3735 redierit,
3646 3681 3737 3721 nec
3754 3668 3853 3716 tunc

2262 3755 2473 3809 omittit
2502 3756 2715 3809 iterum
2753 3756 2951 3810 lavare
2984 3757 3358 3812 summitates
3396 3759 3727 3830 digitorum,
3766 3764 3855 3802 m8-

2261 3844 2416 3898 xime
2443 3849 2688 3913 propter
2725 3844 2969 3898 calicem
3001 3848 3056 3899 et
3085 3848 3330 3916 prepter
3374 3844 3667 3917 corporale
3707 3852 3855 3910 repor-

2265 3933 2521 3987 tandum.

2334 4021 2414 4076 Ut
2442 4022 2636 4077 adhuc
2659 4022 2912 4093 amplius
2934 4023 3073 4094 quid
3096 4024 3287 4078 dicam
3310 4026 3383 4080 de
3403 4024 3535 4097 lege
3557 4012 3853 4079 sacerdotis:

2263 4111 2497 4182 quando
2527 4128 2593 4165 se
2619 4114 2798 4166 vestit
2835 4112 2908 4166 ad
2938 4113 3184 4167 missam
3235 4115 3544 4184 privatam,
3576 4113 3623 4167 si
3650 4107 3859 4180 pulsatur

2264 4201 2505 4270 signum
2533 4200 2605 4254 ad
2626 4200 2831 4255 horam
2853 4200 3056 4272 regula
3066 4217 3210 4271 rem,
3233 4205 3290 4257 et
3306 4203 3565 4258 nondum
3582 4197 3762 4256 stolam
3780 4191 3859 4246 mi—

2265 4290 2342 4343 sit
2371 4305 2552 4359 super
2583 4290 2818 4359 collum,
2853 4304 3079 4344 exuens
3110 4306 3177 4345 se
3210 4295 3466 4346 cessata
3496 4290 3685 4354 missa,
3705 4288 3859 4352 etper-

2266 4379 2349 4448 git
2374 4378 2445 4430 ad
2479 4378 2708 4432 horam.
2744 4379 2888 4433 Item
2919 4379 3176 4449 interim,
3211 4380 3351 4435 dum
3380 4381 3522 4435 hora
3553 4377 3803 4438 cantatur,
3825 4365 3862 4419 si
3908 4420 3923 4437 ,

2264 4468 2511 4521 missam
2545 4467 2780 4537 ﬁnierit,
2812 4471 2869 4522 et
2896 4468 3027 4537 ipse
3056 4469 3258 4524 venire
3298 4471 3556 4539 potuerit
3581 4469 3637 4521 in
3672 4462 3861 4518 chorum

491 4562 625 4611 ante
646 4557 818 4609 tinem
842 4556 1044 4609 missae
1060 4556 1373 4625 aliquando
1397 4556 1651 4625 possunt
1672 4554 2161 4623 perfecisse,non
2183 4545 2237 4608 D
2266 4560 2398 4610 ante
2430 4555 2635 4610 Gloria
2666 4557 2839 4625 primi
2867 4555 3099 4625 psalmi,
3131 4574 3491 4613 conversum
3522 4553 3731 4611 dimittit
3766 4558 3860 4601 cum

487 4651 684 4700 tamen
715 4646 1087 4713 propterhoc
1120 4645 1332 4714 aliquis
1365 4660 1568 4698 corum
1602 4644 1774 4696 debet
1805 4643 2161 4699 devestitum

488 4737 595 4789 ire.
635 4733 943 4788 l'leccdcns
964 4738 1156 4787 autem
1188 4733 1470 4787 sacerdos
1493 4733 1565 4785 ab
1598 4733 1783 4801 altari,
1820 4732 1915 4787 dat
1946 4735 2161 4789 missa-

488 4824 606 4878 lcm
635 4824 903 4889 diacono,
937 4827 998 4877 ut
1045 4823 1118 4875 ab
1153 4838 1220 4876 eo
1272 4824 1644 4890 reportctur;
1696 4822 1904 4875 stolam
1937 4823 2066 4892 ipse
2105 4826 2163 4877 et

492 4914 852 4983 manipulum
885 4912 1213 4981 complicat,
1246 4911 1365 4964 nisi
1408 4910 1556 4964 forte
1617 4910 1753 4976 sint,
1791 4913 1851 4964 ut
1899 4912 1954 4964 in
1989 4912 2161 4967 festis

492 5004 830 5072 principuis,
848 5003 1143 5069 deaurata,
1162 5002 1296 5053 tunc
1328 4999 1482 5053 enim
1505 5016 1536 5052 a
1560 4999 1809 5053 sacrista
1836 5004 1973 5054 sunt
2005 5017 2161 5055 com-

494 5090 783 5157 phcanda.

570 5177 631 5229 In
659 5178 907 5246 privatis
930 5179 1140 5232 diebus
1161 5177 1373 5231 hostiae
1398 5194 1513 5231 non
1537 5179 1901 5231 consecratae
1932 5181 2163 5247 portan-

496 5269 591 5317 tur
620 5265 678 5317 in
708 5267 1038 5334 refer-torio,
1074 5272 1135 5320 ut
1181 5268 1294 5334 his,
1326 5267 1425 5336 qui
1476 5283 1544 5320 eo
1598 5266 1690 5320 die
1738 5283 1854 5319 non
1903 5283 2162 5322 commu-

498 5353 881 5423 nicaverunt,
926 5371 1034 5423 per
1079 5372 1286 5409 manus
1334 5355 1663 5409 sacerdotis
1713 5355 2159 5425 distribuantur,

499 5441 657 5513 quod
688 5440 801 5494 hoc
831 5443 1033 5497 ordine
1063 5443 1193 5498 fieri
1240 5444 1411 5512 solet,
1444 5446 1506 5497 ut
1534 5444 1786 5513 primum
1826 5443 2044 5500 tribuat
2093 5446 2164 5500 de

436 5590 469 5619 .
498 5531 650 5601 ipsis
681 5528 893 5583 hostiis
914 5530 1124 5585 domno
1155 5532 1352 5587 abbati
1386 5548 1400 5601 ;
1432 5536 1659 5603 postea,
1687 5548 1818 5586 cum
1849 5532 1967 5587 sint
1996 5550 2165 5589 men-

500 5636 589 5684 sae
619 5622 768 5691 tres,
800 5618 1073 5692 utrinque
1114 5620 1186 5676 ad
1216 5621 1518 5677 dexteram
1573 5621 1772 5678 domui
1817 5621 2047 5679 abbatis
2091 5625 2165 5682 ad

2267 4645 2618 4700 vestimento
2652 4646 3019 4715 complicato,
3045 4646 3137 4700 vel
3171 4663 3289 4701 non
3316 4646 3668 4719 complicato,
3699 4645 3745 4694 et
3771 4637 3864 4704 ipse

2267 4734 2461 4805 pergit
2488 4734 2561 4788 ad
2593 4735 2831 4789 Horam.
2867 4737 2939 4789 At
2973 4736 3023 4790 si
3060 4737 3262 4790 venire
3292 4753 3413 4791 non
3444 4736 3654 4807 potest,
3693 4742 3788 4783 non
3817 4734 3862 4772 ΞΘ

2271 4828 2464 4878 movet
2495 4841 2526 4877 a
2558 4825 2709 4891 loco,
2740 4840 2849 4878 nec
2882 4840 3232 4894 conversus,
3258 4840 3570 4896 quousque
3602 4822 3726 4875 hora
3750 4812 3864 4869 ﬁnia-

2268 4915 2383 4967 tur.
2434 4913 2540 4966 Hze
2583 4917 2721 4967 sunt
2749 4916 2942 4967 autem
2985 4914 3170 4984 vices,
3223 4914 3282 4967 in
3330 4914 3549 4985 quibus
3586 4903 3863 4965 sacerdotes

2270 5006 2524 5073 possunt
2571 5000 2917 5071 hujusmodi
2963 5003 3185 5056 missas
3235 5002 3464 5074 absque
3511 4996 3723 5055 licentia
3765 5002 3861 5044 can-

2271 5094 2415 5160 tare,
2465 5091 2723 5162 quotidie
2761 5094 2894 5145 ante
2932 5092 3199 5161 primam,
3250 5092 3303 5146 si
3352 5096 3543 5146 tamen
3580 5088 3746 5159 prima
3780 5089 3862 5131 non

2272 5179 2403 5250 conj
2415 5179 2966 5250 ungiturmatutinis
2985 5179 3284 5252 laudibus,
3300 5184 3361 5235 ut
3384 5180 3603 5250 saepius
3620 5176 3672 5230 in
3689 5172 3835 5227 hieme
3850 5176 3859 5228 ἓ

2272 5274 2326 5323 et
2356 5272 2491 5338 post
2522 5268 2837 5337 capitulum
2870 5284 3061 5339 usque
3090 5270 3164 5323 ad
3194 5270 3466 5338 tertiam;
3499 5270 3593 5322 aut
3615 5266 3665 5319 si
3698 5256 3861 5326 capitu-

2270 5359 2391 5412 lum
2422 5360 2532 5428 est,
2561 5360 2695 5427 post
2722 5357 2948 5412 tertiam
2974 5374 3164 5429 usque
3194 5359 3266 5412 ad
3298 5363 3542 5427 sextam,
3575 5369 3674 5410 nec
3717 5346 3859 5403 minus

2270 5449 2404 5517 post
2432 5462 2667 5515 nonam,
2702 5447 2752 5500 si
2785 5448 2976 5501 tamen
3010 5446 3226 5503 fratres
3249 5462 3364 5503 non
3386 5448 3560 5501 ierint
3587 5438 3856 5498 dormitum

2270 5535 2599 5607 Aliquando
2632 5537 2767 5605 post
2796 5534 3187 5606 Evangelium
3216 5535 3461 5608 majoris
3481 5534 3673 5589 missa)
3699 5518 3859 5592 aliquis

2270 5624 2647 5681 sacerdotum
2674 5623 2972 5683 licentiam
2992 5624 3264 5699 accipere
3294 5626 3519 5698 potest;
3546 5618 3689 5697 quod
3714 5618 3860 5671 tamen
