  <div class='ocr_page' id='page_1' title='image "/cluster/home/n/w/nwhite01/storage/ocr_20150623/149/hvd.32044054760079/368.png"; bbox 0 0 3956 6176; ppageno 0'>
   <div class='ocr_carea' id='block_1_1' title="bbox 145 248 255 311">
    <p class='ocr_par' dir='ltr' id='par_1_1' title="bbox 145 248 255 311">
     <span class='ocr_line' id='line_1_1' title="bbox 145 248 255 311; baseline -0.018 0"><span class='ocrx_word' id='word_1_1' title='bbox 145 248 255 311; x_wconf 76' lang='lat'>725</span> 
     </span>
    </p>
   </div>
   <div class='ocr_carea' id='block_1_2' title="bbox 693 244 3000 316">
    <p class='ocr_par' dir='ltr' id='par_1_2' title="bbox 693 244 3000 316">
     <span class='ocr_line' id='line_1_2' title="bbox 693 244 3000 316; baseline 0.005 -11"><span class='ocrx_word' id='word_1_2' title='bbox 693 244 1395 309; x_wconf 87' lang='lat' dir='ltr'>CONSUETUDINES</span> <span class='ocrx_word' id='word_1_3' title='bbox 1453 246 2106 312; x_wconf 87' lang='lat' dir='ltr'>CLUNIACENSES.</span> <span class='ocrx_word' id='word_1_4' title='bbox 2138 277 2219 296; x_wconf 85' lang='lat'>--</span> <span class='ocrx_word' id='word_1_5' title='bbox 2255 248 2504 311; x_wconf 77' lang='lat' dir='ltr'>LIBER</span> <span class='ocrx_word' id='word_1_6' title='bbox 2548 249 3000 316; x_wconf 88' lang='lat' dir='ltr'>SECUNDUS.</span> 
     </span>
    </p>
   </div>
   <div class='ocr_carea' id='block_1_3' title="bbox 3450 250 3569 317">
    <p class='ocr_par' dir='ltr' id='par_1_3' title="bbox 3450 250 3569 317">
     <span class='ocr_line' id='line_1_3' title="bbox 3450 250 3569 317; baseline 0.059 -7"><span class='ocrx_word' id='word_1_7' title='bbox 3450 250 3569 317; x_wconf 83' lang='lat'>726</span> 
     </span>
    </p>
   </div>
   <div class='ocr_carea' id='block_1_4' title="bbox 154 430 3570 529">
    <p class='ocr_par' dir='ltr' id='par_1_4' title="bbox 154 430 3570 529">
     <span class='ocr_line' id='line_1_4' title="bbox 154 430 3570 529; baseline 0.001 -28"><span class='ocrx_word' id='word_1_8' title='bbox 154 446 606 517; x_wconf 78' lang='lat' dir='ltr'>reprehenditur,</span> <span class='ocrx_word' id='word_1_9' title='bbox 633 446 685 501; x_wconf 92' lang='lat' dir='ltr'>si</span> <span class='ocrx_word' id='word_1_10' title='bbox 708 445 1084 519; x_wconf 85' lang='lat' dir='ltr'>frequentare</span> <span class='ocrx_word' id='word_1_11' title='bbox 1105 446 1356 503; x_wconf 88' lang='lat' dir='ltr'>voluerit</span> <span class='ocrx_word' id='word_1_12' title='bbox 1384 448 1512 503; x_wconf 84' lang='lat' dir='ltr'>etin</span> <span class='ocrx_word' id='word_1_13' title='bbox 1540 464 1657 504; x_wconf 91' lang='lat' dir='ltr'>usu</span> <span class='ocrx_word' id='word_1_14' title='bbox 1686 430 1871 504; x_wconf 56' lang='lat' dir='ltr'>ha-A</span> <span class='ocrx_word' id='word_1_15' title='bbox 1895 448 2307 504; x_wconf 85' lang='lat' dir='ltr'>benedictione</span> <span class='ocrx_word' id='word_1_16' title='bbox 2328 466 2340 503; x_wconf 84' lang='lat'><strong>:</strong></span> <span class='ocrx_word' id='word_1_17' title='bbox 2362 434 2606 504; x_wconf 74' lang='lat' dir='ltr'>Salvum</span> <span class='ocrx_word' id='word_1_18' title='bbox 2619 448 2965 504; x_wconf 82' lang='lat' dir='ltr'>facservum</span> <span class='ocrx_word' id='word_1_19' title='bbox 2984 466 2998 519; x_wconf 85' lang='lat'>;</span> <span class='ocrx_word' id='word_1_20' title='bbox 3015 452 3148 529; x_wconf 90' lang='lat' dir='ltr'>etc.,</span> <span class='ocrx_word' id='word_1_21' title='bbox 3167 448 3344 505; x_wconf 68' lang='lat' dir='ltr'>Mitte</span> <span class='ocrx_word' id='word_1_22' title='bbox 3359 449 3418 505; x_wconf 88' lang='lat' dir='ltr'>ei</span> <span class='ocrx_word' id='word_1_23' title='bbox 3428 452 3570 504; x_wconf 83' lang='lat' dir='ltr'>auxi</span> 
     </span>
    </p>
   </div>
   <div class='ocr_carea' id='block_1_5' title="bbox 151 536 297 591">
    <p class='ocr_par' dir='ltr' id='par_1_5' title="bbox 151 536 297 591">
     <span class='ocr_line' id='line_1_5' title="bbox 151 536 297 591; baseline -0.014 0"><span class='ocrx_word' id='word_1_24' title='bbox 151 536 297 591; x_wconf 89' lang='lat' dir='ltr'>bere.</span> 
     </span>
    </p>
   </div>
   <div class='ocr_carea' id='block_1_6' title="bbox 723 625 1193 681">
    <p class='ocr_par' dir='ltr' id='par_1_6' title="bbox 723 625 1193 681">
     <span class='ocr_line' id='line_1_6' title="bbox 723 625 1193 681; baseline 0 -1"><span class='ocrx_word' id='word_1_25' title='bbox 723 625 975 681; x_wconf 72' lang='lat' dir='ltr'><strong>CAPUT</strong></span> <span class='ocrx_word' id='word_1_26' title='bbox 1004 627 1193 681; x_wconf 82' lang='lat' dir='ltr'>XXXI</span> 
     </span>
    </p>
   </div>
   <div class='ocr_carea' id='block_1_7' title="bbox 148 704 1795 789">
    <p class='ocr_par' dir='ltr' id='par_1_7' title="bbox 148 704 1795 789">
     <span class='ocr_line' id='line_1_7' title="bbox 148 704 1795 789; baseline 0.001 -20"><span class='ocrx_word' id='word_1_27' title='bbox 148 714 222 769; x_wconf 84' lang='lat' dir='ltr'>De</span> <span class='ocrx_word' id='word_1_28' title='bbox 240 713 613 784; x_wconf 84' lang='lat' dir='ltr'>subdiacono,</span> <span class='ocrx_word' id='word_1_29' title='bbox 670 720 729 769; x_wconf 80' lang='lat' dir='ltr'>et</span> <span class='ocrx_word' id='word_1_30' title='bbox 784 715 858 770; x_wconf 90' lang='lat' dir='ltr'>de</span> <span class='ocrx_word' id='word_1_31' title='bbox 907 716 1252 771; x_wconf 80' lang='lat' dir='ltr'>cantoribus</span> <span class='ocrx_word' id='word_1_32' title='bbox 1309 704 1634 789; x_wconf 49' lang='lat' dir='ltr'>gradua&#39;li&#39;s,</span> <span class='ocrx_word' id='word_1_33' title='bbox 1699 715 1795 773; x_wconf 85' lang='lat' dir='ltr'>vel</span> 
     </span>
    </p>
   </div>
   <div class='ocr_carea' id='block_1_8' title="bbox 625 803 1284 860">
    <p class='ocr_par' dir='ltr' id='par_1_8' title="bbox 625 803 1284 860">
     <span class='ocr_line' id='line_1_8' title="bbox 625 803 1284 860; baseline 0.002 -2"><span class='ocrx_word' id='word_1_34' title='bbox 625 803 860 859; x_wconf 82' lang='lat' dir='ltr'>alleluia</span> <span class='ocrx_word' id='word_1_35' title='bbox 905 811 965 859; x_wconf 79' lang='lat' dir='ltr'>et</span> <span class='ocrx_word' id='word_1_36' title='bbox 1038 810 1284 860; x_wconf 81' lang='lat' dir='ltr'>tractus.</span> 
     </span>
    </p>
   </div>
   <div class='ocr_carea' id='block_1_9' title="bbox 206 929 1791 1001">
    <p class='ocr_par' dir='ltr' id='par_1_9' title="bbox 206 929 1791 1001">
     <span class='ocr_line' id='line_1_9' title="bbox 206 929 1791 1001; baseline 0.001 -17"><span class='ocrx_word' id='word_1_37' title='bbox 206 929 632 998; x_wconf 89' lang='lat' dir='ltr'>Subdiaconus,</span> <span class='ocrx_word' id='word_1_38' title='bbox 675 930 774 1001; x_wconf 90' lang='lat' dir='ltr'>qui</span> <span class='ocrx_word' id='word_1_39' title='bbox 822 930 1088 985; x_wconf 81' lang='lat' dir='ltr'>lecturus</span> <span class='ocrx_word' id='word_1_40' title='bbox 1135 934 1229 986; x_wconf 90' lang='lat' dir='ltr'>est</span> <span class='ocrx_word' id='word_1_41' title='bbox 1280 930 1624 1001; x_wconf 89' lang='lat' dir='ltr'>Epistolam,</span> <span class='ocrx_word' id='word_1_42' title='bbox 1659 947 1791 985; x_wconf 90' lang='lat' dir='ltr'>cum</span> 
     </span>
    </p>
   </div>
   <div class='ocr_carea' id='block_1_10' title="bbox 147 1019 1791 1090">
    <p class='ocr_par' dir='ltr' id='par_1_10' title="bbox 147 1019 1791 1090">
     <span class='ocr_line' id='line_1_10' title="bbox 147 1019 1791 1090; baseline 0.002 -19"><span class='ocrx_word' id='word_1_43' title='bbox 147 1019 432 1072; x_wconf 80' lang='lat' dir='ltr'>sacerdote</span> <span class='ocrx_word' id='word_1_44' title='bbox 491 1034 899 1088; x_wconf 88' lang='lat' dir='ltr'>processurus</span> <span class='ocrx_word' id='word_1_45' title='bbox 953 1019 1024 1074; x_wconf 90' lang='lat' dir='ltr'>ad</span> <span class='ocrx_word' id='word_1_46' title='bbox 1081 1021 1282 1089; x_wconf 90' lang='lat' dir='ltr'>altare,</span> <span class='ocrx_word' id='word_1_47' title='bbox 1328 1023 1518 1090; x_wconf 81' lang='lat' dir='ltr'>portat</span> <span class='ocrx_word' id='word_1_48' title='bbox 1566 1024 1791 1075; x_wconf 87' lang='lat' dir='ltr'>textum</span> 
     </span>
    </p>
   </div>
   <div class='ocr_carea' id='block_1_11' title="bbox 150 1107 1789 1179">
    <p class='ocr_par' dir='ltr' id='par_1_11' title="bbox 150 1107 1789 1179">
     <span class='ocr_line' id='line_1_11' title="bbox 150 1107 1789 1179; baseline 0.002 -19"><span class='ocrx_word' id='word_1_49' title='bbox 150 1107 453 1179; x_wconf 80' lang='lat' dir='ltr'>Evangelii.</span> <span class='ocrx_word' id='word_1_50' title='bbox 489 1110 551 1162; x_wconf 89' lang='lat' dir='ltr'>et</span> <span class='ocrx_word' id='word_1_51' title='bbox 569 1109 729 1178; x_wconf 83' lang='lat' dir='ltr'>ponit</span> <span class='ocrx_word' id='word_1_52' title='bbox 750 1109 810 1163; x_wconf 90' lang='lat' dir='ltr'>in</span> <span class='ocrx_word' id='word_1_53' title='bbox 851 1109 1044 1164; x_wconf 89' lang='lat' dir='ltr'>medio</span> <span class='ocrx_word' id='word_1_54' title='bbox 1076 1109 1309 1178; x_wconf 88' lang='lat' dir='ltr'>altaris;</span> <span class='ocrx_word' id='word_1_55' title='bbox 1340 1110 1647 1179; x_wconf 87' lang='lat' dir='ltr'>pulvillum</span> <span class='ocrx_word' id='word_1_56' title='bbox 1671 1125 1789 1164; x_wconf 89' lang='lat' dir='ltr'>non</span> 
     </span>
    </p>
   </div>
   <div class='ocr_carea' id='block_1_12' title="bbox 146 1196 1794 1267">
    <p class='ocr_par' dir='ltr' id='par_1_12' title="bbox 146 1196 1794 1267">
     <span class='ocr_line' id='line_1_12' title="bbox 146 1196 1794 1267; baseline 0.002 -17"><span class='ocrx_word' id='word_1_57' title='bbox 146 1196 456 1265; x_wconf 87' lang='lat' dir='ltr'>portat,nisi</span> <span class='ocrx_word' id='word_1_58' title='bbox 470 1197 708 1267; x_wconf 87' lang='lat' dir='ltr'>quando</span> <span class='ocrx_word' id='word_1_59' title='bbox 726 1197 855 1251; x_wconf 91' lang='lat' dir='ltr'>dies</span> <span class='ocrx_word' id='word_1_60' title='bbox 869 1201 961 1252; x_wconf 90' lang='lat' dir='ltr'>est</span> <span class='ocrx_word' id='word_1_61' title='bbox 975 1197 1794 1254; x_wconf 82' lang='lat' dir='ltr'>solemniancohansleetio-</span> 
     </span>
    </p>
   </div>
   <div class='ocr_carea' id='block_1_13' title="bbox 145 1284 1792 1359">
    <p class='ocr_par' dir='ltr' id='par_1_13' title="bbox 145 1284 1792 1359">
     <span class='ocr_line' id='line_1_13' title="bbox 145 1284 1792 1359; baseline 0.002 -21"><span class='ocrx_word' id='word_1_62' title='bbox 145 1299 278 1353; x_wconf 86' lang='lat' dir='ltr'>nem,</span> <span class='ocrx_word' id='word_1_63' title='bbox 308 1284 402 1339; x_wconf 92' lang='lat' dir='ltr'>vel</span> <span class='ocrx_word' id='word_1_64' title='bbox 434 1300 507 1339; x_wconf 89' lang='lat' dir='ltr'>ea</span> <span class='ocrx_word' id='word_1_65' title='bbox 538 1284 719 1355; x_wconf 88' lang='lat' dir='ltr'>finita,</span> <span class='ocrx_word' id='word_1_66' title='bbox 739 1286 813 1340; x_wconf 90' lang='lat' dir='ltr'>ad</span> <span class='ocrx_word' id='word_1_67' title='bbox 840 1285 1150 1359; x_wconf 81' lang='lat' dir='ltr'>utramque</span> <span class='ocrx_word' id='word_1_68' title='bbox 1181 1287 1373 1341; x_wconf 87' lang='lat' dir='ltr'>vicem</span> <span class='ocrx_word' id='word_1_69' title='bbox 1409 1286 1547 1341; x_wconf 81' lang='lat' dir='ltr'>facit</span> <span class='ocrx_word' id='word_1_70' title='bbox 1575 1289 1707 1342; x_wconf 91' lang='lat' dir='ltr'>ante</span> <span class='ocrx_word' id='word_1_71' title='bbox 1738 1289 1792 1341; x_wconf 90' lang='lat' dir='ltr'>et</span> 
     </span>
    </p>
   </div>
   <div class='ocr_carea' id='block_1_14' title="bbox 149 1374 1791 1431">
    <p class='ocr_par' dir='ltr' id='par_1_14' title="bbox 149 1374 1791 1431">
     <span class='ocr_line' id='line_1_14' title="bbox 149 1374 1791 1431; baseline 0.001 -3"><span class='ocrx_word' id='word_1_72' title='bbox 149 1376 286 1428; x_wconf 86' lang='lat' dir='ltr'>retro</span> <span class='ocrx_word' id='word_1_73' title='bbox 307 1374 529 1428; x_wconf 86' lang='lat' dir='ltr'>ibidem</span> <span class='ocrx_word' id='word_1_74' title='bbox 560 1375 664 1429; x_wconf 88' lang='lat' dir='ltr'>ubi</span> <span class='ocrx_word' id='word_1_75' title='bbox 697 1375 958 1429; x_wconf 79' lang='lat' dir='ltr'>lecturus</span> <span class='ocrx_word' id='word_1_76' title='bbox 973 1380 1084 1431; x_wconf 91' lang='lat' dir='ltr'>est.</span> <span class='ocrx_word' id='word_1_77' title='bbox 1118 1375 1398 1430; x_wconf 88' lang='lat' dir='ltr'>Simililer</span> <span class='ocrx_word' id='word_1_78' title='bbox 1427 1378 1566 1431; x_wconf 86' lang='lat' dir='ltr'>sunt</span> <span class='ocrx_word' id='word_1_79' title='bbox 1582 1375 1791 1430; x_wconf 90' lang='lat' dir='ltr'>facturi</span> 
     </span>
    </p>
   </div>
   <div class='ocr_carea' id='block_1_15' title="bbox 147 1464 1793 1535">
    <p class='ocr_par' dir='ltr' id='par_1_15' title="bbox 147 1464 1793 1535">
     <span class='ocr_line' id='line_1_15' title="bbox 147 1464 1793 1535; baseline 0.001 -19"><span class='ocrx_word' id='word_1_80' title='bbox 147 1464 478 1533; x_wconf 86' lang='lat' dir='ltr'>quicantant</span> <span class='ocrx_word' id='word_1_81' title='bbox 499 1464 974 1533; x_wconf 87' lang='lat' dir='ltr'>responsorium,</span> <span class='ocrx_word' id='word_1_82' title='bbox 1006 1465 1099 1518; x_wconf 89' lang='lat' dir='ltr'>vel</span> <span class='ocrx_word' id='word_1_83' title='bbox 1134 1465 1236 1535; x_wconf 87' lang='lat' dir='ltr'>qui</span> <span class='ocrx_word' id='word_1_84' title='bbox 1265 1464 1519 1534; x_wconf 84' lang='lat' dir='ltr'>alleluia,</span> <span class='ocrx_word' id='word_1_85' title='bbox 1554 1466 1647 1519; x_wconf 86' lang='lat' dir='ltr'>vel</span> <span class='ocrx_word' id='word_1_86' title='bbox 1680 1469 1793 1519; x_wconf 89' lang='lat' dir='ltr'>tra-</span> 
     </span>
    </p>
   </div>
   <div class='ocr_carea' id='block_1_16' title="bbox 148 1552 1792 1624">
    <p class='ocr_par' dir='ltr' id='par_1_16' title="bbox 148 1552 1792 1624">
     <span class='ocr_line' id='line_1_16' title="bbox 148 1552 1792 1624; baseline 0.002 -20"><span class='ocrx_word' id='word_1_87' title='bbox 148 1554 281 1604; x_wconf 89' lang='lat' dir='ltr'>ctum</span> <span class='ocrx_word' id='word_1_88' title='bbox 294 1567 401 1605; x_wconf 90' lang='lat' dir='ltr'>seu</span> <span class='ocrx_word' id='word_1_89' title='bbox 416 1552 751 1623; x_wconf 89' lang='lat' dir='ltr'>canticum;</span> <span class='ocrx_word' id='word_1_90' title='bbox 775 1569 907 1624; x_wconf 78' lang='lat' dir='ltr'>quae</span> <span class='ocrx_word' id='word_1_91' title='bbox 930 1569 1063 1607; x_wconf 92' lang='lat' dir='ltr'>cum</span> <span class='ocrx_word' id='word_1_92' title='bbox 1086 1554 1144 1606; x_wconf 91' lang='lat' dir='ltr'>in</span> <span class='ocrx_word' id='word_1_93' title='bbox 1165 1554 1411 1623; x_wconf 85' lang='lat' dir='ltr'>privatis</span> <span class='ocrx_word' id='word_1_94' title='bbox 1442 1555 1653 1608; x_wconf 89' lang='lat' dir='ltr'>diebus</span> <span class='ocrx_word' id='word_1_95' title='bbox 1676 1570 1792 1608; x_wconf 91' lang='lat' dir='ltr'>non</span> 
     </span>
    </p>
   </div>
   <div class='ocr_carea' id='block_1_17' title="bbox 146 1640 1793 1714">
    <p class='ocr_par' dir='ltr' id='par_1_17' title="bbox 146 1640 1793 1714">
     <span class='ocr_line' id='line_1_17' title="bbox 146 1640 1793 1714; baseline 0.003 -22"><span class='ocrx_word' id='word_1_96' title='bbox 146 1640 246 1692; x_wconf 90' lang='lat' dir='ltr'>nisi</span> <span class='ocrx_word' id='word_1_97' title='bbox 274 1640 666 1695; x_wconf 88' lang='lat' dir='ltr'>communiter</span> <span class='ocrx_word' id='word_1_98' title='bbox 688 1645 998 1697; x_wconf 88' lang='lat' dir='ltr'>eantantur</span> <span class='ocrx_word' id='word_1_99' title='bbox 1018 1659 1051 1696; x_wconf 90' lang='lat' dir='ltr'>a</span> <span class='ocrx_word' id='word_1_100' title='bbox 1081 1647 1394 1712; x_wconf 89' lang='lat' dir='ltr'>conventu,</span> <span class='ocrx_word' id='word_1_101' title='bbox 1428 1643 1481 1697; x_wconf 90' lang='lat' dir='ltr'>si</span> <span class='ocrx_word' id='word_1_102' title='bbox 1513 1643 1671 1714; x_wconf 88' lang='lat' dir='ltr'>quod</span> <span class='ocrx_word' id='word_1_103' title='bbox 1703 1642 1793 1697; x_wconf 90' lang='lat' dir='ltr'>fe-</span> 
     </span>
    </p>
   </div>
   <div class='ocr_carea' id='block_1_18' title="bbox 147 1728 1795 1803">
    <p class='ocr_par' dir='ltr' id='par_1_18' title="bbox 147 1728 1795 1803">
     <span class='ocr_line' id='line_1_18' title="bbox 147 1728 1795 1803; baseline 0.002 -21"><span class='ocrx_word' id='word_1_104' title='bbox 147 1732 282 1782; x_wconf 89' lang='lat' dir='ltr'>stum</span> <span class='ocrx_word' id='word_1_105' title='bbox 301 1728 560 1799; x_wconf 89' lang='lat' dir='ltr'>amplius</span> <span class='ocrx_word' id='word_1_106' title='bbox 591 1731 653 1784; x_wconf 90' lang='lat' dir='ltr'>in</span> <span class='ocrx_word' id='word_1_107' title='bbox 675 1732 1002 1800; x_wconf 86' lang='lat' dir='ltr'>septimana</span> <span class='ocrx_word' id='word_1_108' title='bbox 1033 1733 1315 1803; x_wconf 83' lang='lat' dir='ltr'>evenerit,</span> <span class='ocrx_word' id='word_1_109' title='bbox 1349 1733 1634 1786; x_wconf 90' lang='lat' dir='ltr'>cantanda</span> <span class='ocrx_word' id='word_1_110' title='bbox 1655 1735 1795 1787; x_wconf 89' lang='lat' dir='ltr'>sunt</span> 
     </span>
    </p>
   </div>
   <div class='ocr_carea' id='block_1_19' title="bbox 145 1782 2125 1891">
    <p class='ocr_par' dir='ltr' id='par_1_19' title="bbox 145 1782 2125 1891">
     <span class='ocr_line' id='line_1_19' title="bbox 149 1782 2125 1836; baseline 0.005 -9"><span class='ocrx_word' id='word_1_111' title='bbox 149 1816 158 1825; x_wconf 95' lang='lat'>.</span> <span class='ocrx_word' id='word_1_112' title='bbox 346 1782 349 1783; x_wconf 66' lang='grc'><strong><em>⁷</em></strong></span> <span class='ocrx_word' id='word_1_113' title='bbox 396 1782 413 1799; x_wconf 84' lang='grc'><strong>⁸</strong></span> <span class='ocrx_word' id='word_1_114' title='bbox 473 1782 652 1830; x_wconf 37' lang='grc' dir='ltr'>,““.⁷Ἦ</span> <span class='ocrx_word' id='word_1_115' title='bbox 686 1782 1002 1830; x_wconf 58' lang='lat'>&quot;&quot;</span> <span class='ocrx_word' id='word_1_116' title='bbox 1038 1782 1059 1786; x_wconf 74' lang='lat'>&#39;</span> <span class='ocrx_word' id='word_1_117' title='bbox 1084 1782 1315 1832; x_wconf 68' lang='grc' dir='ltr'>’.⁷“’ἶ“⁷</span> <span class='ocrx_word' id='word_1_118' title='bbox 1355 1782 1789 1833; x_wconf 53' lang='grc' dir='ltr'>“”“ἰ“ῗ“””””⁷</span> <span class='ocrx_word' id='word_1_119' title='bbox 1905 1782 2125 1836; x_wconf 87' lang='lat' dir='ltr'>sederit</span> 
     </span>
     <span class='ocr_line' id='line_1_20' title="bbox 145 1803 2111 1891; baseline 0.008 -23"><span class='ocrx_word' id='word_1_120' title='bbox 145 1819 331 1871; x_wconf 79' lang='lat' dir='ltr'>iterum</span> <span class='ocrx_word' id='word_1_121' title='bbox 360 1819 434 1873; x_wconf 89' lang='lat' dir='ltr'>ab</span> <span class='ocrx_word' id='word_1_122' title='bbox 468 1835 629 1888; x_wconf 84' lang='lat' dir='ltr'>lpSlS</span> <span class='ocrx_word' id='word_1_123' title='bbox 660 1835 692 1873; x_wconf 89' lang='lat' dir='ltr'>a</span> <span class='ocrx_word' id='word_1_124' title='bbox 713 1820 931 1891; x_wconf 80' lang='lat' dir='ltr'>quibus</span> <span class='ocrx_word' id='word_1_125' title='bbox 954 1823 1008 1875; x_wconf 92' lang='lat' dir='ltr'>et</span> <span class='ocrx_word' id='word_1_126' title='bbox 1032 1838 1196 1890; x_wconf 83' lang='lat' dir='ltr'>prius</span> <span class='ocrx_word' id='word_1_127' title='bbox 1226 1837 1285 1874; x_wconf 83' lang='lat' dir='ltr'>1n</span> <span class='ocrx_word' id='word_1_128' title='bbox 1320 1822 1621 1876; x_wconf 80' lang='lat' dir='ltr'>Dominica</span> <span class='ocrx_word' id='word_1_129' title='bbox 1651 1824 1789 1876; x_wconf 91' lang='lat' dir='ltr'>sunt</span> <span class='ocrx_word' id='word_1_130' title='bbox 1905 1870 1953 1891; x_wconf 82' lang='lat'>,_</span> <span class='ocrx_word' id='word_1_131' title='bbox 1974 1871 2111 1891; x_wconf 40' lang='grc' dir='ltr'>,μω</span> 
     </span>
    </p>
   </div>
   <div class='ocr_carea' id='block_1_20' title="bbox 149 1906 1794 1981">
    <p class='ocr_par' dir='ltr' id='par_1_20' title="bbox 149 1906 1794 1981">
     <span class='ocr_line' id='line_1_21' title="bbox 149 1906 1794 1981; baseline 0.004 -22"><span class='ocrx_word' id='word_1_132' title='bbox 149 1909 388 1961; x_wconf 86' lang='lat' dir='ltr'>cantana.</span> <span class='ocrx_word' id='word_1_133' title='bbox 421 1906 600 1971; x_wconf 90' lang='lat' dir='ltr'>Quod</span> <span class='ocrx_word' id='word_1_134' title='bbox 628 1909 681 1962; x_wconf 88' lang='lat' dir='ltr'>si</span> <span class='ocrx_word' id='word_1_135' title='bbox 728 1923 935 1963; x_wconf 89' lang='lat' dir='ltr'>omnes</span> <span class='ocrx_word' id='word_1_136' title='bbox 966 1911 1026 1963; x_wconf 91' lang='lat' dir='ltr'>in</span> <span class='ocrx_word' id='word_1_137' title='bbox 1057 1910 1259 1980; x_wconf 91' lang='lat' dir='ltr'>cappis</span> <span class='ocrx_word' id='word_1_138' title='bbox 1290 1912 1383 1965; x_wconf 90' lang='lat' dir='ltr'>vel</span> <span class='ocrx_word' id='word_1_139' title='bbox 1406 1910 1465 1965; x_wconf 93' lang='lat' dir='ltr'>in</span> <span class='ocrx_word' id='word_1_140' title='bbox 1496 1911 1668 1981; x_wconf 88' lang='lat' dir='ltr'>albis,</span> <span class='ocrx_word' id='word_1_141' title='bbox 1695 1929 1794 1966; x_wconf 90' lang='lat' dir='ltr'>ar-</span> 
     </span>
    </p>
   </div>
   <div class='ocr_carea' id='block_1_21' title="bbox 146 1996 1796 2069">
    <p class='ocr_par' dir='ltr' id='par_1_21' title="bbox 146 1996 1796 2069">
     <span class='ocr_line' id='line_1_22' title="bbox 146 1996 1796 2069; baseline 0.005 -22"><span class='ocrx_word' id='word_1_142' title='bbox 146 1996 346 2049; x_wconf 89' lang='lat' dir='ltr'>marius</span> <span class='ocrx_word' id='word_1_143' title='bbox 378 1996 580 2051; x_wconf 86' lang='lat' dir='ltr'>innuit</span> <span class='ocrx_word' id='word_1_144' title='bbox 621 1997 1075 2069; x_wconf 88' lang='lat' dir='ltr'>quibuscunque</span> <span class='ocrx_word' id='word_1_145' title='bbox 1107 1999 1358 2054; x_wconf 89' lang='lat' dir='ltr'>voluerit</span> <span class='ocrx_word' id='word_1_146' title='bbox 1405 2016 1512 2069; x_wconf 89' lang='lat' dir='ltr'>pro</span> <span class='ocrx_word' id='word_1_147' title='bbox 1544 2002 1633 2055; x_wconf 89' lang='lat' dir='ltr'>eis</span> <span class='ocrx_word' id='word_1_148' title='bbox 1660 2017 1796 2056; x_wconf 89' lang='lat' dir='ltr'>can-</span> 
     </span>
    </p>
   </div>
   <div class='ocr_carea' id='block_1_22' title="bbox 142 2085 1798 2161">
    <p class='ocr_par' dir='ltr' id='par_1_22' title="bbox 142 2085 1798 2161">
     <span class='ocr_line' id='line_1_23' title="bbox 142 2085 1798 2161; baseline 0.004 -23"><span class='ocrx_word' id='word_1_149' title='bbox 142 2085 335 2156; x_wconf 87' lang='lat' dir='ltr'>tandis;</span> <span class='ocrx_word' id='word_1_150' title='bbox 366 2085 530 2156; x_wconf 87' lang='lat' dir='ltr'>quod</span> <span class='ocrx_word' id='word_1_151' title='bbox 554 2091 610 2140; x_wconf 87' lang='lat' dir='ltr'>et</span> <span class='ocrx_word' id='word_1_152' title='bbox 641 2086 778 2140; x_wconf 87' lang='lat' dir='ltr'>facit</span> <span class='ocrx_word' id='word_1_153' title='bbox 807 2087 880 2140; x_wconf 91' lang='lat' dir='ltr'>ad</span> <span class='ocrx_word' id='word_1_154' title='bbox 897 2103 1153 2159; x_wconf 87' lang='lat' dir='ltr'>prosam,</span> <span class='ocrx_word' id='word_1_155' title='bbox 1189 2090 1240 2143; x_wconf 90' lang='lat' dir='ltr'>si</span> <span class='ocrx_word' id='word_1_156' title='bbox 1271 2091 1504 2161; x_wconf 88' lang='lat' dir='ltr'>quando</span> <span class='ocrx_word' id='word_1_157' title='bbox 1535 2092 1628 2144; x_wconf 88' lang='lat' dir='ltr'>est</span> <span class='ocrx_word' id='word_1_158' title='bbox 1656 2106 1798 2144; x_wconf 88' lang='lat' dir='ltr'>can-</span> 
     </span>
    </p>
   </div>
   <div class='ocr_carea' id='block_1_23' title="bbox 141 2173 1799 2242">
    <p class='ocr_par' dir='ltr' id='par_1_23' title="bbox 141 2173 1799 2242">
     <span class='ocr_line' id='line_1_24' title="bbox 141 2173 1799 2242; baseline 0.005 -16"><span class='ocrx_word' id='word_1_159' title='bbox 141 2173 313 2242; x_wconf 86' lang='lat' dir='ltr'>tanda,</span> <span class='ocrx_word' id='word_1_160' title='bbox 344 2178 401 2228; x_wconf 92' lang='lat' dir='ltr'>et</span> <span class='ocrx_word' id='word_1_161' title='bbox 429 2174 505 2228; x_wconf 89' lang='lat' dir='ltr'>ad</span> <span class='ocrx_word' id='word_1_162' title='bbox 544 2175 695 2230; x_wconf 88' lang='lat' dir='ltr'>hanc</span> <span class='ocrx_word' id='word_1_163' title='bbox 715 2179 847 2230; x_wconf 86' lang='lat' dir='ltr'>ante</span> <span class='ocrx_word' id='word_1_164' title='bbox 878 2180 934 2231; x_wconf 91' lang='lat' dir='ltr'>et</span> <span class='ocrx_word' id='word_1_165' title='bbox 964 2180 1121 2233; x_wconf 90' lang='lat' dir='ltr'>retro</span> <span class='ocrx_word' id='word_1_166' title='bbox 1151 2193 1261 2232; x_wconf 91' lang='lat' dir='ltr'>nec</span> <span class='ocrx_word' id='word_1_167' title='bbox 1310 2179 1371 2233; x_wconf 92' lang='lat' dir='ltr'>in</span> <span class='ocrx_word' id='word_1_168' title='bbox 1428 2178 1545 2233; x_wconf 82' lang='lat' dir='ltr'>ﬁne</span> <span class='ocrx_word' id='word_1_169' title='bbox 1600 2194 1711 2235; x_wconf 92' lang='lat' dir='ltr'>nec</span> <span class='ocrx_word' id='word_1_170' title='bbox 1738 2179 1799 2234; x_wconf 92' lang='lat' dir='ltr'>in</span> 
     </span>
    </p>
   </div>
   <div class='ocr_carea' id='block_1_24' title="bbox 142 2261 910 2335">
    <p class='ocr_par' dir='ltr' id='par_1_24' title="bbox 142 2261 910 2335">
     <span class='ocr_line' id='line_1_25' title="bbox 142 2261 910 2335; baseline 0.007 -20"><span class='ocrx_word' id='word_1_171' title='bbox 142 2261 407 2332; x_wconf 88' lang='lat' dir='ltr'>principio</span> <span class='ocrx_word' id='word_1_172' title='bbox 432 2265 537 2318; x_wconf 86' lang='lat' dir='ltr'>est</span> <span class='ocrx_word' id='word_1_173' title='bbox 559 2265 910 2335; x_wconf 84' lang='lat' dir='ltr'>gerendum.</span> 
     </span>
    </p>
   </div>
   <div class='ocr_carea' id='block_1_25' title="bbox 717 2352 1217 2411">
    <p class='ocr_par' dir='ltr' id='par_1_25' title="bbox 717 2352 1217 2411">
     <span class='ocr_line' id='line_1_26' title="bbox 717 2352 1217 2411; baseline 0.008 -4"><span class='ocrx_word' id='word_1_174' title='bbox 717 2352 970 2409; x_wconf 89' lang='lat' dir='ltr'>CAPUT</span> <span class='ocrx_word' id='word_1_175' title='bbox 1000 2355 1217 2411; x_wconf 86' lang='lat' dir='ltr'><strong>XXXII</strong></span> 
     </span>
    </p>
   </div>
   <div class='ocr_carea' id='block_1_26' title="bbox 786 2444 1153 2500">
    <p class='ocr_par' dir='ltr' id='par_1_26' title="bbox 786 2444 1153 2500">
     <span class='ocr_line' id='line_1_27' title="bbox 786 2444 1153 2500; baseline 0.005 -2"><span class='ocrx_word' id='word_1_176' title='bbox 786 2444 876 2499; x_wconf 91' lang='lat' dir='ltr'>De</span> <span class='ocrx_word' id='word_1_177' title='bbox 909 2444 1153 2500; x_wconf 85' lang='lat' dir='ltr'>diacono</span> 
     </span>
    </p>
   </div>
   <div class='ocr_carea' id='block_1_27' title="bbox 201 2565 1797 2642">
    <p class='ocr_par' dir='ltr' id='par_1_27' title="bbox 201 2565 1797 2642">
     <span class='ocr_line' id='line_1_28' title="bbox 201 2565 1797 2642; baseline 0.004 -22"><span class='ocrx_word' id='word_1_178' title='bbox 201 2565 486 2623; x_wconf 89' lang='lat' dir='ltr'>Diaconus</span> <span class='ocrx_word' id='word_1_179' title='bbox 516 2569 900 2624; x_wconf 84' lang='lat' dir='ltr'>sacerdotem</span> <span class='ocrx_word' id='word_1_180' title='bbox 930 2571 1275 2642; x_wconf 77' lang='lat' dir='ltr'>praecedere</span> <span class='ocrx_word' id='word_1_181' title='bbox 1306 2572 1460 2628; x_wconf 88' lang='lat' dir='ltr'>solet</span> <span class='ocrx_word' id='word_1_182' title='bbox 1498 2571 1570 2627; x_wconf 89' lang='lat' dir='ltr'>ad</span> <span class='ocrx_word' id='word_1_183' title='bbox 1593 2573 1797 2640; x_wconf 89' lang='lat' dir='ltr'>altare;</span> 
     </span>
    </p>
   </div>
   <div class='ocr_carea' id='block_1_28' title="bbox 150 2656 1801 2734">
    <p class='ocr_par' dir='ltr' id='par_1_28' title="bbox 150 2656 1801 2734">
     <span class='ocr_line' id='line_1_29' title="bbox 150 2656 1801 2734; baseline 0.006 -26"><span class='ocrx_word' id='word_1_184' title='bbox 150 2656 431 2712; x_wconf 84' lang='lat' dir='ltr'>sacerdote</span> <span class='ocrx_word' id='word_1_185' title='bbox 464 2657 797 2713; x_wconf 84' lang='lat' dir='ltr'>inclinante</span> <span class='ocrx_word' id='word_1_186' title='bbox 827 2673 894 2714; x_wconf 90' lang='lat' dir='ltr'>se</span> <span class='ocrx_word' id='word_1_187' title='bbox 915 2659 987 2713; x_wconf 89' lang='lat' dir='ltr'>ad</span> <span class='ocrx_word' id='word_1_188' title='bbox 1016 2661 1360 2731; x_wconf 82' lang='lat' dir='ltr'>orationem,</span> <span class='ocrx_word' id='word_1_189' title='bbox 1393 2662 1522 2731; x_wconf 91' lang='lat' dir='ltr'>ipse</span> <span class='ocrx_word' id='word_1_190' title='bbox 1565 2678 1801 2734; x_wconf 89' lang='lat' dir='ltr'>quoque</span> 
     </span>
    </p>
   </div>
   <div class='ocr_carea' id='block_1_29' title="bbox 145 2747 1802 2823">
    <p class='ocr_par' dir='ltr' id='par_1_29' title="bbox 145 2747 1802 2823">
     <span class='ocr_line' id='line_1_30' title="bbox 145 2747 1802 2823; baseline 0.005 -26"><span class='ocrx_word' id='word_1_191' title='bbox 145 2748 241 2799; x_wconf 85' lang='lat' dir='ltr'>stat</span> <span class='ocrx_word' id='word_1_192' title='bbox 269 2747 549 2803; x_wconf 83' lang='lat' dir='ltr'>similiter</span> <span class='ocrx_word' id='word_1_193' title='bbox 578 2748 846 2819; x_wconf 88' lang='lat' dir='ltr'>inclinis;</span> <span class='ocrx_word' id='word_1_194' title='bbox 878 2750 1186 2805; x_wconf 90' lang='lat' dir='ltr'>sacerdote</span> <span class='ocrx_word' id='word_1_195' title='bbox 1218 2766 1284 2806; x_wconf 89' lang='lat' dir='ltr'>se</span> <span class='ocrx_word' id='word_1_196' title='bbox 1320 2751 1604 2823; x_wconf 80' lang='lat' dir='ltr'>erigente,</span> <span class='ocrx_word' id='word_1_197' title='bbox 1640 2752 1802 2823; x_wconf 89' lang='lat' dir='ltr'>gerit</span> 
     </span>
    </p>
   </div>
   <div class='ocr_carea' id='block_1_30' title="bbox 146 2836 1798 2896">
    <p class='ocr_par' dir='ltr' id='par_1_30' title="bbox 146 2836 1798 2896">
     <span class='ocr_line' id='line_1_31' title="bbox 146 2836 1798 2896; baseline 0.006 -11"><span class='ocrx_word' id='word_1_198' title='bbox 146 2836 257 2889; x_wconf 86' lang='lat' dir='ltr'>ante</span> <span class='ocrx_word' id='word_1_199' title='bbox 283 2840 335 2890; x_wconf 91' lang='lat' dir='ltr'>et</span> <span class='ocrx_word' id='word_1_200' title='bbox 390 2840 585 2893; x_wconf 84' lang='lat' dir='ltr'>retro.</span> <span class='ocrx_word' id='word_1_201' title='bbox 646 2836 891 2893; x_wconf 86' lang='lat' dir='ltr'>Accedit</span> <span class='ocrx_word' id='word_1_202' title='bbox 921 2843 982 2892; x_wconf 92' lang='lat' dir='ltr'>ut</span> <span class='ocrx_word' id='word_1_203' title='bbox 1006 2839 1315 2895; x_wconf 89' lang='lat' dir='ltr'>sinistrum</span> <span class='ocrx_word' id='word_1_204' title='bbox 1357 2856 1540 2896; x_wconf 93' lang='lat' dir='ltr'>cornu</span> <span class='ocrx_word' id='word_1_205' title='bbox 1594 2841 1798 2895; x_wconf 89' lang='lat' dir='ltr'>altaris</span> 
     </span>
    </p>
   </div>
   <div class='ocr_carea' id='block_1_31' title="bbox 147 2924 1797 2998">
    <p class='ocr_par' dir='ltr' id='par_1_31' title="bbox 147 2924 1797 2998">
     <span class='ocr_line' id='line_1_32' title="bbox 147 2924 1797 2998; baseline 0.005 -22"><span class='ocrx_word' id='word_1_206' title='bbox 147 2924 451 2996; x_wconf 85' lang='lat' dir='ltr'>osculetur;</span> <span class='ocrx_word' id='word_1_207' title='bbox 484 2928 691 2997; x_wconf 78' lang='lat' dir='ltr'>pergit</span> <span class='ocrx_word' id='word_1_208' title='bbox 722 2930 881 2983; x_wconf 91' lang='lat' dir='ltr'>stare</span> <span class='ocrx_word' id='word_1_209' title='bbox 913 2930 1115 2983; x_wconf 90' lang='lat' dir='ltr'>contra</span> <span class='ocrx_word' id='word_1_210' title='bbox 1134 2929 1525 2998; x_wconf 87' lang='lat' dir='ltr'>sacerdotem,</span> <span class='ocrx_word' id='word_1_211' title='bbox 1560 2932 1621 2984; x_wconf 92' lang='lat' dir='ltr'>ut</span> <span class='ocrx_word' id='word_1_212' title='bbox 1653 2946 1797 2984; x_wconf 91' lang='lat' dir='ltr'>con-</span> 
     </span>
    </p>
   </div>
   <div class='ocr_carea' id='block_1_32' title="bbox 146 3010 1798 3090">
    <p class='ocr_par' dir='ltr' id='par_1_32' title="bbox 146 3010 1798 3090">
     <span class='ocr_line' id='line_1_33' title="bbox 146 3010 1798 3090; baseline 0.006 -26"><span class='ocrx_word' id='word_1_213' title='bbox 146 3010 290 3067; x_wconf 88' lang='lat' dir='ltr'>fesso</span> <span class='ocrx_word' id='word_1_214' title='bbox 319 3015 701 3070; x_wconf 79' lang='lat' dir='ltr'>conﬁteatur.</span> <span class='ocrx_word' id='word_1_215' title='bbox 735 3016 997 3089; x_wconf 87' lang='lat' dir='ltr'>Porrigit</span> <span class='ocrx_word' id='word_1_216' title='bbox 1025 3018 1355 3089; x_wconf 90' lang='lat' dir='ltr'>incensum,</span> <span class='ocrx_word' id='word_1_217' title='bbox 1380 3034 1496 3090; x_wconf 92' lang='lat' dir='ltr'>quo</span> <span class='ocrx_word' id='word_1_218' title='bbox 1523 3019 1798 3089; x_wconf 86' lang='lat' dir='ltr'>imposito</span> 
     </span>
    </p>
   </div>
   <div class='ocr_carea' id='block_1_33' title="bbox 149 3102 1797 3179">
    <p class='ocr_par' dir='ltr' id='par_1_33' title="bbox 149 3102 1797 3179">
     <span class='ocr_line' id='line_1_34' title="bbox 149 3102 1797 3179; baseline 0.005 -26"><span class='ocrx_word' id='word_1_219' title='bbox 149 3102 368 3173; x_wconf 81' lang='lat' dir='ltr'>porrigit</span> <span class='ocrx_word' id='word_1_220' title='bbox 423 3119 672 3175; x_wconf 90' lang='lat' dir='ltr'>quoque</span> <span class='ocrx_word' id='word_1_221' title='bbox 712 3105 907 3175; x_wconf 90' lang='lat' dir='ltr'>ipsum</span> <span class='ocrx_word' id='word_1_222' title='bbox 942 3106 1343 3173; x_wconf 90' lang='lat' dir='ltr'>thuribulum;</span> <span class='ocrx_word' id='word_1_223' title='bbox 1405 3108 1561 3179; x_wconf 90' lang='lat' dir='ltr'>quod</span> <span class='ocrx_word' id='word_1_224' title='bbox 1594 3111 1797 3178; x_wconf 87' lang='lat' dir='ltr'>postea</span> 
     </span>
    </p>
   </div>
   <div class='ocr_carea' id='block_1_34' title="bbox 147 3190 1798 3265">
    <p class='ocr_par' dir='ltr' id='par_1_34' title="bbox 147 3190 1798 3265">
     <span class='ocr_line' id='line_1_35' title="bbox 147 3190 1798 3265; baseline 0.007 -26"><span class='ocrx_word' id='word_1_225' title='bbox 147 3190 435 3261; x_wconf 88' lang='lat' dir='ltr'>recipiens,</span> <span class='ocrx_word' id='word_1_226' title='bbox 490 3192 556 3247; x_wconf 88' lang='lat' dir='ltr'>si</span> <span class='ocrx_word' id='word_1_227' title='bbox 603 3197 695 3247; x_wconf 90' lang='lat' dir='ltr'>est</span> <span class='ocrx_word' id='word_1_228' title='bbox 739 3194 868 3249; x_wconf 89' lang='lat' dir='ltr'>dies</span> <span class='ocrx_word' id='word_1_229' title='bbox 928 3195 1235 3265; x_wconf 89' lang='lat' dir='ltr'>solemnis,</span> <span class='ocrx_word' id='word_1_230' title='bbox 1271 3196 1537 3251; x_wconf 88' lang='lat' dir='ltr'>incensat</span> <span class='ocrx_word' id='word_1_231' title='bbox 1598 3196 1798 3250; x_wconf 90' lang='lat' dir='ltr'>altaria</span> 
     </span>
    </p>
   </div>
   <div class='ocr_carea' id='block_1_35' title="bbox 145 3281 1796 3355">
    <p class='ocr_par' dir='ltr' id='par_1_35' title="bbox 145 3281 1796 3355">
     <span class='ocr_line' id='line_1_36' title="bbox 145 3281 1796 3355; baseline 0.005 -24"><span class='ocrx_word' id='word_1_232' title='bbox 145 3293 369 3351; x_wconf 67' lang='lat' dir='ltr'>quaeque</span> <span class='ocrx_word' id='word_1_233' title='bbox 408 3281 688 3352; x_wconf 80' lang='lat' dir='ltr'>proxima</span> <span class='ocrx_word' id='word_1_234' title='bbox 721 3282 926 3354; x_wconf 87' lang='lat' dir='ltr'>choro,</span> <span class='ocrx_word' id='word_1_235' title='bbox 963 3287 1019 3338; x_wconf 92' lang='lat' dir='ltr'>et</span> <span class='ocrx_word' id='word_1_236' title='bbox 1068 3285 1319 3338; x_wconf 81' lang='lat' dir='ltr'>maxime</span> <span class='ocrx_word' id='word_1_237' title='bbox 1351 3285 1544 3355; x_wconf 89' lang='lat' dir='ltr'>ipsius</span> <span class='ocrx_word' id='word_1_238' title='bbox 1593 3285 1796 3339; x_wconf 87' lang='lat' dir='ltr'>altaris</span> 
     </span>
    </p>
   </div>
   <div class='ocr_carea' id='block_1_36' title="bbox 147 3367 1795 3444">
    <p class='ocr_par' dir='ltr' id='par_1_36' title="bbox 147 3367 1795 3444">
     <span class='ocr_line' id='line_1_37' title="bbox 147 3367 1795 3444; baseline 0.006 -25"><span class='ocrx_word' id='word_1_239' title='bbox 147 3367 464 3438; x_wconf 82' lang='lat' dir='ltr'>principalis</span> <span class='ocrx_word' id='word_1_240' title='bbox 478 3386 712 3424; x_wconf 81' lang='lat' dir='ltr'>cornua</span> <span class='ocrx_word' id='word_1_241' title='bbox 725 3372 1073 3441; x_wconf 85' lang='lat' dir='ltr'>posteriora.</span> <span class='ocrx_word' id='word_1_242' title='bbox 1094 3372 1239 3428; x_wconf 90' lang='lat' dir='ltr'>Cum</span> <span class='ocrx_word' id='word_1_243' title='bbox 1253 3374 1537 3429; x_wconf 87' lang='lat' dir='ltr'>sacerdos</span> <span class='ocrx_word' id='word_1_244' title='bbox 1552 3374 1795 3444; x_wconf 90' lang='lat' dir='ltr'>sederit,</span> 
     </span>
    </p>
   </div>
   <div class='ocr_carea' id='block_1_37' title="bbox 148 3453 1795 3534">
    <p class='ocr_par' dir='ltr' id='par_1_37' title="bbox 148 3453 1795 3534">
     <span class='ocr_line' id='line_1_38' title="bbox 148 3453 1795 3534; baseline 0.008 -29"><span class='ocrx_word' id='word_1_245' title='bbox 148 3453 257 3524; x_wconf 89' lang='lat' dir='ltr'>ipse</span> <span class='ocrx_word' id='word_1_246' title='bbox 275 3474 518 3529; x_wconf 79' lang='lat' dir='ltr'>quoque</span> <span class='ocrx_word' id='word_1_247' title='bbox 540 3460 728 3529; x_wconf 90' lang='lat' dir='ltr'>sedet,</span> <span class='ocrx_word' id='word_1_248' title='bbox 758 3461 925 3530; x_wconf 90' lang='lat' dir='ltr'>prius</span> <span class='ocrx_word' id='word_1_249' title='bbox 948 3465 1142 3516; x_wconf 89' lang='lat' dir='ltr'>tamen</span> <span class='ocrx_word' id='word_1_250' title='bbox 1165 3463 1472 3518; x_wconf 88' lang='lat' dir='ltr'>sacerdote</span> <span class='ocrx_word' id='word_1_251' title='bbox 1498 3464 1795 3534; x_wconf 87' lang='lat' dir='ltr'>innuente,</span> 
     </span>
    </p>
   </div>
   <div class='ocr_carea' id='block_1_38' title="bbox 152 3547 1803 3624">
    <p class='ocr_par' dir='ltr' id='par_1_38' title="bbox 152 3547 1803 3624">
     <span class='ocr_line' id='line_1_39' title="bbox 152 3547 1803 3624; baseline 0.008 -29"><span class='ocrx_word' id='word_1_252' title='bbox 152 3558 242 3597; x_wconf 89' lang='lat' dir='ltr'>nec</span> <span class='ocrx_word' id='word_1_253' title='bbox 263 3547 443 3617; x_wconf 88' lang='lat' dir='ltr'>sedet,</span> <span class='ocrx_word' id='word_1_254' title='bbox 460 3548 699 3618; x_wconf 76' lang='lat' dir='ltr'>absque</span> <span class='ocrx_word' id='word_1_255' title='bbox 720 3549 955 3603; x_wconf 88' lang='lat' dir='ltr'>licentia</span> <span class='ocrx_word' id='word_1_256' title='bbox 990 3549 1355 3621; x_wconf 88' lang='lat' dir='ltr'>ejus.Finito</span> <span class='ocrx_word' id='word_1_257' title='bbox 1383 3550 1707 3624; x_wconf 84' lang='lat' dir='ltr'>Evangelio</span> <span class='ocrx_word' id='word_1_258' title='bbox 1725 3553 1803 3611; x_wconf 81' lang='lat' dir='ltr'>fa.</span> 
     </span>
    </p>
   </div>
   <div class='ocr_carea' id='block_1_39' title="bbox 149 3632 1798 3713">
    <p class='ocr_par' dir='ltr' id='par_1_39' title="bbox 149 3632 1798 3713">
     <span class='ocr_line' id='line_1_40' title="bbox 149 3632 1798 3713; baseline 0.008 -29"><span class='ocrx_word' id='word_1_259' title='bbox 149 3632 344 3690; x_wconf 86' lang='lat' dir='ltr'>citante</span> <span class='ocrx_word' id='word_1_260' title='bbox 391 3641 449 3691; x_wconf 88' lang='lat' dir='ltr'>et</span> <span class='ocrx_word' id='word_1_261' title='bbox 496 3638 700 3707; x_wconf 81' lang='lat' dir='ltr'>retro;</span> <span class='ocrx_word' id='word_1_262' title='bbox 736 3637 872 3691; x_wconf 88' lang='lat' dir='ltr'>item</span> <span class='ocrx_word' id='word_1_263' title='bbox 901 3639 1089 3693; x_wconf 91' lang='lat' dir='ltr'>missa</span> <span class='ocrx_word' id='word_1_264' title='bbox 1120 3640 1279 3694; x_wconf 83' lang='lat' dir='ltr'>finita</span> <span class='ocrx_word' id='word_1_265' title='bbox 1313 3640 1386 3693; x_wconf 88' lang='lat' dir='ltr'>ad</span> <span class='ocrx_word' id='word_1_266' title='bbox 1413 3642 1590 3713; x_wconf 83' lang='lat' dir='ltr'>cujus</span> <span class='ocrx_word' id='word_1_267' title='bbox 1620 3642 1798 3697; x_wconf 87' lang='lat' dir='ltr'>ﬁnem</span> 
     </span>
    </p>
   </div>
   <div class='ocr_carea' id='block_1_40' title="bbox 149 3726 1801 3800">
    <p class='ocr_par' dir='ltr' id='par_1_40' title="bbox 149 3726 1801 3800">
     <span class='ocr_line' id='line_1_41' title="bbox 149 3726 1801 3800; baseline 0.007 -26"><span class='ocrx_word' id='word_1_268' title='bbox 149 3738 420 3794; x_wconf 85' lang='lat' dir='ltr'>nunquam</span> <span class='ocrx_word' id='word_1_269' title='bbox 448 3727 797 3796; x_wconf 72' lang='lat' dir='ltr'>pronuntiat</span> <span class='ocrx_word' id='word_1_270' title='bbox 825 3726 908 3782; x_wconf 81' lang='lat' dir='ltr'>Ite</span> <span class='ocrx_word' id='word_1_271' title='bbox 938 3728 1130 3783; x_wconf 87' lang='lat' dir='ltr'>Missa</span> <span class='ocrx_word' id='word_1_272' title='bbox 1163 3735 1274 3800; x_wconf 83' lang='lat' dir='ltr'>est,</span> <span class='ocrx_word' id='word_1_273' title='bbox 1308 3730 1427 3785; x_wconf 90' lang='lat' dir='ltr'>nisi</span> <span class='ocrx_word' id='word_1_274' title='bbox 1457 3732 1629 3785; x_wconf 90' lang='lat' dir='ltr'>etiam</span> <span class='ocrx_word' id='word_1_275' title='bbox 1673 3731 1801 3786; x_wconf 89' lang='lat' dir='ltr'>Glo-</span> 
     </span>
    </p>
   </div>
   <div class='ocr_carea' id='block_1_41' title="bbox 146 3811 917 3870">
    <p class='ocr_par' dir='ltr' id='par_1_41' title="bbox 146 3811 917 3870">
     <span class='ocr_line' id='line_1_42' title="bbox 146 3811 917 3870; baseline 0.008 -6"><span class='ocrx_word' id='word_1_276' title='bbox 146 3811 217 3864; x_wconf 86' lang='lat' dir='ltr'>ria</span> <span class='ocrx_word' id='word_1_277' title='bbox 246 3814 302 3866; x_wconf 88' lang='lat' dir='ltr'>in</span> <span class='ocrx_word' id='word_1_278' title='bbox 333 3812 605 3870; x_wconf 77' lang='lat' dir='ltr'>excelsis</span> <span class='ocrx_word' id='word_1_279' title='bbox 636 3817 917 3870; x_wconf 88' lang='lat' dir='ltr'>cantetur.</span> 
     </span>
    </p>
   </div>
   <div class='ocr_carea' id='block_1_42' title="bbox 704 3903 1229 3960">
    <p class='ocr_par' dir='ltr' id='par_1_42' title="bbox 704 3903 1229 3960">
     <span class='ocr_line' id='line_1_43' title="bbox 704 3903 1229 3960; baseline 0.008 -4"><span class='ocrx_word' id='word_1_280' title='bbox 704 3903 955 3958; x_wconf 80' lang='lat' dir='ltr'><strong>CAPUT</strong></span> <span class='ocrx_word' id='word_1_281' title='bbox 988 3906 1229 3960; x_wconf 84' lang='lat' dir='ltr'><strong>XXXIII</strong></span> 
     </span>
    </p>
   </div>
   <div class='ocr_carea' id='block_1_43' title="bbox 157 3987 1802 4070">
    <p class='ocr_par' dir='ltr' id='par_1_43' title="bbox 157 3987 1802 4070">
     <span class='ocr_line' id='line_1_44' title="bbox 157 3987 1802 4070; baseline 0.007 -28"><span class='ocrx_word' id='word_1_282' title='bbox 157 3987 230 4045; x_wconf 88' lang='lat' dir='ltr'>De</span> <span class='ocrx_word' id='word_1_283' title='bbox 254 3992 664 4048; x_wconf 80' lang='lat' dir='ltr'>servitoribus</span> <span class='ocrx_word' id='word_1_284' title='bbox 685 3992 972 4064; x_wconf 69' lang='lat' dir='ltr'>ecclesiae,</span> <span class='ocrx_word' id='word_1_285' title='bbox 991 3996 1141 4050; x_wconf 81' lang='lat' dir='ltr'>etde</span> <span class='ocrx_word' id='word_1_286' title='bbox 1163 3997 1260 4051; x_wconf 81' lang='lat' dir='ltr'>his</span> <span class='ocrx_word' id='word_1_287' title='bbox 1284 4014 1424 4069; x_wconf 86' lang='lat' dir='ltr'>quos</span> <span class='ocrx_word' id='word_1_288' title='bbox 1445 3999 1802 4070; x_wconf 70' lang='lat' dir='ltr'>appellamus</span> 
     </span>
    </p>
   </div>
   <div class='ocr_carea' id='block_1_44' title="bbox 691 4082 1249 4139">
    <p class='ocr_par' dir='ltr' id='par_1_44' title="bbox 691 4082 1249 4139">
     <span class='ocr_line' id='line_1_45' title="bbox 691 4082 1249 4139; baseline 0.009 -4"><span class='ocrx_word' id='word_1_289' title='bbox 691 4082 1004 4138; x_wconf 82' lang='lat' dir='ltr'>ministros</span> <span class='ocrx_word' id='word_1_290' title='bbox 1033 4085 1249 4139; x_wconf 80' lang='lat' dir='ltr'>altaris</span> 
     </span>
    </p>
   </div>
   <div class='ocr_carea' id='block_1_45' title="bbox 212 4204 1800 4282">
    <p class='ocr_par' dir='ltr' id='par_1_45' title="bbox 212 4204 1800 4282">
     <span class='ocr_line' id='line_1_46' title="bbox 212 4204 1800 4282; baseline 0.006 -24"><span class='ocrx_word' id='word_1_291' title='bbox 212 4204 540 4263; x_wconf 88' lang='lat' dir='ltr'>Servitores</span> <span class='ocrx_word' id='word_1_292' title='bbox 572 4212 793 4277; x_wconf 85' lang='lat' dir='ltr'>praeter</span> <span class='ocrx_word' id='word_1_293' title='bbox 848 4209 961 4263; x_wconf 91' lang='lat' dir='ltr'>hoc</span> <span class='ocrx_word' id='word_1_294' title='bbox 989 4226 1206 4265; x_wconf 92' lang='lat' dir='ltr'>munus</span> <span class='ocrx_word' id='word_1_295' title='bbox 1235 4212 1391 4282; x_wconf 90' lang='lat' dir='ltr'>quod</span> <span class='ocrx_word' id='word_1_296' title='bbox 1432 4213 1800 4267; x_wconf 89' lang='lat' dir='ltr'>thuribulum</span> 
     </span>
    </p>
   </div>
   <div class='ocr_carea' id='block_1_46' title="bbox 154 4297 1802 4372">
    <p class='ocr_par' dir='ltr' id='par_1_46' title="bbox 154 4297 1802 4372">
     <span class='ocr_line' id='line_1_47' title="bbox 154 4297 1802 4372; baseline 0.007 -26"><span class='ocrx_word' id='word_1_297' title='bbox 154 4298 199 4346; x_wconf 85' lang='lat' dir='ltr'>et</span> <span class='ocrx_word' id='word_1_298' title='bbox 242 4298 596 4352; x_wconf 86' lang='lat' dir='ltr'>candelabra</span> <span class='ocrx_word' id='word_1_299' title='bbox 634 4297 961 4369; x_wconf 89' lang='lat' dir='ltr'>deportant,</span> <span class='ocrx_word' id='word_1_300' title='bbox 1013 4299 1331 4372; x_wconf 82' lang='lat' dir='ltr'>diligenter</span> <span class='ocrx_word' id='word_1_301' title='bbox 1374 4302 1698 4356; x_wconf 90' lang='lat' dir='ltr'>observant</span> <span class='ocrx_word' id='word_1_302' title='bbox 1739 4304 1802 4357; x_wconf 89' lang='lat' dir='ltr'>ut</span> 
     </span>
    </p>
   </div>
   <div class='ocr_carea' id='block_1_47' title="bbox 158 4386 1801 4459">
    <p class='ocr_par' dir='ltr' id='par_1_47' title="bbox 158 4386 1801 4459">
     <span class='ocr_line' id='line_1_48' title="bbox 158 4386 1801 4459; baseline 0.005 -23"><span class='ocrx_word' id='word_1_303' title='bbox 158 4398 451 4456; x_wconf 87' lang='lat' dir='ltr'>numquam</span> <span class='ocrx_word' id='word_1_304' title='bbox 473 4386 673 4441; x_wconf 89' lang='lat' dir='ltr'>desint</span> <span class='ocrx_word' id='word_1_305' title='bbox 693 4386 766 4440; x_wconf 90' lang='lat' dir='ltr'>ad</span> <span class='ocrx_word' id='word_1_306' title='bbox 787 4388 1139 4459; x_wconf 88' lang='lat' dir='ltr'>obsequium</span> <span class='ocrx_word' id='word_1_307' title='bbox 1171 4390 1521 4446; x_wconf 87' lang='lat' dir='ltr'>sacerdotis.</span> <span class='ocrx_word' id='word_1_308' title='bbox 1578 4392 1801 4446; x_wconf 70' lang='lat' dir='ltr'>Levitze</span> 
     </span>
    </p>
   </div>
   <div class='ocr_carea' id='block_1_48' title="bbox 1897 537 3566 608">
    <p class='ocr_par' dir='ltr' id='par_1_48' title="bbox 1897 537 3566 608">
     <span class='ocr_line' id='line_1_49' title="bbox 1897 537 3566 608; baseline 0.002 -17"><span class='ocrx_word' id='word_1_309' title='bbox 1897 537 2058 607; x_wconf 89' lang='lat' dir='ltr'>lium,</span> <span class='ocrx_word' id='word_1_310' title='bbox 2076 542 2211 608; x_wconf 89' lang='lat' dir='ltr'>etc.,</span> <span class='ocrx_word' id='word_1_311' title='bbox 2230 538 2515 592; x_wconf 84' lang='lat' dir='ltr'>Dominus</span> <span class='ocrx_word' id='word_1_312' title='bbox 2529 538 2881 608; x_wconf 80' lang='lat' dir='ltr'>eustoditte,</span> <span class='ocrx_word' id='word_1_313' title='bbox 2902 543 3036 607; x_wconf 90' lang='lat' dir='ltr'>etc.,</span> <span class='ocrx_word' id='word_1_314' title='bbox 3065 540 3347 595; x_wconf 85' lang='lat' dir='ltr'>Dominus</span> <span class='ocrx_word' id='word_1_315' title='bbox 3375 545 3566 595; x_wconf 82' lang='lat' dir='ltr'>custo-</span> 
     </span>
    </p>
   </div>
   <div class='ocr_carea' id='block_1_49' title="bbox 1899 627 3564 699">
    <p class='ocr_par' dir='ltr' id='par_1_49' title="bbox 1899 627 3564 699">
     <span class='ocr_line' id='line_1_50' title="bbox 1899 627 3564 699; baseline 0.001 -18"><span class='ocrx_word' id='word_1_316' title='bbox 1899 628 2290 697; x_wconf 76' lang='lat' dir='ltr'>diatintroit.,</span> <span class='ocrx_word' id='word_1_317' title='bbox 2309 630 2419 682; x_wconf 89' lang='lat' dir='ltr'>etc.</span> <span class='ocrx_word' id='word_1_318' title='bbox 2445 627 2747 682; x_wconf 79' lang='lat' dir='ltr'>Auferata</span> <span class='ocrx_word' id='word_1_319' title='bbox 2769 632 2825 681; x_wconf 84' lang='lat' dir='ltr'>te</span> <span class='ocrx_word' id='word_1_320' title='bbox 2852 629 3125 699; x_wconf 81' lang='lat' dir='ltr'>spiritum</span> <span class='ocrx_word' id='word_1_321' title='bbox 3150 629 3564 684; x_wconf 70' lang='lat' dir='ltr'>elationisetc.</span> 
     </span>
    </p>
   </div>
   <div class='ocr_carea' id='block_1_50' title="bbox 1907 715 3569 788">
    <p class='ocr_par' dir='ltr' id='par_1_50' title="bbox 1907 715 3569 788">
     <span class='ocr_line' id='line_1_51' title="bbox 1907 715 3569 788; baseline 0.002 -19"><span class='ocrx_word' id='word_1_322' title='bbox 1907 715 2122 769; x_wconf 90' lang='lat' dir='ltr'>Iterum</span> <span class='ocrx_word' id='word_1_323' title='bbox 2154 718 2254 788; x_wconf 91' lang='lat' dir='ltr'>qui</span> <span class='ocrx_word' id='word_1_324' title='bbox 2282 716 2547 770; x_wconf 90' lang='lat' dir='ltr'>lecturus</span> <span class='ocrx_word' id='word_1_325' title='bbox 2580 718 2672 771; x_wconf 89' lang='lat' dir='ltr'>est</span> <span class='ocrx_word' id='word_1_326' title='bbox 2718 716 2958 770; x_wconf 89' lang='lat' dir='ltr'>inclinat</span> <span class='ocrx_word' id='word_1_327' title='bbox 2981 720 3039 770; x_wconf 91' lang='lat' dir='ltr'>ut</span> <span class='ocrx_word' id='word_1_328' title='bbox 3067 718 3251 786; x_wconf 88' lang='lat' dir='ltr'>prius.</span> <span class='ocrx_word' id='word_1_329' title='bbox 3288 720 3436 771; x_wconf 88' lang='lat' dir='ltr'>Ante</span> <span class='ocrx_word' id='word_1_330' title='bbox 3469 734 3569 773; x_wconf 90' lang='lat' dir='ltr'>re-</span> 
     </span>
    </p>
   </div>
   <div class='ocr_carea' id='block_1_51' title="bbox 1912 804 3567 876">
    <p class='ocr_par' dir='ltr' id='par_1_51' title="bbox 1912 804 3567 876">
     <span class='ocr_line' id='line_1_52' title="bbox 1912 804 3567 876; baseline 0.002 -19"><span class='ocrx_word' id='word_1_331' title='bbox 1912 804 2222 859; x_wconf 88' lang='lat' dir='ltr'>fectionem</span> <span class='ocrx_word' id='word_1_332' title='bbox 2281 805 2618 874; x_wconf 81' lang='lat' dir='ltr'>generalem</span> <span class='ocrx_word' id='word_1_333' title='bbox 2676 805 2748 859; x_wconf 89' lang='lat' dir='ltr'>de</span> <span class='ocrx_word' id='word_1_334' title='bbox 2799 821 2947 874; x_wconf 90' lang='lat' dir='ltr'>pane</span> <span class='ocrx_word' id='word_1_335' title='bbox 2991 805 3245 876; x_wconf 88' lang='lat' dir='ltr'>vinoque</span> <span class='ocrx_word' id='word_1_336' title='bbox 3275 807 3567 876; x_wconf 62' lang='lat' dir='ltr'>praelibat,</span> 
     </span>
    </p>
   </div>
   <div class='ocr_carea' id='block_1_52' title="bbox 1898 891 3571 963">
    <p class='ocr_par' dir='ltr' id='par_1_52' title="bbox 1898 891 3571 963">
     <span class='ocr_line' id='line_1_53' title="bbox 1898 891 3571 963; baseline 0 -16"><span class='ocrx_word' id='word_1_337' title='bbox 1898 891 2067 963; x_wconf 82' lang='lat' dir='ltr'>juxta</span> <span class='ocrx_word' id='word_1_338' title='bbox 2083 893 2479 963; x_wconf 89' lang='lat' dir='ltr'>prescriptum</span> <span class='ocrx_word' id='word_1_339' title='bbox 2501 894 2686 948; x_wconf 88' lang='lat' dir='ltr'>sancti</span> <span class='ocrx_word' id='word_1_340' title='bbox 2709 894 3032 948; x_wconf 89' lang='lat' dir='ltr'>Benedicti.</span> <span class='ocrx_word' id='word_1_341' title='bbox 3063 894 3151 948; x_wconf 82' lang='lat' dir='ltr'>Ad</span> <span class='ocrx_word' id='word_1_342' title='bbox 3172 895 3571 948; x_wconf 89' lang='lat' dir='ltr'>matutinalom</span> 
     </span>
    </p>
   </div>
   <div class='ocr_carea' id='block_1_53' title="bbox 1907 981 3571 1054">
    <p class='ocr_par' dir='ltr' id='par_1_53' title="bbox 1907 981 3571 1054">
     <span class='ocr_line' id='line_1_54' title="bbox 1907 981 3571 1054; baseline 0.001 -19"><span class='ocrx_word' id='word_1_343' title='bbox 1907 997 2014 1035; x_wconf 89' lang='lat' dir='ltr'>seu</span> <span class='ocrx_word' id='word_1_344' title='bbox 2047 981 2331 1053; x_wconf 79' lang='lat' dir='ltr'>majorem</span> <span class='ocrx_word' id='word_1_345' title='bbox 2362 983 2607 1036; x_wconf 90' lang='lat' dir='ltr'>missam</span> <span class='ocrx_word' id='word_1_346' title='bbox 2632 986 2766 1053; x_wconf 89' lang='lat' dir='ltr'>post</span> <span class='ocrx_word' id='word_1_347' title='bbox 2788 983 3161 1054; x_wconf 88' lang='lat' dir='ltr'>evangelium</span> <span class='ocrx_word' id='word_1_348' title='bbox 3183 982 3484 1053; x_wconf 89' lang='lat' dir='ltr'>accipiens</span> <span class='ocrx_word' id='word_1_349' title='bbox 3506 983 3571 1036; x_wconf 87' lang='lat' dir='ltr'>li-</span> 
     </span>
    </p>
   </div>
   <div class='ocr_carea' id='block_1_54' title="bbox 1902 1070 3575 1142">
    <p class='ocr_par' dir='ltr' id='par_1_54' title="bbox 1902 1070 3575 1142">
     <span class='ocr_line' id='line_1_55' title="bbox 1902 1070 3575 1142; baseline 0.001 -18"><span class='ocrx_word' id='word_1_350' title='bbox 1902 1071 2077 1124; x_wconf 86' lang='lat' dir='ltr'>brum</span> <span class='ocrx_word' id='word_1_351' title='bbox 2095 1070 2155 1124; x_wconf 90' lang='lat' dir='ltr'>in</span> <span class='ocrx_word' id='word_1_352' title='bbox 2173 1086 2288 1141; x_wconf 88' lang='lat' dir='ltr'>quo</span> <span class='ocrx_word' id='word_1_353' title='bbox 2327 1071 2644 1142; x_wconf 86' lang='lat' dir='ltr'>legendum</span> <span class='ocrx_word' id='word_1_354' title='bbox 2668 1074 2779 1141; x_wconf 91' lang='lat' dir='ltr'>est,</span> <span class='ocrx_word' id='word_1_355' title='bbox 2803 1072 3163 1126; x_wconf 88' lang='lat' dir='ltr'>etsecedens</span> <span class='ocrx_word' id='word_1_356' title='bbox 3184 1072 3245 1125; x_wconf 91' lang='lat' dir='ltr'>in</span> <span class='ocrx_word' id='word_1_357' title='bbox 3284 1073 3575 1127; x_wconf 88' lang='lat' dir='ltr'>minorem</span> 
     </span>
    </p>
   </div>
   <div class='ocr_carea' id='block_1_55' title="bbox 1905 1152 3574 1232">
    <p class='ocr_par' dir='ltr' id='par_1_55' title="bbox 1905 1152 3574 1232">
     <span class='ocr_line' id='line_1_56' title="bbox 1905 1152 3574 1232; baseline 0.001 -20"><span class='ocrx_word' id='word_1_358' title='bbox 1905 1159 2153 1214; x_wconf 90' lang='lat' dir='ltr'>chorum</span> <span class='ocrx_word' id='word_1_359' title='bbox 2184 1159 2431 1214; x_wconf 90' lang='lat' dir='ltr'>intendit</span> <span class='ocrx_word' id='word_1_360' title='bbox 2453 1159 2547 1214; x_wconf 89' lang='lat' dir='ltr'>his</span> <span class='ocrx_word' id='word_1_361' title='bbox 2571 1176 2704 1232; x_wconf 86' lang='lat' dir='ltr'>quae</span> <span class='ocrx_word' id='word_1_362' title='bbox 2728 1152 2867 1214; x_wconf 83' lang='lat' dir='ltr'>sunt</span> <span class='ocrx_word' id='word_1_363' title='bbox 2893 1160 3166 1231; x_wconf 88' lang='lat' dir='ltr'>legenda.</span> <span class='ocrx_word' id='word_1_364' title='bbox 3198 1158 3367 1224; x_wconf 87' lang='lat' dir='ltr'>Quod</span> <span class='ocrx_word' id='word_1_365' title='bbox 3393 1160 3447 1214; x_wconf 91' lang='lat' dir='ltr'>si</span> <span class='ocrx_word' id='word_1_366' title='bbox 3468 1160 3574 1231; x_wconf 88' lang='lat' dir='ltr'>ju-</span> 
     </span>
    </p>
   </div>
   <div class='ocr_carea' id='block_1_56' title="bbox 1906 1248 3569 1319">
    <p class='ocr_par' dir='ltr' id='par_1_56' title="bbox 1906 1248 3569 1319">
     <span class='ocr_line' id='line_1_57' title="bbox 1906 1248 3569 1319; baseline 0.001 -19"><span class='ocrx_word' id='word_1_367' title='bbox 1906 1248 2078 1302; x_wconf 81' lang='lat' dir='ltr'>venis</span> <span class='ocrx_word' id='word_1_368' title='bbox 2111 1251 2203 1303; x_wconf 91' lang='lat' dir='ltr'>est</span> <span class='ocrx_word' id='word_1_369' title='bbox 2240 1248 2299 1301; x_wconf 90' lang='lat' dir='ltr'>in</span> <span class='ocrx_word' id='word_1_370' title='bbox 2321 1248 2592 1303; x_wconf 89' lang='lat' dir='ltr'>custodia</span> <span class='ocrx_word' id='word_1_371' title='bbox 2619 1249 2875 1318; x_wconf 89' lang='lat' dir='ltr'>positus,</span> <span class='ocrx_word' id='word_1_372' title='bbox 2910 1252 3049 1303; x_wconf 90' lang='lat' dir='ltr'>tunc</span> <span class='ocrx_word' id='word_1_373' title='bbox 3077 1264 3193 1303; x_wconf 90' lang='lat' dir='ltr'>non</span> <span class='ocrx_word' id='word_1_374' title='bbox 3224 1249 3301 1302; x_wconf 90' lang='lat' dir='ltr'>ita</span> <span class='ocrx_word' id='word_1_375' title='bbox 3323 1249 3569 1319; x_wconf 88' lang='lat' dir='ltr'>secedit,</span> 
     </span>
    </p>
   </div>
   <div class='ocr_carea' id='block_1_57' title="bbox 1905 1336 3568 1408">
    <p class='ocr_par' dir='ltr' id='par_1_57' title="bbox 1905 1336 3568 1408">
     <span class='ocr_line' id='line_1_58' title="bbox 1905 1336 3568 1408; baseline -0.002 -16"><span class='ocrx_word' id='word_1_376' title='bbox 1905 1340 1961 1392; x_wconf 92' lang='lat' dir='ltr'>et</span> <span class='ocrx_word' id='word_1_377' title='bbox 1978 1339 2259 1408; x_wconf 90' lang='lat' dir='ltr'>quantum</span> <span class='ocrx_word' id='word_1_378' title='bbox 2276 1337 2440 1408; x_wconf 89' lang='lat' dir='ltr'>legit,</span> <span class='ocrx_word' id='word_1_379' title='bbox 2457 1336 2600 1408; x_wconf 89' lang='lat' dir='ltr'>legit</span> <span class='ocrx_word' id='word_1_380' title='bbox 2626 1338 2685 1391; x_wconf 92' lang='lat' dir='ltr'>in</span> <span class='ocrx_word' id='word_1_381' title='bbox 2706 1337 2838 1408; x_wconf 90' lang='lat' dir='ltr'>ipso</span> <span class='ocrx_word' id='word_1_382' title='bbox 2858 1337 3062 1391; x_wconf 83' lang='lat' dir='ltr'>choro.</span> <span class='ocrx_word' id='word_1_383' title='bbox 3086 1337 3333 1391; x_wconf 88' lang='lat' dir='ltr'>Librum</span> <span class='ocrx_word' id='word_1_384' title='bbox 3356 1339 3568 1405; x_wconf 90' lang='lat' dir='ltr'>autem,</span> 
     </span>
    </p>
   </div>
   <div class='ocr_carea' id='block_1_58' title="bbox 1901 1424 3569 1498">
    <p class='ocr_par' dir='ltr' id='par_1_58' title="bbox 1901 1424 3569 1498">
     <span class='ocr_line' id='line_1_59' title="bbox 1901 1424 3569 1498; baseline 0 -20"><span class='ocrx_word' id='word_1_385' title='bbox 1901 1425 1962 1480; x_wconf 92' lang='lat' dir='ltr'>in</span> <span class='ocrx_word' id='word_1_386' title='bbox 2008 1442 2123 1498; x_wconf 90' lang='lat' dir='ltr'>quo</span> <span class='ocrx_word' id='word_1_387' title='bbox 2149 1425 2465 1496; x_wconf 86' lang='lat' dir='ltr'>legendum</span> <span class='ocrx_word' id='word_1_388' title='bbox 2501 1427 2611 1495; x_wconf 90' lang='lat' dir='ltr'>est,</span> <span class='ocrx_word' id='word_1_389' title='bbox 2646 1425 2705 1480; x_wconf 92' lang='lat' dir='ltr'>in</span> <span class='ocrx_word' id='word_1_390' title='bbox 2735 1424 3113 1480; x_wconf 86' lang='lat' dir='ltr'>refectorium</span> <span class='ocrx_word' id='word_1_391' title='bbox 3143 1428 3333 1495; x_wconf 90' lang='lat' dir='ltr'>portat</span> <span class='ocrx_word' id='word_1_392' title='bbox 3386 1429 3443 1480; x_wconf 90' lang='lat' dir='ltr'>et</span> <span class='ocrx_word' id='word_1_393' title='bbox 3473 1441 3569 1479; x_wconf 92' lang='lat' dir='ltr'>re-</span> 
     </span>
    </p>
   </div>
   <div class='ocr_carea' id='block_1_59' title="bbox 1898 1513 3574 1587">
    <p class='ocr_par' dir='ltr' id='par_1_59' title="bbox 1898 1513 3574 1587">
     <span class='ocr_line' id='line_1_60' title="bbox 1898 1513 3574 1587; baseline -0.002 -17"><span class='ocrx_word' id='word_1_394' title='bbox 1898 1517 2091 1587; x_wconf 88' lang='lat' dir='ltr'>portat</span> <span class='ocrx_word' id='word_1_395' title='bbox 2111 1514 2211 1586; x_wconf 91' lang='lat' dir='ltr'>qui</span> <span class='ocrx_word' id='word_1_396' title='bbox 2241 1513 2383 1586; x_wconf 91' lang='lat' dir='ltr'>legit</span> <span class='ocrx_word' id='word_1_397' title='bbox 2416 1513 2489 1567; x_wconf 91' lang='lat' dir='ltr'>ad</span> <span class='ocrx_word' id='word_1_398' title='bbox 2533 1514 2879 1569; x_wconf 89' lang='lat' dir='ltr'>servitores.</span> <span class='ocrx_word' id='word_1_399' title='bbox 2927 1514 2998 1567; x_wconf 90' lang='lat' dir='ltr'>Et</span> <span class='ocrx_word' id='word_1_400' title='bbox 3036 1515 3171 1586; x_wconf 90' lang='lat' dir='ltr'>quia</span> <span class='ocrx_word' id='word_1_401' title='bbox 3204 1513 3400 1568; x_wconf 89' lang='lat' dir='ltr'>nullus</span> <span class='ocrx_word' id='word_1_402' title='bbox 3448 1513 3574 1567; x_wconf 88' lang='lat' dir='ltr'>fra—</span> 
     </span>
    </p>
   </div>
   <div class='ocr_carea' id='block_1_60' title="bbox 1903 1603 3570 1674">
    <p class='ocr_par' dir='ltr' id='par_1_60' title="bbox 1903 1603 3570 1674">
     <span class='ocr_line' id='line_1_61' title="bbox 1903 1603 3570 1674; baseline -0.002 -16"><span class='ocrx_word' id='word_1_403' title='bbox 1903 1608 2055 1659; x_wconf 91' lang='lat' dir='ltr'>trum</span> <span class='ocrx_word' id='word_1_404' title='bbox 2087 1604 2406 1674; x_wconf 90' lang='lat' dir='ltr'>quidquam</span> <span class='ocrx_word' id='word_1_405' title='bbox 2425 1604 2755 1673; x_wconf 84' lang='lat' dir='ltr'>gustaverit</span> <span class='ocrx_word' id='word_1_406' title='bbox 2772 1603 3119 1674; x_wconf 86' lang='lat' dir='ltr'>priusquam</span> <span class='ocrx_word' id='word_1_407' title='bbox 3141 1603 3313 1657; x_wconf 90' lang='lat' dir='ltr'>lectio</span> <span class='ocrx_word' id='word_1_408' title='bbox 3342 1606 3435 1656; x_wconf 90' lang='lat' dir='ltr'>est</span> <span class='ocrx_word' id='word_1_409' title='bbox 3466 1603 3570 1655; x_wconf 90' lang='lat' dir='ltr'>im-</span> 
     </span>
    </p>
   </div>
   <div class='ocr_carea' id='block_1_61' title="bbox 1902 1692 3572 1763">
    <p class='ocr_par' dir='ltr' id='par_1_61' title="bbox 1902 1692 3572 1763">
     <span class='ocr_line' id='line_1_62' title="bbox 1902 1692 3572 1763; baseline -0.001 -16"><span class='ocrx_word' id='word_1_410' title='bbox 1902 1693 2113 1763; x_wconf 90' lang='lat' dir='ltr'>posita,</span> <span class='ocrx_word' id='word_1_411' title='bbox 2150 1709 2281 1747; x_wconf 87' lang='lat' dir='ltr'>cum</span> <span class='ocrx_word' id='word_1_412' title='bbox 2310 1692 2562 1763; x_wconf 91' lang='lat' dir='ltr'>primum</span> <span class='ocrx_word' id='word_1_413' title='bbox 2593 1692 2846 1747; x_wconf 87' lang='lat' dir='ltr'>domnus</span> <span class='ocrx_word' id='word_1_414' title='bbox 2877 1692 3082 1762; x_wconf 84' lang='lat' dir='ltr'>abbas,</span> <span class='ocrx_word' id='word_1_415' title='bbox 3114 1693 3210 1746; x_wconf 86' lang='lat' dir='ltr'>vel</span> <span class='ocrx_word' id='word_1_416' title='bbox 3241 1692 3404 1762; x_wconf 86' lang='lat' dir='ltr'>prior</span> <span class='ocrx_word' id='word_1_417' title='bbox 3436 1707 3572 1746; x_wconf 89' lang='lat' dir='ltr'>con-</span> 
     </span>
    </p>
   </div>
   <div class='ocr_carea' id='block_1_62' title="bbox 2131 1781 3579 1852">
    <p class='ocr_par' dir='ltr' id='par_1_62' title="bbox 2131 1781 3579 1852">
     <span class='ocr_line' id='line_1_63' title="bbox 2131 1781 3579 1852; baseline -0.002 -16"><span class='ocrx_word' id='word_1_418' title='bbox 2131 1824 2144 1851; x_wconf 93' lang='lat'>,</span> <span class='ocrx_word' id='word_1_419' title='bbox 2186 1782 2329 1852; x_wconf 88' lang='lat' dir='ltr'>petit</span> <span class='ocrx_word' id='word_1_420' title='bbox 2379 1783 2564 1836; x_wconf 90' lang='lat' dir='ltr'>lector</span> <span class='ocrx_word' id='word_1_421' title='bbox 2619 1781 3109 1849; x_wconf 84' lang='lat' dir='ltr'>benedictionem,</span> <span class='ocrx_word' id='word_1_422' title='bbox 3168 1784 3222 1835; x_wconf 87' lang='lat' dir='ltr'>ct</span> <span class='ocrx_word' id='word_1_423' title='bbox 3280 1782 3579 1835; x_wconf 88' lang='lat' dir='ltr'>accelerat</span> 
     </span>
    </p>
   </div>
   <div class='ocr_carea' id='block_1_63' title="bbox 1904 1869 3569 1940">
    <p class='ocr_par' dir='ltr' id='par_1_63' title="bbox 1904 1869 3569 1940">
     <span class='ocr_line' id='line_1_64' title="bbox 1904 1869 3569 1940; baseline -0.002 -16"><span class='ocrx_word' id='word_1_424' title='bbox 1904 1870 2214 1926; x_wconf 89' lang='lat' dir='ltr'>lectionem</span> <span class='ocrx_word' id='word_1_425' title='bbox 2247 1870 2486 1924; x_wconf 91' lang='lat' dir='ltr'>adoriri.</span> <span class='ocrx_word' id='word_1_426' title='bbox 2528 1869 2653 1934; x_wconf 89' lang='lat' dir='ltr'>Qua</span> <span class='ocrx_word' id='word_1_427' title='bbox 2683 1870 2842 1923; x_wconf 87' lang='lat' dir='ltr'>ﬁnita</span> <span class='ocrx_word' id='word_1_428' title='bbox 2875 1870 3120 1923; x_wconf 87' lang='lat' dir='ltr'>veniens</span> <span class='ocrx_word' id='word_1_429' title='bbox 3153 1869 3225 1922; x_wconf 87' lang='lat' dir='ltr'>ad</span> <span class='ocrx_word' id='word_1_430' title='bbox 3298 1869 3569 1940; x_wconf 88' lang='lat' dir='ltr'>gradum,</span> 
     </span>
    </p>
   </div>
   <div class='ocr_carea' id='block_1_64' title="bbox 1905 1958 3562 2028">
    <p class='ocr_par' dir='ltr' id='par_1_64' title="bbox 1905 1958 3562 2028">
     <span class='ocr_line' id='line_1_65' title="bbox 1905 1958 3562 2028; baseline -0.002 -14"><span class='ocrx_word' id='word_1_431' title='bbox 1905 1963 2037 2014; x_wconf 91' lang='lat' dir='ltr'>ante</span> <span class='ocrx_word' id='word_1_432' title='bbox 2068 1959 2205 2014; x_wconf 83' lang='lat' dir='ltr'>facit</span> <span class='ocrx_word' id='word_1_433' title='bbox 2244 1963 2299 2013; x_wconf 91' lang='lat' dir='ltr'>et</span> <span class='ocrx_word' id='word_1_434' title='bbox 2337 1962 2515 2013; x_wconf 89' lang='lat' dir='ltr'>retro.</span> <span class='ocrx_word' id='word_1_435' title='bbox 2551 1959 2617 2013; x_wconf 91' lang='lat' dir='ltr'><strong>In</strong></span> <span class='ocrx_word' id='word_1_436' title='bbox 2646 1960 2972 2028; x_wconf 87' lang='lat' dir='ltr'>septimana</span> <span class='ocrx_word' id='word_1_437' title='bbox 3007 1958 3057 2012; x_wconf 90' lang='lat' dir='ltr'>si</span> <span class='ocrx_word' id='word_1_438' title='bbox 3090 1974 3205 2011; x_wconf 88' lang='lat' dir='ltr'>uno</span> <span class='ocrx_word' id='word_1_439' title='bbox 3230 1958 3323 2011; x_wconf 91' lang='lat' dir='ltr'>die</span> <span class='ocrx_word' id='word_1_440' title='bbox 3355 1958 3562 2011; x_wconf 90' lang='lat' dir='ltr'>lectio-</span> 
     </span>
    </p>
   </div>
   <div class='ocr_carea' id='block_1_65' title="bbox 1906 2045 3565 2117">
    <p class='ocr_par' dir='ltr' id='par_1_65' title="bbox 1906 2045 3565 2117">
     <span class='ocr_line' id='line_1_66' title="bbox 1906 2045 3565 2117; baseline -0.002 -14"><span class='ocrx_word' id='word_1_441' title='bbox 1906 2065 2039 2103; x_wconf 90' lang='lat' dir='ltr'>nem</span> <span class='ocrx_word' id='word_1_442' title='bbox 2069 2048 2472 2117; x_wconf 87' lang='lat' dir='ltr'>intermiserit,</span> <span class='ocrx_word' id='word_1_443' title='bbox 2497 2051 2553 2101; x_wconf 89' lang='lat' dir='ltr'>et</span> <span class='ocrx_word' id='word_1_444' title='bbox 2593 2047 2769 2101; x_wconf 90' lang='lat' dir='ltr'>alium</span> <span class='ocrx_word' id='word_1_445' title='bbox 2799 2048 3059 2116; x_wconf 89' lang='lat' dir='ltr'>fratrem,</span> <span class='ocrx_word' id='word_1_446' title='bbox 3086 2051 3144 2100; x_wconf 91' lang='lat' dir='ltr'>ut</span> <span class='ocrx_word' id='word_1_447' title='bbox 3174 2063 3279 2116; x_wconf 89' lang='lat' dir='ltr'>pro</span> <span class='ocrx_word' id='word_1_448' title='bbox 3304 2062 3367 2100; x_wconf 86' lang='lat' dir='ltr'>se</span> <span class='ocrx_word' id='word_1_449' title='bbox 3386 2045 3565 2117; x_wconf 81' lang='lat' dir='ltr'>legat,</span> 
     </span>
    </p>
   </div>
   <div class='ocr_carea' id='block_1_66' title="bbox 1905 2134 3572 2210">
    <p class='ocr_par' dir='ltr' id='par_1_66' title="bbox 1905 2134 3572 2210">
     <span class='ocr_line' id='line_1_67' title="bbox 1905 2134 3572 2210; baseline -0.003 -18"><span class='ocrx_word' id='word_1_450' title='bbox 1905 2137 2226 2210; x_wconf 85' lang='lat' dir='ltr'>rogaverit,</span> <span class='ocrx_word' id='word_1_451' title='bbox 2245 2154 2361 2192; x_wconf 90' lang='lat' dir='ltr'>non</span> <span class='ocrx_word' id='word_1_452' title='bbox 2377 2135 2843 2206; x_wconf 90' lang='lat' dir='ltr'>reprehenditur.</span> <span class='ocrx_word' id='word_1_453' title='bbox 2858 2134 3023 2200; x_wconf 89' lang='lat' dir='ltr'>Quod</span> <span class='ocrx_word' id='word_1_454' title='bbox 3061 2135 3114 2188; x_wconf 91' lang='lat' dir='ltr'>si</span> <span class='ocrx_word' id='word_1_455' title='bbox 3143 2135 3419 2205; x_wconf 88' lang='lat' dir='ltr'>amplius,</span> <span class='ocrx_word' id='word_1_456' title='bbox 3452 2135 3572 2188; x_wconf 88' lang='lat' dir='ltr'>nisi</span> 
     </span>
    </p>
   </div>
   <div class='ocr_carea' id='block_1_67' title="bbox 1902 2222 3571 2298">
    <p class='ocr_par' dir='ltr' id='par_1_67' title="bbox 1902 2222 3571 2298">
     <span class='ocr_line' id='line_1_68' title="bbox 1902 2222 3571 2298; baseline -0.004 -17"><span class='ocrx_word' id='word_1_457' title='bbox 1902 2244 2009 2298; x_wconf 89' lang='lat' dir='ltr'>pro</span> <span class='ocrx_word' id='word_1_458' title='bbox 2068 2225 2421 2293; x_wconf 81' lang='lat' dir='ltr'>inﬁrmitate,</span> <span class='ocrx_word' id='word_1_459' title='bbox 2470 2228 2525 2279; x_wconf 92' lang='lat' dir='ltr'>et</span> <span class='ocrx_word' id='word_1_460' title='bbox 2587 2225 2700 2287; x_wconf 83' lang='lat' dir='ltr'>hoc</span> <span class='ocrx_word' id='word_1_461' title='bbox 2728 2227 2934 2294; x_wconf 90' lang='lat' dir='ltr'>petens</span> <span class='ocrx_word' id='word_1_462' title='bbox 2965 2224 3197 2278; x_wconf 89' lang='lat' dir='ltr'>veniam</span> <span class='ocrx_word' id='word_1_463' title='bbox 3228 2224 3286 2277; x_wconf 92' lang='lat' dir='ltr'>in</span> <span class='ocrx_word' id='word_1_464' title='bbox 3317 2222 3571 2292; x_wconf 90' lang='lat' dir='ltr'>capitulo</span> 
     </span>
    </p>
   </div>
   <div class='ocr_carea' id='block_1_68' title="bbox 1906 2314 2634 2385">
    <p class='ocr_par' dir='ltr' id='par_1_68' title="bbox 1906 2314 2634 2385">
     <span class='ocr_line' id='line_1_69' title="bbox 1906 2314 2634 2385; baseline -0.003 -16"><span class='ocrx_word' id='word_1_465' title='bbox 1906 2314 2348 2385; x_wconf 88' lang='lat' dir='ltr'>monstraverit,</span> <span class='ocrx_word' id='word_1_466' title='bbox 2382 2316 2634 2368; x_wconf 89' lang='lat' dir='ltr'>notatur.</span> 
     </span>
    </p>
   </div>
   <div class='ocr_carea' id='block_1_69' title="bbox 2481 2453 2987 2509">
    <p class='ocr_par' dir='ltr' id='par_1_69' title="bbox 2481 2453 2987 2509">
     <span class='ocr_line' id='line_1_70' title="bbox 2481 2453 2987 2509; baseline -0.006 0"><span class='ocrx_word' id='word_1_467' title='bbox 2481 2455 2624 2509; x_wconf 87' lang='lat' dir='ltr'><strong>CAP</strong></span> <span class='ocrx_word' id='word_1_468' title='bbox 2634 2454 2733 2509; x_wconf 91' lang='lat' dir='ltr'><strong>UT</strong></span> <span class='ocrx_word' id='word_1_469' title='bbox 2762 2453 2987 2508; x_wconf 88' lang='lat' dir='ltr'><strong>XXXV</strong></span> 
     </span>
    </p>
   </div>
   <div class='ocr_carea' id='block_1_70' title="bbox 2578 2577 2905 2650">
    <p class='ocr_par' dir='ltr' id='par_1_70' title="bbox 2578 2577 2905 2650">
     <span class='ocr_line' id='line_1_71' title="bbox 2578 2577 2905 2650; baseline -0.009 -18"><span class='ocrx_word' id='word_1_470' title='bbox 2578 2578 2667 2632; x_wconf 89' lang='lat' dir='ltr'>De</span> <span class='ocrx_word' id='word_1_471' title='bbox 2688 2577 2905 2650; x_wconf 86' lang='lat' dir='ltr'>ecquis.</span> 
     </span>
    </p>
   </div>
   <div class='ocr_carea' id='block_1_71' title="bbox 1978 2718 3565 2790">
    <p class='ocr_par' dir='ltr' id='par_1_71' title="bbox 1978 2718 3565 2790">
     <span class='ocr_line' id='line_1_72' title="bbox 1978 2718 3565 2790; baseline -0.005 -12"><span class='ocrx_word' id='word_1_472' title='bbox 1978 2722 2435 2780; x_wconf 86' lang='lat' dir='ltr'>Hebdomadarii</span> <span class='ocrx_word' id='word_1_473' title='bbox 2495 2720 2764 2790; x_wconf 83' lang='lat' dir='ltr'>coquinae</span> <span class='ocrx_word' id='word_1_474' title='bbox 2818 2718 3011 2773; x_wconf 90' lang='lat' dir='ltr'>solent</span> <span class='ocrx_word' id='word_1_475' title='bbox 3078 2720 3329 2789; x_wconf 89' lang='lat' dir='ltr'>quatuor</span> <span class='ocrx_word' id='word_1_476' title='bbox 3408 2730 3565 2771; x_wconf 88' lang='lat' dir='ltr'>esse.</span> 
     </span>
    </p>
   </div>
   <div class='ocr_carea' id='block_1_72' title="bbox 1905 2806 3560 2883">
    <p class='ocr_par' dir='ltr' id='par_1_72' title="bbox 1905 2806 3560 2883">
     <span class='ocr_line' id='line_1_73' title="bbox 1905 2806 3560 2883; baseline -0.006 -15"><span class='ocrx_word' id='word_1_477' title='bbox 1905 2813 2073 2879; x_wconf 87' lang='lat' dir='ltr'>Quod</span> <span class='ocrx_word' id='word_1_478' title='bbox 2103 2812 2291 2883; x_wconf 90' lang='lat' dir='ltr'>primo</span> <span class='ocrx_word' id='word_1_479' title='bbox 2341 2810 2581 2879; x_wconf 90' lang='lat' dir='ltr'>faciunt,</span> <span class='ocrx_word' id='word_1_480' title='bbox 2622 2809 2852 2878; x_wconf 90' lang='lat' dir='ltr'>pulsato</span> <span class='ocrx_word' id='word_1_481' title='bbox 2898 2808 3072 2877; x_wconf 87' lang='lat' dir='ltr'>signo</span> <span class='ocrx_word' id='word_1_482' title='bbox 3123 2806 3193 2859; x_wconf 90' lang='lat' dir='ltr'>ad</span> <span class='ocrx_word' id='word_1_483' title='bbox 3252 2820 3560 2875; x_wconf 90' lang='lat' dir='ltr'>vesperas,</span> 
     </span>
    </p>
   </div>
   <div class='ocr_carea' id='block_1_73' title="bbox 1905 2894 3568 2968">
    <p class='ocr_par' dir='ltr' id='par_1_73' title="bbox 1905 2894 3568 2968">
     <span class='ocr_line' id='line_1_74' title="bbox 1905 2894 3568 2968; baseline -0.008 -11"><span class='ocrx_word' id='word_1_484' title='bbox 1905 2906 1962 2958; x_wconf 90' lang='lat' dir='ltr'>et</span> <span class='ocrx_word' id='word_1_485' title='bbox 2009 2901 2270 2956; x_wconf 78' lang='lat' dir='ltr'>oratione</span> <span class='ocrx_word' id='word_1_486' title='bbox 2306 2899 2475 2965; x_wconf 89' lang='lat' dir='ltr'>facta,</span> <span class='ocrx_word' id='word_1_487' title='bbox 2537 2900 2793 2968; x_wconf 88' lang='lat' dir='ltr'>pergunt</span> <span class='ocrx_word' id='word_1_488' title='bbox 2858 2897 2916 2949; x_wconf 89' lang='lat' dir='ltr'>in</span> <span class='ocrx_word' id='word_1_489' title='bbox 2958 2895 3269 2965; x_wconf 90' lang='lat' dir='ltr'>coquinam</span> <span class='ocrx_word' id='word_1_490' title='bbox 3309 2897 3370 2947; x_wconf 90' lang='lat' dir='ltr'>ut</span> <span class='ocrx_word' id='word_1_491' title='bbox 3410 2894 3568 2946; x_wconf 89' lang='lat' dir='ltr'>acci-</span> 
     </span>
    </p>
   </div>
   <div class='ocr_carea' id='block_1_74' title="bbox 1904 2983 3571 3061">
    <p class='ocr_par' dir='ltr' id='par_1_74' title="bbox 1904 2983 3571 3061">
     <span class='ocr_line' id='line_1_75' title="bbox 1904 2983 3571 3061; baseline -0.008 -16"><span class='ocrx_word' id='word_1_492' title='bbox 1904 2992 2064 3061; x_wconf 91' lang='lat' dir='ltr'>piant</span> <span class='ocrx_word' id='word_1_493' title='bbox 2109 2990 2311 3057; x_wconf 85' lang='lat' dir='ltr'>fabas;</span> <span class='ocrx_word' id='word_1_494' title='bbox 2355 2991 2492 3056; x_wconf 89' lang='lat' dir='ltr'>post</span> <span class='ocrx_word' id='word_1_495' title='bbox 2532 3000 2817 3055; x_wconf 90' lang='lat' dir='ltr'>vesperas</span> <span class='ocrx_word' id='word_1_496' title='bbox 2876 2985 3070 3037; x_wconf 85' lang='lat' dir='ltr'>lavant</span> <span class='ocrx_word' id='word_1_497' title='bbox 3109 2997 3210 3036; x_wconf 89' lang='lat' dir='ltr'>cas</span> <span class='ocrx_word' id='word_1_498' title='bbox 3256 2983 3571 3051; x_wconf 81' lang='lat' dir='ltr'>diligenter</span> 
     </span>
    </p>
   </div>
   <div class='ocr_carea' id='block_1_75' title="bbox 1903 3072 3566 3151">
    <p class='ocr_par' dir='ltr' id='par_1_75' title="bbox 1903 3072 3566 3151">
     <span class='ocr_line' id='line_1_76' title="bbox 1903 3072 3566 3151; baseline -0.008 -17"><span class='ocrx_word' id='word_1_499' title='bbox 1903 3096 2055 3151; x_wconf 88' lang='lat' dir='ltr'>aqua</span> <span class='ocrx_word' id='word_1_500' title='bbox 2071 3082 2161 3133; x_wconf 90' lang='lat' dir='ltr'>ter</span> <span class='ocrx_word' id='word_1_501' title='bbox 2180 3077 2397 3145; x_wconf 88' lang='lat' dir='ltr'>infusa,</span> <span class='ocrx_word' id='word_1_502' title='bbox 2418 3078 2477 3128; x_wconf 92' lang='lat' dir='ltr'>in</span> <span class='ocrx_word' id='word_1_503' title='bbox 2496 3090 2611 3145; x_wconf 90' lang='lat' dir='ltr'>qua</span> <span class='ocrx_word' id='word_1_504' title='bbox 2629 3074 2800 3127; x_wconf 89' lang='lat' dir='ltr'>etiam</span> <span class='ocrx_word' id='word_1_505' title='bbox 2836 3073 3057 3125; x_wconf 88' lang='lat' dir='ltr'>faciunt</span> <span class='ocrx_word' id='word_1_506' title='bbox 3085 3087 3187 3125; x_wconf 87' lang='lat' dir='ltr'>eas</span> <span class='ocrx_word' id='word_1_507' title='bbox 3219 3072 3566 3139; x_wconf 86' lang='lat' dir='ltr'>pernoctare</span> 
     </span>
    </p>
   </div>
   <div class='ocr_carea' id='block_1_76' title="bbox 1829 3158 3569 3233">
    <p class='ocr_par' dir='ltr' id='par_1_76' title="bbox 1829 3158 3569 3233">
     <span class='ocr_line' id='line_1_77' title="bbox 1829 3158 3569 3233; baseline -0.008 -9"><span class='ocrx_word' id='word_1_508' title='bbox 1829 3158 1884 3231; x_wconf 72' lang='grc' dir='ltr'><strong>ο</strong></span> <span class='ocrx_word' id='word_1_509' title='bbox 1906 3167 2164 3223; x_wconf 87' lang='lat' dir='ltr'>caldario</span> <span class='ocrx_word' id='word_1_510' title='bbox 2197 3167 2347 3220; x_wconf 88' lang='lat' dir='ltr'>bene</span> <span class='ocrx_word' id='word_1_511' title='bbox 2381 3165 2677 3233; x_wconf 89' lang='lat' dir='ltr'>cooperto.</span> <span class='ocrx_word' id='word_1_512' title='bbox 2714 3161 2801 3213; x_wconf 76' lang='lat' dir='ltr'>Ad</span> <span class='ocrx_word' id='word_1_513' title='bbox 2834 3160 3168 3213; x_wconf 87' lang='lat' dir='ltr'>mandatum</span> <span class='ocrx_word' id='word_1_514' title='bbox 3199 3158 3341 3226; x_wconf 87' lang='lat' dir='ltr'>illis,</span> <span class='ocrx_word' id='word_1_515' title='bbox 3377 3158 3475 3227; x_wconf 86' lang='lat' dir='ltr'>qui</span> <span class='ocrx_word' id='word_1_516' title='bbox 3512 3158 3569 3210; x_wconf 90' lang='lat' dir='ltr'>in</span> 
     </span>
    </p>
   </div>
   <div class='ocr_carea' id='block_1_77' title="bbox 1904 3245 3561 3329">
    <p class='ocr_par' dir='ltr' id='par_1_77' title="bbox 1904 3245 3561 3329">
     <span class='ocr_line' id='line_1_78' title="bbox 1904 3245 3561 3329; baseline -0.01 -16"><span class='ocrx_word' id='word_1_517' title='bbox 1904 3256 2198 3329; x_wconf 72' lang='lat' dir='ltr'>praeterita</span> <span class='ocrx_word' id='word_1_518' title='bbox 2231 3254 2557 3324; x_wconf 84' lang='lat' dir='ltr'>septimana</span> <span class='ocrx_word' id='word_1_519' title='bbox 2588 3250 2943 3316; x_wconf 89' lang='lat' dir='ltr'>servierunt,</span> <span class='ocrx_word' id='word_1_520' title='bbox 2977 3248 3159 3317; x_wconf 86' lang='lat' dir='ltr'>pedes</span> <span class='ocrx_word' id='word_1_521' title='bbox 3202 3248 3450 3299; x_wconf 87' lang='lat' dir='ltr'>fratrum</span> <span class='ocrx_word' id='word_1_522' title='bbox 3479 3245 3561 3297; x_wconf 88' lang='lat' dir='ltr'>la-</span> 
     </span>
    </p>
   </div>
   <div class='ocr_carea' id='block_1_78' title="bbox 1905 3335 3567 3414">
    <p class='ocr_par' dir='ltr' id='par_1_78' title="bbox 1905 3335 3567 3414">
     <span class='ocr_line' id='line_1_79' title="bbox 1905 3335 3567 3414; baseline -0.009 -14"><span class='ocrx_word' id='word_1_523' title='bbox 1905 3346 2201 3414; x_wconf 89' lang='lat' dir='ltr'>vantibus,</span> <span class='ocrx_word' id='word_1_524' title='bbox 2237 3344 2335 3397; x_wconf 88' lang='lat' dir='ltr'>isti</span> <span class='ocrx_word' id='word_1_525' title='bbox 2384 3340 2691 3412; x_wconf 66' lang='lat' dir='ltr'>praecincti</span> <span class='ocrx_word' id='word_1_526' title='bbox 2735 3338 2911 3391; x_wconf 85' lang='lat' dir='ltr'>linteo</span> <span class='ocrx_word' id='word_1_527' title='bbox 2953 3339 3206 3406; x_wconf 84' lang='lat' dir='ltr'>tergunt,</span> <span class='ocrx_word' id='word_1_528' title='bbox 3242 3338 3297 3388; x_wconf 89' lang='lat' dir='ltr'>et</span> <span class='ocrx_word' id='word_1_529' title='bbox 3342 3335 3415 3387; x_wconf 88' lang='lat' dir='ltr'>ad</span> <span class='ocrx_word' id='word_1_530' title='bbox 3440 3350 3567 3386; x_wconf 88' lang='lat' dir='ltr'>ma-</span> 
     </span>
    </p>
   </div>
   <div class='ocr_carea' id='block_1_79' title="bbox 1906 3423 3563 3503">
    <p class='ocr_par' dir='ltr' id='par_1_79' title="bbox 1906 3423 3563 3503">
     <span class='ocr_line' id='line_1_80' title="bbox 1906 3423 3563 3503; baseline -0.009 -12"><span class='ocrx_word' id='word_1_531' title='bbox 1906 3452 2020 3492; x_wconf 90' lang='lat' dir='ltr'>nus</span> <span class='ocrx_word' id='word_1_532' title='bbox 2077 3432 2443 3503; x_wconf 85' lang='lat' dir='ltr'>manutergia</span> <span class='ocrx_word' id='word_1_533' title='bbox 2487 3429 2773 3499; x_wconf 83' lang='lat' dir='ltr'>praebent.</span> <span class='ocrx_word' id='word_1_534' title='bbox 2817 3426 2960 3479; x_wconf 88' lang='lat' dir='ltr'>Cum</span> <span class='ocrx_word' id='word_1_535' title='bbox 3020 3425 3236 3494; x_wconf 90' lang='lat' dir='ltr'>quibus</span> <span class='ocrx_word' id='word_1_536' title='bbox 3288 3423 3563 3476; x_wconf 88' lang='lat' dir='ltr'>mandato</span> 
     </span>
    </p>
   </div>
   <div class='ocr_carea' id='block_1_80' title="bbox 1907 3512 3573 3593">
    <p class='ocr_par' dir='ltr' id='par_1_80' title="bbox 1907 3512 3573 3593">
     <span class='ocr_line' id='line_1_81' title="bbox 1907 3512 3573 3593; baseline -0.01 -14"><span class='ocrx_word' id='word_1_537' title='bbox 1907 3525 2080 3580; x_wconf 88' lang='lat' dir='ltr'>etiam</span> <span class='ocrx_word' id='word_1_538' title='bbox 2135 3522 2388 3593; x_wconf 81' lang='lat' dir='ltr'>expleto,</span> <span class='ocrx_word' id='word_1_539' title='bbox 2450 3518 2755 3572; x_wconf 86' lang='lat' dir='ltr'>venientes</span> <span class='ocrx_word' id='word_1_540' title='bbox 2794 3518 2926 3567; x_wconf 89' lang='lat' dir='ltr'>ante</span> <span class='ocrx_word' id='word_1_541' title='bbox 2985 3514 3263 3567; x_wconf 84' lang='lat' dir='ltr'>domuum</span> <span class='ocrx_word' id='word_1_542' title='bbox 3302 3512 3573 3564; x_wconf 81' lang='lat' dir='ltr'>abbatem</span> 
     </span>
    </p>
   </div>
   <div class='ocr_carea' id='block_1_81' title="bbox 1905 3601 3571 3674">
    <p class='ocr_par' dir='ltr' id='par_1_81' title="bbox 1905 3601 3571 3674">
     <span class='ocr_line' id='line_1_82' title="bbox 1905 3601 3571 3674; baseline -0.01 -6"><span class='ocrx_word' id='word_1_543' title='bbox 1905 3619 2036 3674; x_wconf 85' lang='lat' dir='ltr'>ante</span> <span class='ocrx_word' id='word_1_544' title='bbox 2086 3612 2307 3666; x_wconf 88' lang='lat' dir='ltr'>faciunt</span> <span class='ocrx_word' id='word_1_545' title='bbox 2339 3613 2395 3664; x_wconf 91' lang='lat' dir='ltr'>et</span> <span class='ocrx_word' id='word_1_546' title='bbox 2417 3611 2594 3662; x_wconf 89' lang='lat' dir='ltr'>retro.</span> <span class='ocrx_word' id='word_1_547' title='bbox 2650 3606 2792 3658; x_wconf 89' lang='lat' dir='ltr'>Item</span> <span class='ocrx_word' id='word_1_548' title='bbox 2821 3602 3120 3657; x_wconf 87' lang='lat' dir='ltr'>matutinis</span> <span class='ocrx_word' id='word_1_549' title='bbox 3171 3601 3324 3654; x_wconf 89' lang='lat' dir='ltr'>laud.</span> <span class='ocrx_word' id='word_1_550' title='bbox 3372 3601 3571 3653; x_wconf 88' lang='lat' dir='ltr'>Domi-</span> 
     </span>
    </p>
   </div>
   <div class='ocr_carea' id='block_1_82' title="bbox 1907 3690 3573 3769">
    <p class='ocr_par' dir='ltr' id='par_1_82' title="bbox 1907 3690 3573 3769">
     <span class='ocr_line' id='line_1_83' title="bbox 1907 3690 3573 3769; baseline -0.011 -11"><span class='ocrx_word' id='word_1_551' title='bbox 1907 3704 2056 3757; x_wconf 82' lang='lat' dir='ltr'>nicee</span> <span class='ocrx_word' id='word_1_552' title='bbox 2086 3700 2202 3755; x_wconf 91' lang='lat' dir='ltr'>diei</span> <span class='ocrx_word' id='word_1_553' title='bbox 2217 3697 2487 3769; x_wconf 85' lang='lat' dir='ltr'>expletis,</span> <span class='ocrx_word' id='word_1_554' title='bbox 2512 3695 2597 3748; x_wconf 89' lang='lat' dir='ltr'>illi</span> <span class='ocrx_word' id='word_1_555' title='bbox 2613 3694 2684 3747; x_wconf 89' lang='lat' dir='ltr'>ad</span> <span class='ocrx_word' id='word_1_556' title='bbox 2699 3693 2946 3765; x_wconf 87' lang='lat' dir='ltr'>gradum</span> <span class='ocrx_word' id='word_1_557' title='bbox 2966 3690 3274 3745; x_wconf 85' lang='lat' dir='ltr'>venientes</span> <span class='ocrx_word' id='word_1_558' title='bbox 3298 3690 3419 3742; x_wconf 89' lang='lat' dir='ltr'>Deo</span> <span class='ocrx_word' id='word_1_559' title='bbox 3440 3704 3573 3758; x_wconf 86' lang='lat' dir='ltr'>gra-</span> 
     </span>
    </p>
   </div>
   <div class='ocr_carea' id='block_1_83' title="bbox 1903 3777 3574 3863">
    <p class='ocr_par' dir='ltr' id='par_1_83' title="bbox 1903 3777 3574 3863">
     <span class='ocr_line' id='line_1_84' title="bbox 1903 3777 3574 3863; baseline -0.011 -16"><span class='ocrx_word' id='word_1_560' title='bbox 1903 3794 2019 3846; x_wconf 91' lang='lat' dir='ltr'>tias</span> <span class='ocrx_word' id='word_1_561' title='bbox 2052 3791 2233 3863; x_wconf 89' lang='lat' dir='ltr'>agunt</span> <span class='ocrx_word' id='word_1_562' title='bbox 2246 3803 2349 3857; x_wconf 92' lang='lat' dir='ltr'>pro</span> <span class='ocrx_word' id='word_1_563' title='bbox 2364 3777 3574 3850; x_wconf 85' lang='lat' dir='ltr'>consummationeperaetiobsequii,hune</span> 
     </span>
    </p>
   </div>
   <div class='ocr_carea' id='block_1_84' title="bbox 1906 3866 3576 3936">
    <p class='ocr_par' dir='ltr' id='par_1_84' title="bbox 1906 3866 3576 3936">
     <span class='ocr_line' id='line_1_85' title="bbox 1906 3866 3576 3936; baseline -0.01 -1"><span class='ocrx_word' id='word_1_564' title='bbox 1906 3896 2147 3935; x_wconf 88' lang='lat' dir='ltr'>versum</span> <span class='ocrx_word' id='word_1_565' title='bbox 2205 3881 2293 3930; x_wconf 87' lang='lat' dir='ltr'>ter</span> <span class='ocrx_word' id='word_1_566' title='bbox 2365 3891 2496 3928; x_wconf 89' lang='lat' dir='ltr'>cum</span> <span class='ocrx_word' id='word_1_567' title='bbox 2544 3873 2723 3926; x_wconf 86' lang='lat' dir='ltr'>totius</span> <span class='ocrx_word' id='word_1_568' title='bbox 2783 3872 3108 3923; x_wconf 84' lang='lat' dir='ltr'>conventus</span> <span class='ocrx_word' id='word_1_569' title='bbox 3184 3866 3576 3936; x_wconf 68' lang='lat' dir='ltr'>I‘CSPODSIODG</span> 
     </span>
    </p>
   </div>
   <div class='ocr_carea' id='block_1_85' title="bbox 1908 3954 3570 4027">
    <p class='ocr_par' dir='ltr' id='par_1_85' title="bbox 1908 3954 3570 4027">
     <span class='ocr_line' id='line_1_86' title="bbox 1908 3954 3570 4027; baseline -0.012 -3"><span class='ocrx_word' id='word_1_570' title='bbox 1908 3971 2175 4023; x_wconf 89' lang='lat' dir='ltr'>dicentes</span> <span class='ocrx_word' id='word_1_571' title='bbox 2201 3984 2211 4019; x_wconf 92' lang='lat'>:</span> <span class='ocrx_word' id='word_1_572' title='bbox 2258 3964 2621 4018; x_wconf 85' lang='lat' dir='ltr'>Benedictus</span> <span class='ocrx_word' id='word_1_573' title='bbox 2640 3976 2724 4027; x_wconf 87' lang='lat' dir='ltr'>es,</span> <span class='ocrx_word' id='word_1_574' title='bbox 2742 3959 3007 4024; x_wconf 84' lang='lat' dir='ltr'>Domine,</span> <span class='ocrx_word' id='word_1_575' title='bbox 3033 3956 3432 4024; x_wconf 87' lang='lat' dir='ltr'>etc,Istiidem</span> <span class='ocrx_word' id='word_1_576' title='bbox 3461 3954 3570 4007; x_wconf 87' lang='lat' dir='ltr'>ob-</span> 
     </span>
    </p>
   </div>
   <div class='ocr_carea' id='block_1_86' title="bbox 1909 4044 3571 4129">
    <p class='ocr_par' dir='ltr' id='par_1_86' title="bbox 1909 4044 3571 4129">
     <span class='ocr_line' id='line_1_87' title="bbox 1909 4044 3571 4129; baseline -0.011 -15"><span class='ocrx_word' id='word_1_577' title='bbox 1909 4058 2181 4129; x_wconf 87' lang='lat' dir='ltr'>sequium</span> <span class='ocrx_word' id='word_1_578' title='bbox 2220 4054 2433 4108; x_wconf 89' lang='lat' dir='ltr'>facturi</span> <span class='ocrx_word' id='word_1_579' title='bbox 2466 4052 2570 4104; x_wconf 90' lang='lat' dir='ltr'>Dei</span> <span class='ocrx_word' id='word_1_580' title='bbox 2599 4048 2956 4119; x_wconf 85' lang='lat' dir='ltr'>adjutorium</span> <span class='ocrx_word' id='word_1_581' title='bbox 2987 4049 3211 4114; x_wconf 81' lang='lat' dir='ltr'>petunt,</span> <span class='ocrx_word' id='word_1_582' title='bbox 3255 4045 3333 4097; x_wconf 83' lang='lat' dir='ltr'>ita</span> <span class='ocrx_word' id='word_1_583' title='bbox 3375 4044 3571 4096; x_wconf 88' lang='lat' dir='ltr'>dicen-</span> 
     </span>
    </p>
   </div>
   <div class='ocr_carea' id='block_1_87' title="bbox 1910 4131 3579 4212">
    <p class='ocr_par' dir='ltr' id='par_1_87' title="bbox 1910 4131 3579 4212">
     <span class='ocr_line' id='line_1_88' title="bbox 1910 4131 3579 4212; baseline -0.013 -9"><span class='ocrx_word' id='word_1_584' title='bbox 1910 4153 1998 4203; x_wconf 87' lang='lat' dir='ltr'>tes</span> <span class='ocrx_word' id='word_1_585' title='bbox 2029 4163 2040 4201; x_wconf 92' lang='lat'>:</span> <span class='ocrx_word' id='word_1_586' title='bbox 2076 4146 2235 4199; x_wconf 87' lang='lat' dir='ltr'>Deus</span> <span class='ocrx_word' id='word_1_587' title='bbox 2256 4144 2317 4195; x_wconf 87' lang='lat' dir='ltr'>in</span> <span class='ocrx_word' id='word_1_588' title='bbox 2341 4137 2755 4212; x_wconf 62' lang='lat' dir='ltr'>adjudtorium,</span> <span class='ocrx_word' id='word_1_589' title='bbox 2784 4138 2894 4187; x_wconf 84' lang='lat' dir='ltr'>etc.</span> <span class='ocrx_word' id='word_1_590' title='bbox 2918 4135 3030 4186; x_wconf 82' lang='lat' dir='ltr'>Pro</span> <span class='ocrx_word' id='word_1_591' title='bbox 3059 4133 3174 4185; x_wconf 88' lang='lat' dir='ltr'>illis</span> <span class='ocrx_word' id='word_1_592' title='bbox 3194 4131 3579 4185; x_wconf 87' lang='lat' dir='ltr'>dicendisuut</span> 
     </span>
    </p>
   </div>
   <div class='ocr_carea' id='block_1_88' title="bbox 1909 4218 3573 4294">
    <p class='ocr_par' dir='ltr' id='par_1_88' title="bbox 1909 4218 3573 4294">
     <span class='ocr_line' id='line_1_89' title="bbox 1909 4218 3573 4294; baseline -0.014 -1"><span class='ocrx_word' id='word_1_593' title='bbox 1909 4256 1943 4294; x_wconf 93' lang='lat' dir='ltr'>a</span> <span class='ocrx_word' id='word_1_594' title='bbox 1974 4233 2282 4291; x_wconf 86' lang='lat' dir='ltr'>sacerdote</span> <span class='ocrx_word' id='word_1_595' title='bbox 2312 4230 2374 4284; x_wconf 90' lang='lat' dir='ltr'>hi</span> <span class='ocrx_word' id='word_1_596' title='bbox 2391 4226 2693 4294; x_wconf 89' lang='lat' dir='ltr'>versiculi,</span> <span class='ocrx_word' id='word_1_597' title='bbox 2717 4239 2903 4293; x_wconf 89' lang='lat' dir='ltr'>eaque</span> <span class='ocrx_word' id='word_1_598' title='bbox 2930 4221 3173 4276; x_wconf 88' lang='lat' dir='ltr'>collecta</span> <span class='ocrx_word' id='word_1_599' title='bbox 3201 4237 3210 4273; x_wconf 90' lang='lat'>:</span> <span class='ocrx_word' id='word_1_600' title='bbox 3247 4220 3461 4273; x_wconf 80' lang='lat' dir='ltr'>Salvos</span> <span class='ocrx_word' id='word_1_601' title='bbox 3480 4218 3573 4270; x_wconf 81' lang='lat' dir='ltr'>t‘ae</span> 
     </span>
    </p>
   </div>
   <div class='ocr_carea' id='block_1_89' title="bbox 1910 4307 3582 4396">
    <p class='ocr_par' dir='ltr' id='par_1_89' title="bbox 1910 4307 3582 4396">
     <span class='ocr_line' id='line_1_90' title="bbox 1910 4307 3582 4396; baseline -0.015 -12"><span class='ocrx_word' id='word_1_602' title='bbox 1910 4342 2142 4396; x_wconf 86' lang='lat' dir='ltr'>servos,</span> <span class='ocrx_word' id='word_1_603' title='bbox 2157 4327 2268 4390; x_wconf 87' lang='lat' dir='ltr'>etc,</span> <span class='ocrx_word' id='word_1_604' title='bbox 2289 4320 2677 4379; x_wconf 83' lang='lat' dir='ltr'>Convertere,</span> <span class='ocrx_word' id='word_1_605' title='bbox 2696 4312 2963 4381; x_wconf 85' lang='lat' dir='ltr'>Domine,</span> <span class='ocrx_word' id='word_1_606' title='bbox 2996 4314 3107 4375; x_wconf 80' lang='lat' dir='ltr'>etc,</span> <span class='ocrx_word' id='word_1_607' title='bbox 3150 4308 3373 4361; x_wconf 89' lang='lat' dir='ltr'>Oratio:</span> <span class='ocrx_word' id='word_1_608' title='bbox 3420 4307 3582 4359; x_wconf 83' lang='lat' dir='ltr'>Deus</span> 
     </span>
    </p>
   </div>
   <div class='ocr_carea' id='block_1_90' title="bbox 1914 4395 3580 4491">
    <p class='ocr_par' dir='ltr' id='par_1_90' title="bbox 1914 4395 3580 4491">
     <span class='ocr_line' id='line_1_91' title="bbox 1914 4395 3580 4491; baseline -0.016 -19"><span class='ocrx_word' id='word_1_609' title='bbox 1914 4418 2009 4491; x_wconf 89' lang='lat' dir='ltr'>qui</span> <span class='ocrx_word' id='word_1_610' title='bbox 2026 4395 2348 4476; x_wconf 78' lang='lat' dir='ltr'>humilium,</span> <span class='ocrx_word' id='word_1_611' title='bbox 2382 4411 2515 4471; x_wconf 89' lang='lat' dir='ltr'>etc.,</span> <span class='ocrx_word' id='word_1_612' title='bbox 2550 4402 2837 4469; x_wconf 86' lang='lat' dir='ltr'>Proistis,</span> <span class='ocrx_word' id='word_1_613' title='bbox 2872 4398 3086 4491; x_wconf 73' lang='lat' dir='ltr'>Salvos</span> <span class='ocrx_word' id='word_1_614' title='bbox 3104 4396 3368 4491; x_wconf 38' lang='lat' dir='ltr'>fatgem”</span> <span class='ocrx_word' id='word_1_615' title='bbox 3402 4395 3580 4491; x_wconf 48' lang='lat' dir='ltr'>illiue</span> 
     </span>
    </p>
   </div>
   <div class='ocr_carea' id='block_1_91' title="bbox 161 4475 3580 4598">
    <p class='ocr_par' dir='ltr' id='par_1_91' title="bbox 161 4475 3580 4598">
     <span class='ocr_line' id='line_1_92' title="bbox 161 4475 3580 4598; baseline -0.007 -41"><span class='ocrx_word' id='word_1_616' title='bbox 161 4475 610 4546; x_wconf 53' lang='lat' dir='ltr'>quonesc‘mque</span> <span class='ocrx_word' id='word_1_617' title='bbox 640 4475 713 4529; x_wconf 70' lang='lat' dir='ltr'>ad</span> <span class='ocrx_word' id='word_1_618' title='bbox 743 4476 926 4531; x_wconf 71' lang='lat' dir='ltr'>unum</span> <span class='ocrx_word' id='word_1_619' title='bbox 954 4477 1217 4533; x_wconf 66' lang='lat' dir='ltr'>diVinum</span> <span class='ocrx_word' id='word_1_620' title='bbox 1249 4496 1399 4549; x_wconf 72' lang='lat' dir='ltr'>opus</span> <span class='ocrx_word' id='word_1_621' title='bbox 1435 4497 1500 4535; x_wconf 74' lang='lat' dir='ltr'>se</span> <span class='ocrx_word' id='word_1_622' title='bbox 1532 4481 1798 4551; x_wconf 58' lang='lat' dir='ltr'>induunt,</span> <span class='ocrx_word' id='word_1_623' title='bbox 1832 4514 1893 4598; x_wconf 61' lang='grc' dir='ltr'>β</span> <span class='ocrx_word' id='word_1_624' title='bbox 1917 4475 2025 4574; x_wconf 73' lang='lat' dir='ltr'>eis,</span> <span class='ocrx_word' id='word_1_625' title='bbox 2061 4506 2170 4559; x_wconf 90' lang='lat' dir='ltr'>etc.</span> <span class='ocrx_word' id='word_1_626' title='bbox 2204 4498 2398 4553; x_wconf 88' lang='lat' dir='ltr'>Oratio</span> <span class='ocrx_word' id='word_1_627' title='bbox 2425 4511 2436 4549; x_wconf 90' lang='lat'>:</span> <span class='ocrx_word' id='word_1_628' title='bbox 2472 4490 2830 4547; x_wconf 80' lang='lat' dir='ltr'>Misericors</span> <span class='ocrx_word' id='word_1_629' title='bbox 2866 4502 2931 4541; x_wconf 90' lang='lat' dir='ltr'>ac</span> <span class='ocrx_word' id='word_1_630' title='bbox 2955 4485 3251 4557; x_wconf 82' lang='lat' dir='ltr'>piissime,</span> <span class='ocrx_word' id='word_1_631' title='bbox 3278 4481 3580 4537; x_wconf 78' lang='lat' dir='ltr'>ete.l’rius</span> 
     </span>
     <span class='ocr_line' id='line_1_93' title="bbox 162 4565 3569 4598; baseline 0 0"><span class='ocrx_word' id='word_1_632' title='bbox 162 4565 854 4598; x_wconf 65' lang='lat' dir='ltr'>nnctnnnaummnﬂnnnm</span> <span class='ocrx_word' id='word_1_633' title='bbox 881 4567 1076 4598; x_wconf 69' lang='grc' dir='ltr'>ηηηπςσ</span> <span class='ocrx_word' id='word_1_634' title='bbox 1104 4568 1583 4598; x_wconf 65' lang='grc' dir='ltr'>εηηη;η,1...ηηηηιη</span> <span class='ocrx_word' id='word_1_635' title='bbox 1621 4572 1764 4598; x_wconf 46' lang='lat' dir='ltr'>An...“</span> <span class='ocrx_word' id='word_1_636' title='bbox 1812 4592 1817 4597; x_wconf 89' lang='lat'>.</span> <span class='ocrx_word' id='word_1_637' title='bbox 1872 4584 1901 4598; x_wconf 61' lang='grc' dir='ltr'><em>δ</em></span> <span class='ocrx_word' id='word_1_638' title='bbox 1979 4596 1984 4598; x_wconf 77' lang='lat'><strong><em>_</em></strong></span> <span class='ocrx_word' id='word_1_639' title='bbox 2559 4585 2569 4598; x_wconf 74' lang='grc' dir='ltr'><em>ι</em></span> <span class='ocrx_word' id='word_1_640' title='bbox 2719 4581 2920 4598; x_wconf 70' lang='grc' dir='ltr'>-,----..ι</span> <span class='ocrx_word' id='word_1_641' title='bbox 2954 4576 3014 4598; x_wconf 45' lang='lat' dir='ltr'>AA</span> <span class='ocrx_word' id='word_1_642' title='bbox 3055 4574 3301 4598; x_wconf 44' lang='grc' dir='ltr'>,κληιμκεη</span> <span class='ocrx_word' id='word_1_643' title='bbox 3340 4573 3569 4598; x_wconf 51' lang='lat' dir='ltr'>unum.“</span> 
     </span>
    </p>
   </div>
   <div class='ocr_carea' id='block_1_92' title="bbox 161 4565 1800 4662">
    <p class='ocr_par' dir='ltr' id='par_1_92' title="bbox 161 4565 1800 4641">
     <span class='ocr_line' id='line_1_94' title="bbox 161 4565 1800 4641; baseline 0.007 -27"><span class='ocrx_word' id='word_1_644' title='bbox 161 4566 275 4629; x_wconf 90' lang='lat' dir='ltr'>post</span> <span class='ocrx_word' id='word_1_645' title='bbox 288 4565 857 4619; x_wconf 89' lang='lat' dir='ltr'>consummationem</span> <span class='ocrx_word' id='word_1_646' title='bbox 880 4567 1079 4636; x_wconf 91' lang='lat' dir='ltr'>operis</span> <span class='ocrx_word' id='word_1_647' title='bbox 1102 4568 1229 4637; x_wconf 90' lang='lat' dir='ltr'>ipsa</span> <span class='ocrx_word' id='word_1_648' title='bbox 1251 4569 1587 4625; x_wconf 89' lang='lat' dir='ltr'>indumenta</span> <span class='ocrx_word' id='word_1_649' title='bbox 1619 4572 1800 4641; x_wconf 86' lang='lat' dir='ltr'>depo-</span> 
     </span>
    </p>
   </div>
   <div class='ocr_carea' id='block_1_93' title="bbox 1978 4565 3571 4662">
    <p class='ocr_par' dir='ltr' id='par_1_93' title="bbox 1978 4565 3571 4662">
     <span class='ocr_line' id='line_1_95' title="bbox 1978 4565 3571 4662; baseline -0.018 -14"><span class='ocrx_word' id='word_1_650' title='bbox 1978 4565 2088 4648; x_wconf 84' lang='lat' dir='ltr'>iam</span> <span class='ocrx_word' id='word_1_651' title='bbox 2118 4605 2292 4662; x_wconf 86' lang='lat' dir='ltr'>quam</span> <span class='ocrx_word' id='word_1_652' title='bbox 2324 4585 2673 4654; x_wconf 68' lang='lat' dir='ltr'>conventus,</span> <span class='ocrx_word' id='word_1_653' title='bbox 2708 4581 2925 4632; x_wconf 86' lang='lat' dir='ltr'>exeunt</span> <span class='ocrx_word' id='word_1_654' title='bbox 2949 4576 3019 4628; x_wconf 85' lang='lat' dir='ltr'>de</span> <span class='ocrx_word' id='word_1_655' title='bbox 3052 4574 3308 4627; x_wconf 82' lang='lat' dir='ltr'>ecclesia</span> <span class='ocrx_word' id='word_1_656' title='bbox 3340 4573 3571 4624; x_wconf 63' lang='lat' dir='ltr'>Sanctae</span> 
     </span>
    </p>
   </div>
   <div class='ocr_carea' id='block_1_94' title="bbox 162 4654 1800 4731">
    <p class='ocr_par' dir='ltr' id='par_1_94' title="bbox 162 4654 1800 4731">
     <span class='ocr_line' id='line_1_96' title="bbox 162 4654 1800 4731; baseline 0.007 -28"><span class='ocrx_word' id='word_1_657' title='bbox 162 4655 304 4719; x_wconf 87' lang='lat' dir='ltr'>nunt,</span> <span class='ocrx_word' id='word_1_658' title='bbox 361 4655 456 4706; x_wconf 81' lang='lat' dir='ltr'>vel</span> <span class='ocrx_word' id='word_1_659' title='bbox 500 4655 553 4707; x_wconf 92' lang='lat' dir='ltr'>si</span> <span class='ocrx_word' id='word_1_660' title='bbox 585 4670 734 4724; x_wconf 90' lang='lat' dir='ltr'>opus</span> <span class='ocrx_word' id='word_1_661' title='bbox 779 4654 1091 4711; x_wconf 86' lang='lat' dir='ltr'>habuerint</span> <span class='ocrx_word' id='word_1_662' title='bbox 1137 4674 1287 4728; x_wconf 90' lang='lat' dir='ltr'>aqua</span> <span class='ocrx_word' id='word_1_663' title='bbox 1322 4662 1379 4712; x_wconf 88' lang='lat' dir='ltr'>et</span> <span class='ocrx_word' id='word_1_664' title='bbox 1410 4661 1800 4731; x_wconf 88' lang='lat' dir='ltr'>manutergio,</span> 
     </span>
    </p>
   </div>
   <div class='ocr_carea' id='block_1_95' title="bbox 163 4740 1805 4817">
    <p class='ocr_par' dir='ltr' id='par_1_95' title="bbox 163 4740 1805 4817">
     <span class='ocr_line' id='line_1_97' title="bbox 163 4740 1805 4817; baseline 0.009 -27"><span class='ocrx_word' id='word_1_665' title='bbox 163 4740 365 4796; x_wconf 87' lang='lat' dir='ltr'>scilicet</span> <span class='ocrx_word' id='word_1_666' title='bbox 384 4758 601 4797; x_wconf 87' lang='lat' dir='ltr'>manus</span> <span class='ocrx_word' id='word_1_667' title='bbox 631 4743 901 4798; x_wconf 89' lang='lat' dir='ltr'>lavaturi.</span> <span class='ocrx_word' id='word_1_668' title='bbox 920 4744 1062 4799; x_wconf 88' lang='lat' dir='ltr'>Item</span> <span class='ocrx_word' id='word_1_669' title='bbox 1092 4748 1323 4817; x_wconf 89' lang='lat' dir='ltr'>quoties</span> <span class='ocrx_word' id='word_1_670' title='bbox 1377 4750 1655 4803; x_wconf 89' lang='lat' dir='ltr'>alteruter</span> <span class='ocrx_word' id='word_1_671' title='bbox 1672 4749 1805 4804; x_wconf 88' lang='lat' dir='ltr'>ille-</span> 
     </span>
    </p>
   </div>
   <div class='ocr_carea' id='block_1_96' title="bbox 166 4832 1805 4904">
    <p class='ocr_par' dir='ltr' id='par_1_96' title="bbox 166 4832 1805 4904">
     <span class='ocr_line' id='line_1_98' title="bbox 166 4832 1805 4904; baseline 0.009 -26"><span class='ocrx_word' id='word_1_672' title='bbox 166 4843 277 4883; x_wconf 88' lang='lat' dir='ltr'>rum</span> <span class='ocrx_word' id='word_1_673' title='bbox 301 4832 574 4887; x_wconf 89' lang='lat' dir='ltr'>incensat</span> <span class='ocrx_word' id='word_1_674' title='bbox 599 4832 824 4904; x_wconf 89' lang='lat' dir='ltr'>altaria,</span> <span class='ocrx_word' id='word_1_675' title='bbox 866 4849 1020 4889; x_wconf 88' lang='lat' dir='ltr'>unus</span> <span class='ocrx_word' id='word_1_676' title='bbox 1052 4835 1123 4889; x_wconf 89' lang='lat' dir='ltr'>de</span> <span class='ocrx_word' id='word_1_677' title='bbox 1154 4836 1379 4891; x_wconf 90' lang='lat' dir='ltr'>eisdem</span> <span class='ocrx_word' id='word_1_678' title='bbox 1409 4839 1805 4893; x_wconf 82' lang='lat' dir='ltr'>servitoribus</span> 
     </span>
    </p>
   </div>
   <div class='ocr_carea' id='block_1_97' title="bbox 160 4913 1806 4997">
    <p class='ocr_par' dir='ltr' id='par_1_97' title="bbox 160 4913 1806 4997">
     <span class='ocr_line' id='line_1_99' title="bbox 160 4913 1806 4997; baseline 0.007 -27"><span class='ocrx_word' id='word_1_679' title='bbox 160 4913 363 4987; x_wconf 80' lang='lat' dir='ltr'>jugiter</span> <span class='ocrx_word' id='word_1_680' title='bbox 420 4921 557 4975; x_wconf 89' lang='lat' dir='ltr'>illos</span> <span class='ocrx_word' id='word_1_681' title='bbox 609 4922 939 4977; x_wconf 89' lang='lat' dir='ltr'>comitatur.</span> <span class='ocrx_word' id='word_1_682' title='bbox 975 4925 1057 4978; x_wconf 88' lang='lat' dir='ltr'>De</span> <span class='ocrx_word' id='word_1_683' title='bbox 1101 4925 1216 4994; x_wconf 89' lang='lat' dir='ltr'>his,</span> <span class='ocrx_word' id='word_1_684' title='bbox 1261 4942 1412 4997; x_wconf 89' lang='lat' dir='ltr'>quos</span> <span class='ocrx_word' id='word_1_685' title='bbox 1444 4929 1806 4996; x_wconf 90' lang='lat' dir='ltr'>appellamus</span> 
     </span>
    </p>
   </div>
   <div class='ocr_carea' id='block_1_98' title="bbox 164 5006 1808 5086">
    <p class='ocr_par' dir='ltr' id='par_1_98' title="bbox 164 5006 1808 5086">
     <span class='ocr_line' id='line_1_100' title="bbox 164 5006 1808 5086; baseline 0.009 -29"><span class='ocrx_word' id='word_1_686' title='bbox 164 5006 449 5064; x_wconf 80' lang='lat' dir='ltr'>ministros</span> <span class='ocrx_word' id='word_1_687' title='bbox 475 5010 700 5081; x_wconf 88' lang='lat' dir='ltr'>altaris,</span> <span class='ocrx_word' id='word_1_688' title='bbox 725 5016 1006 5082; x_wconf 89' lang='lat' dir='ltr'>quantum</span> <span class='ocrx_word' id='word_1_689' title='bbox 1027 5014 1338 5070; x_wconf 90' lang='lat' dir='ltr'>dicendum</span> <span class='ocrx_word' id='word_1_690' title='bbox 1356 5016 1683 5086; x_wconf 88' lang='lat' dir='ltr'>videbatur,</span> <span class='ocrx_word' id='word_1_691' title='bbox 1709 5033 1808 5071; x_wconf 89' lang='lat' dir='ltr'>su-</span> 
     </span>
    </p>
   </div>
   <div class='ocr_carea' id='block_1_99' title="bbox 166 5096 909 5172">
    <p class='ocr_par' dir='ltr' id='par_1_99' title="bbox 166 5096 909 5172">
     <span class='ocr_line' id='line_1_101' title="bbox 166 5096 909 5172; baseline 0.013 -25"><span class='ocrx_word' id='word_1_692' title='bbox 166 5096 347 5160; x_wconf 74' lang='lat' dir='ltr'>perius</span> <span class='ocrx_word' id='word_1_693' title='bbox 377 5104 472 5154; x_wconf 89' lang='lat' dir='ltr'>est</span> <span class='ocrx_word' id='word_1_694' title='bbox 508 5102 909 5172; x_wconf 63' lang='lat' dir='ltr'>praemissum.</span> 
     </span>
    </p>
   </div>
   <div class='ocr_carea' id='block_1_100' title="bbox 713 5190 1244 5250">
    <p class='ocr_par' dir='ltr' id='par_1_100' title="bbox 713 5190 1244 5250">
     <span class='ocr_line' id='line_1_102' title="bbox 713 5190 1244 5250; baseline 0.009 -5"><span class='ocrx_word' id='word_1_695' title='bbox 713 5190 967 5247; x_wconf 83' lang='lat' dir='ltr'><strong>CAPUT</strong></span> <span class='ocrx_word' id='word_1_696' title='bbox 996 5194 1244 5250; x_wconf 88' lang='lat' dir='ltr'><strong>XXXIV</strong></span> 
     </span>
    </p>
   </div>
   <div class='ocr_carea' id='block_1_101' title="bbox 610 5288 1352 5345">
    <p class='ocr_par' dir='ltr' id='par_1_101' title="bbox 610 5288 1352 5345">
     <span class='ocr_line' id='line_1_103' title="bbox 610 5288 1352 5345; baseline 0.003 -3"><span class='ocrx_word' id='word_1_697' title='bbox 610 5288 700 5343; x_wconf 88' lang='lat' dir='ltr'>De</span> <span class='ocrx_word' id='word_1_698' title='bbox 721 5288 948 5345; x_wconf 80' lang='lat' dir='ltr'>lectore</span> <span class='ocrx_word' id='word_1_699' title='bbox 988 5291 1064 5345; x_wconf 87' lang='lat' dir='ltr'>ad</span> <span class='ocrx_word' id='word_1_700' title='bbox 1091 5300 1352 5345; x_wconf 72' lang='lat' dir='ltr'>mensum</span> 
     </span>
    </p>
   </div>
   <div class='ocr_carea' id='block_1_102' title="bbox 236 5407 1812 5488">
    <p class='ocr_par' dir='ltr' id='par_1_102' title="bbox 236 5407 1812 5488">
     <span class='ocr_line' id='line_1_104' title="bbox 236 5407 1812 5488; baseline 0.005 -25"><span class='ocrx_word' id='word_1_701' title='bbox 236 5407 451 5468; x_wconf 80' lang='lat' dir='ltr'>Mensae</span> <span class='ocrx_word' id='word_1_702' title='bbox 469 5414 660 5470; x_wconf 84' lang='lat' dir='ltr'>lector</span> <span class='ocrx_word' id='word_1_703' title='bbox 680 5416 859 5470; x_wconf 83' lang='lat' dir='ltr'>ﬁnitis</span> <span class='ocrx_word' id='word_1_704' title='bbox 874 5415 1119 5488; x_wconf 85' lang='lat' dir='ltr'>majoris</span> <span class='ocrx_word' id='word_1_705' title='bbox 1141 5414 1346 5470; x_wconf 82' lang='lat' dir='ltr'>missae</span> <span class='ocrx_word' id='word_1_706' title='bbox 1376 5415 1683 5471; x_wconf 90' lang='lat' dir='ltr'>solemniis</span> <span class='ocrx_word' id='word_1_707' title='bbox 1716 5432 1812 5471; x_wconf 91' lang='lat' dir='ltr'>ve-</span> 
     </span>
    </p>
   </div>
   <div class='ocr_carea' id='block_1_103' title="bbox 172 5495 1816 5575">
    <p class='ocr_par' dir='ltr' id='par_1_103' title="bbox 172 5495 1816 5575">
     <span class='ocr_line' id='line_1_105' title="bbox 172 5495 1816 5575; baseline 0.009 -27"><span class='ocrx_word' id='word_1_708' title='bbox 172 5495 323 5553; x_wconf 87' lang='lat' dir='ltr'>niens</span> <span class='ocrx_word' id='word_1_709' title='bbox 379 5502 454 5555; x_wconf 90' lang='lat' dir='ltr'>ad</span> <span class='ocrx_word' id='word_1_710' title='bbox 515 5504 765 5575; x_wconf 79' lang='lat' dir='ltr'>gradum</span> <span class='ocrx_word' id='word_1_711' title='bbox 824 5505 961 5561; x_wconf 86' lang='lat' dir='ltr'>facit</span> <span class='ocrx_word' id='word_1_712' title='bbox 1008 5509 1141 5563; x_wconf 89' lang='lat' dir='ltr'>ante</span> <span class='ocrx_word' id='word_1_713' title='bbox 1172 5509 1229 5561; x_wconf 89' lang='lat' dir='ltr'>et</span> <span class='ocrx_word' id='word_1_714' title='bbox 1258 5508 1415 5561; x_wconf 87' lang='lat' dir='ltr'>retro</span> <span class='ocrx_word' id='word_1_715' title='bbox 1448 5509 1504 5562; x_wconf 90' lang='lat' dir='ltr'>et</span> <span class='ocrx_word' id='word_1_716' title='bbox 1538 5510 1627 5562; x_wconf 92' lang='lat' dir='ltr'>ter</span> <span class='ocrx_word' id='word_1_717' title='bbox 1657 5507 1816 5562; x_wconf 87' lang='lat' dir='ltr'>hunc</span> 
     </span>
    </p>
   </div>
   <div class='ocr_carea' id='block_1_104' title="bbox 176 5595 1812 5667">
    <p class='ocr_par' dir='ltr' id='par_1_104' title="bbox 176 5595 1812 5667">
     <span class='ocr_line' id='line_1_106' title="bbox 176 5595 1812 5667; baseline 0.007 -28"><span class='ocrx_word' id='word_1_718' title='bbox 176 5598 399 5644; x_wconf 86' lang='lat' dir='ltr'>versum</span> <span class='ocrx_word' id='word_1_719' title='bbox 452 5595 569 5650; x_wconf 86' lang='lat' dir='ltr'>toto</span> <span class='ocrx_word' id='word_1_720' title='bbox 620 5598 914 5650; x_wconf 84' lang='lat' dir='ltr'>conventu</span> <span class='ocrx_word' id='word_1_721' title='bbox 972 5595 1372 5667; x_wconf 88' lang='lat' dir='ltr'>respondente</span> <span class='ocrx_word' id='word_1_722' title='bbox 1438 5596 1812 5667; x_wconf 90' lang='lat' dir='ltr'>pronuntiat:</span> 
     </span>
    </p>
   </div>
   <div class='ocr_carea' id='block_1_105' title="bbox 172 5676 1818 5758">
    <p class='ocr_par' dir='ltr' id='par_1_105' title="bbox 172 5676 1818 5758">
     <span class='ocr_line' id='line_1_107' title="bbox 172 5676 1818 5758; baseline 0.004 -24"><span class='ocrx_word' id='word_1_723' title='bbox 172 5676 423 5756; x_wconf 87' lang='lat' dir='ltr'>Domine,</span> <span class='ocrx_word' id='word_1_724' title='bbox 470 5681 626 5741; x_wconf 85' lang='lat' dir='ltr'>labia</span> <span class='ocrx_word' id='word_1_725' title='bbox 680 5699 811 5741; x_wconf 87' lang='lat' dir='ltr'>mea</span> <span class='ocrx_word' id='word_1_726' title='bbox 868 5686 979 5741; x_wconf 90' lang='lat' dir='ltr'>etc.</span> <span class='ocrx_word' id='word_1_727' title='bbox 1012 5684 1404 5758; x_wconf 87' lang='lat' dir='ltr'>Prosequitur</span> <span class='ocrx_word' id='word_1_728' title='bbox 1431 5686 1715 5742; x_wconf 87' lang='lat' dir='ltr'>sacerdos</span> <span class='ocrx_word' id='word_1_729' title='bbox 1747 5700 1818 5741; x_wconf 89' lang='lat' dir='ltr'>ea</span> 
     </span>
    </p>
   </div>
   <div class='ocr_carea' id='block_1_106' title="bbox 1916 4662 3581 4747">
    <p class='ocr_par' dir='ltr' id='par_1_106' title="bbox 1916 4662 3581 4747">
     <span class='ocr_line' id='line_1_108' title="bbox 1916 4662 3581 4747; baseline -0.017 -9"><span class='ocrx_word' id='word_1_730' title='bbox 1916 4685 2135 4747; x_wconf 73' lang='lat' dir='ltr'>Mariae,</span> <span class='ocrx_word' id='word_1_731' title='bbox 2172 4683 2235 4733; x_wconf 90' lang='lat' dir='ltr'>ut</span> <span class='ocrx_word' id='word_1_732' title='bbox 2280 4693 2345 4730; x_wconf 88' lang='lat' dir='ltr'>se</span> <span class='ocrx_word' id='word_1_733' title='bbox 2376 4673 2609 4745; x_wconf 87' lang='lat' dir='ltr'>possint</span> <span class='ocrx_word' id='word_1_734' title='bbox 2644 4670 2927 4735; x_wconf 88' lang='lat' dir='ltr'>calceare,</span> <span class='ocrx_word' id='word_1_735' title='bbox 2963 4669 3017 4718; x_wconf 91' lang='lat' dir='ltr'>et</span> <span class='ocrx_word' id='word_1_736' title='bbox 3066 4664 3296 4717; x_wconf 86' lang='lat' dir='ltr'>interim</span> <span class='ocrx_word' id='word_1_737' title='bbox 3332 4662 3581 4713; x_wconf 81' lang='lat' dir='ltr'>descen-</span> 
     </span>
    </p>
   </div>
   <div class='ocr_carea' id='block_1_107' title="bbox 1915 4750 3580 4844">
    <p class='ocr_par' dir='ltr' id='par_1_107' title="bbox 1915 4750 3580 4842">
     <span class='ocr_line' id='line_1_109' title="bbox 1915 4750 3580 4842; baseline -0.019 -13"><span class='ocrx_word' id='word_1_738' title='bbox 1915 4771 2242 4842; x_wconf 87' lang='lat' dir='ltr'>dere;dum</span> <span class='ocrx_word' id='word_1_739' title='bbox 2261 4767 2331 4820; x_wconf 89' lang='lat' dir='ltr'>ad</span> <span class='ocrx_word' id='word_1_740' title='bbox 2368 4761 2745 4818; x_wconf 86' lang='lat' dir='ltr'>necessarias</span> <span class='ocrx_word' id='word_1_741' title='bbox 2777 4760 2865 4811; x_wconf 89' lang='lat' dir='ltr'>est</span> <span class='ocrx_word' id='word_1_742' title='bbox 2906 4756 3255 4820; x_wconf 84' lang='lat' dir='ltr'>conventus,</span> <span class='ocrx_word' id='word_1_743' title='bbox 3290 4765 3500 4802; x_wconf 86' lang='lat' dir='ltr'>manus</span> <span class='ocrx_word' id='word_1_744' title='bbox 3525 4750 3580 4800; x_wconf 89' lang='lat' dir='ltr'>et</span> 
     </span>
    </p>
   </div>
   <div class='ocr_carea' id='block_1_108' title="bbox 1919 4840 3583 4923">
    <p class='ocr_par' dir='ltr' id='par_1_108' title="bbox 1919 4840 3583 4923">
     <span class='ocr_line' id='line_1_110' title="bbox 1919 4840 3583 4923; baseline -0.019 -6"><span class='ocrx_word' id='word_1_745' title='bbox 1919 4840 2129 4916; x_wconf 84' lang='lat' dir='ltr'>faciem</span> <span class='ocrx_word' id='word_1_746' title='bbox 2155 4858 2370 4923; x_wconf 88' lang='lat' dir='ltr'>lavant,</span> <span class='ocrx_word' id='word_1_747' title='bbox 2396 4853 2634 4915; x_wconf 74' lang='lat' dir='ltr'>faciunt,</span> <span class='ocrx_word' id='word_1_748' title='bbox 2660 4852 2719 4901; x_wconf 88' lang='lat' dir='ltr'>ut</span> <span class='ocrx_word' id='word_1_749' title='bbox 2758 4845 2943 4900; x_wconf 84' lang='lat' dir='ltr'>moris</span> <span class='ocrx_word' id='word_1_750' title='bbox 2976 4846 3087 4911; x_wconf 73' lang='lat' dir='ltr'>est,</span> <span class='ocrx_word' id='word_1_751' title='bbox 3122 4844 3244 4893; x_wconf 86' lang='lat' dir='ltr'>tres</span> <span class='ocrx_word' id='word_1_752' title='bbox 3285 4840 3583 4891; x_wconf 80' lang='lat' dir='ltr'>orationes</span> 
     </span>
    </p>
   </div>
   <div class='ocr_carea' id='block_1_109' title="bbox 1920 4925 3582 5014">
    <p class='ocr_par' dir='ltr' id='par_1_109' title="bbox 1920 4925 3582 5014">
     <span class='ocr_line' id='line_1_111' title="bbox 1920 4925 3582 5014; baseline -0.019 -7"><span class='ocrx_word' id='word_1_753' title='bbox 1920 4953 1981 5007; x_wconf 90' lang='lat' dir='ltr'>in</span> <span class='ocrx_word' id='word_1_754' title='bbox 2003 4948 2276 5014; x_wconf 86' lang='lat' dir='ltr'>ecclesia,</span> <span class='ocrx_word' id='word_1_755' title='bbox 2303 4945 2356 4999; x_wconf 89' lang='lat' dir='ltr'>si</span> <span class='ocrx_word' id='word_1_756' title='bbox 2378 4944 2595 4997; x_wconf 89' lang='lat' dir='ltr'>intrare</span> <span class='ocrx_word' id='word_1_757' title='bbox 2624 4935 2949 5008; x_wconf 88' lang='lat' dir='ltr'>potuerint;</span> <span class='ocrx_word' id='word_1_758' title='bbox 2984 4931 3033 4984; x_wconf 87' lang='lat' dir='ltr'>si</span> <span class='ocrx_word' id='word_1_759' title='bbox 3060 4947 3194 4997; x_wconf 89' lang='lat' dir='ltr'>non,</span> <span class='ocrx_word' id='word_1_760' title='bbox 3216 4942 3397 4997; x_wconf 88' lang='lat' dir='ltr'>prope</span> <span class='ocrx_word' id='word_1_761' title='bbox 3419 4925 3582 4977; x_wconf 83' lang='lat' dir='ltr'>fores</span> 
     </span>
    </p>
   </div>
   <div class='ocr_carea' id='block_1_110' title="bbox 1924 5014 3583 5097">
    <p class='ocr_par' dir='ltr' id='par_1_110' title="bbox 1924 5014 3583 5097">
     <span class='ocr_line' id='line_1_112' title="bbox 1924 5014 3583 5097; baseline -0.019 -1"><span class='ocrx_word' id='word_1_762' title='bbox 1924 5035 2526 5097; x_wconf 48' lang='lat' dir='ltr'>ecclesiamlntrantes</span> <span class='ocrx_word' id='word_1_763' title='bbox 2568 5027 2899 5097; x_wconf 89' lang='lat' dir='ltr'>coquinam,</span> <span class='ocrx_word' id='word_1_764' title='bbox 2946 5022 3153 5074; x_wconf 89' lang='lat' dir='ltr'>iterum</span> <span class='ocrx_word' id='word_1_765' title='bbox 3184 5018 3379 5070; x_wconf 88' lang='lat' dir='ltr'>lavant</span> <span class='ocrx_word' id='word_1_766' title='bbox 3412 5014 3583 5067; x_wconf 86' lang='lat' dir='ltr'>fabas</span> 
     </span>
    </p>
   </div>
   <div class='ocr_carea' id='block_1_111' title="bbox 1924 5102 3599 5201">
    <p class='ocr_par' dir='ltr' id='par_1_111' title="bbox 1924 5102 3599 5201">
     <span class='ocr_line' id='line_1_113' title="bbox 1924 5102 3599 5201; baseline -0.02 -15"><span class='ocrx_word' id='word_1_767' title='bbox 1924 5130 2110 5186; x_wconf 90' lang='lat' dir='ltr'>ternis</span> <span class='ocrx_word' id='word_1_768' title='bbox 2168 5125 2363 5197; x_wconf 88' lang='lat' dir='ltr'>aquis,</span> <span class='ocrx_word' id='word_1_769' title='bbox 2425 5124 2481 5176; x_wconf 91' lang='lat' dir='ltr'>et</span> <span class='ocrx_word' id='word_1_770' title='bbox 2530 5119 2620 5171; x_wconf 91' lang='lat' dir='ltr'>sic</span> <span class='ocrx_word' id='word_1_771' title='bbox 2665 5115 2897 5167; x_wconf 91' lang='lat' dir='ltr'>mittunt</span> <span class='ocrx_word' id='word_1_772' title='bbox 2927 5102 3599 5201; x_wconf 13' lang='lat' dir='ltr'>super-ignem..quai</span> 
     </span>
    </p>
   </div>
   <div class='ocr_carea' id='block_1_112' title="bbox 1927 5191 3588 5276">
    <p class='ocr_par' dir='ltr' id='par_1_112' title="bbox 1927 5191 3588 5276">
     <span class='ocr_line' id='line_1_114' title="bbox 1927 5191 3588 5276; baseline -0.02 0"><span class='ocrx_word' id='word_1_773' title='bbox 1927 5217 2179 5276; x_wconf 89' lang='lat' dir='ltr'>caldaria</span> <span class='ocrx_word' id='word_1_774' title='bbox 2210 5191 2601 5273; x_wconf 52' lang='lat' dir='ltr'>fervescente,</span> <span class='ocrx_word' id='word_1_775' title='bbox 2634 5206 2691 5259; x_wconf 90' lang='lat' dir='ltr'>et</span> <span class='ocrx_word' id='word_1_776' title='bbox 2720 5215 2963 5271; x_wconf 89' lang='lat' dir='ltr'>spumas</span> <span class='ocrx_word' id='word_1_777' title='bbox 3004 5197 3305 5265; x_wconf 89' lang='lat' dir='ltr'>bulliente,</span> <span class='ocrx_word' id='word_1_778' title='bbox 3340 5191 3588 5263; x_wconf 88' lang='lat' dir='ltr'>ejiciunt</span> 
     </span>
    </p>
   </div>
   <div class='ocr_carea' id='block_1_113' title="bbox 1926 5281 3590 5379">
    <p class='ocr_par' dir='ltr' id='par_1_113' title="bbox 1926 5281 3590 5379">
     <span class='ocr_line' id='line_1_115' title="bbox 1926 5281 3590 5379; baseline -0.019 -14"><span class='ocrx_word' id='word_1_779' title='bbox 1926 5326 2029 5366; x_wconf 90' lang='lat' dir='ltr'>eas</span> <span class='ocrx_word' id='word_1_780' title='bbox 2052 5306 2283 5379; x_wconf 87' lang='lat' dir='ltr'>jugiter</span> <span class='ocrx_word' id='word_1_781' title='bbox 2305 5305 2652 5356; x_wconf 87' lang='lat' dir='ltr'>transverso</span> <span class='ocrx_word' id='word_1_782' title='bbox 2672 5287 2989 5357; x_wconf 87' lang='lat' dir='ltr'>cochleari,</span> <span class='ocrx_word' id='word_1_783' title='bbox 3008 5302 3079 5379; x_wconf 91' lang='lat' dir='ltr'>ne</span> <span class='ocrx_word' id='word_1_784' title='bbox 3094 5285 3243 5379; x_wconf 87' lang='lat' dir='ltr'>forte</span> <span class='ocrx_word' id='word_1_785' title='bbox 3263 5281 3440 5337; x_wconf 90' lang='lat' dir='ltr'>simul</span> <span class='ocrx_word' id='word_1_786' title='bbox 3454 5295 3590 5335; x_wconf 89' lang='lat' dir='ltr'>eum</span> 
     </span>
    </p>
   </div>
   <div class='ocr_carea' id='block_1_114' title="bbox 1925 5377 3383 5472">
    <p class='ocr_par' dir='ltr' id='par_1_114' title="bbox 1925 5377 3383 5472">
     <span class='ocr_line' id='line_1_116' title="bbox 1925 5377 3383 5472; baseline -0.019 -16"><span class='ocrx_word' id='word_1_787' title='bbox 1925 5377 2155 5472; x_wconf 84' lang='lat' dir='ltr'>spumis</span> <span class='ocrx_word' id='word_1_788' title='bbox 2230 5394 2381 5447; x_wconf 80' lang='lat' dir='ltr'>fabae</span> <span class='ocrx_word' id='word_1_789' title='bbox 2441 5384 2894 5458; x_wconf 71' lang='lat' dir='ltr'>supernatantes</span> <span class='ocrx_word' id='word_1_790' title='bbox 2954 5377 3383 5472; x_wconf 71' lang='lat' dir='ltr'>projiciantur;</span> 
     </span>
    </p>
   </div>
   <div class='ocr_carea' id='block_1_115' title="bbox 1925 5461 3586 5549">
    <p class='ocr_par' dir='ltr' id='par_1_115' title="bbox 1925 5461 3586 5549">
     <span class='ocr_line' id='line_1_117' title="bbox 1925 5461 3586 5549; baseline -0.022 0"><span class='ocrx_word' id='word_1_791' title='bbox 1925 5461 2119 5549; x_wconf 63' lang='lat' dir='ltr'>etiam?</span> <span class='ocrx_word' id='word_1_792' title='bbox 2152 5485 2331 5542; x_wconf 90' lang='lat' dir='ltr'>fundo</span> <span class='ocrx_word' id='word_1_793' title='bbox 2361 5478 2585 5549; x_wconf 85' lang='lat' dir='ltr'>saepius</span> <span class='ocrx_word' id='word_1_794' title='bbox 2616 5488 2751 5528; x_wconf 92' lang='lat' dir='ltr'>cum</span> <span class='ocrx_word' id='word_1_795' title='bbox 2766 5473 2898 5543; x_wconf 90' lang='lat' dir='ltr'>ipso</span> <span class='ocrx_word' id='word_1_796' title='bbox 2923 5468 3233 5524; x_wconf 90' lang='lat' dir='ltr'>cochleare</span> <span class='ocrx_word' id='word_1_797' title='bbox 3257 5461 3586 5528; x_wconf 88' lang='lat' dir='ltr'>diversant,</span> 
     </span>
    </p>
   </div>
   <div class='ocr_carea' id='block_1_116' title="bbox 1926 5548 3588 5653">
    <p class='ocr_par' dir='ltr' id='par_1_116' title="bbox 1926 5548 3588 5653">
     <span class='ocr_line' id='line_1_118' title="bbox 1926 5548 3588 5653; baseline -0.021 -16"><span class='ocrx_word' id='word_1_798' title='bbox 1926 5597 2021 5653; x_wconf 90' lang='lat' dir='ltr'>ne,</span> <span class='ocrx_word' id='word_1_799' title='bbox 2074 5548 2208 5633; x_wconf 73' lang='lat' dir='ltr'>cum</span> <span class='ocrx_word' id='word_1_800' title='bbox 2229 5548 2462 5641; x_wconf 80' lang='lat' dir='ltr'>mandi,</span> <span class='ocrx_word' id='word_1_801' title='bbox 2495 5563 2826 5632; x_wconf 88' lang='lat' dir='ltr'>debuerint,</span> <span class='ocrx_word' id='word_1_802' title='bbox 2877 5558 3108 5630; x_wconf 87' lang='lat' dir='ltr'>sapiant</span> <span class='ocrx_word' id='word_1_803' title='bbox 3137 5554 3299 5628; x_wconf 85' lang='lat' dir='ltr'>ignis</span> <span class='ocrx_word' id='word_1_804' title='bbox 3334 5551 3588 5652; x_wconf 42' lang='lat' dir='ltr'>.odorem</span> 
     </span>
    </p>
   </div>
   <div class='ocr_carea' id='block_1_117' title="bbox 1926 5642 3592 5735">
    <p class='ocr_par' dir='ltr' id='par_1_117' title="bbox 1926 5642 3592 5735">
     <span class='ocr_line' id='line_1_119' title="bbox 1926 5642 3592 5735; baseline -0.028 1"><span class='ocrx_word' id='word_1_805' title='bbox 1926 5642 2245 5735; x_wconf 83' lang='lat' dir='ltr'>Folliculas</span> <span class='ocrx_word' id='word_1_806' title='bbox 2303 5660 2575 5717; x_wconf 87' lang='lat' dir='ltr'>fabarum</span> <span class='ocrx_word' id='word_1_807' title='bbox 2631 5664 2849 5712; x_wconf 85' lang='lat' dir='ltr'>cumse</span> <span class='ocrx_word' id='word_1_808' title='bbox 2872 5646 3160 5719; x_wconf 89' lang='lat' dir='ltr'>incipiunt</span> <span class='ocrx_word' id='word_1_809' title='bbox 3188 5642 3438 5717; x_wconf 89' lang='lat' dir='ltr'>aperire,</span> <span class='ocrx_word' id='word_1_810' title='bbox 3471 5648 3592 5693; x_wconf 88' lang='lat' dir='ltr'>non</span> 
     </span>
    </p>
   </div>
  </div>
