3956 6176
496 295 614 357 727

1450 296 1860 361 UDALRICI
1920 295 2526 361 CLUNIACENSIS
2571 297 2961 363 MONACHI
3718 305 3809 368 728

491 498 833 567 permittunt
861 512 963 552 eas
989 497 1241 568 amplius
1275 512 1457 566 super
1487 497 1721 569 ignem;
1754 513 1905 568 aqua
1935 497 2151 569 frigida
2179 477 2240 539 Α
2268 498 2445 553 trario
2477 499 2634 554 ﬁerit
2659 499 2827 570 solet,
2840 512 2985 571 quae
3028 500 3108 554 ita
3142 500 3665 570 administrant,uta
3684 507 3832 560 novis-

488 590 581 643 ter
608 588 820 642 iterum
850 586 1305 657 refrigerantur,
1348 589 1406 641 et
1451 587 1663 641 iterum
1711 587 2007 643 cochleari
2037 586 2154 640 huc

490 679 547 732 et
597 677 735 731 illuc
792 676 1190 743 diversantur,
1241 676 1548 729 mittuntur
1586 677 1644 729 in
1701 692 1873 731 unam
1905 691 2154 746 euppam

487 765 801 821 habentem
834 765 1249 834 cooperculum
1279 765 1494 834 optime
1522 763 2154 836 compaginatum.Cal—

486 855 718 909 darium
749 870 1003 925 quoque,
1041 854 1102 907 in
1132 870 1247 924 quo
1314 854 1733 924 coquebantur,
1778 853 2144 908 intrinsecus

484 959 678 1014 usque
708 944 781 997 ad
810 943 1056 997 nitidum
1076 943 1305 997 lavatur
1331 959 1345 1012 ;
1386 959 1501 1013 quo
1522 943 1716 997 ablato
1739 943 1809 996 ab
1842 943 2001 1014 igne,
2035 946 2148 996 sta-

484 1032 586 1085 tim
617 1032 775 1086 aliud
809 1032 1180 1101 dependitur,
1206 1034 1269 1086 ut
1290 1045 1448 1102 aqua
1471 1031 1698 1085 calefiat
1729 1046 1842 1102 qua
1883 1030 2147 1085 scutellas

485 1124 623 1175 sunt
652 1121 937 1174 lavandae.

553 1209 899 1263 Reclinatur
939 1209 1112 1262 etiam
1159 1207 1355 1262 tabula
1410 1208 1481 1262 ad
1528 1207 1809 1278 parietem
1848 1208 2144 1276 inclinata,

464 1313 614 1368 qua,
648 1314 780 1352 cum
802 1297 1010 1351 lavatae
1034 1297 1274 1366 fuerint,
1306 1300 1667 1367 pausentur;
1702 1300 1759 1351 et
1789 1297 1918 1366 ipsa
1948 1296 2145 1351 tabula

474 1387 593 1441 tota
626 1386 885 1456 desuper
932 1385 1261 1440 infunditur
1317 1402 1468 1456 aqua
1525 1390 1581 1440 et
1626 1386 1877 1457 tergitur
1917 1385 2139 1454 scepis.

472 1475 649 1529 Prius
680 1478 874 1529 tamen
923 1478 1207 1529 consueta
1258 1474 1637 1529 inclinatione
1686 1474 2021 1543 praemissa,
2055 1476 2144 1528 ter

472 1580 688 1618 rursus
706 1564 976 1618 eumdem
989 1579 1235 1617 versum
1262 1562 1462 1616 dicunt
1487 1578 1659 1632 quem
1690 1563 1751 1616 in
1775 1562 1956 1617 choro
1989 1562 2145 1617 dixe-

470 1655 635 1717 runt;
672 1652 779 1706 sed
793 1652 888 1706 hic
902 1651 1181 1723 adjuncto
1216 1652 1383 1705 tertia
1411 1652 1542 1704 vice
1561 1651 1762 1705 Gloria
1780 1650 1976 1720 Patri,
2001 1653 2136 1706 etc..

471 1743 529 1794 et
542 1741 844 1795 Dominica
864 1740 1346 1807 simulOratione,
1367 1743 1423 1794 et
1444 1740 2136 1811 versiculoAd/utorium

469 1834 756 1897 nostrum,
800 1832 934 1897 etc.,
971 1830 1184 1882 iterum
1226 1829 1378 1882 facto
1423 1831 1554 1882 ante
1604 1831 1660 1882 et
1691 1831 1871 1894 retro,
1923 1829 2003 1882 ita
2036 1829 2136 1882 de-

466 1918 899 1972 mumtabulam
913 1917 1222 1971 reclinant.
1238 1916 1481 1971 Cantant
1509 1933 1715 1970 omnes
1744 1917 1924 1972 horas
1955 1933 2134 1988 regu-

466 2005 647 2076 lares,
682 2021 845 2060 more
877 2006 1324 2074 canonicarum;
1358 2005 1655 2075 Vesperas
1695 2021 1800 2075 pro
1859 2005 2134 2061 fidelibus

424 2092 427 2097 ’
466 2094 763 2150 defunciis
803 2095 933 2149 loco
967 2111 1076 2148 suo
1108 2095 1435 2164 imponunt,
1468 2098 1523 2148 et
1544 2094 1616 2147 ad
1641 2094 1906 2148 ultimum
1942 2094 2133 2149 Verba

465 2200 614 2238 mea.
651 2182 854 2238 Effusa
883 2186 1078 2237 autem
1137 2199 1306 2253 aqua,
1370 2199 1482 2254 qua
1536 2183 1810 2237 lavantur
1849 2183 2134 2253 scutellae,

474 2272 805 2326 infunditur
823 2287 891 2326 ea
910 2272 1327 2342 calefacienda,
1345 2287 1457 2342 qua
1476 2272 1634 2326 olera
1654 2273 2133 2343 suntcoquenda.

468 2360 633 2426 Quod
664 2361 716 2414 si
775 2361 1073 2415 matutinae
1130 2360 1338 2414 laudes
1392 2361 1620 2414 tardius
1675 2361 2041 2430 expleantur,
2075 2364 2136 2415 ut

462 2449 778 2521 aliquando
813 2450 1121 2521 contingit,
1156 2450 1407 2503 maxime
1442 2450 1499 2503 in
1532 2450 1703 2504 festis
1729 2450 2047 2519 praecipuis
2080 2453 2138 2504 et

466 2540 856 2607 aestivalibus,
916 2542 971 2592 et
1044 2540 1283 2610 signum
1311 2538 1383 2592 ad
1440 2539 1687 2608 primam
1727 2539 2016 2593 maturius
2047 2543 2138 2593 est

465 2627 852 2696 pulsandum;
887 2631 1006 2681 tum
1036 2628 1382 2697 priusquam
1415 2627 1697 2697 quidquid
1735 2627 1894 2680 aliud
1926 2627 2144 2682 faciant

462 2715 661 2769 tabula
700 2716 979 2770 reclinata
1038 2716 1221 2769 horas
1271 2716 1658 2787 adoriuntur;
1700 2716 1836 2787 quia
1891 2717 1943 2770 si
2003 2716 2145 2787 quid

466 2807 730 2859 remanet
768 2804 924 2876 quod
955 2808 1086 2858 ante
1118 2805 1364 2874 primam
1408 2820 1523 2859 non
1586 2806 1969 2873 cantaverint,
2028 2822 2143 2860 non

469 2897 562 2949 est
602 2893 970 2949 consuetudo
1030 2897 1093 2947 ut
1138 2897 1272 2963 post
1313 2894 1558 2963 primam
1588 2898 1854 2948 cantetur
1872 2894 1930 2947 in
1953 2895 2141 2949 mani-

463 2984 639 3039 festo.
676 2984 801 3049 Qua
833 2981 1014 3051 ﬁnita,
1050 2983 1141 3036 vel
1176 2983 1229 3036 si
1274 2986 1365 3037 est
1398 2983 1454 3035 in
1486 2982 1732 3050 privatis
1763 2983 1973 3038 diebus
2006 2988 2139 3054 post

466 3073 858 3145 Evangelium
890 3072 1094 3125 missae
1125 3071 1504 3142 matutinalis,
1549 3071 1708 3126 olera
1733 3073 1993 3127 caldario
2021 3074 2136 3127 im-

462 3164 718 3229 mittunt,
753 3166 809 3216 et
848 3164 982 3231 po‘st
1032 3161 1349 3230 capitulum
1381 3162 1438 3214 in
1478 3161 1664 3216 altero
1696 3161 1865 3216 fabas
1899 3162 2131 3223 iterato.

460 3253 775 3322 Accipiunt
805 3252 1053 3321 lardum,
1089 3252 1246 3322 quod
1278 3266 1410 3305 cum
1438 3250 1862 3320 aliquantulum
1895 3254 2125 3306 coctum

460 3342 637 3396 fuerit
667 3358 800 3396 cum
830 3341 1113 3409 oleribus,
1148 3340 1480 3409 exprimunt
1512 3339 1645 3392 inde
1677 3339 1945 3411 saginam
1977 3341 2132 3395 fabis

462 3430 1022 3501 superfundendam.
1058 3430 1304 3497 PrOpter
1334 3427 1486 3498 quod
1517 3430 1712 3481 tanem
1743 3428 1815 3482 ad
1846 3428 2133 3499 maiorem

458 3520 707 3573 missam
727 3534 844 3572 non
876 3533 1083 3571 omnes
1108 3531 1174 3570 se
1197 3516 1568 3583 subtrabunt,
1595 3517 1701 3570 sed
1763 3517 1878 3571 duo
1906 3521 2131 3573 tantum

463 3611 519 3661 et
547 3608 849 3677 praecipue
869 3605 920 3659 si
969 3605 1069 3676 qui
1115 3619 1318 3658 eorum
1348 3608 1486 3658 sunt
1512 3605 1733 3660 idiotas.
1757 3603 1983 3669 Quibus
1998 3611 2130 3662 ante

461 3696 689 3751 debeta
718 3694 1216 3749 commilitonibus
1248 3693 1536 3747 indultum
1576 3709 1736 3764 esse,
1778 3697 1839 3748 ut
1876 3695 2130 3766 aliquam

458 3785 746 3854 privatam
770 3784 1013 3837 missam
1032 3784 1265 3852 possint
1286 3782 1634 3838 audivisse.
1662 3784 1756 3853 Hi,
1783 3786 2128 3854 utpraemis-

460 3889 593 3927 sum
640 3875 750 3944 est,
798 3872 1045 3927 fundunt
1091 3872 1391 3942 saginam;
1427 3888 1537 3941 per
1580 3873 1689 3927 hos
1730 3872 1883 3927 fabae
1916 3874 2127 3929 iterum

457 3962 751 4017 caleﬁunt.
782 3963 876 4031 Hi,
903 3962 954 4016 si
986 3978 1134 4032 epus
1166 3961 1437 4030 viderint,
1463 3978 1573 4032 pro
1595 3979 1833 4017 morosa
1861 3964 2125 4019 coctione

454 4054 518 4105 ut
549 4052 802 4120 amplius
841 4067 1010 4122 aqua)
1061 4066 1243 4120 super
1295 4050 1456 4104 olera
1504 4051 1780 4120 mittatur,
1843 4056 2124 4123 quantum

454 4142 685 4195 mittere
740 4142 962 4207 volunt,
1017 4139 1264 4209 primum
1323 4141 1379 4193 in
1437 4141 1735 4211 sartagine
1775 4141 2123 4197 calefaciunt

454 4231 591 4301 quia
614 4246 680 4284 ca
710 4232 915 4284 natura
937 4232 1028 4283 est
1060 4229 1285 4283 olerum
1318 4232 1379 4283 ut
1409 4229 1480 4283 de
1512 4245 1660 4300 aqua
1694 4230 1909 4301 frigida
1941 4247 2120 4300 sapo-

2268 587 2417 641 simo
2439 587 2735 658 incipiant.
2767 588 3024 643 Scutella
3044 590 3232 659 posita
3291 605 3421 644 cum
3450 590 3681 645 oleribus
3726 594 3835 661 ipsis

2267 681 2399 731 ante
2426 677 2704 732 domnum
2733 677 3024 747 abbatem,
3048 680 3141 733 vel
3159 678 3429 749 priorem,
3445 680 3537 749 qui
3563 695 3673 733 eam
3697 697 3834 750 appo-

2266 766 2385 819 suit
2406 782 2539 820 cum
2569 768 2745 839 signo
2766 767 3048 822 mediocri
3078 767 3368 822 licentiam
3401 768 3597 838 quaerit
3637 772 3838 839 apraasiv

2265 854 2438 908 dente
2467 858 2529 909 ut
2581 856 2774 910 sillam
2834 871 3052 911 sonare
3110 855 3421 927 jubeatur;
3466 873 3572 927 quo
3607 862 3837 912 annuente

2263 943 2565 1012 paululum
2596 944 2855 1013 inclinat,
2888 948 2944 998 et
2973 945 3045 998 ad
3077 945 3308 998 scillam
3325 945 3560 999 veniens
3585 945 3751 1000 tandiu
3774 962 3841 1000 so-

2263 1033 2380 1100 nat,
2415 1036 2478 1086 ut
2510 1032 2729 1104 singuli
2760 1033 3049 1105 deglutire
3070 1035 3306 1103 possint
3332 1034 3484 1104 quod
3523 1033 3783 1088 habuerint
3797 1035 3839 1087 in

2262 1135 2387 1188 ore,
2410 1124 2473 1175 ut
2494 1122 2632 1191 sint,
2656 1123 2917 1192 expediti
2938 1122 3012 1177 ad
3033 1122 3507 1192 respondendum
3519 1122 3842 1177 benedictioni

2259 1210 2626 1276 sacerdotis;
2660 1228 2793 1282 quae
2824 1213 2999 1266 etiam
3035 1212 3172 1266 dum
3213 1211 3292 1265 sit
3348 1211 3632 1282 completa,
3663 1211 3840 1265 interim

2255 1297 2540 1365 praefatus
2561 1299 2789 1369 dapifer
2810 1303 2926 1355 stat
2954 1300 3192 1355 inclinis
3223 1304 3358 1354 ante
3380 1300 3838 1355 architriclinumet

2255 1387 2394 1440 tunc
2424 1390 2556 1442 ante
2586 1388 2726 1444 facit
2753 1392 2809 1444 et
2849 1392 3029 1444 retro.
3069 1388 3237 1454 Quod
3281 1389 3529 1444 medium
3559 1389 3706 1443 datur
3729 1388 3841 1442 inter

2256 1472 2426 1528 fabas
2459 1480 2514 1529 et
2536 1476 2717 1546 olera,
2749 1492 2858 1545 per
2886 1480 3008 1531 tres
3040 1476 3169 1531 dies
3217 1477 3280 1530 in
3339 1477 3659 1546 septimana.
3702 1474 3752 1529 Id
3775 1477 3842 1529 est

2254 1561 2402 1616 feria
2423 1580 2482 1631 η,
2517 1580 2576 1617 1v
2598 1567 2653 1617 et
2676 1581 2730 1618 v1
2754 1565 2906 1619 solet
2927 1580 3063 1619 esse
3084 1565 3375 1635 pitancia;
3403 1565 3542 1618 alios
3567 1568 3691 1633 tres,
3708 1580 3842 1634 gene-

2250 1650 2392 1704 rale.
2418 1649 2703 1705 Generale
2721 1652 3106 1721 appellamus,
3122 1652 3282 1722 quod
3304 1652 3552 1723 singulis
3568 1651 3621 1704 in
3640 1650 3838 1721 singulis

2251 1739 2424 1793 datur
2451 1740 2740 1794 scutellis.
2774 1740 3035 1794 Pitancia
3065 1740 3224 1810 quod
3264 1741 3322 1794 in
3359 1756 3472 1795 una
3498 1739 3715 1795 scutella
3729 1738 3838 1792 duo-

2248 1827 2395 1896 bus;
2428 1828 2593 1882 verbi
2639 1830 2847 1899 gratia,
2881 1829 3199 1901 aliquando
3240 1846 3352 1900 pro
3394 1829 3633 1900 pitancia
3667 1828 3839 1897 absque

2247 1917 2494 1971 scutella
2527 1933 2706 1973 unum
2756 1918 2925 1973 crudi
2980 1918 3141 1972 casei
3196 1920 3472 1987 frustum,
3509 1917 3596 1972 vel
3648 1919 3838 1987 quatuor

2245 2021 2355 2060 ova
2380 2021 2394 2074 ;
2417 2022 2523 2076 pro
2547 2006 2813 2078 generali
2846 2023 2956 2062 ova
2978 2008 3265 2078 quinque,
3297 2011 3578 2062 etcaseus
3608 2020 3840 2075 nunquam

2242 2094 2360 2149 nisi
2394 2098 2624 2150 coctus.
2657 2095 2773 2150 Sed
2804 2096 2857 2150 si
2888 2097 3029 2167 quid
3051 2102 3144 2152 est
3183 2098 3482 2168 generale,
3508 2112 3539 2150 a
3577 2094 3838 2150 novissimo

2241 2182 2447 2253 incipit
2476 2184 2899 2253 administrari,
2937 2190 2993 2240 et
3022 2186 3095 2239 ad
3127 2186 3242 2241 hoc
3274 2185 3443 2240 scilla
3463 2185 3607 2240 sicut
3635 2183 3699 2237 ad
3721 2182 3839 2237 olera

2241 2273 2531 2341 pulsatur.
2558 2273 2818 2327 Pitancia
2850 2289 2991 2329 vero
3011 2290 3043 2328 a
3082 2274 3312 2345 priore;
3346 2276 3404 2330 et
3433 2275 3502 2329 de
3538 2272 3638 2327 hac
3666 2270 3837 2326 hebdo-

2242 2360 2485 2414 madarii
2510 2363 2781 2432 coquinm
2813 2363 2958 2416 nihil
2989 2363 3228 2418 omnino
3263 2378 3331 2419 se
3376 2379 3450 2417 ex
3495 2362 3670 2417 debito
3696 2361 3835 2414 intro-

2242 2449 2494 2518 mittunt,
2521 2450 2629 2504 sed
2654 2450 3003 2505 cellerarius
3025 2451 3248 2522 quibus
3280 2453 3354 2506 ad
3377 2452 3487 2506 hoc
3515 2449 3836 2504 innueritcum

2241 2536 2337 2592 his
2370 2554 2497 2592 eam
2530 2539 2928 2611 administrat;
2976 2541 3265 2612 quidquid
3317 2545 3409 2596 est
3463 2538 3710 2612 generale
3754 2536 3834 2589 hoc

2242 2629 2571 2696 apportant,
2606 2630 2661 2682 et
2692 2628 2807 2682 nisi
2837 2629 3038 2699 pisces
3063 2631 3202 2700 sint,
3230 2645 3386 2701 quos
3414 2627 3727 2684 cellerarius
3742 2625 3834 2693 ipse

2243 2715 2501 2786 singulis
2532 2717 2619 2770 eis
2651 2718 3121 2788 suggerentibus
3140 2719 3418 2789 apponit;
3454 2718 3506 2772 si
3523 2717 3746 2773 estalius
3760 2728 3836 2784 ge-

2243 2805 2482 2872 neralis,
2518 2805 2711 2859 adhuc
2734 2822 2888 2860 unus
2921 2822 3122 2861 eorum
3144 2806 3377 2861 scillam
3410 2810 3589 2875 sonat,
3613 2802 3836 2858 scutellas

2243 2893 2468 2964 colligit
2497 2910 2600 2948 eas
2632 2894 2794 2949 solas
2825 2895 2885 2948 in
2909 2896 3127 2966 quibus
3158 2896 3315 2952 fabae
3336 2897 3604 2968 oleraque
3630 2896 3743 2948 sunt
3765 2890 3833 2943 ad-

2243 2982 2589 3036 ministrata.
2607 2984 2856 3053 Propter
2871 3000 3020 3054 quas
3035 2985 3207 3039 etiam
3224 2984 3607 3057 unusjugiter
3625 2980 3832 3035 remanet

2239 3071 2298 3124 in
2332 3072 2603 3142 coquina,
2638 3072 2737 3142 qui
2763 3088 2865 3126 eas
2898 3073 2975 3126 ita
3007 3089 3222 3128 recens
3256 3074 3452 3129 ollitas
3473 3072 3657 3128 abluat
3680 3068 3836 3123 eadem

2236 3176 2386 3231 aqua
2417 3177 2531 3232 qua
2562 3161 2798 3216 dilieulo
2857 3165 2995 3216 sunt
3024 3162 3255 3233 lavataa,
3309 3179 3383 3218 ne
3424 3163 3476 3217 si
3505 3162 3832 3216 comestorum

2236 3249 2501 3321 reliquiae.
2525 3250 2912 3321 induruerint,
2935 3250 3124 3323 major
3139 3252 3240 3307 fiat
3269 3251 3541 3308 abluendi
3562 3246 3833 3305 difﬁcultas.

2235 3337 2454 3392 Eadem
2486 3339 2790 3411 diligentia
2821 3344 2914 3394 est
2936 3343 2993 3394 et
3020 3340 3091 3394 de
3122 3341 3425 3413 caldariis,
3467 3344 3528 3395 ut
3570 3342 3620 3393 et
3657 3338 3759 3406 ipsa
3775 3332 3836 3385 la-

2234 3431 2366 3481 vata
2389 3428 2526 3497 sint,
2552 3429 2603 3482 si
2623 3443 2740 3482 non
2753 3431 2906 3498 ante,
2931 3429 3099 3499 prius
3120 3434 3337 3499 tamen,
3359 3445 3529 3501 quam
3546 3425 3833 3482 servitorum

2234 3516 2479 3570 refectio
2505 3516 2761 3572 finiatur.
2796 3516 2995 3572 Focus
3017 3521 3211 3573 autem
3254 3510 3431 3573 caute
3469 3512 3833 3586 cooperitur,ul

2234 3604 2293 3658 in
2325 3606 2648 3660 crastinum
2661 3607 2834 3661 vivus
2854 3609 3045 3661 etnon
3058 3608 3398 3662 exstinctus
3420 3607 3603 3678 possit
3619 3596 3828 3672 reperiri.

2232 3695 2378 3749 Post
2399 3711 2687 3764 vesperas
2705 3696 2918 3750 iterum
2934 3695 3091 3751 fabis
3101 3696 3224 3768 jam
3245 3696 3408 3765 lotis,
3441 3710 3545 3766 pro
3572 3692 3831 3765 gratiarum

2232 3784 2461 3838 actione
2478 3784 2675 3838 dicunt
2692 3784 3004 3854 praefatum
3019 3800 3291 3840 versum:
3312 3783 3661 3840 Benedictus
3676 3794 3745 3846 es,
3757 3774 3832 3830 Do-

2230 3872 2408 3941 mine,
2448 3876 2583 3941 etc.,
2620 3873 2827 3928 eodem
2856 3873 3031 3928 modo
3064 3889 3181 3944 quo
3237 3873 3489 3928 alterum
3529 3872 3584 3925 in
3612 3866 3832 3923 matutino

2231 3961 2522 4016 dixerunt.
2546 3961 2662 4015 Sed
2695 3963 2750 4016 si
2776 3963 3089 4031 voluerint,
3123 3962 3274 4017 duos
3298 3964 3432 4018 dies
3462 3958 3711 4030 expedire
3724 3968 3823 4024 pos-

2230 4054 2369 4104 sunt
2399 4051 2470 4105 de
2488 4051 2776 4105 lavatione
2806 4051 3207 4121 scutellarum,
3223 4050 3282 4105 id
3300 4054 3397 4106 est
3424 4052 3483 4105 in
3504 4046 3766 4104 secundua
3789 4042 3829 4093 et

2230 4143 2400 4193 sexta
2431 4139 2596 4210 feria,
2618 4141 2677 4193 in
2709 4140 2927 4211 quibus
2957 4155 3064 4211 pro
3096 4140 3524 4195 consuetudine
3549 4130 3829 4192 cellerarius

2234 4228 2633 4283 contradicere
2673 4244 2793 4283 non
2820 4231 3036 4300 potest,
3089 4232 3150 4284 ut
3172 4244 3274 4283 eas
3306 4230 3369 4283 in
3420 4226 3698 4284 cellarium
3722 4219 3833 4275 dilu-

451 4336 577 4374 rem
628 4320 878 4373 habeant
929 4319 1309 4384 deteriorem;
1371 4319 1525 4374 unde
1576 4322 1856 4374 caveatur
1920 4321 2113 4389 etiam,
2145 4341 2201 4403 D
2235 4318 2365 4372 culo
2391 4321 2649 4387 portatas
2673 4334 2788 4372 non
2820 4319 3189 4373 commendet
3219 4319 3458 4373 famulis
3489 4316 3608 4371 suis
3636 4322 3832 4383 propen.

452 4425 588 4462 cum
633 4408 909 4462 mittenda
967 4411 1105 4462 sunt
1161 4408 1219 4460 in
1279 4407 1615 4476 caldariam,
1651 4412 1712 4462 ut
1755 4424 1872 4462 non
1904 4408 1975 4464 de
2006 4409 2117 4463 alia

450 4513 601 4568 aqua
661 4513 835 4567 quam
893 4496 964 4550 de
1019 4496 1241 4550 fervida
1284 4497 1585 4562 laventur;
1647 4498 1771 4551 sale
1814 4513 1931 4551 non
1973 4513 2113 4552 con-.7

451 4586 709 4653 diuntur,
738 4601 844 4639 nec
875 4584 1062 4654 adipe,
1086 4590 1463 4655 sparguntur,
1500 4585 1614 4637 nisi
1637 4585 1870 4654 quando
1902 4584 2121 4641 fuerint

448 4677 762 4745 percocta),
796 4689 870 4726 ne
903 4672 1054 4727 forte
1084 4688 1245 4725 mora
1279 4673 1546 4742 longiore
1583 4674 1669 4726 sal
1701 4677 2035 4745 evanescat,
2063 4678 2118 4730 et

446 4765 500 4819 si
528 4779 682 4818 unus
714 4778 1039 4834 coquorum
1062 4760 1333 4830 voluerit,
1359 4777 1476 4814 non
1507 4766 1597 4815 est
1618 4761 1883 4817 illicitum
1902 4764 2116 4835 deipsa

442 4852 711 4908 fabarum
758 4868 907 4923 aqua
959 4850 1257 4921 paululum
1316 4849 1652 4921 praelibare,
1688 4854 1750 4906 ut
1800 4852 2007 4921 probet
2063 4853 2117 4908 si

442 4943 594 4998 bene
636 4943 753 4996 sint
784 4941 1056 4995 conditae.

514 5032 605 5086 Ad
628 5033 862 5085 mistum
886 5046 1000 5085 non
1022 5028 1317 5098 accipiunt
1333 5028 1448 5082 nisi
1478 5027 1634 5099 quod
1665 5028 1725 5084 S.
1759 5029 2114 5084 Benedictus

439 5120 726 5190 praecipit,
757 5123 1020 5191 quartam
1058 5121 1282 5188 partem
1321 5118 1493 5188 panis
1523 5119 1751 5189 absque
1798 5118 1949 5173 libra
1981 5136 2108 5188 sua,

441 5211 497 5261 et
529 5207 600 5261 de
647 5209 782 5262 vino
814 5209 1103 5261 similiter.
1140 5206 1329 5260 Finita
1362 5207 1506 5261 hora
1552 5211 1863 5277 postquam
1892 5208 2111 5263 fratres

439 5297 579 5348 sunt
637 5297 933 5364 refecturi,
959 5296 1231 5350 celeriter
1262 5299 1478 5349 exeunt
1523 5300 1585 5349 ut
1625 5296 1793 5350 fabas
1823 5296 2109 5350 adminis-

437 5385 620 5452 trent;
654 5386 939 5454 quas,qui
960 5386 1123 5453 prior
1154 5388 1245 5438 est
1271 5401 1614 5455 coquorum,
1651 5386 1700 5438 si
1732 5389 1926 5440 tamen
1958 5386 2107 5440 bene

436 5472 670 5526 noverit
698 5474 754 5525 et
783 5471 965 5542 hujus
996 5475 1087 5526 est
1117 5473 1491 5543 valetudinis,
1515 5490 1647 5527 cum
1680 5474 2015 5530 cochlearia
2034 5477 2106 5530 ad

436 5559 550 5616 hoc
580 5560 736 5615 facto
760 5561 928 5615 mittit
945 5560 1003 5614 in
1024 5561 1308 5616 scutellas
1330 5580 1345 5628 ;
1371 5562 1469 5616 alii
1492 5566 1727 5632 portant
1745 5563 1818 5617 ad
1839 5579 2100 5635 mensas,

433 5664 465 5708 a
495 5649 808 5725 principali
837 5664 1044 5707 mensa
1105 5649 1479 5723 incipientes.
1505 5651 1590 5708 De
1621 5651 1889 5710 oleribus
1921 5668 2102 5711 econ-

2234 4408 2392 4461 siore
2410 4407 2604 4461 studio
2621 4407 2924 4462 lavandas.
2940 4407 3222 4462 Veniente
3240 4407 3517 4477 Sabbato,
3532 4406 3653 4476 post
3667 4410 3829 4455 nonam

2230 4496 2325 4551 vel
2345 4498 2481 4566 post
2509 4511 2798 4566 vesperas
2831 4499 3078 4566 scopant
3107 4497 3442 4568 coquinam,
3470 4498 3614 4551 totas
3642 4487 3827 4550 sordes,
3920 4502 3921 4517 π

2229 4600 2363 4655 quae
2395 4585 2611 4639 fiebant
2646 4600 2755 4655 per
2775 4586 3151 4640 occasionem
3182 4586 3449 4640 cinerum
3463 4584 3553 4639 vel
3570 4583 3826 4653 lignorum,

2228 4674 2376 4728 foris
2407 4673 2625 4728 ostium
2655 4674 3045 4743 accumulant,
3070 4677 3132 4729 ut
3161 4675 3296 4729 inde
3319 4691 3427 4745 per
3446 4671 3677 4728 famulos
3703 4661 3830 4720 celle-

2229 4762 2369 4816 rarii
2398 4761 2737 4817 efferantur.
2776 4762 3138 4817 Calefaeiunt
3178 4779 3392 4834 aquam
3430 4763 3503 4817 ad
3531 4756 3825 4815 mandatum,

2227 4854 2283 4905 et
2312 4867 2382 4906 eo
2414 4851 2507 4905 die
2539 4849 2809 4906 differtur
2846 4867 3061 4907 versus
3105 4851 3472 4907 Benedictus
3500 4866 3580 4918 es,
3610 4841 3823 4902 Domine,

2226 4956 2418 5011 usque
2449 4941 2587 4995 dum
2610 4941 2946 4995 mandatum
2962 4941 3040 4995 sit
3061 4945 3385 5011 peractum,
3412 4941 3540 4996 etin
3566 4926 3826 4992 refectorio

2227 5030 2400 5083 etiam
2429 5029 2603 5084 lectio
2650 5029 2980 5085 collationis
3030 5030 3159 5101 jam
3216 5030 3470 5085 ﬁniatur.
3515 5028 3576 5085 In
3608 5014 3824 5092 sequenti

2225 5121 2417 5172 autem
2444 5118 2721 5189 Sabbato,
2751 5135 2886 5173 cum
2925 5122 3131 5175 noster
3175 5119 3557 5190 aquaeductus
3609 5114 3823 5168 limosam

2224 5205 2436 5261 habeat
2477 5217 2709 5278 aquam,
2752 5210 3001 5277 scopant
3038 5211 3355 5279 utrumque
3392 5204 3728 5267 lavatorium,
3754 5190 3820 5245 vel

2223 5296 2378 5367 quod
2409 5299 2502 5350 est
2532 5296 2602 5349 ad
2633 5312 2810 5350 usum
2839 5296 3132 5367 ecclesiae,
3192 5298 3289 5352 vel
3337 5296 3496 5369 quod
3532 5293 3599 5348 ad
3639 5296 3818 5345 manus.

2222 5385 2364 5439 Item
2398 5388 2645 5456 scopant
2675 5385 3071 5451 necessarias,
3091 5385 3327 5457 fenique
3355 5383 3624 5455 reliquias
3650 5390 3739 5448 per
3752 5375 3819 5426 to-

2218 5478 2335 5528 tam
2360 5475 2747 5545 septimanam
2777 5475 3025 5545 expansi
3056 5478 3384 5546 congerunt
3413 5474 3486 5527 ad
3530 5476 3756 5529 murum;
3781 5459 3819 5510 0t

2219 5563 2270 5617 si
2303 5565 2396 5617 est
2428 5569 2658 5633 tempus
2691 5564 2938 5634 aestatis,
2971 5579 3078 5635 per
3105 5566 3286 5619 totam
3308 5564 3463 5618 illam
3491 5558 3816 5631 septimanam

2217 5654 2353 5726 post
2373 5667 2585 5709 nonam
2610 5651 2670 5709 in
2690 5652 3004 5710 refectorio
3036 5669 3246 5727 aquam
3275 5651 3591 5728 propinant.
