4028 6176
749 534 1003 590 CAPUT
1034 535 1302 589 XXXVI.

614 622 702 676 De
742 622 1100 678 utensilibus
1137 624 1418 695 coquinw.

274 712 405 765 Haec
434 712 568 764 sunt
597 714 789 765 autem
822 712 1099 765 utensilia
1132 727 1264 782 quae
1305 727 1604 783 nunquam
1640 711 1856 766 debent

211 802 260 855 in
290 799 526 870 coquina
557 800 794 854 deesse.
830 801 1091 854 Primum
1123 800 1231 854 tria
1256 800 1532 867 caldaria,
1568 817 1749 855 unum
1782 800 1853 854 ad

207 889 371 949 fabas,
406 888 647 942 alterum
678 887 751 942 ad
783 889 965 957 olera,
999 888 1233 943 tertium
1253 888 1431 943 simul
1452 904 1585 943 cum
1622 888 1853 959 tripode

210 978 412 1039 ferrea;
445 980 506 1030 ut
534 976 585 1030 si
620 977 754 1047 quis
777 993 1009 1048 pannos
1031 992 1176 1032 suos
1195 977 1393 1032 lavare
1422 978 1693 1048 voluerit,
1714 978 1853 1033 lexi-

206 1067 341 1120 viam
384 1064 580 1119 facere
610 1066 821 1135 possit.
866 1065 1087 1136 Cuppte
1121 1068 1391 1137 quatuor,
1429 1081 1542 1138 una
1576 1066 1651 1121 ad
1684 1066 1854 1121 fabas

211 1153 609 1223 reservandas,
643 1153 878 1224 quando
910 1154 1127 1209 fuerint
1166 1155 1239 1208 ita
1273 1154 1639 1225 semicoctae;
1672 1155 1857 1209 altera

208 1244 259 1297 in
285 1259 392 1314 qua
420 1242 576 1297 cadit
603 1242 1013 1313 aquaaductus,
1047 1245 1104 1297 et
1131 1243 1192 1297 in
1222 1260 1335 1313 qua
1369 1244 1530 1298 olera
1568 1242 1735 1313 prius
1766 1243 1854 1296 la-

208 1335 402 1386 vantur
432 1347 608 1402 quam
640 1332 698 1385 in
720 1329 1045 1385 caldarium
1079 1332 1414 1402 mittantur;
1452 1331 1623 1387 tertia
1653 1332 1710 1385 in
1742 1348 1857 1403 qua

208 1420 489 1488 scutellas;
534 1422 738 1491 quarta
767 1419 840 1473 ad
889 1418 1003 1474 hoc
1049 1420 1333 1474 solumut
1380 1436 1532 1491 aqua
1579 1420 1764 1474 calida
1796 1420 1855 1472 in

208 1524 318 1563 eam
358 1508 620 1563 mittatur
662 1508 733 1563 ad
784 1508 1140 1577 mandatum,
1193 1511 1245 1563 et
1295 1508 1368 1562 ad
1416 1524 1705 1575 rasuram,
1741 1523 1857 1579 qua

203 1597 394 1652 fratres
426 1597 583 1651 inter
604 1592 929 1652 radendum
956 1600 1226 1662 utuntur;
1254 1613 1429 1667 quam
1452 1599 1509 1651 et
1527 1596 1853 1651 calefacere

205 1685 399 1741 debent
444 1686 550 1757 qui
598 1685 657 1739 in
700 1686 898 1755 priore
948 1687 1273 1755 septimana
1323 1685 1679 1740 servierunt.
1714 1685 1857 1739 Item

200 1778 430 1846 quatuor
480 1774 849 1843 cochlearia,
897 1790 1076 1829 unum
1120 1774 1193 1828 ad
1245 1774 1433 1843 fabas,
1483 1774 1733 1829 alterum
1783 1774 1854 1827 ad

207 1862 366 1931 olera,
400 1864 640 1917 tertium
670 1879 788 1917 non
820 1863 965 1917 adeo
1000 1863 1222 1935 grande
1255 1863 1326 1917 ad
1358 1864 1624 1934 saginam
1655 1862 1855 1932 expri-

202 1952 492 2020 mendam;
529 1955 799 2022 quartum
832 1953 1198 2007 estferreum
1233 1953 1303 2005 ad
1337 1951 1533 2006 focum
1553 1951 1856 2006 cineribus

198 2040 659 2109 cooperiendnm,
683 2040 755 2093 ad
779 2056 954 2111 quem
991 2041 1464 2110 componendum
1496 2040 1590 2094 vel
1640 2040 1853 2094 distra-

200 2128 438 2183 hendum
471 2132 571 2183 est
600 2129 774 2183 etiam
807 2127 1078 2198 ejusdem
1125 2130 1366 2200 generis
1415 2129 1677 2199 forceps.
1712 2128 1856 2183 Item

197 2220 427 2289 quatuor
454 2217 621 2289 paria
642 2217 1024 2286 manicarum,
1058 2232 1131 2271 ne
1150 2217 1571 2272 stamineorum
1604 2218 1853 2272 manica

199 2306 426 2361 fratrum
440 2307 519 2361 de
542 2306 850 2378 nigredine
875 2306 1144 2377 coquina:
1158 2305 1427 2360 familiari
1453 2305 1852 2361 sci-didcntur.

197 2395 309 2450 Duo
336 2396 501 2466 paria
535 2394 981 2465 palmariarum,
1016 2410 1148 2465 quae
1178 2393 1255 2447 ita
1290 2395 1609 2449 Romanice
1650 2394 1855 2464 appel-

196 2483 385 2553 lantur,
445 2499 784 2556 manusque
840 2482 1162 2538 defendunt
1249 2499 1281 2536 a
1339 2482 1537 2537 calore
1588 2482 1853 2554 caldarii,

202 2573 412 2644 quando
442 2588 668 2628 recens
690 2572 947 2627 ablatum
979 2571 1052 2625 ab
1083 2570 1220 2642 igne
1238 2586 1474 2642 quoque
1508 2574 1855 2626 estmoven-

199 2662 317 2715 dum
345 2662 436 2717 vel
466 2661 897 2716 inclinandum.
948 2660 1083 2714 Tria
1134 2659 1583 2732 manutergiola,
1635 2676 1767 2731 quae
1799 2664 1858 2715 et

196 2750 245 2803 in
273 2752 417 2805 omni
450 2752 665 2821 quinta
696 2750 839 2803 feria
878 2752 1192 2813 mutantur,
1240 2749 1600 2820 minimeque
1642 2764 1854 2803 manus

199 2839 260 2893 ad
285 2840 451 2894 solita
480 2843 732 2911 tergunt
762 2838 1130 2909 manutergia
1150 2854 1283 2911 quae
1312 2838 1572 2908 pendent
1602 2838 1659 2890 in
1688 2838 1856 2891 clau-

200 2931 327 2983 stro.
356 2929 560 2982 Unum
584 2927 835 2981 cultrum
854 2926 925 2981 ad
948 2927 1179 2981 lardum
1194 2926 1591 2996 incidendum,
1607 2929 1664 2981 et
1682 2926 1858 2981 simul

202 3017 333 3070 cotis
362 3017 432 3071 ad
467 3016 824 3071 acuendam.
858 3016 988 3070 Una
1018 3014 1228 3086 patella
1251 3015 1323 3069 ad
1352 3030 1585 3087 aquam,
1621 3015 1673 3069 si
1708 3029 1859 3086 opus

197 3104 353 3160 fuerit
395 3105 895 3174 calefaciendam,
942 3106 999 3159 et
1041 3103 1273 3174 adipem
1321 3103 1725 3174 fundendum;
1771 3104 1859 3157 al-

199 3197 326 3263 tera,
358 3210 492 3266 qua:
525 3196 621 3248 est
653 3193 1014 3263 permodica,
1049 3194 1109 3247 in
1150 3191 1331 3247 fundo
1362 3193 1698 3246 minutatim
1720 3206 1859 3263 per-

779 334 1466 403 CONSUETUDINES
1494 335 2144 401 CLUNIACENSES.
2196 374 2270 385 —
2304 338 2550 404 LIBER
2580 339 3020 406 SECUNDUS

1891 1895 1943 1958 Β

3505 341 3625 403 730

1875 522 2150 608 Πειιρθιν
2166 538 2421 610 ignem.’
2436 537 2753 593 Sciendum
2772 554 3004 610 quoque
3026 540 3181 611 quod
3209 555 3319 609 pro
3352 538 3508 594 nulla
3539 554 3634 595 ne-

1968 626 2247 681 cessitate
2279 627 2435 681 aliud
2481 627 2621 698 quid
2673 628 2945 698 coquitur
2986 627 3041 680 in
3090 628 3341 699 coquina
3373 627 3635 699 regulari

1966 717 2187 783 praeter
2220 714 2388 769 fabas
2422 718 2479 770 et
2507 715 2693 783 olera,
2727 731 2836 769 nec
2858 716 3028 769 etiam
3059 715 3214 769 aliud
3247 731 3437 787 genus
3468 716 3635 788 legu-

1969 803 2167 857 minis.
2203 804 2352 856 Nam
2384 804 2533 873 ipsae
2554 820 2788 875 quoque
2812 803 2982 871 fabae,
3008 804 3240 874 quando
3273 807 3410 858 sunt
3438 805 3514 858 ita
3538 820 3634 858 no«

1970 891 2162 962 vellae,
2190 907 2297 961 pro
2321 892 2676 962 quibusdam
2705 892 2934 946 deliciis
2954 908 3087 946 cum
3118 891 3322 962 pipere
3356 892 3634 945 condiun-

1969 982 2084 1049 tur,
2110 996 2226 1035 non
2244 985 2579 1051 coquuntur
2599 997 2632 1034 a
2662 980 2969 1051 fratribus,
2988 980 3094 1035 sed
3118 995 3150 1033 a
3181 980 3420 1034 famulis
3444 980 3504 1034 in
3525 979 3637 1033 alia

1973 1069 2246 1140 coquina.
2280 1069 2551 1139 Scriptor
2598 1072 2819 1123 tantum
2852 1073 2904 1123 si
2946 1070 3279 1123 incaustum
3308 1071 3636 1139 temperare

1972 1156 2245 1227 voluerit,
2298 1173 2414 1212 non
2464 1158 2830 1229 prohibetur.
2865 1157 2935 1213 Et
2980 1159 3031 1211 si
3064 1158 3199 1229 quis
3245 1158 3368 1212 vult
3401 1157 3637 1212 calceos

1970 1261 2215 1317 ungere,
2251 1245 2583 1316 providebit
2617 1247 2822 1300 horam
2862 1250 3309 1316 competentem,
3344 1246 3401 1300 id
3432 1248 3544 1316 est,
3579 1246 3638 1299 in

1976 1338 2181 1389 aestate
2211 1337 2344 1389 ante
2375 1335 2646 1405 primam,
2698 1338 2754 1389 et
2792 1334 2851 1388 in
2899 1334 3090 1389 hieme
3122 1337 3255 1388 ante
3296 1335 3548 1403 tertiam,
3583 1338 3640 1389 et

1977 1423 2030 1477 si
2080 1423 2399 1477 meridiana
2451 1440 2567 1478 non
2616 1424 2831 1495 agitur,
2877 1426 3009 1492 [ost
3056 1439 3303 1489 nonam;
3359 1423 3413 1477 si
3442 1426 3637 1477 tamen

1974 1511 2299 1566 servitores
2330 1527 2447 1567 non
2478 1511 2695 1566 habent
2716 1511 2967 1582 amplius
2995 1511 3427 1565 administrare.
3459 1510 3635 1566 Pueri

1971 1615 2204 1670 quoque
2245 1598 2542 1667 candelas,
2595 1600 2812 1669 quibus
2846 1614 2995 1669 opus
3045 1598 3380 1669 habuerint,
3414 1597 3640 1654 faciunt

1969 1688 2030 1743 in
2059 1687 2188 1759 ipsa
2222 1688 2475 1760 coquina
2507 1704 2638 1743 cum
2671 1688 2975 1760 magistris
3007 1688 3158 1742 suis.

2511 1813 2762 1868 CAPUT
2794 1813 3091 1867 XXXVII.

2293 1920 2381 1976 De
2410 1920 2508 1975 liis
2558 1921 2656 1990 qui
2697 1920 2926 1975 faciunt
2956 1919 3312 1974 mandatum.

2039 2026 2253 2081 Brevis
2286 2027 2578 2081 clauditur
2598 2043 2730 2082 cum
2760 2027 2856 2081 his
2886 2028 3076 2083 tribus
3129 2027 3229 2097 qui
3260 2028 3536 2081 notantur
3565 2025 3641 2080 ad

1969 2117 2307 2170 mandatum
2338 2116 2417 2187 (8)
2447 2116 2874 2187 quotidianum,
2920 2116 3076 2187 quod
3109 2116 3420 2170 inchoatur
3446 2114 3507 2168 in
3538 2130 3641 2168 ca-

1970 2205 2089 2275 pite
2111 2204 2348 2275 jejunii,
2375 2209 2430 2259 et
2462 2205 2738 2275 perdurat
2766 2220 2957 2275 usque
2974 2205 3046 2259 ad
3068 2204 3365 2259 Kalendas
3383 2203 3641 2258 Novem-

1970 2292 2099 2348 bris
2139 2294 2296 2348 omni
2328 2293 2441 2362 die,
2477 2293 2604 2348 sive
2635 2309 2749 2347 una
2781 2294 2931 2362 vice,
2956 2293 3085 2347 sive
3117 2292 3349 2347 duabus
3371 2291 3640 2347 comeda-

1972 2386 2086 2451 tur,
2122 2383 2316 2453 agitur
2344 2384 2480 2452 post
2512 2397 2758 2437 cumam.
2791 2381 2945 2435 Sane
2978 2382 3269 2435 conventu
3299 2383 3549 2435 exeunte
3568 2378 3640 2434 de

1973 2470 2248 2540 ecclesia,
2282 2475 2416 2541 post
2448 2487 2686 2525 versum
2718 2473 3002 2525 exeuntes
3035 2470 3322 2542 colligunt
3351 2484 3417 2524 se
3450 2468 3551 2540 qui
3582 2468 3642 2523 id

1970 2558 2183 2614 facturi
2212 2562 2350 2613 sunt
2380 2559 2452 2613 ad
2495 2560 2731 2628 ostium,
2774 2561 2830 2614 et
2866 2559 3145 2629 imposito
3194 2557 3423 2628 psalmo
3454 2558 3641 2612 Mise-

1971 2663 2135 2718 rere,
2154 2650 2412 2718 pergunt
2434 2647 2492 2700 in
2510 2646 3034 2717 eleemosynariam
3053 2645 3288 2701 domum
3314 2662 3328 2716 ;
3347 2645 3449 2701 ubi
3466 2645 3642 2701 offen-

1972 2736 2115 2791 dunt
2137 2739 2259 2790 tres
2282 2751 2574 2806 pauperes
2589 2736 2867 2790 sedentes
2884 2736 3137 2805 pedibus
3160 2735 3416 2804 nudatis,
3438 2739 3644 2789 contra

1974 2841 2125 2897 quos
2156 2825 2328 2880 etiam
2373 2824 2605 2879 veniam
2635 2826 2855 2894 petunt.
2893 2823 3080 2879 Finito
3121 2824 3348 2893 psalmo
3393 2827 3449 2878 et
3489 2823 3643 2877 anti-

1972 2915 2169 2985 phona
2198 2914 2491 2984 imposita,
2517 2913 2860 2968 Mandatum
2889 2914 3271 2983 novum,etc.,
3303 2911 3489 2982 pedes
3510 2927 3646 2981 pau-

1972 3018 2178 3074 perum
2208 3002 2423 3072 lavant,
2456 3004 2694 3074 tergunt
2734 3003 2791 3056 et
2822 3001 3185 3056 osculantur.
3240 3000 3482 3055 Lavatis
3523 3000 3646 3069 pri-

1974 3108 2132 3146 mum
2161 3091 2419 3161 propriis
2434 3090 2728 3158 manibus,
2749 3090 2822 3144 ad
2845 3106 3055 3144 manus
3076 3104 3402 3160 pauperum
3432 3103 3646 3159 aquam

1974 3183 2029 3235 et
2056 3180 2490 3253 manutergium
2532 3179 2817 3250 praebent.
2869 3178 3111 3232 Scillula
3141 3193 3451 3247 percussa,
3498 3192 3636 3231 ces~

200 3256 395 3352 forata:
424 3288 485 3338 ut
519 3256 870 3353 ipse-adeps
901 3256 1146 3335 coletur,
1188 3281 1319 3335 Una
1348 3280 1505 3351 pixis
1536 3281 1595 3334 in
1626 3256 1739 3351 qua;
1771 3280 1861 3335 sa]
1899 3256 1950 3321 C
1975 3271 2143 3325 satur
2167 3286 2200 3323 a
2239 3273 2433 3339 cantu,
2468 3268 2736 3338 pulsatur
2765 3268 3017 3335 tandem,
3042 3270 3098 3322 et
3115 3266 3451 3321 benedictio
3471 3266 3646 3320 datur

202 3371 580 3426 recondatur:
612 3386 793 3425 unum
822 3369 1113 3424 scrinium
1143 3368 1202 3423 in
1223 3385 1340 3441 quo
1359 3369 1592 3425 minora
1610 3384 1862 3441 quisque

198 3460 605 3515 recondantur.
660 3460 789 3514 Una
831 3475 1000 3529 urna,
1048 3474 1163 3529 qua
1210 3474 1359 3530 aqua
1409 3458 1717 3513 hauriatur
1758 3474 1770 3514 :
1806 3460 1863 3513 et

203 3563 386 3619 scopae
414 3549 555 3604 duae
578 3547 796 3619 quibus
818 3546 1093 3602 caldariae
1113 3549 1250 3617 post
1270 3547 1861 3617 coctionemscOpen-

200 3636 301 3692 tur.
334 3638 476 3693 Duae
512 3637 662 3693 retis
691 3637 1054 3706 abcisiones,
1089 3652 1223 3708 quae
1255 3635 1471 3691 faciant
1499 3636 1573 3690 ad
1606 3635 1861 3690 ablutio-

200 3741 320 3780 nem
350 3730 405 3782 et
447 3725 860 3797 scutellarum,
911 3728 968 3781 et
1016 3725 1426 3780 caldariarum.
1472 3724 1615 3780 Dum
1646 3724 1862 3779 tabulae

200 3816 262 3870 ad
292 3817 579 3871 scutellas
604 3831 619 3886 ;
654 3831 768 3869 una
799 3815 859 3870 in
881 3830 996 3886 qua
1016 3818 1309 3885 ponantur
1324 3817 1460 3885 post
1483 3814 1860 3869 refectionem

197 3907 479 3977 utcunque
512 3906 726 3959 lavatae
752 3946 766 3974 ,
798 3904 983 3958 altera
1006 3904 1066 3957 in
1097 3918 1213 3974 qua
1244 3902 1505 3957 diluculo
1539 3902 1774 3974 quando
1790 3902 1863 3956 ad

197 3994 511 4063 perfectum
560 3993 777 4048 debent
827 4007 967 4047 esse
1014 3992 1244 4046 lavatae.
1297 3992 1423 4046 Duo
1458 3990 1695 4061 sedilia,
1729 4006 1862 4062 quae

196 4082 403 4139 bancos
442 4083 631 4155 vulgo
681 4083 1012 4153 appellant;
1051 4097 1166 4136 una
1216 4079 1366 4135 cella
1408 4079 1776 4151 quadripoda
1809 4082 1867 4134 et

199 4171 513 4243 submissa,
534 4187 721 4241 super
741 4188 915 4242 quam
933 4173 1185 4240 ponatur
1205 4185 1392 4240 cuppa
1414 4185 1548 4223 cum
1573 4169 1862 4237 oleribus,

201 4263 419 4331 quando
451 4263 598 4317 sunt
629 4260 688 4315 in
720 4259 977 4314 caldaria
1009 4259 1308 4313 mittenda.
1331 4258 1458 4312 Una
1481 4261 1642 4327 petra
1673 4256 1868 4329 major

203 4349 483 4422 etiamque
516 4350 783 4418 molaris,
819 4364 1001 4418 super
1030 4364 1204 4419 quam
1236 4347 1447 4402 iterum
1478 4347 1718 4417 ponitur
1740 4345 1864 4400 cal-

202 4437 435 4507 darium,
490 4440 623 4493 sive
652 4439 771 4492 sint
815 4438 987 4504 fabae,
1038 4436 1163 4490 sive
1197 4436 1375 4504 olera,
1412 4451 1544 4506 quae
1575 4434 1860 4489 adminis-

202 4525 447 4596 trantur;
480 4527 669 4581 altera
701 4542 886 4596 super
917 4540 1091 4597 quam
1111 4529 1167 4579 et
1197 4525 1379 4579 altera
1403 4539 1590 4593 cuppa
1608 4523 1863 4593 ponitur,

1978 3374 2161 3428 super
2178 3374 2407 3428 panem,
2428 3360 2485 3413 et
2514 3357 2712 3411 vinum
2736 3356 3098 3427 pauperibus
3116 3356 3440 3427 eroganda.
3461 3354 3644 3409 Panis

1979 3448 2224 3502 mittitur
2262 3448 2350 3502 eis
2398 3448 2456 3500 in
2507 3446 2792 3515 dextram,
2836 3445 3039 3500 vinum
3093 3444 3153 3498 in
3200 3444 3539 3513 sinistram',
3590 3446 3648 3500 et

1979 3552 2189 3591 manus
2210 3538 2458 3607 utraque
2472 3534 2794 3590 osculatur.
2819 3533 3109 3589 Inclinant
3129 3548 3196 3588 se
3209 3533 3281 3587 ad
3298 3533 3643 3587 orationem.

1980 3641 2113 3697 quae
2139 3628 2232 3681 est
2251 3624 2621 3697 huiusmodi:
2651 3622 2912 3679 Ostende
2943 3622 3134 3678 nobis.
3158 3622 3370 3693 Kyrie,
3398 3621 3646 3677 eleison.

1978 3714 2170 3769 Pater
2198 3720 2425 3769 noster.
2472 3713 2887 3786 Suscepimus,
2921 3712 3103 3782 Deus,
3142 3709 3643 3766 misericordiam.

1987 3803 2068 3858 Tu
2094 3803 2411 3859 mandasti.
2435 3802 2632 3857 Oratio
2657 3821 2675 3857 :
2696 3801 2944 3870 Adesto,
2977 3800 3245 3869 Domine,
3270 3798 3466 3855 ofﬁcio
3506 3814 3644 3854 nos-

1981 3899 2091 3947 trze
2111 3892 2450 3961 servitutis,
2484 3893 2597 3946 etc.
2641 3890 2817 3945 Facto
2850 3892 2981 3944 ante
3014 3892 3070 3944 et
3099 3892 3280 3957 retro,
3313 3892 3370 3943 et
3400 3886 3646 3958 praefato

1977 3980 2205 4052 psalmo
2235 3994 2452 4033 rursus
2491 3978 2766 4047 imposito
2797 3968 3099 4032 recedunt.
3136 3975 3283 4030 Cum
3316 3978 3510 4029 autem
3539 3989 3647 4030 ve-

1978 4068 2175 4123 nerint
2203 4066 2275 4120 ad
2309 4066 2525 4120 fratres
2554 4065 2613 4119 in
2646 4065 2905 4119 claustro
2936 4064 3237 4132 sedentes,
3271 4063 3522 4119 inclines
3548 4063 3641 4117 in-

1982 4157 2214 4225 cedunt,
2251 4158 2307 4210 et
2338 4156 2552 4209 fratres
2582 4153 2671 4209 eis
2701 4152 3147 4208 transeuntibus
3179 4151 3451 4206 similiter
3479 4151 3647 4206 incli-

1978 4262 2088 4303 nes
2109 4245 2532 4316 aliquantulum
2546 4245 2892 4313 assurgunt.
2908 4241 3335 4295 Pervenientes
3357 4255 3490 4293 cum
3514 4240 3645 4309 ipso

1978 4336 2206 4406 psalmo
2236 4334 2294 4387 in
2327 4332 2572 4387 chorum
2610 4331 2680 4385 ad
2713 4330 2984 4403 gradum,
3018 4328 3230 4383 iterum
3259 4327 3461 4382 dicunt
3498 4326 3646 4381 Ora-

1978 4426 2197 4479 tionem
2246 4420 2630 4490 Dominicam,
2681 4424 2739 4473 et
2782 4433 3046 4487 versum,
3078 4416 3160 4471 Et
3214 4416 3413 4471 veniat
3443 4430 3643 4487 super.

1977 4513 2175 4567 Oratio
2199 4529 2210 4567 :
2234 4511 2524 4566 Actiones
2547 4514 2801 4576 nostras,
2842 4522 3188 4579 quaesumus,
3225 4504 3493 4560 Domine.
3535 4503 3648 4559 To-

203 4611 265 4667 de
294 4631 405 4686 qua
437 4594 711 4670 scutellas
762 4594 1031 4668 lavantur
1061 4614 1216 4668 inter
1255 4612 1662 4667 reficiendum.
1696 4612 1865 4666 Unus
1897 4618 1954 4682 ι)
1976 4605 2100 4657 tum
2129 4600 2422 4656 Clauditur
2451 4599 2739 4686 (εοηευοίαγ
2766 4596 3178 4686 ίηθὶίοξῑίοηθί
3199 4594 3462 4686 ῙξφίίιξβῙα
3493 4607 3649 4686 (190·

204 4700 348 4758 follis
377 4704 451 4758 ad
486 4703 848 4758 sufflandum
879 4702 1119 4775 ignem;
1153 4717 1334 4757 unum
1357 4700 1656 4755 flabellum
1691 4700 1865 4753 vimi-

205 4805 366 4846 neum
395 4793 471 4847 ad
502 4791 928 4847 ventilandum.
972 4791 1140 4845 Unus
1171 4794 1383 4845 contus
1430 4789 1504 4844 ad
1550 4790 1860 4859 supporta-

202 4879 404 4935 tionem
451 4881 890 4949 caldariorum,
944 4880 1093 4935 alter
1133 4879 1207 4933 ad
1250 4878 1411 4951 ignis
1460 4878 1861 4933 dimotionem.

208 4964 364 5024 Unus
382 4971 608 5025 canalis
630 4970 690 5025 in
711 4984 827 5041 quo
858 4969 1072 5024 lcxivia
1096 4967 1324 5041 jugiter
1351 4968 1602 5023 habetur
1630 4969 1869 5037 propter

206 5071 405 5113 manus
441 5058 813 5130 frequentius
842 5057 1163 5122 levandas;
1199 5057 1314 5112 duo
1353 5071 1589 5129 quoque
1619 5054 1859 5127 trigoni,

209 5147 449 5219 uterque
483 5147 557 5201 de
600 5148 791 5202 tribus
834 5146 1039 5218 lignis,
1075 5145 1210 5200 licet
1258 5144 1585 5214 imparibus
1632 5143 1868 5215 angulis

209 5233 321 5289 sint
351 5236 518 5304 facti,
553 5237 651 5307 qui
682 5237 740 5290 in
770 5235 1008 5289 modum
1040 5234 1327 5299 ostiorum
1347 5233 1463 5287 huc
1493 5236 1549 5287 et
1567 5231 1706 5286 illuc
1737 5247 1869 5285 ver-

212 5325 323 5378 sari
352 5329 625 5397 possunt.
661 5325 725 5378 In
752 5324 849 5378 his
879 5322 1137 5393 pendent
1168 5324 1389 5377 catenae
1420 5321 1640 5393 quibus
1665 5318 1866 5374 calda-

212 5411 290 5464 ria
321 5414 787 5484 suspenduntur,
823 5426 1122 5482 suspensa
1164 5410 1480 5482 implentur
1507 5425 1657 5481 aqua
1689 5424 1872 5479 prope

213 5501 620 5569 aquaeductum
629 5507 707 5573 ,et
721 5502 798 5556 ita
813 5500 1185 5556 deducuntur
1200 5500 1425 5572 absque
1456 5499 1658 5554 labore
1680 5512 1873 5569 usque

1977 4707 2093 4763 que
2122 4692 2324 4745 nostra
2341 4688 2437 4742 hic
2460 4690 2551 4743 est
2578 4685 2923 4741 claudenda.
2946 4685 3132 4739 Etiam
3150 4685 3321 4739 dabis
3352 4681 3648 4737 licentiam

1980 4779 2256 4849 abeundi,
2305 4779 2406 4849 qui
2450 4793 2584 4832 cum
2632 4790 2923 4847 peregero
2972 4774 3130 4845 quod
3175 4772 3508 4843 injunctum
3556 4772 3650 4825 est

1982 4869 2147 4939 mihi,
2171 4870 2397 4938 potero,
2433 4867 2485 4921 si
2514 4865 2818 4937 placuerit,
2850 4862 3065 4918 reverti
3094 4880 3107 4928 ;
3141 4865 3199 4916 et
3244 4862 3297 4915 si
3328 4876 3442 4932 qua
3473 4858 3647 4914 modo

1986 4958 2421 5018 remanserunt,
2457 4958 2593 5010 tunc
2608 4969 2783 5024 spero
2813 4966 3111 5023 perorare.
3134 4949 3261 5004 Hoc
3290 4952 3401 5019 est,
3435 4948 3649 5020 inquit,

1987 5046 2145 5118 quod
2174 5044 2606 5112 desideramus,
2640 5041 2798 5113 quod
2829 5054 3133 5112 rogamus,
3166 5042 3227 5093 ut
3256 5039 3393 5109 quia
3418 5052 3527 5093 nec
3556 5052 3654 5091 au-

1985 5136 2195 5190 demus
2226 5135 2427 5189 contra
2466 5132 2825 5187 voluntatem
2872 5130 3031 5183 tuam
3074 5126 3246 5182 modo
3279 5131 3334 5181 te
3365 5126 3649 5195 detinere,

1981 5239 2115 5279 cum
2144 5237 2427 5278 reversus
2474 5219 2684 5289 fueris,
2734 5231 3107 5287 nequaquam
3144 5232 3252 5286 per
3292 5214 3465 5269 aliam
3493 5215 3652 5269 viam

1980 5328 2156 5385 quam
2184 5326 2291 5381 per
2318 5325 2428 5364 nos
2462 5307 2803 5375 revertaris,
2835 5308 2897 5359 ut
2918 5305 3075 5376 quod
3103 5320 3211 5376 pro
3243 5304 3491 5360 utilitate
3512 5302 3644 5359 ani-

1981 5416 2208 5457 marum
2240 5402 2599 5466 nostrarum,
2640 5393 2859 5465 talique
2908 5392 3122 5449 affectu
3171 5392 3487 5464 inchoasti,
3518 5408 3658 5463 per-

1984 5492 2201 5547 ducere
2230 5487 2439 5560 possis
2471 5484 2544 5540 ad
2575 5483 3165 5540 consummationem.

269 5675 344 5745 (8)
381 5676 743 5752 Mandatum.
776 5679 909 5752 Vgx
943 5678 1370 5750 ecclesiastica,
1410 5693 1516 5752 pro
1547 5675 1769 5735 lotione
1798 5673 2015 5749 pedum
2046 5671 2327 5738 sumitur,
2360 5668 2500 5743 quia
2529 5672 2667 5726 tunc
2688 5667 2920 5725 canitur
2946 5666 3267 5743 antiphona
3295 5663 3643 5725 Mandatum

214 5760 424 5807 novum
441 5749 537 5823 do,
558 5755 688 5824 etc.,
720 5766 795 5810 ex
822 5750 1110 5829 Evangel.
