  <div class='ocr_page' id='page_1' title='image "/cluster/home/n/w/nwhite01/storage/ocr_20150623/149/hvd.32044054760079/371.png"; bbox 0 0 3956 6176; ppageno 0'>
   <div class='ocr_carea' id='block_1_1' title="bbox 494 275 609 338">
    <p class='ocr_par' dir='ltr' id='par_1_1' title="bbox 494 275 609 338">
     <span class='ocr_line' id='line_1_1' title="bbox 494 275 609 338; baseline 0.035 -3"><span class='ocrx_word' id='word_1_1' title='bbox 494 275 609 338; x_wconf 88' lang='lat'>731</span> 
     </span>
    </p>
   </div>
   <div class='ocr_carea' id='block_1_2' title="bbox 1453 276 2981 343">
    <p class='ocr_par' dir='ltr' id='par_1_2' title="bbox 1453 276 2981 343">
     <span class='ocr_line' id='line_1_2' title="bbox 1453 276 2981 343; baseline 0.001 -6"><span class='ocrx_word' id='word_1_2' title='bbox 1453 276 1861 338; x_wconf 89' lang='lat' dir='ltr'>UDALRICI</span> <span class='ocrx_word' id='word_1_3' title='bbox 1908 276 2516 341; x_wconf 83' lang='lat' dir='ltr'>CLUNIACENSIS</span> <span class='ocrx_word' id='word_1_4' title='bbox 2562 279 2981 343; x_wconf 88' lang='lat' dir='ltr'>MONACHI.</span> 
     </span>
    </p>
   </div>
   <div class='ocr_carea' id='block_1_3' title="bbox 3749 294 3836 355">
    <p class='ocr_par' dir='ltr' id='par_1_3' title="bbox 3749 294 3836 355">
     <span class='ocr_line' id='line_1_3' title="bbox 3749 294 3836 355; baseline 0.011 -1"><span class='ocrx_word' id='word_1_5' title='bbox 3749 294 3836 355; x_wconf 77' lang='lat'>732</span> 
     </span>
    </p>
   </div>
   <div class='ocr_carea' id='block_1_4' title="bbox 1651 448 2756 563">
    <p class='ocr_par' dir='ltr' id='par_1_4' title="bbox 1651 448 2756 563">
     <span class='ocr_line' id='line_1_4' title="bbox 1651 448 2756 563; baseline 0.005 -6"><span class='ocrx_word' id='word_1_6' title='bbox 1651 448 2055 561; x_wconf 81' lang='lat' dir='ltr'><strong>LIBER</strong></span> <span class='ocrx_word' id='word_1_7' title='bbox 2149 449 2756 563; x_wconf 81' lang='lat' dir='ltr'>TERTIUS</span> 
     </span>
    </p>
   </div>
   <div class='ocr_carea' id='block_1_5' title="bbox 1421 601 3002 672">
    <p class='ocr_par' dir='ltr' id='par_1_5' title="bbox 1421 601 3002 672">
     <span class='ocr_line' id='line_1_5' title="bbox 1421 601 3002 672; baseline 0.003 -4"><span class='ocrx_word' id='word_1_8' title='bbox 1421 602 1640 669; x_wconf 88' lang='lat' dir='ltr'>PRO</span> <span class='ocrx_word' id='word_1_9' title='bbox 1689 601 2223 672; x_wconf 88' lang='lat' dir='ltr'>SINGULIS</span> <span class='ocrx_word' id='word_1_10' title='bbox 2263 603 3002 672; x_wconf 87' lang='lat' dir='ltr'>OBEDIENTIIS.</span> 
     </span>
    </p>
   </div>
   <div class='ocr_carea' id='block_1_6' title="bbox 1106 752 1538 807">
    <p class='ocr_par' dir='ltr' id='par_1_6' title="bbox 1106 752 1538 807">
     <span class='ocr_line' id='line_1_6' title="bbox 1106 752 1538 807; baseline -0.005 0"><span class='ocrx_word' id='word_1_11' title='bbox 1106 752 1538 807; x_wconf 67' lang='lat' dir='ltr'>PRAEFATIO.</span> 
     </span>
    </p>
   </div>
   <div class='ocr_carea' id='block_1_7' title="bbox 555 893 2150 967">
    <p class='ocr_par' dir='ltr' id='par_1_7' title="bbox 555 893 2150 967">
     <span class='ocr_line' id='line_1_7' title="bbox 555 893 2150 967; baseline -0.001 -17"><span class='ocrx_word' id='word_1_12' title='bbox 555 894 773 950; x_wconf 81' lang='lat' dir='ltr'>Beatus</span> <span class='ocrx_word' id='word_1_13' title='bbox 805 893 1201 966; x_wconf 80' lang='lat' dir='ltr'>Hieronymus</span> <span class='ocrx_word' id='word_1_14' title='bbox 1225 896 1283 948; x_wconf 91' lang='lat' dir='ltr'>in</span> <span class='ocrx_word' id='word_1_15' title='bbox 1305 895 1555 967; x_wconf 89' lang='lat' dir='ltr'>quadam</span> <span class='ocrx_word' id='word_1_16' title='bbox 1579 894 1786 949; x_wconf 82' lang='lat' dir='ltr'>suadet</span> <span class='ocrx_word' id='word_1_17' title='bbox 1798 894 2051 964; x_wconf 91' lang='lat' dir='ltr'>epistola</span> <span class='ocrx_word' id='word_1_18' title='bbox 2068 899 2150 964; x_wconf 92' lang='lat' dir='ltr'>ut,</span> 
     </span>
    </p>
   </div>
   <div class='ocr_carea' id='block_1_8' title="bbox 486 984 2151 1055">
    <p class='ocr_par' dir='ltr' id='par_1_8' title="bbox 486 984 2151 1055">
     <span class='ocr_line' id='line_1_8' title="bbox 486 984 2151 1055; baseline 0 -17"><span class='ocrx_word' id='word_1_19' title='bbox 486 984 586 1055; x_wconf 87' lang='lat' dir='ltr'>qui</span> <span class='ocrx_word' id='word_1_20' title='bbox 616 984 1038 1039; x_wconf 86' lang='lat' dir='ltr'>monachorum</span> <span class='ocrx_word' id='word_1_21' title='bbox 1058 984 1292 1038; x_wconf 89' lang='lat' dir='ltr'>nomine</span> <span class='ocrx_word' id='word_1_22' title='bbox 1325 993 1659 1052; x_wconf 76' lang='lat' dir='ltr'>censemur,</span> <span class='ocrx_word' id='word_1_23' title='bbox 1684 984 1877 1053; x_wconf 89' lang='lat' dir='ltr'>rogati</span> <span class='ocrx_word' id='word_1_24' title='bbox 1901 999 2034 1037; x_wconf 89' lang='lat' dir='ltr'>raro</span> <span class='ocrx_word' id='word_1_25' title='bbox 2057 999 2151 1038; x_wconf 90' lang='lat' dir='ltr'>ac-</span> 
     </span>
    </p>
   </div>
   <div class='ocr_carea' id='block_1_9' title="bbox 485 1071 2148 1143">
    <p class='ocr_par' dir='ltr' id='par_1_9' title="bbox 485 1071 2148 1143">
     <span class='ocr_line' id='line_1_9' title="bbox 485 1071 2148 1143; baseline 0 -18"><span class='ocrx_word' id='word_1_26' title='bbox 485 1074 794 1143; x_wconf 83' lang='lat' dir='ltr'>cipiamus,</span> <span class='ocrx_word' id='word_1_27' title='bbox 819 1074 1098 1143; x_wconf 90' lang='lat' dir='ltr'>rogantes</span> <span class='ocrx_word' id='word_1_28' title='bbox 1128 1088 1446 1142; x_wconf 81' lang='lat' dir='ltr'>nunquam.</span> <span class='ocrx_word' id='word_1_29' title='bbox 1481 1072 1646 1136; x_wconf 85' lang='lat' dir='ltr'>Quod</span> <span class='ocrx_word' id='word_1_30' title='bbox 1676 1087 1808 1125; x_wconf 91' lang='lat' dir='ltr'>cum</span> <span class='ocrx_word' id='word_1_31' title='bbox 1838 1071 2148 1142; x_wconf 80' lang='lat' dir='ltr'>legissem,</span> 
     </span>
    </p>
   </div>
   <div class='ocr_carea' id='block_1_10' title="bbox 487 1158 2153 1230">
    <p class='ocr_par' dir='ltr' id='par_1_10' title="bbox 487 1158 2153 1230">
     <span class='ocr_line' id='line_1_10' title="bbox 487 1158 2153 1230; baseline 0 -15"><span class='ocrx_word' id='word_1_32' title='bbox 487 1162 548 1215; x_wconf 88' lang='lat' dir='ltr'>ut</span> <span class='ocrx_word' id='word_1_33' title='bbox 578 1161 762 1214; x_wconf 87' lang='lat' dir='ltr'>fatear</span> <span class='ocrx_word' id='word_1_34' title='bbox 791 1159 947 1230; x_wconf 90' lang='lat' dir='ltr'>quod</span> <span class='ocrx_word' id='word_1_35' title='bbox 979 1176 1183 1213; x_wconf 91' lang='lat' dir='ltr'>verum</span> <span class='ocrx_word' id='word_1_36' title='bbox 1217 1162 1326 1229; x_wconf 90' lang='lat' dir='ltr'>est,</span> <span class='ocrx_word' id='word_1_37' title='bbox 1360 1160 1506 1213; x_wconf 89' lang='lat' dir='ltr'>adeo</span> <span class='ocrx_word' id='word_1_38' title='bbox 1537 1159 1678 1213; x_wconf 91' lang='lat' dir='ltr'>mihi</span> <span class='ocrx_word' id='word_1_39' title='bbox 1704 1158 2060 1229; x_wconf 77' lang='lat' dir='ltr'>complacuit</span> <span class='ocrx_word' id='word_1_40' title='bbox 2090 1163 2153 1215; x_wconf 87' lang='lat' dir='ltr'>ut</span> 
     </span>
    </p>
   </div>
   <div class='ocr_carea' id='block_1_11' title="bbox 484 1247 2147 1319">
    <p class='ocr_par' dir='ltr' id='par_1_11' title="bbox 484 1247 2147 1319">
     <span class='ocr_line' id='line_1_11' title="bbox 484 1247 2147 1319; baseline 0 -16"><span class='ocrx_word' id='word_1_41' title='bbox 484 1250 556 1304; x_wconf 91' lang='lat' dir='ltr'>de</span> <span class='ocrx_word' id='word_1_42' title='bbox 576 1251 789 1303; x_wconf 85' lang='lat' dir='ltr'>caetero</span> <span class='ocrx_word' id='word_1_43' title='bbox 808 1247 1079 1319; x_wconf 91' lang='lat' dir='ltr'>ejusdem</span> <span class='ocrx_word' id='word_1_44' title='bbox 1102 1249 1267 1302; x_wconf 87' lang='lat' dir='ltr'>verbi</span> <span class='ocrx_word' id='word_1_45' title='bbox 1281 1264 1396 1302; x_wconf 90' lang='lat' dir='ltr'>non</span> <span class='ocrx_word' id='word_1_46' title='bbox 1409 1263 1653 1318; x_wconf 92' lang='lat' dir='ltr'>possem</span> <span class='ocrx_word' id='word_1_47' title='bbox 1667 1248 1977 1302; x_wconf 90' lang='lat' dir='ltr'>immemor</span> <span class='ocrx_word' id='word_1_48' title='bbox 1988 1264 2147 1303; x_wconf 90' lang='lat' dir='ltr'>esse.</span> 
     </span>
    </p>
   </div>
   <div class='ocr_carea' id='block_1_12' title="bbox 486 1336 2153 1407">
    <p class='ocr_par' dir='ltr' id='par_1_12' title="bbox 486 1336 2153 1407">
     <span class='ocr_line' id='line_1_12' title="bbox 486 1336 2153 1407; baseline 0 -16"><span class='ocrx_word' id='word_1_49' title='bbox 486 1338 566 1391; x_wconf 85' lang='lat' dir='ltr'>Ut</span> <span class='ocrx_word' id='word_1_50' title='bbox 609 1340 803 1391; x_wconf 88' lang='lat' dir='ltr'>autem</span> <span class='ocrx_word' id='word_1_51' title='bbox 827 1336 951 1407; x_wconf 89' lang='lat' dir='ltr'>jam</span> <span class='ocrx_word' id='word_1_52' title='bbox 997 1337 1052 1390; x_wconf 89' lang='lat' dir='ltr'>in</span> <span class='ocrx_word' id='word_1_53' title='bbox 1086 1337 1199 1391; x_wconf 88' lang='lat' dir='ltr'>alio</span> <span class='ocrx_word' id='word_1_54' title='bbox 1241 1338 1370 1392; x_wconf 91' lang='lat' dir='ltr'>loco</span> <span class='ocrx_word' id='word_1_55' title='bbox 1401 1336 1661 1406; x_wconf 89' lang='lat' dir='ltr'>memini,</span> <span class='ocrx_word' id='word_1_56' title='bbox 1718 1339 1919 1392; x_wconf 85' lang='lat' dir='ltr'>senior</span> <span class='ocrx_word' id='word_1_57' title='bbox 1948 1341 2153 1391; x_wconf 90' lang='lat' dir='ltr'>noster</span> 
     </span>
    </p>
   </div>
   <div class='ocr_carea' id='block_1_13' title="bbox 482 1426 2148 1492">
    <p class='ocr_par' dir='ltr' id='par_1_13' title="bbox 482 1426 2148 1492">
     <span class='ocr_line' id='line_1_13' title="bbox 482 1426 2148 1492; baseline 0 -12"><span class='ocrx_word' id='word_1_58' title='bbox 482 1426 735 1481; x_wconf 90' lang='lat' dir='ltr'>domnus</span> <span class='ocrx_word' id='word_1_59' title='bbox 765 1426 951 1480; x_wconf 85' lang='lat' dir='ltr'>abbas</span> <span class='ocrx_word' id='word_1_60' title='bbox 985 1442 1118 1480; x_wconf 91' lang='lat' dir='ltr'>cum</span> <span class='ocrx_word' id='word_1_61' title='bbox 1147 1441 1239 1480; x_wconf 92' lang='lat' dir='ltr'>me</span> <span class='ocrx_word' id='word_1_62' title='bbox 1272 1426 1331 1481; x_wconf 92' lang='lat' dir='ltr'>in</span> <span class='ocrx_word' id='word_1_63' title='bbox 1361 1426 1767 1481; x_wconf 89' lang='lat' dir='ltr'>Alemanniam</span> <span class='ocrx_word' id='word_1_64' title='bbox 1808 1426 2148 1492; x_wconf 79' lang='lat' dir='ltr'>direxisset,</span> 
     </span>
    </p>
   </div>
   <div class='ocr_carea' id='block_1_14' title="bbox 481 1514 2153 1587">
    <p class='ocr_par' dir='ltr' id='par_1_14' title="bbox 481 1514 2153 1587">
     <span class='ocr_line' id='line_1_14' title="bbox 481 1514 2153 1587; baseline 0 -19"><span class='ocrx_word' id='word_1_65' title='bbox 481 1514 757 1569; x_wconf 80' lang='lat' dir='ltr'>videlicet</span> <span class='ocrx_word' id='word_1_66' title='bbox 785 1514 856 1568; x_wconf 90' lang='lat' dir='ltr'>ad</span> <span class='ocrx_word' id='word_1_67' title='bbox 887 1530 1110 1587; x_wconf 80' lang='lat' dir='ltr'>regem,</span> <span class='ocrx_word' id='word_1_68' title='bbox 1145 1519 1200 1570; x_wconf 91' lang='lat' dir='ltr'>et</span> <span class='ocrx_word' id='word_1_69' title='bbox 1233 1515 1305 1569; x_wconf 90' lang='lat' dir='ltr'>ad</span> <span class='ocrx_word' id='word_1_70' title='bbox 1337 1516 1649 1586; x_wconf 90' lang='lat' dir='ltr'>quemdam</span> <span class='ocrx_word' id='word_1_71' title='bbox 1686 1515 1975 1586; x_wconf 89' lang='lat' dir='ltr'>regalium</span> <span class='ocrx_word' id='word_1_72' title='bbox 2006 1515 2153 1569; x_wconf 90' lang='lat' dir='ltr'>divi-</span> 
     </span>
    </p>
   </div>
   <div class='ocr_carea' id='block_1_15' title="bbox 477 1604 2153 1676">
    <p class='ocr_par' dir='ltr' id='par_1_15' title="bbox 477 1604 2153 1676">
     <span class='ocr_line' id='line_1_15' title="bbox 477 1604 2153 1676; baseline 0 -18"><span class='ocrx_word' id='word_1_73' title='bbox 477 1604 693 1658; x_wconf 90' lang='lat' dir='ltr'>tiarum</span> <span class='ocrx_word' id='word_1_74' title='bbox 723 1604 1080 1675; x_wconf 85' lang='lat' dir='ltr'>pontificem,</span> <span class='ocrx_word' id='word_1_75' title='bbox 1112 1604 1190 1657; x_wconf 91' lang='lat' dir='ltr'>ita</span> <span class='ocrx_word' id='word_1_76' title='bbox 1213 1604 1353 1657; x_wconf 90' lang='lat' dir='ltr'>mihi</span> <span class='ocrx_word' id='word_1_77' title='bbox 1389 1604 1654 1676; x_wconf 78' lang='lat' dir='ltr'>contigit,</span> <span class='ocrx_word' id='word_1_78' title='bbox 1681 1608 1741 1658; x_wconf 90' lang='lat' dir='ltr'>ut</span> <span class='ocrx_word' id='word_1_79' title='bbox 1756 1604 2010 1675; x_wconf 89' lang='lat' dir='ltr'>aliquam</span> <span class='ocrx_word' id='word_1_80' title='bbox 2046 1620 2153 1675; x_wconf 90' lang='lat' dir='ltr'>pa-</span> 
     </span>
    </p>
   </div>
   <div class='ocr_carea' id='block_1_16' title="bbox 479 1692 2154 1765">
    <p class='ocr_par' dir='ltr' id='par_1_16' title="bbox 479 1692 2154 1765">
     <span class='ocr_line' id='line_1_16' title="bbox 479 1692 2154 1765; baseline 0.001 -19"><span class='ocrx_word' id='word_1_81' title='bbox 479 1695 638 1746; x_wconf 91' lang='lat' dir='ltr'>terer</span> <span class='ocrx_word' id='word_1_82' title='bbox 666 1692 1085 1747; x_wconf 86' lang='lat' dir='ltr'>necessitatem</span> <span class='ocrx_word' id='word_1_83' title='bbox 1130 1692 1473 1746; x_wconf 81' lang='lat' dir='ltr'>utensilium</span> <span class='ocrx_word' id='word_1_84' title='bbox 1514 1693 1585 1746; x_wconf 88' lang='lat' dir='ltr'>ad</span> <span class='ocrx_word' id='word_1_85' title='bbox 1616 1695 1734 1746; x_wconf 88' lang='lat' dir='ltr'>tam</span> <span class='ocrx_word' id='word_1_86' title='bbox 1764 1692 2154 1765; x_wconf 89' lang='lat' dir='ltr'>longinquam</span> 
     </span>
    </p>
   </div>
   <div class='ocr_carea' id='block_1_17' title="bbox 480 1781 2156 1837">
    <p class='ocr_par' dir='ltr' id='par_1_17' title="bbox 480 1781 2156 1837">
     <span class='ocr_line' id='line_1_17' title="bbox 480 1781 2156 1837; baseline 0.002 -4"><span class='ocrx_word' id='word_1_87' title='bbox 480 1781 636 1834; x_wconf 88' lang='lat' dir='ltr'>viam</span> <span class='ocrx_word' id='word_1_88' title='bbox 667 1781 973 1836; x_wconf 88' lang='lat' dir='ltr'>redeundi.</span> <span class='ocrx_word' id='word_1_89' title='bbox 1000 1781 1220 1835; x_wconf 87' lang='lat' dir='ltr'>Tamen</span> <span class='ocrx_word' id='word_1_90' title='bbox 1240 1797 1357 1836; x_wconf 90' lang='lat' dir='ltr'>non</span> <span class='ocrx_word' id='word_1_91' title='bbox 1376 1782 1582 1835; x_wconf 91' lang='lat' dir='ltr'>valens</span> <span class='ocrx_word' id='word_1_92' title='bbox 1601 1781 1835 1837; x_wconf 84' lang='lat' dir='ltr'>auferre</span> <span class='ocrx_word' id='word_1_93' title='bbox 1865 1798 1898 1835; x_wconf 91' lang='lat' dir='ltr'>a</span> <span class='ocrx_word' id='word_1_94' title='bbox 1929 1798 2156 1837; x_wconf 91' lang='lat' dir='ltr'>memo-</span> 
     </span>
    </p>
   </div>
   <div class='ocr_carea' id='block_1_18' title="bbox 480 1869 2150 1941">
    <p class='ocr_par' dir='ltr' id='par_1_18' title="bbox 480 1869 2150 1941">
     <span class='ocr_line' id='line_1_18' title="bbox 480 1869 2150 1941; baseline 0.001 -17"><span class='ocrx_word' id='word_1_95' title='bbox 480 1870 567 1924; x_wconf 92' lang='lat' dir='ltr'>ria</span> <span class='ocrx_word' id='word_1_96' title='bbox 597 1870 755 1941; x_wconf 91' lang='lat' dir='ltr'>quod</span> <span class='ocrx_word' id='word_1_97' title='bbox 787 1885 1032 1924; x_wconf 89' lang='lat' dir='ltr'>suasum</span> <span class='ocrx_word' id='word_1_98' title='bbox 1064 1873 1187 1924; x_wconf 86' lang='lat' dir='ltr'>erat</span> <span class='ocrx_word' id='word_1_99' title='bbox 1215 1886 1248 1923; x_wconf 92' lang='lat' dir='ltr'>a</span> <span class='ocrx_word' id='word_1_100' title='bbox 1278 1869 1522 1939; x_wconf 66' lang='lat' dir='ltr'>praefato</span> <span class='ocrx_word' id='word_1_101' title='bbox 1536 1869 1755 1925; x_wconf 91' lang='lat' dir='ltr'>Christi</span> <span class='ocrx_word' id='word_1_102' title='bbox 1770 1871 2150 1941; x_wconf 88' lang='lat' dir='ltr'>philosopho,</span> 
     </span>
    </p>
   </div>
   <div class='ocr_carea' id='block_1_19' title="bbox 482 1958 2150 2029">
    <p class='ocr_par' dir='ltr' id='par_1_19' title="bbox 482 1958 2150 2029">
     <span class='ocr_line' id='line_1_19' title="bbox 482 1958 2150 2029; baseline -0.001 -14"><span class='ocrx_word' id='word_1_103' title='bbox 482 1962 541 2015; x_wconf 91' lang='lat' dir='ltr'>et</span> <span class='ocrx_word' id='word_1_104' title='bbox 568 1975 601 2013; x_wconf 89' lang='lat' dir='ltr'>a</span> <span class='ocrx_word' id='word_1_105' title='bbox 620 1959 851 2029; x_wconf 91' lang='lat' dir='ltr'>meipso</span> <span class='ocrx_word' id='word_1_106' title='bbox 865 1959 1010 2013; x_wconf 89' lang='lat' dir='ltr'>adeo</span> <span class='ocrx_word' id='word_1_107' title='bbox 1033 1958 1362 2028; x_wconf 89' lang='lat' dir='ltr'>probatum,</span> <span class='ocrx_word' id='word_1_108' title='bbox 1377 1960 1551 2028; x_wconf 88' lang='lat' dir='ltr'>posui</span> <span class='ocrx_word' id='word_1_109' title='bbox 1565 1959 1654 2013; x_wconf 92' lang='lat' dir='ltr'>ori</span> <span class='ocrx_word' id='word_1_110' title='bbox 1675 1974 1805 2013; x_wconf 92' lang='lat' dir='ltr'>meo</span> <span class='ocrx_word' id='word_1_111' title='bbox 1820 1959 2150 2014; x_wconf 87' lang='lat' dir='ltr'>custodiam</span> 
     </span>
    </p>
   </div>
   <div class='ocr_carea' id='block_1_20' title="bbox 481 2046 2143 2119">
    <p class='ocr_par' dir='ltr' id='par_1_20' title="bbox 481 2046 2143 2119">
     <span class='ocr_line' id='line_1_20' title="bbox 481 2046 2143 2119; baseline 0 -17"><span class='ocrx_word' id='word_1_112' title='bbox 481 2051 687 2102; x_wconf 87' lang='lat' dir='ltr'>contra</span> <span class='ocrx_word' id='word_1_113' title='bbox 700 2046 1001 2102; x_wconf 89' lang='lat' dir='ltr'>stimulum</span> <span class='ocrx_word' id='word_1_114' title='bbox 1013 2047 1412 2117; x_wconf 89' lang='lat' dir='ltr'>necessitatis,</span> <span class='ocrx_word' id='word_1_115' title='bbox 1430 2048 1851 2119; x_wconf 88' lang='lat' dir='ltr'>ingruentis,ut</span> <span class='ocrx_word' id='word_1_116' title='bbox 1868 2063 2143 2117; x_wconf 72' lang='lat' dir='ltr'>personaa</span> 
     </span>
    </p>
   </div>
   <div class='ocr_carea' id='block_1_21' title="bbox 2185 718 3835 808">
    <p class='ocr_par' dir='ltr' id='par_1_21' title="bbox 2185 718 3835 808">
     <span class='ocr_line' id='line_1_21' title="bbox 2185 718 3835 808; baseline 0.007 -19"><span class='ocrx_word' id='word_1_117' title='bbox 2185 718 2235 771; x_wconf 80' lang='grc' dir='ltr'><strong>Α</strong></span> <span class='ocrx_word' id='word_1_118' title='bbox 2268 737 2387 790; x_wconf 82' lang='lat' dir='ltr'>cati</span> <span class='ocrx_word' id='word_1_119' title='bbox 2415 737 2647 808; x_wconf 84' lang='lat' dir='ltr'>quidem</span> <span class='ocrx_word' id='word_1_120' title='bbox 2677 736 3043 791; x_wconf 74' lang='lat' dir='ltr'>immanitate</span> <span class='ocrx_word' id='word_1_121' title='bbox 3074 737 3318 808; x_wconf 83' lang='lat' dir='ltr'>detenti,</span> <span class='ocrx_word' id='word_1_122' title='bbox 3343 740 3446 793; x_wconf 82' lang='lat' dir='ltr'>sed</span> <span class='ocrx_word' id='word_1_123' title='bbox 3474 742 3532 794; x_wconf 89' lang='lat' dir='ltr'>in</span> <span class='ocrx_word' id='word_1_124' title='bbox 3563 744 3755 798; x_wconf 86' lang='lat' dir='ltr'>nomine</span> <span class='ocrx_word' id='word_1_125' title='bbox 3770 753 3835 801; x_wconf 84' lang='lat' dir='ltr'>tuo</span> 
     </span>
    </p>
   </div>
   <div class='ocr_carea' id='block_1_22' title="bbox 2263 825 3837 898">
    <p class='ocr_par' dir='ltr' id='par_1_22' title="bbox 2263 825 3837 898">
     <span class='ocr_line' id='line_1_22' title="bbox 2263 825 3837 898; baseline 0.006 -20"><span class='ocrx_word' id='word_1_126' title='bbox 2263 825 2612 896; x_wconf 82' lang='lat' dir='ltr'>specialiter</span> <span class='ocrx_word' id='word_1_127' title='bbox 2650 826 2985 898; x_wconf 83' lang='lat' dir='ltr'>aggregati;</span> <span class='ocrx_word' id='word_1_128' title='bbox 3034 826 3172 880; x_wconf 83' lang='lat' dir='ltr'>veni</span> <span class='ocrx_word' id='word_1_129' title='bbox 3198 826 3272 881; x_wconf 90' lang='lat' dir='ltr'>ad</span> <span class='ocrx_word' id='word_1_130' title='bbox 3311 844 3429 895; x_wconf 87' lang='lat' dir='ltr'>nos,</span> <span class='ocrx_word' id='word_1_131' title='bbox 3462 836 3515 883; x_wconf 90' lang='lat' dir='ltr'>ct</span> <span class='ocrx_word' id='word_1_132' title='bbox 3551 838 3659 886; x_wconf 83' lang='lat' dir='ltr'>esto</span> <span class='ocrx_word' id='word_1_133' title='bbox 3686 834 3837 888; x_wconf 85' lang='lat' dir='ltr'>uobis-</span> 
     </span>
    </p>
   </div>
   <div class='ocr_carea' id='block_1_23' title="bbox 2263 913 3840 986">
    <p class='ocr_par' dir='ltr' id='par_1_23' title="bbox 2263 913 3840 986">
     <span class='ocr_line' id='line_1_23' title="bbox 2263 913 3840 986; baseline 0.006 -19"><span class='ocrx_word' id='word_1_134' title='bbox 2263 930 2408 984; x_wconf 86' lang='lat' dir='ltr'>cum,</span> <span class='ocrx_word' id='word_1_135' title='bbox 2458 920 2515 968; x_wconf 90' lang='lat' dir='ltr'>et</span> <span class='ocrx_word' id='word_1_136' title='bbox 2573 915 2825 986; x_wconf 82' lang='lat' dir='ltr'>dignare</span> <span class='ocrx_word' id='word_1_137' title='bbox 2870 913 3043 969; x_wconf 79' lang='lat' dir='ltr'>illabi</span> <span class='ocrx_word' id='word_1_138' title='bbox 3096 915 3159 968; x_wconf 89' lang='lat' dir='ltr'>in</span> <span class='ocrx_word' id='word_1_139' title='bbox 3208 916 3474 971; x_wconf 82' lang='lat' dir='ltr'>cordibus</span> <span class='ocrx_word' id='word_1_140' title='bbox 3532 921 3840 986; x_wconf 84' lang='lat' dir='ltr'>nostris;do-</span> 
     </span>
    </p>
   </div>
   <div class='ocr_carea' id='block_1_24' title="bbox 2260 1003 3835 1076">
    <p class='ocr_par' dir='ltr' id='par_1_24' title="bbox 2260 1003 3835 1076">
     <span class='ocr_line' id='line_1_24' title="bbox 2260 1003 3835 1076; baseline 0.004 -20"><span class='ocrx_word' id='word_1_141' title='bbox 2260 1018 2327 1057; x_wconf 90' lang='lat' dir='ltr'>ce</span> <span class='ocrx_word' id='word_1_142' title='bbox 2378 1019 2485 1057; x_wconf 86' lang='lat' dir='ltr'>nos</span> <span class='ocrx_word' id='word_1_143' title='bbox 2534 1003 2673 1075; x_wconf 87' lang='lat' dir='ltr'>quid</span> <span class='ocrx_word' id='word_1_144' title='bbox 2742 1020 2998 1075; x_wconf 80' lang='lat' dir='ltr'>agamus,</span> <span class='ocrx_word' id='word_1_145' title='bbox 3061 1020 3167 1075; x_wconf 87' lang='lat' dir='ltr'>quo</span> <span class='ocrx_word' id='word_1_146' title='bbox 3220 1005 3601 1076; x_wconf 83' lang='lat' dir='ltr'>gradiamur:</span> <span class='ocrx_word' id='word_1_147' title='bbox 3658 1016 3707 1063; x_wconf 87' lang='lat' dir='ltr'>ct</span> <span class='ocrx_word' id='word_1_148' title='bbox 3767 1026 3835 1063; x_wconf 86' lang='lat' dir='ltr'>os-</span> 
     </span>
    </p>
   </div>
   <div class='ocr_carea' id='block_1_25' title="bbox 2260 1091 3840 1164">
    <p class='ocr_par' dir='ltr' id='par_1_25' title="bbox 2260 1091 3840 1164">
     <span class='ocr_line' id='line_1_25' title="bbox 2260 1091 3840 1164; baseline 0.004 -20"><span class='ocrx_word' id='word_1_149' title='bbox 2260 1091 2439 1146; x_wconf 87' lang='lat' dir='ltr'>tende</span> <span class='ocrx_word' id='word_1_150' title='bbox 2470 1093 2609 1164; x_wconf 89' lang='lat' dir='ltr'>quid</span> <span class='ocrx_word' id='word_1_151' title='bbox 2636 1091 2882 1147; x_wconf 78' lang='lat' dir='ltr'>efﬁcere</span> <span class='ocrx_word' id='word_1_152' title='bbox 2913 1092 3253 1163; x_wconf 81' lang='lat' dir='ltr'>debeamus,</span> <span class='ocrx_word' id='word_1_153' title='bbox 3288 1100 3344 1147; x_wconf 89' lang='lat' dir='ltr'>ut</span> <span class='ocrx_word' id='word_1_154' title='bbox 3374 1100 3426 1148; x_wconf 86' lang='lat' dir='ltr'>te</span> <span class='ocrx_word' id='word_1_155' title='bbox 3451 1095 3733 1151; x_wconf 77' lang='lat' dir='ltr'>auxiliante</span> <span class='ocrx_word' id='word_1_156' title='bbox 3759 1099 3840 1150; x_wconf 81' lang='lat' dir='ltr'>tibi</span> 
     </span>
    </p>
   </div>
   <div class='ocr_carea' id='block_1_26' title="bbox 2256 1181 3839 1256">
    <p class='ocr_par' dir='ltr' id='par_1_26' title="bbox 2256 1181 3839 1256">
     <span class='ocr_line' id='line_1_26' title="bbox 2256 1181 3839 1256; baseline 0.004 -23"><span class='ocrx_word' id='word_1_157' title='bbox 2256 1181 2319 1234; x_wconf 91' lang='lat' dir='ltr'>in</span> <span class='ocrx_word' id='word_1_158' title='bbox 2357 1181 2631 1236; x_wconf 87' lang='lat' dir='ltr'>omnibus</span> <span class='ocrx_word' id='word_1_159' title='bbox 2668 1181 2912 1252; x_wconf 81' lang='lat' dir='ltr'>placere</span> <span class='ocrx_word' id='word_1_160' title='bbox 2951 1181 3265 1237; x_wconf 72' lang='lat' dir='ltr'>valeamus.</span> <span class='ocrx_word' id='word_1_161' title='bbox 3318 1183 3463 1239; x_wconf 85' lang='lat' dir='ltr'>Esto</span> <span class='ocrx_word' id='word_1_162' title='bbox 3496 1185 3639 1239; x_wconf 86' lang='lat' dir='ltr'>salus</span> <span class='ocrx_word' id='word_1_163' title='bbox 3671 1192 3718 1239; x_wconf 89' lang='lat' dir='ltr'>et</span> <span class='ocrx_word' id='word_1_164' title='bbox 3742 1202 3839 1256; x_wconf 82' lang='lat' dir='ltr'>sug-</span> 
     </span>
    </p>
   </div>
   <div class='ocr_carea' id='block_1_27' title="bbox 2254 1269 3839 1345">
    <p class='ocr_par' dir='ltr' id='par_1_27' title="bbox 2254 1269 3839 1345">
     <span class='ocr_line' id='line_1_27' title="bbox 2254 1269 3839 1345; baseline 0.002 -22"><span class='ocrx_word' id='word_1_165' title='bbox 2254 1274 2463 1340; x_wconf 84' lang='lat' dir='ltr'>gestor</span> <span class='ocrx_word' id='word_1_166' title='bbox 2484 1276 2541 1324; x_wconf 89' lang='lat' dir='ltr'>et</span> <span class='ocrx_word' id='word_1_167' title='bbox 2581 1269 2831 1325; x_wconf 65' lang='lat' dir='ltr'>effector</span> <span class='ocrx_word' id='word_1_168' title='bbox 2848 1270 3212 1342; x_wconf 80' lang='lat' dir='ltr'>judiciorum</span> <span class='ocrx_word' id='word_1_169' title='bbox 3245 1279 3578 1343; x_wconf 87' lang='lat' dir='ltr'>nostrorum,</span> <span class='ocrx_word' id='word_1_170' title='bbox 3617 1275 3698 1345; x_wconf 87' lang='lat' dir='ltr'>qui</span> <span class='ocrx_word' id='word_1_171' title='bbox 3722 1275 3839 1328; x_wconf 89' lang='lat' dir='ltr'>solus</span> 
     </span>
    </p>
   </div>
   <div class='ocr_carea' id='block_1_28' title="bbox 2258 1358 3837 1433">
    <p class='ocr_par' dir='ltr' id='par_1_28' title="bbox 2258 1358 3837 1433">
     <span class='ocr_line' id='line_1_28' title="bbox 2258 1358 3837 1433; baseline 0.003 -21"><span class='ocrx_word' id='word_1_172' title='bbox 2258 1374 2384 1412; x_wconf 89' lang='lat' dir='ltr'>cum</span> <span class='ocrx_word' id='word_1_173' title='bbox 2401 1358 2525 1414; x_wconf 91' lang='lat' dir='ltr'>Deo</span> <span class='ocrx_word' id='word_1_174' title='bbox 2546 1358 2758 1429; x_wconf 81' lang='lat' dir='ltr'>Patre,</span> <span class='ocrx_word' id='word_1_175' title='bbox 2776 1365 2832 1413; x_wconf 89' lang='lat' dir='ltr'>et</span> <span class='ocrx_word' id='word_1_176' title='bbox 2856 1359 2985 1431; x_wconf 83' lang='lat' dir='ltr'>ejus</span> <span class='ocrx_word' id='word_1_177' title='bbox 3012 1359 3161 1415; x_wconf 77' lang='lat' dir='ltr'>Filio</span> <span class='ocrx_word' id='word_1_178' title='bbox 3185 1376 3387 1416; x_wconf 88' lang='lat' dir='ltr'>nomen</span> <span class='ocrx_word' id='word_1_179' title='bbox 3407 1362 3655 1433; x_wconf 87' lang='lat' dir='ltr'>possides</span> <span class='ocrx_word' id='word_1_180' title='bbox 3672 1361 3837 1433; x_wconf 86' lang='lat' dir='ltr'>glorio-</span> 
     </span>
    </p>
   </div>
   <div class='ocr_carea' id='block_1_29' title="bbox 2258 1449 3834 1523">
    <p class='ocr_par' dir='ltr' id='par_1_29' title="bbox 2258 1449 3834 1523">
     <span class='ocr_line' id='line_1_29' title="bbox 2258 1449 3834 1523; baseline 0.001 -22"><span class='ocrx_word' id='word_1_181' title='bbox 2258 1449 2544 1503; x_wconf 85' lang='lat' dir='ltr'>sum.N0n</span> <span class='ocrx_word' id='word_1_182' title='bbox 2559 1464 2665 1503; x_wconf 88' lang='lat' dir='ltr'>nos</span> <span class='ocrx_word' id='word_1_183' title='bbox 2670 1450 2929 1521; x_wconf 82' lang='lat' dir='ltr'>patiaris</span> <span class='ocrx_word' id='word_1_184' title='bbox 2936 1449 3394 1519; x_wconf 87' lang='lat' dir='ltr'>perturbatores</span> <span class='ocrx_word' id='word_1_185' title='bbox 3407 1450 3461 1521; x_wconf 82' lang='lat' dir='ltr'>ej</span> <span class='ocrx_word' id='word_1_186' title='bbox 3466 1451 3834 1523; x_wconf 66' lang='lat' dir='ltr'>usjustitim,qui</span> 
     </span>
    </p>
   </div>
   <div class='ocr_carea' id='block_1_30' title="bbox 2258 1537 3842 1610">
    <p class='ocr_par' dir='ltr' id='par_1_30' title="bbox 2258 1537 3842 1610">
     <span class='ocr_line' id='line_1_30' title="bbox 2258 1537 3842 1610; baseline 0 -19"><span class='ocrx_word' id='word_1_187' title='bbox 2258 1552 2537 1591; x_wconf 87' lang='lat' dir='ltr'>summam</span> <span class='ocrx_word' id='word_1_188' title='bbox 2556 1537 2765 1609; x_wconf 84' lang='lat' dir='ltr'>diligis</span> <span class='ocrx_word' id='word_1_189' title='bbox 2788 1538 3149 1610; x_wconf 70' lang='lat' dir='ltr'>aequitatem,</span> <span class='ocrx_word' id='word_1_190' title='bbox 3179 1546 3237 1593; x_wconf 89' lang='lat' dir='ltr'>ut</span> <span class='ocrx_word' id='word_1_191' title='bbox 3256 1541 3317 1593; x_wconf 89' lang='lat' dir='ltr'>in</span> <span class='ocrx_word' id='word_1_192' title='bbox 3348 1540 3632 1594; x_wconf 87' lang='lat' dir='ltr'>sinistrum</span> <span class='ocrx_word' id='word_1_193' title='bbox 3657 1555 3741 1593; x_wconf 87' lang='lat' dir='ltr'>nos</span> <span class='ocrx_word' id='word_1_194' title='bbox 3765 1554 3842 1592; x_wconf 84' lang='lat' dir='ltr'>non</span> 
     </span>
    </p>
   </div>
   <div class='ocr_carea' id='block_1_31' title="bbox 2258 1626 3840 1698">
    <p class='ocr_par' dir='ltr' id='par_1_31' title="bbox 2258 1626 3840 1698">
     <span class='ocr_line' id='line_1_31' title="bbox 2258 1626 3840 1698; baseline 0.001 -19"><span class='ocrx_word' id='word_1_195' title='bbox 2258 1626 2595 1697; x_wconf 83' lang='lat' dir='ltr'>ignorantia</span> <span class='ocrx_word' id='word_1_196' title='bbox 2622 1627 2842 1691; x_wconf 79' lang='lat' dir='ltr'>trahat,</span> <span class='ocrx_word' id='word_1_197' title='bbox 2873 1644 2985 1682; x_wconf 89' lang='lat' dir='ltr'>non</span> <span class='ocrx_word' id='word_1_198' title='bbox 3012 1627 3186 1683; x_wconf 79' lang='lat' dir='ltr'>favor</span> <span class='ocrx_word' id='word_1_199' title='bbox 3217 1629 3497 1696; x_wconf 81' lang='lat' dir='ltr'>inﬂectat,</span> <span class='ocrx_word' id='word_1_200' title='bbox 3520 1632 3619 1683; x_wconf 77' lang='lat' dir='ltr'>nun</span> <span class='ocrx_word' id='word_1_201' title='bbox 3644 1629 3840 1698; x_wconf 84' lang='lat' dir='ltr'>acceptio</span> 
     </span>
    </p>
   </div>
   <div class='ocr_carea' id='block_1_32' title="bbox 2258 1715 3842 1789">
    <p class='ocr_par' dir='ltr' id='par_1_32' title="bbox 2258 1715 3842 1789">
     <span class='ocr_line' id='line_1_32' title="bbox 2258 1715 3842 1789; baseline -0.001 -20"><span class='ocrx_word' id='word_1_202' title='bbox 2258 1716 2527 1769; x_wconf 87' lang='lat' dir='ltr'>muneris</span> <span class='ocrx_word' id='word_1_203' title='bbox 2551 1715 2646 1770; x_wconf 82' lang='lat' dir='ltr'>vel</span> <span class='ocrx_word' id='word_1_204' title='bbox 2650 1732 2963 1787; x_wconf 65' lang='lat' dir='ltr'>personata</span> <span class='ocrx_word' id='word_1_205' title='bbox 2988 1733 3118 1771; x_wconf 67' lang='grc' dir='ltr'>ροισι</span> <span class='ocrx_word' id='word_1_206' title='bbox 3135 1724 3327 1789; x_wconf 89' lang='lat' dir='ltr'>umpat</span> <span class='ocrx_word' id='word_1_207' title='bbox 3343 1737 3359 1777; x_wconf 82' lang='lat'><strong><em>:</em></strong></span> <span class='ocrx_word' id='word_1_208' title='bbox 3377 1716 3645 1789; x_wconf 82' lang='lat' dir='ltr'>sedjunge</span> <span class='ocrx_word' id='word_1_209' title='bbox 3658 1732 3742 1771; x_wconf 90' lang='lat' dir='ltr'>nos</span> <span class='ocrx_word' id='word_1_210' title='bbox 3762 1715 3842 1768; x_wconf 84' lang='lat' dir='ltr'>tibi</span> 
     </span>
    </p>
   </div>
   <div class='ocr_carea' id='block_1_33' title="bbox 2260 1803 3838 1876">
    <p class='ocr_par' dir='ltr' id='par_1_33' title="bbox 2260 1803 3838 1876">
     <span class='ocr_line' id='line_1_33' title="bbox 2260 1803 3838 1876; baseline -0.001 -18"><span class='ocrx_word' id='word_1_211' title='bbox 2260 1803 2492 1859; x_wconf 77' lang='lat' dir='ltr'>efﬁcaci</span> <span class='ocrx_word' id='word_1_212' title='bbox 2498 1809 2592 1859; x_wconf 92' lang='lat' dir='ltr'>ter</span> <span class='ocrx_word' id='word_1_213' title='bbox 2604 1804 2790 1859; x_wconf 87' lang='lat' dir='ltr'>solius</span> <span class='ocrx_word' id='word_1_214' title='bbox 2805 1810 2916 1859; x_wconf 75' lang='lat' dir='ltr'>tuac</span> <span class='ocrx_word' id='word_1_215' title='bbox 2927 1806 3142 1876; x_wconf 80' lang='lat' dir='ltr'>gratiae</span> <span class='ocrx_word' id='word_1_216' title='bbox 3154 1806 3322 1871; x_wconf 91' lang='lat' dir='ltr'>dono,</span> <span class='ocrx_word' id='word_1_217' title='bbox 3343 1814 3399 1860; x_wconf 86' lang='lat' dir='ltr'>ut</span> <span class='ocrx_word' id='word_1_218' title='bbox 3412 1807 3582 1860; x_wconf 87' lang='lat' dir='ltr'>simus</span> <span class='ocrx_word' id='word_1_219' title='bbox 3592 1807 3644 1859; x_wconf 88' lang='lat' dir='ltr'>iu</span> <span class='ocrx_word' id='word_1_220' title='bbox 3658 1810 3702 1859; x_wconf 86' lang='lat' dir='ltr'>te</span> <span class='ocrx_word' id='word_1_221' title='bbox 3715 1821 3838 1858; x_wconf 84' lang='lat' dir='ltr'>unum</span> 
     </span>
    </p>
   </div>
   <div class='ocr_carea' id='block_1_34' title="bbox 2259 1892 3835 1967">
    <p class='ocr_par' dir='ltr' id='par_1_34' title="bbox 2259 1892 3835 1967">
     <span class='ocr_line' id='line_1_34' title="bbox 2259 1892 3835 1967; baseline -0.002 -19"><span class='ocrx_word' id='word_1_222' title='bbox 2259 1895 2391 1948; x_wconf 90' lang='lat' dir='ltr'>etin</span> <span class='ocrx_word' id='word_1_223' title='bbox 2404 1892 2562 1949; x_wconf 88' lang='lat' dir='ltr'>nullo</span> <span class='ocrx_word' id='word_1_224' title='bbox 2574 1893 2647 1948; x_wconf 91' lang='lat' dir='ltr'>de</span> <span class='ocrx_word' id='word_1_225' title='bbox 2659 1895 2882 1948; x_wconf 87' lang='lat' dir='ltr'>viemus</span> <span class='ocrx_word' id='word_1_226' title='bbox 2898 1910 2929 1948; x_wconf 87' lang='lat' dir='ltr'>a</span> <span class='ocrx_word' id='word_1_227' title='bbox 2950 1910 3092 1949; x_wconf 74' lang='lat' dir='ltr'>vero</span> <span class='ocrx_word' id='word_1_228' title='bbox 3104 1894 3362 1967; x_wconf 84' lang='lat' dir='ltr'>qualiter</span> <span class='ocrx_word' id='word_1_229' title='bbox 3372 1896 3431 1948; x_wconf 88' lang='lat' dir='ltr'>in</span> <span class='ocrx_word' id='word_1_230' title='bbox 3446 1900 3739 1949; x_wconf 77' lang='lat' dir='ltr'>nominetuo</span> <span class='ocrx_word' id='word_1_231' title='bbox 3755 1892 3835 1945; x_wconf 87' lang='lat' dir='ltr'>col-</span> 
     </span>
    </p>
   </div>
   <div class='ocr_carea' id='block_1_35' title="bbox 2255 1981 3838 2053">
    <p class='ocr_par' dir='ltr' id='par_1_35' title="bbox 2255 1981 3838 2053">
     <span class='ocr_line' id='line_1_35' title="bbox 2255 1981 3838 2053; baseline -0.001 -18"><span class='ocrx_word' id='word_1_232' title='bbox 2255 1981 2420 2053; x_wconf 87' lang='lat' dir='ltr'>lecti,</span> <span class='ocrx_word' id='word_1_233' title='bbox 2436 1983 2599 2037; x_wconf 89' lang='lat' dir='ltr'>sicin</span> <span class='ocrx_word' id='word_1_234' title='bbox 2613 1983 2844 2037; x_wconf 90' lang='lat' dir='ltr'>cunctis</span> <span class='ocrx_word' id='word_1_235' title='bbox 2861 1988 3163 2038; x_wconf 87' lang='lat' dir='ltr'>teneamus</span> <span class='ocrx_word' id='word_1_236' title='bbox 3177 2001 3304 2038; x_wconf 90' lang='lat' dir='ltr'>eum</span> <span class='ocrx_word' id='word_1_237' title='bbox 3319 1983 3682 2039; x_wconf 87' lang='lat' dir='ltr'>moderamine</span> <span class='ocrx_word' id='word_1_238' title='bbox 3696 1982 3838 2053; x_wconf 80' lang='lat' dir='ltr'>pieta-</span> 
     </span>
    </p>
   </div>
   <div class='ocr_carea' id='block_1_36' title="bbox 2254 2071 3837 2143">
    <p class='ocr_par' dir='ltr' id='par_1_36' title="bbox 2254 2071 3837 2143">
     <span class='ocr_line' id='line_1_36' title="bbox 2254 2071 3837 2143; baseline -0.003 -18"><span class='ocrx_word' id='word_1_239' title='bbox 2254 2071 2574 2143; x_wconf 67' lang='lat' dir='ltr'>tisjustitit</span> <span class='ocrx_word' id='word_1_240' title='bbox 2584 2073 2716 2137; x_wconf 85' lang='lat' dir='ltr'>iam,</span> <span class='ocrx_word' id='word_1_241' title='bbox 2740 2078 2801 2125; x_wconf 90' lang='lat' dir='ltr'>ut</span> <span class='ocrx_word' id='word_1_242' title='bbox 2816 2072 3027 2127; x_wconf 84' lang='lat' dir='ltr'>etbica</span> <span class='ocrx_word' id='word_1_243' title='bbox 3045 2078 3101 2127; x_wconf 91' lang='lat' dir='ltr'>te</span> <span class='ocrx_word' id='word_1_244' title='bbox 3114 2073 3175 2126; x_wconf 91' lang='lat' dir='ltr'>in</span> <span class='ocrx_word' id='word_1_245' title='bbox 3190 2073 3348 2128; x_wconf 89' lang='lat' dir='ltr'>nullo</span> <span class='ocrx_word' id='word_1_246' title='bbox 3360 2072 3837 2127; x_wconf 83' lang='lat' dir='ltr'>dissentiatsenten-</span> 
     </span>
    </p>
   </div>
   <div class='ocr_carea' id='block_1_37' title="bbox 478 2136 3837 2234">
    <p class='ocr_par' dir='ltr' id='par_1_37' title="bbox 478 2136 3837 2234">
     <span class='ocr_line' id='line_1_37' title="bbox 478 2136 3837 2234; baseline -0.001 -21"><span class='ocrx_word' id='word_1_247' title='bbox 478 2136 919 2234; x_wconf 47' lang='lat' dir='ltr'>Praenominum</span> <span class='ocrx_word' id='word_1_248' title='bbox 1136 2137 1372 2234; x_wconf 59' lang='grc' dir='ltr'>οτηξλίηο</span> <span class='ocrx_word' id='word_1_249' title='bbox 1412 2154 1445 2192; x_wconf 67' lang='grc' dir='ltr'><strong>θ</strong></span> <span class='ocrx_word' id='word_1_250' title='bbox 1476 2152 1567 2191; x_wconf 72' lang='lat' dir='ltr'>me</span> <span class='ocrx_word' id='word_1_251' title='bbox 1606 2140 1985 2234; x_wconf 54' lang='grc' dir='ltr'>Γοεθῖθηίίξνν-</span> <span class='ocrx_word' id='word_1_252' title='bbox 2012 2153 2145 2234; x_wconf 38' lang='lat' dir='ltr'>(ium</span> <span class='ocrx_word' id='word_1_253' title='bbox 2176 2159 2221 2213; x_wconf 86' lang='grc' dir='ltr'>Β</span> <span class='ocrx_word' id='word_1_254' title='bbox 2254 2162 2334 2215; x_wconf 88' lang='lat' dir='ltr'>tia</span> <span class='ocrx_word' id='word_1_255' title='bbox 2350 2162 2718 2229; x_wconf 87' lang='lat' dir='ltr'>nostra,etin</span> <span class='ocrx_word' id='word_1_256' title='bbox 2743 2160 2944 2215; x_wconf 80' lang='lat' dir='ltr'>futuro</span> <span class='ocrx_word' id='word_1_257' title='bbox 2960 2178 3073 2232; x_wconf 86' lang='lat' dir='ltr'>pro</span> <span class='ocrx_word' id='word_1_258' title='bbox 3104 2161 3261 2215; x_wconf 87' lang='lat' dir='ltr'>bene</span> <span class='ocrx_word' id='word_1_259' title='bbox 3286 2162 3474 2234; x_wconf 84' lang='lat' dir='ltr'>gestis</span> <span class='ocrx_word' id='word_1_260' title='bbox 3501 2174 3837 2231; x_wconf 85' lang='lat' dir='ltr'>consequamur</span> 
     </span>
    </p>
   </div>
   <div class='ocr_carea' id='block_1_38' title="bbox 480 2225 2143 2297">
    <p class='ocr_par' dir='ltr' id='par_1_38' title="bbox 480 2225 2143 2297">
     <span class='ocr_line' id='line_1_38' title="bbox 480 2225 2143 2297; baseline 0.001 -19"><span class='ocrx_word' id='word_1_261' title='bbox 480 2226 628 2296; x_wconf 74' lang='lat' dir='ltr'>ipsae</span> <span class='ocrx_word' id='word_1_262' title='bbox 662 2240 897 2297; x_wconf 90' lang='lat' dir='ltr'>quoque</span> <span class='ocrx_word' id='word_1_263' title='bbox 927 2225 1071 2279; x_wconf 91' lang='lat' dir='ltr'>nihil</span> <span class='ocrx_word' id='word_1_264' title='bbox 1105 2225 1342 2280; x_wconf 91' lang='lat' dir='ltr'>omnino</span> <span class='ocrx_word' id='word_1_265' title='bbox 1375 2241 1484 2278; x_wconf 89' lang='lat' dir='ltr'>sua</span> <span class='ocrx_word' id='word_1_266' title='bbox 1523 2230 1731 2295; x_wconf 89' lang='lat' dir='ltr'>sponte</span> <span class='ocrx_word' id='word_1_267' title='bbox 1764 2225 2143 2297; x_wconf 88' lang='lat' dir='ltr'>largirentur.</span> 
     </span>
    </p>
   </div>
   <div class='ocr_carea' id='block_1_39' title="bbox 478 2313 2151 2385">
    <p class='ocr_par' dir='ltr' id='par_1_39' title="bbox 478 2313 2151 2385">
     <span class='ocr_line' id='line_1_39' title="bbox 478 2313 2151 2385; baseline 0 -19"><span class='ocrx_word' id='word_1_268' title='bbox 478 2313 561 2367; x_wconf 90' lang='lat' dir='ltr'>Ita</span> <span class='ocrx_word' id='word_1_269' title='bbox 594 2328 777 2385; x_wconf 89' lang='lat' dir='ltr'>egens</span> <span class='ocrx_word' id='word_1_270' title='bbox 810 2313 1019 2367; x_wconf 84' lang='lat' dir='ltr'>iterato</span> <span class='ocrx_word' id='word_1_271' title='bbox 1050 2314 1187 2366; x_wconf 86' lang='lat' dir='ltr'>veni</span> <span class='ocrx_word' id='word_1_272' title='bbox 1219 2313 1291 2366; x_wconf 90' lang='lat' dir='ltr'>ad</span> <span class='ocrx_word' id='word_1_273' title='bbox 1321 2313 1599 2366; x_wconf 85' lang='lat' dir='ltr'>domuum</span> <span class='ocrx_word' id='word_1_274' title='bbox 1632 2313 1901 2367; x_wconf 89' lang='lat' dir='ltr'>abbatem</span> <span class='ocrx_word' id='word_1_275' title='bbox 1926 2313 2151 2366; x_wconf 88' lang='lat' dir='ltr'>Willel-</span> 
     </span>
    </p>
   </div>
   <div class='ocr_carea' id='block_1_40' title="bbox 476 2401 2146 2473">
    <p class='ocr_par' dir='ltr' id='par_1_40' title="bbox 476 2401 2146 2473">
     <span class='ocr_line' id='line_1_40' title="bbox 476 2401 2146 2473; baseline -0.001 -17"><span class='ocrx_word' id='word_1_276' title='bbox 476 2419 659 2472; x_wconf 91' lang='lat' dir='ltr'>mum,</span> <span class='ocrx_word' id='word_1_277' title='bbox 700 2403 800 2473; x_wconf 90' lang='lat' dir='ltr'>qui</span> <span class='ocrx_word' id='word_1_278' title='bbox 835 2418 925 2456; x_wconf 91' lang='lat' dir='ltr'>me</span> <span class='ocrx_word' id='word_1_279' title='bbox 958 2402 1186 2473; x_wconf 89' lang='lat' dir='ltr'>pridem</span> <span class='ocrx_word' id='word_1_280' title='bbox 1216 2402 1622 2456; x_wconf 87' lang='lat' dir='ltr'>discedentem</span> <span class='ocrx_word' id='word_1_281' title='bbox 1669 2418 1701 2455; x_wconf 91' lang='lat' dir='ltr'>a</span> <span class='ocrx_word' id='word_1_282' title='bbox 1734 2418 1799 2456; x_wconf 90' lang='lat' dir='ltr'>se</span> <span class='ocrx_word' id='word_1_283' title='bbox 1831 2401 2146 2473; x_wconf 90' lang='lat' dir='ltr'>adjuravit,</span> 
     </span>
    </p>
   </div>
   <div class='ocr_carea' id='block_1_41' title="bbox 477 2490 2148 2561">
    <p class='ocr_par' dir='ltr' id='par_1_41' title="bbox 477 2490 2148 2561">
     <span class='ocr_line' id='line_1_41' title="bbox 477 2490 2148 2561; baseline -0.001 -16"><span class='ocrx_word' id='word_1_284' title='bbox 477 2494 723 2561; x_wconf 87' lang='lat' dir='ltr'>propter</span> <span class='ocrx_word' id='word_1_285' title='bbox 743 2490 901 2561; x_wconf 91' lang='lat' dir='ltr'>quod</span> <span class='ocrx_word' id='word_1_286' title='bbox 924 2506 955 2543; x_wconf 90' lang='lat' dir='ltr'>a</span> <span class='ocrx_word' id='word_1_287' title='bbox 974 2507 1067 2546; x_wconf 91' lang='lat' dir='ltr'>me</span> <span class='ocrx_word' id='word_1_288' title='bbox 1098 2507 1214 2544; x_wconf 93' lang='lat' dir='ltr'>non</span> <span class='ocrx_word' id='word_1_289' title='bbox 1235 2491 1386 2545; x_wconf 90' lang='lat' dir='ltr'>bene</span> <span class='ocrx_word' id='word_1_290' title='bbox 1409 2491 1597 2561; x_wconf 91' lang='lat' dir='ltr'>potuit</span> <span class='ocrx_word' id='word_1_291' title='bbox 1618 2490 1823 2559; x_wconf 86' lang='lat' dir='ltr'>omitti,</span> <span class='ocrx_word' id='word_1_292' title='bbox 1839 2494 1898 2544; x_wconf 90' lang='lat' dir='ltr'>ut</span> <span class='ocrx_word' id='word_1_293' title='bbox 1920 2491 1995 2544; x_wconf 89' lang='lat' dir='ltr'>ad</span> <span class='ocrx_word' id='word_1_294' title='bbox 2018 2505 2148 2545; x_wconf 88' lang='lat' dir='ltr'>eum</span> 
     </span>
    </p>
   </div>
   <div class='ocr_carea' id='block_1_42' title="bbox 475 2578 2152 2650">
    <p class='ocr_par' dir='ltr' id='par_1_42' title="bbox 475 2578 2152 2650">
     <span class='ocr_line' id='line_1_42' title="bbox 475 2578 2152 2650; baseline 0.001 -17"><span class='ocrx_word' id='word_1_295' title='bbox 475 2582 714 2650; x_wconf 86' lang='lat' dir='ltr'>peracta</span> <span class='ocrx_word' id='word_1_296' title='bbox 743 2578 1058 2650; x_wconf 79' lang='lat' dir='ltr'>legatione,</span> <span class='ocrx_word' id='word_1_297' title='bbox 1088 2595 1221 2649; x_wconf 85' lang='lat' dir='ltr'>quae</span> <span class='ocrx_word' id='word_1_298' title='bbox 1255 2579 1396 2632; x_wconf 91' lang='lat' dir='ltr'>mihi</span> <span class='ocrx_word' id='word_1_299' title='bbox 1428 2583 1554 2633; x_wconf 88' lang='lat' dir='ltr'>erat</span> <span class='ocrx_word' id='word_1_300' title='bbox 1584 2578 1869 2649; x_wconf 87' lang='lat' dir='ltr'>injuncta,</span> <span class='ocrx_word' id='word_1_301' title='bbox 1904 2595 2021 2633; x_wconf 91' lang='lat' dir='ltr'>non</span> <span class='ocrx_word' id='word_1_302' title='bbox 2051 2595 2152 2635; x_wconf 90' lang='lat' dir='ltr'>re-</span> 
     </span>
    </p>
   </div>
   <div class='ocr_carea' id='block_1_43' title="bbox 479 2667 2154 2738">
    <p class='ocr_par' dir='ltr' id='par_1_43' title="bbox 479 2667 2154 2738">
     <span class='ocr_line' id='line_1_43' title="bbox 479 2667 2154 2738; baseline 0.001 -17"><span class='ocrx_word' id='word_1_303' title='bbox 479 2667 667 2721; x_wconf 87' lang='lat' dir='ltr'>direm</span> <span class='ocrx_word' id='word_1_304' title='bbox 691 2684 705 2734; x_wconf 92' lang='lat'><strong>;</strong></span> <span class='ocrx_word' id='word_1_305' title='bbox 729 2670 787 2722; x_wconf 92' lang='lat' dir='ltr'>et</span> <span class='ocrx_word' id='word_1_306' title='bbox 812 2670 952 2721; x_wconf 89' lang='lat' dir='ltr'>tunc</span> <span class='ocrx_word' id='word_1_307' title='bbox 984 2668 1123 2738; x_wconf 91' lang='lat' dir='ltr'>quid</span> <span class='ocrx_word' id='word_1_308' title='bbox 1156 2667 1294 2722; x_wconf 89' lang='lat' dir='ltr'>fecit</span> <span class='ocrx_word' id='word_1_309' title='bbox 1323 2667 1419 2721; x_wconf 91' lang='lat' dir='ltr'>ille</span> <span class='ocrx_word' id='word_1_310' title='bbox 1440 2669 1468 2721; x_wconf 70' lang='grc' dir='ltr'>ἱ)</span> <span class='ocrx_word' id='word_1_311' title='bbox 1496 2667 1666 2723; x_wconf 90' lang='lat' dir='ltr'>Certe</span> <span class='ocrx_word' id='word_1_312' title='bbox 1700 2684 1816 2723; x_wconf 91' lang='lat' dir='ltr'>non</span> <span class='ocrx_word' id='word_1_313' title='bbox 1851 2672 2154 2738; x_wconf 89' lang='lat' dir='ltr'>exspecta-</span> 
     </span>
    </p>
   </div>
   <div class='ocr_carea' id='block_1_44' title="bbox 478 2755 2149 2827">
    <p class='ocr_par' dir='ltr' id='par_1_44' title="bbox 478 2755 2149 2827">
     <span class='ocr_line' id='line_1_44' title="bbox 478 2755 2149 2827; baseline 0.002 -19"><span class='ocrx_word' id='word_1_314' title='bbox 478 2755 563 2809; x_wconf 88' lang='lat' dir='ltr'>vit</span> <span class='ocrx_word' id='word_1_315' title='bbox 590 2758 652 2809; x_wconf 90' lang='lat' dir='ltr'>ut</span> <span class='ocrx_word' id='word_1_316' title='bbox 683 2771 716 2809; x_wconf 89' lang='lat' dir='ltr'>a</span> <span class='ocrx_word' id='word_1_317' title='bbox 747 2770 838 2809; x_wconf 94' lang='lat' dir='ltr'>me</span> <span class='ocrx_word' id='word_1_318' title='bbox 876 2755 1196 2826; x_wconf 86' lang='lat' dir='ltr'>quidquam</span> <span class='ocrx_word' id='word_1_319' title='bbox 1226 2761 1571 2827; x_wconf 81' lang='lat' dir='ltr'>rogaretur;</span> <span class='ocrx_word' id='word_1_320' title='bbox 1603 2773 1738 2810; x_wconf 90' lang='lat' dir='ltr'>nam</span> <span class='ocrx_word' id='word_1_321' title='bbox 1779 2757 2149 2827; x_wconf 88' lang='lat' dir='ltr'>quibuscun-</span> 
     </span>
    </p>
   </div>
   <div class='ocr_carea' id='block_1_45' title="bbox 478 2843 2151 2916">
    <p class='ocr_par' dir='ltr' id='par_1_45' title="bbox 478 2843 2151 2916">
     <span class='ocr_line' id='line_1_45' title="bbox 478 2843 2151 2916; baseline 0.001 -19"><span class='ocrx_word' id='word_1_322' title='bbox 478 2858 592 2914; x_wconf 91' lang='lat' dir='ltr'>que</span> <span class='ocrx_word' id='word_1_323' title='bbox 623 2858 774 2914; x_wconf 92' lang='lat' dir='ltr'>opus</span> <span class='ocrx_word' id='word_1_324' title='bbox 806 2843 1148 2913; x_wconf 87' lang='lat' dir='ltr'>habueram,</span> <span class='ocrx_word' id='word_1_325' title='bbox 1182 2844 1531 2914; x_wconf 91' lang='lat' dir='ltr'>priusquam</span> <span class='ocrx_word' id='word_1_326' title='bbox 1565 2844 1658 2899; x_wconf 91' lang='lat' dir='ltr'>vel</span> <span class='ocrx_word' id='word_1_327' title='bbox 1691 2845 1930 2916; x_wconf 89' lang='lat' dir='ltr'>scirem,</span> <span class='ocrx_word' id='word_1_328' title='bbox 1956 2846 2151 2900; x_wconf 89' lang='lat' dir='ltr'>omnia</span> 
     </span>
    </p>
   </div>
   <div class='ocr_carea' id='block_1_46' title="bbox 475 2932 2149 3005">
    <p class='ocr_par' dir='ltr' id='par_1_46' title="bbox 475 2932 2149 3005">
     <span class='ocr_line' id='line_1_46' title="bbox 475 2932 2149 3005; baseline 0.002 -20"><span class='ocrx_word' id='word_1_329' title='bbox 475 2932 753 3003; x_wconf 90' lang='lat' dir='ltr'>providit,</span> <span class='ocrx_word' id='word_1_330' title='bbox 771 2932 1049 2987; x_wconf 92' lang='lat' dir='ltr'>etvellem</span> <span class='ocrx_word' id='word_1_331' title='bbox 1073 2933 1590 3003; x_wconf 89' lang='lat' dir='ltr'>nollem,accipere</span> <span class='ocrx_word' id='word_1_332' title='bbox 1610 2932 1936 3005; x_wconf 90' lang='lat' dir='ltr'>coegit.Qui</span> <span class='ocrx_word' id='word_1_333' title='bbox 1956 2934 2149 2989; x_wconf 87' lang='lat' dir='ltr'>adhuc</span> 
     </span>
    </p>
   </div>
   <div class='ocr_carea' id='block_1_47' title="bbox 477 3021 2146 3094">
    <p class='ocr_par' dir='ltr' id='par_1_47' title="bbox 477 3021 2146 3094">
     <span class='ocr_line' id='line_1_47' title="bbox 477 3021 2146 3094; baseline 0.001 -19"><span class='ocrx_word' id='word_1_334' title='bbox 477 3021 650 3076; x_wconf 86' lang='lat' dir='ltr'>etiam</span> <span class='ocrx_word' id='word_1_335' title='bbox 674 3022 920 3091; x_wconf 86' lang='lat' dir='ltr'>insuper</span> <span class='ocrx_word' id='word_1_336' title='bbox 941 3021 1315 3092; x_wconf 86' lang='lat' dir='ltr'>impendebat</span> <span class='ocrx_word' id='word_1_337' title='bbox 1333 3021 1526 3076; x_wconf 92' lang='lat' dir='ltr'>omnia</span> <span class='ocrx_word' id='word_1_338' title='bbox 1542 3022 1737 3076; x_wconf 74' lang='lat' dir='ltr'>officia</span> <span class='ocrx_word' id='word_1_339' title='bbox 1759 3025 1815 3077; x_wconf 89' lang='lat' dir='ltr'>et</span> <span class='ocrx_word' id='word_1_340' title='bbox 1837 3022 2146 3094; x_wconf 90' lang='lat' dir='ltr'>obsequia,</span> 
     </span>
    </p>
   </div>
   <div class='ocr_carea' id='block_1_48' title="bbox 477 3110 2148 3182">
    <p class='ocr_par' dir='ltr' id='par_1_48' title="bbox 477 3110 2148 3182">
     <span class='ocr_line' id='line_1_48' title="bbox 477 3110 2148 3182; baseline 0.001 -18"><span class='ocrx_word' id='word_1_341' title='bbox 477 3127 610 3182; x_wconf 81' lang='lat' dir='ltr'>quae</span> <span class='ocrx_word' id='word_1_342' title='bbox 640 3111 738 3166; x_wconf 91' lang='lat' dir='ltr'>ille</span> <span class='ocrx_word' id='word_1_343' title='bbox 755 3111 943 3180; x_wconf 88' lang='lat' dir='ltr'>potuit</span> <span class='ocrx_word' id='word_1_344' title='bbox 967 3110 1085 3165; x_wconf 93' lang='lat' dir='ltr'>ullo</span> <span class='ocrx_word' id='word_1_345' title='bbox 1100 3112 1270 3165; x_wconf 93' lang='lat' dir='ltr'>modo</span> <span class='ocrx_word' id='word_1_346' title='bbox 1292 3112 1588 3166; x_wconf 87' lang='lat' dir='ltr'>aestimare</span> <span class='ocrx_word' id='word_1_347' title='bbox 1620 3114 1681 3165; x_wconf 89' lang='lat' dir='ltr'>ut</span> <span class='ocrx_word' id='word_1_348' title='bbox 1699 3112 2148 3182; x_wconf 89' lang='lat' dir='ltr'>pertinerentad</span> 
     </span>
    </p>
   </div>
   <div class='ocr_carea' id='block_1_49' title="bbox 475 3199 2147 3271">
    <p class='ocr_par' dir='ltr' id='par_1_49' title="bbox 475 3199 2147 3271">
     <span class='ocr_line' id='line_1_49' title="bbox 475 3199 2147 3271; baseline 0.001 -19"><span class='ocrx_word' id='word_1_349' title='bbox 475 3199 843 3269; x_wconf 90' lang='lat' dir='ltr'>charitatem,</span> <span class='ocrx_word' id='word_1_350' title='bbox 877 3200 953 3253; x_wconf 91' lang='lat' dir='ltr'>ita</span> <span class='ocrx_word' id='word_1_351' title='bbox 984 3203 1047 3253; x_wconf 91' lang='lat' dir='ltr'>ut</span> <span class='ocrx_word' id='word_1_352' title='bbox 1076 3204 1360 3271; x_wconf 87' lang='lat' dir='ltr'>gravatus</span> <span class='ocrx_word' id='word_1_353' title='bbox 1379 3201 1647 3269; x_wconf 85' lang='lat' dir='ltr'>caesarie,</span> <span class='ocrx_word' id='word_1_354' title='bbox 1682 3216 1814 3253; x_wconf 91' lang='lat' dir='ltr'>cum</span> <span class='ocrx_word' id='word_1_355' title='bbox 1846 3203 2147 3254; x_wconf 88' lang='lat' dir='ltr'>tonsorem</span> 
     </span>
    </p>
   </div>
   <div class='ocr_carea' id='block_1_50' title="bbox 473 3289 2148 3359">
    <p class='ocr_par' dir='ltr' id='par_1_50' title="bbox 473 3289 2148 3359">
     <span class='ocr_line' id='line_1_50' title="bbox 473 3289 2148 3359; baseline 0.001 -17"><span class='ocrx_word' id='word_1_356' title='bbox 473 3303 825 3359; x_wconf 62' lang='lat' dir='ltr'>quaererem,</span> <span class='ocrx_word' id='word_1_357' title='bbox 846 3304 963 3344; x_wconf 90' lang='lat' dir='ltr'>non</span> <span class='ocrx_word' id='word_1_358' title='bbox 986 3303 1079 3342; x_wconf 92' lang='lat' dir='ltr'>me</span> <span class='ocrx_word' id='word_1_359' title='bbox 1101 3292 1399 3358; x_wconf 88' lang='lat' dir='ltr'>pateretur</span> <span class='ocrx_word' id='word_1_360' title='bbox 1415 3289 1592 3343; x_wconf 91' lang='lat' dir='ltr'>alium</span> <span class='ocrx_word' id='word_1_361' title='bbox 1612 3289 1831 3343; x_wconf 90' lang='lat' dir='ltr'>habere</span> <span class='ocrx_word' id='word_1_362' title='bbox 1854 3304 2029 3358; x_wconf 85' lang='lat' dir='ltr'>quam</span> <span class='ocrx_word' id='word_1_363' title='bbox 2053 3304 2148 3343; x_wconf 87' lang='lat' dir='ltr'>se-</span> 
     </span>
    </p>
   </div>
   <div class='ocr_carea' id='block_1_51' title="bbox 471 3378 2141 3448">
    <p class='ocr_par' dir='ltr' id='par_1_51' title="bbox 471 3378 2141 3448">
     <span class='ocr_line' id='line_1_51' title="bbox 471 3378 2141 3448; baseline 0 -17"><span class='ocrx_word' id='word_1_364' title='bbox 471 3378 687 3448; x_wconf 88' lang='lat' dir='ltr'>ipsum.</span> <span class='ocrx_word' id='word_1_365' title='bbox 712 3378 875 3447; x_wconf 91' lang='lat' dir='ltr'>Item,</span> <span class='ocrx_word' id='word_1_366' title='bbox 901 3393 1132 3432; x_wconf 89' lang='lat' dir='ltr'>sacram</span> <span class='ocrx_word' id='word_1_367' title='bbox 1157 3378 1411 3431; x_wconf 79' lang='lat' dir='ltr'>hostiam</span> <span class='ocrx_word' id='word_1_368' title='bbox 1438 3378 1765 3447; x_wconf 90' lang='lat' dir='ltr'>oblaturus,</span> <span class='ocrx_word' id='word_1_369' title='bbox 1789 3394 1917 3432; x_wconf 92' lang='lat' dir='ltr'>cum</span> <span class='ocrx_word' id='word_1_370' title='bbox 1938 3378 2010 3431; x_wconf 91' lang='lat' dir='ltr'>ad</span> <span class='ocrx_word' id='word_1_371' title='bbox 2030 3378 2141 3432; x_wconf 91' lang='lat' dir='ltr'>hoc</span> 
     </span>
    </p>
   </div>
   <div class='ocr_carea' id='block_1_52' title="bbox 470 3465 2144 3536">
    <p class='ocr_par' dir='ltr' id='par_1_52' title="bbox 470 3465 2144 3536">
     <span class='ocr_line' id='line_1_52' title="bbox 470 3465 2144 3536; baseline 0.001 -17"><span class='ocrx_word' id='word_1_372' title='bbox 470 3466 807 3520; x_wconf 87' lang='lat' dir='ltr'>ministrum</span> <span class='ocrx_word' id='word_1_373' title='bbox 848 3481 1204 3536; x_wconf 64' lang='lat' dir='ltr'>quaererem,</span> <span class='ocrx_word' id='word_1_374' title='bbox 1265 3482 1382 3520; x_wconf 90' lang='lat' dir='ltr'>non</span> <span class='ocrx_word' id='word_1_375' title='bbox 1424 3482 1515 3519; x_wconf 92' lang='lat' dir='ltr'>me</span> <span class='ocrx_word' id='word_1_376' title='bbox 1567 3468 1868 3535; x_wconf 89' lang='lat' dir='ltr'>pateretur</span> <span class='ocrx_word' id='word_1_377' title='bbox 1923 3465 2144 3521; x_wconf 88' lang='lat' dir='ltr'>habere</span> 
     </span>
    </p>
   </div>
   <div class='ocr_carea' id='block_1_53' title="bbox 471 3552 2139 3624">
    <p class='ocr_par' dir='ltr' id='par_1_53' title="bbox 471 3552 2139 3624">
     <span class='ocr_line' id='line_1_53' title="bbox 471 3552 2139 3624; baseline 0 -17"><span class='ocrx_word' id='word_1_378' title='bbox 471 3552 647 3608; x_wconf 88' lang='lat' dir='ltr'>alium</span> <span class='ocrx_word' id='word_1_379' title='bbox 678 3570 854 3624; x_wconf 89' lang='lat' dir='ltr'>quam</span> <span class='ocrx_word' id='word_1_380' title='bbox 885 3555 1171 3623; x_wconf 91' lang='lat' dir='ltr'>seipsum.</span> <span class='ocrx_word' id='word_1_381' title='bbox 1197 3554 1336 3608; x_wconf 88' lang='lat' dir='ltr'>Sine</span> <span class='ocrx_word' id='word_1_382' title='bbox 1374 3554 1509 3608; x_wconf 89' lang='lat' dir='ltr'>fuco</span> <span class='ocrx_word' id='word_1_383' title='bbox 1543 3554 1801 3608; x_wconf 83' lang='lat' dir='ltr'>imitatus</span> <span class='ocrx_word' id='word_1_384' title='bbox 1834 3558 1926 3609; x_wconf 93' lang='lat' dir='ltr'>est</span> <span class='ocrx_word' id='word_1_385' title='bbox 1955 3554 2139 3624; x_wconf 93' lang='lat' dir='ltr'>illum,</span> 
     </span>
    </p>
   </div>
   <div class='ocr_carea' id='block_1_54' title="bbox 468 3642 2143 3712">
    <p class='ocr_par' dir='ltr' id='par_1_54' title="bbox 468 3642 2143 3712">
     <span class='ocr_line' id='line_1_54' title="bbox 468 3642 2143 3712; baseline 0.001 -17"><span class='ocrx_word' id='word_1_386' title='bbox 468 3643 570 3712; x_wconf 89' lang='lat' dir='ltr'>qui</span> <span class='ocrx_word' id='word_1_387' title='bbox 598 3644 758 3696; x_wconf 88' lang='lat' dir='ltr'>venit</span> <span class='ocrx_word' id='word_1_388' title='bbox 789 3657 905 3696; x_wconf 91' lang='lat' dir='ltr'>non</span> <span class='ocrx_word' id='word_1_389' title='bbox 944 3642 1302 3708; x_wconf 90' lang='lat' dir='ltr'>ministrari,</span> <span class='ocrx_word' id='word_1_390' title='bbox 1339 3643 1447 3696; x_wconf 90' lang='lat' dir='ltr'>sed</span> <span class='ocrx_word' id='word_1_391' title='bbox 1490 3642 1847 3698; x_wconf 91' lang='lat' dir='ltr'>ministrare.</span> <span class='ocrx_word' id='word_1_392' title='bbox 1898 3644 2143 3698; x_wconf 78' lang='lat' dir='ltr'>Amator</span> 
     </span>
    </p>
   </div>
   <div class='ocr_carea' id='block_1_55' title="bbox 470 3731 2139 3802">
    <p class='ocr_par' dir='ltr' id='par_1_55' title="bbox 470 3731 2139 3802">
     <span class='ocr_line' id='line_1_55' title="bbox 470 3731 2139 3802; baseline 0.001 -18"><span class='ocrx_word' id='word_1_393' title='bbox 470 3735 663 3785; x_wconf 91' lang='lat' dir='ltr'>autem</span> <span class='ocrx_word' id='word_1_394' title='bbox 685 3732 1023 3801; x_wconf 81' lang='lat' dir='ltr'>praecipuus</span> <span class='ocrx_word' id='word_1_395' title='bbox 1048 3731 1227 3785; x_wconf 89' lang='lat' dir='ltr'>totius</span> <span class='ocrx_word' id='word_1_396' title='bbox 1248 3731 1582 3802; x_wconf 82' lang='lat' dir='ltr'>religionis,</span> <span class='ocrx_word' id='word_1_397' title='bbox 1605 3736 1660 3785; x_wconf 93' lang='lat' dir='ltr'>et</span> <span class='ocrx_word' id='word_1_398' title='bbox 1677 3732 2018 3801; x_wconf 89' lang='lat' dir='ltr'>specialiter</span> <span class='ocrx_word' id='word_1_399' title='bbox 2038 3748 2139 3786; x_wconf 92' lang='lat' dir='ltr'>no-</span> 
     </span>
    </p>
   </div>
   <div class='ocr_carea' id='block_1_56' title="bbox 472 3819 2134 3891">
    <p class='ocr_par' dir='ltr' id='par_1_56' title="bbox 472 3819 2134 3891">
     <span class='ocr_line' id='line_1_56' title="bbox 472 3819 2134 3891; baseline 0.001 -18"><span class='ocrx_word' id='word_1_400' title='bbox 472 3823 596 3873; x_wconf 89' lang='lat' dir='ltr'>stro</span> <span class='ocrx_word' id='word_1_401' title='bbox 645 3819 925 3874; x_wconf 90' lang='lat' dir='ltr'>deferens</span> <span class='ocrx_word' id='word_1_402' title='bbox 967 3820 1355 3891; x_wconf 87' lang='lat' dir='ltr'>monasterio,</span> <span class='ocrx_word' id='word_1_403' title='bbox 1404 3821 1573 3890; x_wconf 88' lang='lat' dir='ltr'>quasi</span> <span class='ocrx_word' id='word_1_404' title='bbox 1618 3821 1783 3875; x_wconf 90' lang='lat' dir='ltr'>alteri</span> <span class='ocrx_word' id='word_1_405' title='bbox 1836 3820 2134 3890; x_wconf 88' lang='lat' dir='ltr'>paradiso,</span> 
     </span>
    </p>
   </div>
   <div class='ocr_carea' id='block_1_57' title="bbox 470 3909 2132 3981">
    <p class='ocr_par' dir='ltr' id='par_1_57' title="bbox 470 3909 2132 3981">
     <span class='ocr_line' id='line_1_57' title="bbox 470 3909 2132 3981; baseline 0 -18"><span class='ocrx_word' id='word_1_406' title='bbox 470 3909 705 3963; x_wconf 86' lang='lat' dir='ltr'>enixius</span> <span class='ocrx_word' id='word_1_407' title='bbox 737 3924 827 3964; x_wconf 90' lang='lat' dir='ltr'>me</span> <span class='ocrx_word' id='word_1_408' title='bbox 857 3910 1089 3981; x_wconf 81' lang='lat' dir='ltr'>rogavit</span> <span class='ocrx_word' id='word_1_409' title='bbox 1106 3912 1167 3963; x_wconf 91' lang='lat' dir='ltr'>ut</span> <span class='ocrx_word' id='word_1_410' title='bbox 1190 3909 1346 3980; x_wconf 87' lang='lat' dir='ltr'>quod</span> <span class='ocrx_word' id='word_1_411' title='bbox 1368 3909 1559 3964; x_wconf 91' lang='lat' dir='ltr'>adhuc</span> <span class='ocrx_word' id='word_1_412' title='bbox 1582 3910 1653 3964; x_wconf 90' lang='lat' dir='ltr'>de</span> <span class='ocrx_word' id='word_1_413' title='bbox 1675 3910 1887 3965; x_wconf 91' lang='lat' dir='ltr'>usibus</span> <span class='ocrx_word' id='word_1_414' title='bbox 1909 3911 2132 3964; x_wconf 90' lang='lat' dir='ltr'>nostris</span> 
     </span>
    </p>
   </div>
   <div class='ocr_carea' id='block_1_58' title="bbox 468 3998 2131 4071">
    <p class='ocr_par' dir='ltr' id='par_1_58' title="bbox 468 3998 2131 4071">
     <span class='ocr_line' id='line_1_58' title="bbox 468 3998 2131 4071; baseline 0.001 -18"><span class='ocrx_word' id='word_1_415' title='bbox 468 4001 832 4067; x_wconf 88' lang='lat' dir='ltr'>superesset,</span> <span class='ocrx_word' id='word_1_416' title='bbox 867 4013 1224 4067; x_wconf 90' lang='lat' dir='ltr'>perorarem.</span> <span class='ocrx_word' id='word_1_417' title='bbox 1259 3998 1366 4053; x_wconf 79' lang='lat' dir='ltr'>Cui</span> <span class='ocrx_word' id='word_1_418' title='bbox 1390 4000 1452 4053; x_wconf 91' lang='lat' dir='ltr'>ut</span> <span class='ocrx_word' id='word_1_419' title='bbox 1481 4014 1706 4054; x_wconf 90' lang='lat' dir='ltr'>morem</span> <span class='ocrx_word' id='word_1_420' title='bbox 1736 4014 2032 4071; x_wconf 89' lang='lat' dir='ltr'>gererem,</span> <span class='ocrx_word' id='word_1_421' title='bbox 2053 4000 2131 4054; x_wconf 89' lang='lat' dir='ltr'>ita</span> 
     </span>
    </p>
   </div>
   <div class='ocr_carea' id='block_1_59' title="bbox 466 4087 1113 4142">
    <p class='ocr_par' dir='ltr' id='par_1_59' title="bbox 466 4087 1113 4142">
     <span class='ocr_line' id='line_1_59' title="bbox 466 4087 1113 4142; baseline 0.002 -2"><span class='ocrx_word' id='word_1_422' title='bbox 466 4087 638 4142; x_wconf 85' lang='lat' dir='ltr'>tertio</span> <span class='ocrx_word' id='word_1_423' title='bbox 673 4102 804 4141; x_wconf 91' lang='lat' dir='ltr'>sum</span> <span class='ocrx_word' id='word_1_424' title='bbox 836 4103 1113 4142; x_wconf 88' lang='lat' dir='ltr'>exorsus.</span> 
     </span>
    </p>
   </div>
   <div class='ocr_carea' id='block_1_60' title="bbox 996 4211 1605 4267">
    <p class='ocr_par' dir='ltr' id='par_1_60' title="bbox 996 4211 1605 4267">
     <span class='ocr_line' id='line_1_60' title="bbox 996 4211 1605 4267; baseline 0 -1"><span class='ocrx_word' id='word_1_425' title='bbox 996 4211 1247 4267; x_wconf 87' lang='lat' dir='ltr'>CAPUT</span> <span class='ocrx_word' id='word_1_426' title='bbox 1278 4212 1605 4267; x_wconf 84' lang='lat' dir='ltr'>PRIMUM.</span> 
     </span>
    </p>
   </div>
   <div class='ocr_carea' id='block_1_61' title="bbox 954 4318 1651 4374">
    <p class='ocr_par' dir='ltr' id='par_1_61' title="bbox 954 4318 1651 4374">
     <span class='ocr_line' id='line_1_61' title="bbox 954 4318 1651 4374; baseline -0.001 -1"><span class='ocrx_word' id='word_1_427' title='bbox 954 4319 1042 4373; x_wconf 89' lang='lat' dir='ltr'>De</span> <span class='ocrx_word' id='word_1_428' title='bbox 1074 4318 1364 4374; x_wconf 88' lang='lat' dir='ltr'>electione</span> <span class='ocrx_word' id='word_1_429' title='bbox 1395 4319 1651 4373; x_wconf 87' lang='lat' dir='ltr'>abbatis.</span> 
     </span>
    </p>
   </div>
   <div class='ocr_carea' id='block_1_62' title="bbox 534 4442 2132 4515">
    <p class='ocr_par' dir='ltr' id='par_1_62' title="bbox 534 4442 2132 4515">
     <span class='ocr_line' id='line_1_62' title="bbox 534 4442 2132 4515; baseline -0.003 -15"><span class='ocrx_word' id='word_1_430' title='bbox 534 4445 619 4500; x_wconf 91' lang='lat' dir='ltr'>De</span> <span class='ocrx_word' id='word_1_431' title='bbox 651 4445 887 4514; x_wconf 83' lang='lat' dir='ltr'>officiis,</span> <span class='ocrx_word' id='word_1_432' title='bbox 912 4443 1006 4497; x_wconf 88' lang='lat' dir='ltr'>vel</span> <span class='ocrx_word' id='word_1_433' title='bbox 1037 4446 1099 4496; x_wconf 87' lang='lat' dir='ltr'>ut</span> <span class='ocrx_word' id='word_1_434' title='bbox 1129 4444 1483 4515; x_wconf 90' lang='lat' dir='ltr'>regulariter</span> <span class='ocrx_word' id='word_1_435' title='bbox 1515 4443 1752 4514; x_wconf 90' lang='lat' dir='ltr'>loquar,</span> <span class='ocrx_word' id='word_1_436' title='bbox 1778 4442 2132 4497; x_wconf 87' lang='lat' dir='ltr'>obedientiis</span> 
     </span>
    </p>
   </div>
   <div class='ocr_carea' id='block_1_63' title="bbox 2247 2247 3835 2321">
    <p class='ocr_par' dir='ltr' id='par_1_63' title="bbox 2247 2247 3835 2321">
     <span class='ocr_line' id='line_1_63' title="bbox 2247 2247 3835 2321; baseline -0.004 -17"><span class='ocrx_word' id='word_1_437' title='bbox 2247 2250 2499 2321; x_wconf 70' lang='lat' dir='ltr'>praemia</span> <span class='ocrx_word' id='word_1_438' title='bbox 2512 2251 3155 2319; x_wconf 56' lang='lat' dir='ltr'>wternaﬂesponsum</span> <span class='ocrx_word' id='word_1_439' title='bbox 3169 2251 3403 2306; x_wconf 88' lang='lat' dir='ltr'>tandem</span> <span class='ocrx_word' id='word_1_440' title='bbox 3429 2255 3513 2305; x_wconf 88' lang='lat' dir='ltr'>est</span> <span class='ocrx_word' id='word_1_441' title='bbox 3538 2250 3602 2304; x_wconf 91' lang='lat' dir='ltr'>ab</span> <span class='ocrx_word' id='word_1_442' title='bbox 3631 2247 3835 2302; x_wconf 87' lang='lat' dir='ltr'>omnibus</span> 
     </span>
    </p>
   </div>
   <div class='ocr_carea' id='block_1_64' title="bbox 2253 2335 3833 2410">
    <p class='ocr_par' dir='ltr' id='par_1_64' title="bbox 2253 2335 3833 2410">
     <span class='ocr_line' id='line_1_64' title="bbox 2253 2335 3833 2410; baseline -0.004 -18"><span class='ocrx_word' id='word_1_443' title='bbox 2253 2338 2466 2393; x_wconf 87' lang='lat' dir='ltr'>Amen.</span> <span class='ocrx_word' id='word_1_444' title='bbox 2496 2337 2656 2403; x_wconf 90' lang='lat' dir='ltr'>Quos</span> <span class='ocrx_word' id='word_1_445' title='bbox 2687 2339 2901 2393; x_wconf 87' lang='lat' dir='ltr'>iterum</span> <span class='ocrx_word' id='word_1_446' title='bbox 2937 2340 3321 2395; x_wconf 89' lang='lat' dir='ltr'>considentes</span> <span class='ocrx_word' id='word_1_447' title='bbox 3350 2340 3504 2410; x_wconf 89' lang='lat' dir='ltr'>prior</span> <span class='ocrx_word' id='word_1_448' title='bbox 3529 2335 3833 2407; x_wconf 78' lang='lat' dir='ltr'>compellavit,</span> 
     </span>
    </p>
   </div>
   <div class='ocr_carea' id='block_1_65' title="bbox 2257 2428 3835 2501">
    <p class='ocr_par' dir='ltr' id='par_1_65' title="bbox 2257 2428 3835 2501">
     <span class='ocr_line' id='line_1_65' title="bbox 2257 2428 3835 2501; baseline -0.005 -19"><span class='ocrx_word' id='word_1_449' title='bbox 2257 2428 2519 2483; x_wconf 90' lang='lat' dir='ltr'>suadens</span> <span class='ocrx_word' id='word_1_450' title='bbox 2536 2432 2598 2482; x_wconf 93' lang='lat' dir='ltr'>ut</span> <span class='ocrx_word' id='word_1_451' title='bbox 2616 2428 2687 2482; x_wconf 89' lang='lat' dir='ltr'>de</span> <span class='ocrx_word' id='word_1_452' title='bbox 2709 2429 3030 2498; x_wconf 85' lang='lat' dir='ltr'>praesentia</span> <span class='ocrx_word' id='word_1_453' title='bbox 3063 2428 3282 2483; x_wconf 84' lang='lat' dir='ltr'>divinae</span> <span class='ocrx_word' id='word_1_454' title='bbox 3317 2429 3518 2501; x_wconf 67' lang='lat' dir='ltr'>gratiae</span> <span class='ocrx_word' id='word_1_455' title='bbox 3546 2438 3835 2497; x_wconf 83' lang='lat' dir='ltr'>nequaquam</span> 
     </span>
    </p>
   </div>
   <div class='ocr_carea' id='block_1_66' title="bbox 2258 2509 3833 2587">
    <p class='ocr_par' dir='ltr' id='par_1_66' title="bbox 2258 2509 3833 2587">
     <span class='ocr_line' id='line_1_66' title="bbox 2258 2509 3833 2587; baseline -0.004 -18"><span class='ocrx_word' id='word_1_456' title='bbox 2258 2514 2933 2569; x_wconf 89' lang='lat' dir='ltr'>dubitarent.Pollicitus</span> <span class='ocrx_word' id='word_1_457' title='bbox 2948 2518 3293 2586; x_wconf 91' lang='lat' dir='ltr'>estquoque</span> <span class='ocrx_word' id='word_1_458' title='bbox 3306 2532 3409 2587; x_wconf 93' lang='lat' dir='ltr'>pro</span> <span class='ocrx_word' id='word_1_459' title='bbox 3423 2518 3573 2586; x_wconf 85' lang='lat' dir='ltr'>parte</span> <span class='ocrx_word' id='word_1_460' title='bbox 3585 2509 3833 2581; x_wconf 86' lang='lat' dir='ltr'>viriliquod</span> 
     </span>
    </p>
   </div>
   <div class='ocr_carea' id='block_1_67' title="bbox 2256 2603 3830 2675">
    <p class='ocr_par' dir='ltr' id='par_1_67' title="bbox 2256 2603 3830 2675">
     <span class='ocr_line' id='line_1_67' title="bbox 2256 2603 3830 2675; baseline -0.003 -18"><span class='ocrx_word' id='word_1_461' title='bbox 2256 2603 2481 2658; x_wconf 91' lang='lat' dir='ltr'>nullum</span> <span class='ocrx_word' id='word_1_462' title='bbox 2500 2603 2739 2658; x_wconf 89' lang='lat' dir='ltr'>omnino</span> <span class='ocrx_word' id='word_1_463' title='bbox 2753 2603 2980 2675; x_wconf 88' lang='lat' dir='ltr'>eligere</span> <span class='ocrx_word' id='word_1_464' title='bbox 2996 2606 3447 2675; x_wconf 89' lang='lat' dir='ltr'>possent,etiam</span> <span class='ocrx_word' id='word_1_465' title='bbox 3462 2604 3508 2658; x_wconf 90' lang='lat' dir='ltr'>si</span> <span class='ocrx_word' id='word_1_466' title='bbox 3521 2603 3752 2657; x_wconf 91' lang='lat' dir='ltr'>minimus</span> <span class='ocrx_word' id='word_1_467' title='bbox 3763 2613 3830 2652; x_wconf 84' lang='lat' dir='ltr'>es-</span> 
     </span>
    </p>
   </div>
   <div class='ocr_carea' id='block_1_68' title="bbox 2256 2690 3830 2765">
    <p class='ocr_par' dir='ltr' id='par_1_68' title="bbox 2256 2690 3830 2765">
     <span class='ocr_line' id='line_1_68' title="bbox 2256 2690 3830 2765; baseline -0.005 -18"><span class='ocrx_word' id='word_1_468' title='bbox 2256 2694 2349 2747; x_wconf 89' lang='lat' dir='ltr'>set</span> <span class='ocrx_word' id='word_1_469' title='bbox 2365 2708 2705 2763; x_wconf 86' lang='lat' dir='ltr'>puerorum,</span> <span class='ocrx_word' id='word_1_470' title='bbox 2724 2692 2819 2747; x_wconf 85' lang='lat' dir='ltr'>cui</span> <span class='ocrx_word' id='word_1_471' title='bbox 2842 2692 3053 2747; x_wconf 89' lang='lat' dir='ltr'>volens</span> <span class='ocrx_word' id='word_1_472' title='bbox 3077 2695 3133 2748; x_wconf 90' lang='lat' dir='ltr'>et</span> <span class='ocrx_word' id='word_1_473' title='bbox 3155 2694 3384 2765; x_wconf 89' lang='lat' dir='ltr'>absque</span> <span class='ocrx_word' id='word_1_474' title='bbox 3414 2692 3559 2750; x_wconf 90' lang='lat' dir='ltr'>omni</span> <span class='ocrx_word' id='word_1_475' title='bbox 3582 2690 3727 2762; x_wconf 72' lang='lat' dir='ltr'>typho</span> <span class='ocrx_word' id='word_1_476' title='bbox 3750 2701 3830 2741; x_wconf 88' lang='lat' dir='ltr'>non</span> 
     </span>
    </p>
   </div>
   <div class='ocr_carea' id='block_1_69' title="bbox 2257 2781 2762 2837">
    <p class='ocr_par' dir='ltr' id='par_1_69' title="bbox 2257 2781 2762 2837">
     <span class='ocr_line' id='line_1_69' title="bbox 2257 2781 2762 2837; baseline -0.004 0"><span class='ocrx_word' id='word_1_477' title='bbox 2257 2781 2544 2837; x_wconf 90' lang='lat' dir='ltr'>obediens</span> <span class='ocrx_word' id='word_1_478' title='bbox 2579 2784 2762 2837; x_wconf 92' lang='lat' dir='ltr'>esset.</span> 
     </span>
    </p>
   </div>
   <div class='ocr_carea' id='block_1_70' title="bbox 2326 2862 3835 2943">
    <p class='ocr_par' dir='ltr' id='par_1_70' title="bbox 2326 2862 3835 2943">
     <span class='ocr_line' id='line_1_70' title="bbox 2326 2862 3835 2943; baseline -0.007 -19"><span class='ocrx_word' id='word_1_479' title='bbox 2326 2871 2543 2925; x_wconf 90' lang='lat' dir='ltr'>Beatus</span> <span class='ocrx_word' id='word_1_480' title='bbox 2556 2875 2748 2925; x_wconf 89' lang='lat' dir='ltr'>autem</span> <span class='ocrx_word' id='word_1_481' title='bbox 2760 2872 2937 2927; x_wconf 89' lang='lat' dir='ltr'>Pater</span> <span class='ocrx_word' id='word_1_482' title='bbox 2947 2871 3114 2927; x_wconf 90' lang='lat' dir='ltr'>Odilo</span> <span class='ocrx_word' id='word_1_483' title='bbox 3132 2876 3381 2943; x_wconf 89' lang='lat' dir='ltr'>rogatus</span> <span class='ocrx_word' id='word_1_484' title='bbox 3395 2870 3449 2925; x_wconf 90' lang='lat' dir='ltr'>in</span> <span class='ocrx_word' id='word_1_485' title='bbox 3467 2867 3710 2924; x_wconf 80' lang='lat' dir='ltr'>extremis</span> <span class='ocrx_word' id='word_1_486' title='bbox 3723 2862 3835 2929; x_wconf 85' lang='lat' dir='ltr'>suis,</span> 
     </span>
    </p>
   </div>
   <div class='ocr_carea' id='block_1_71' title="bbox 2254 2950 3830 3031">
    <p class='ocr_par' dir='ltr' id='par_1_71' title="bbox 2254 2950 3830 3031">
     <span class='ocr_line' id='line_1_71' title="bbox 2254 2950 3830 3031; baseline -0.008 -17"><span class='ocrx_word' id='word_1_487' title='bbox 2254 2959 2394 3031; x_wconf 91' lang='lat' dir='ltr'>quid</span> <span class='ocrx_word' id='word_1_488' title='bbox 2426 2960 2541 3014; x_wconf 90' lang='lat' dir='ltr'>sibi</span> <span class='ocrx_word' id='word_1_489' title='bbox 2563 2960 2635 3015; x_wconf 93' lang='lat' dir='ltr'>de</span> <span class='ocrx_word' id='word_1_490' title='bbox 2655 2976 3013 3015; x_wconf 89' lang='lat' dir='ltr'>successore</span> <span class='ocrx_word' id='word_1_491' title='bbox 3033 2961 3359 3028; x_wconf 89' lang='lat' dir='ltr'>videretur,</span> <span class='ocrx_word' id='word_1_492' title='bbox 3394 2975 3504 3014; x_wconf 92' lang='lat' dir='ltr'>non</span> <span class='ocrx_word' id='word_1_493' title='bbox 3532 2950 3830 3026; x_wconf 83' lang='lat' dir='ltr'>acquievitad</span> 
     </span>
    </p>
   </div>
   <div class='ocr_carea' id='block_1_72' title="bbox 2253 3042 3830 3120">
    <p class='ocr_par' dir='ltr' id='par_1_72' title="bbox 2253 3042 3830 3120">
     <span class='ocr_line' id='line_1_72' title="bbox 2253 3042 3830 3120; baseline -0.008 -18"><span class='ocrx_word' id='word_1_494' title='bbox 2253 3047 2365 3103; x_wconf 89' lang='lat' dir='ltr'>hoc</span> <span class='ocrx_word' id='word_1_495' title='bbox 2424 3064 2777 3120; x_wconf 86' lang='lat' dir='ltr'>quemquam</span> <span class='ocrx_word' id='word_1_496' title='bbox 2826 3050 3150 3104; x_wconf 88' lang='lat' dir='ltr'>nominare.</span> <span class='ocrx_word' id='word_1_497' title='bbox 3214 3050 3460 3103; x_wconf 91' lang='lat' dir='ltr'>Tantum</span> <span class='ocrx_word' id='word_1_498' title='bbox 3507 3063 3623 3101; x_wconf 91' lang='lat' dir='ltr'>cum</span> <span class='ocrx_word' id='word_1_499' title='bbox 3669 3042 3830 3111; x_wconf 78' lang='lat' dir='ltr'>aliquot</span> 
     </span>
    </p>
   </div>
   <div class='ocr_carea' id='block_1_73' title="bbox 2250 3132 3829 3211">
    <p class='ocr_par' dir='ltr' id='par_1_73' title="bbox 2250 3132 3829 3211">
     <span class='ocr_line' id='line_1_73' title="bbox 2250 3132 3829 3211; baseline -0.005 -20"><span class='ocrx_word' id='word_1_500' title='bbox 2250 3153 2642 3208; x_wconf 89' lang='lat' dir='ltr'>personarum</span> <span class='ocrx_word' id='word_1_501' title='bbox 2689 3138 2984 3211; x_wconf 84' lang='lat' dir='ltr'>majorum</span> <span class='ocrx_word' id='word_1_502' title='bbox 3031 3142 3087 3193; x_wconf 92' lang='lat' dir='ltr'>et</span> <span class='ocrx_word' id='word_1_503' title='bbox 3135 3137 3606 3209; x_wconf 90' lang='lat' dir='ltr'>probabiliorum,</span> <span class='ocrx_word' id='word_1_504' title='bbox 3648 3132 3829 3197; x_wconf 78' lang='lat' dir='ltr'>excepto</span> 
     </span>
    </p>
   </div>
   <div class='ocr_carea' id='block_1_74' title="bbox 2249 3216 3828 3297">
    <p class='ocr_par' dir='ltr' id='par_1_74' title="bbox 2249 3216 3828 3297">
     <span class='ocr_line' id='line_1_74' title="bbox 2249 3216 3828 3297; baseline -0.004 -17"><span class='ocrx_word' id='word_1_505' title='bbox 2249 3226 2468 3296; x_wconf 89' lang='lat' dir='ltr'>priore,</span> <span class='ocrx_word' id='word_1_506' title='bbox 2503 3226 2893 3296; x_wconf 90' lang='lat' dir='ltr'>meminisset,</span> <span class='ocrx_word' id='word_1_507' title='bbox 2931 3226 3205 3297; x_wconf 88' lang='lat' dir='ltr'>probavit</span> <span class='ocrx_word' id='word_1_508' title='bbox 3235 3233 3316 3296; x_wconf 87' lang='lat' dir='ltr'>ut,</span> <span class='ocrx_word' id='word_1_509' title='bbox 3349 3225 3603 3297; x_wconf 89' lang='lat' dir='ltr'>quisquis</span> <span class='ocrx_word' id='word_1_510' title='bbox 3630 3236 3715 3291; x_wconf 86' lang='lat' dir='ltr'>per</span> <span class='ocrx_word' id='word_1_511' title='bbox 3738 3216 3828 3268; x_wconf 74' lang='lat' dir='ltr'>illas</span> 
     </span>
    </p>
   </div>
   <div class='ocr_carea' id='block_1_75' title="bbox 2251 3308 3829 3386">
    <p class='ocr_par' dir='ltr' id='par_1_75' title="bbox 2251 3308 3829 3386">
     <span class='ocr_line' id='line_1_75' title="bbox 2251 3308 3829 3386; baseline -0.01 -17"><span class='ocrx_word' id='word_1_512' title='bbox 2251 3314 2594 3386; x_wconf 87' lang='lat' dir='ltr'>eligeretur,</span> <span class='ocrx_word' id='word_1_513' title='bbox 2628 3317 2830 3370; x_wconf 84' lang='lat' dir='ltr'>caeteri</span> <span class='ocrx_word' id='word_1_514' title='bbox 2869 3331 3075 3370; x_wconf 91' lang='lat' dir='ltr'>omnes</span> <span class='ocrx_word' id='word_1_515' title='bbox 3121 3316 3536 3370; x_wconf 84' lang='lat' dir='ltr'>consentirent.</span> <span class='ocrx_word' id='word_1_516' title='bbox 3576 3308 3711 3375; x_wconf 83' lang='lat' dir='ltr'>Quod</span> <span class='ocrx_word' id='word_1_517' title='bbox 3737 3319 3829 3359; x_wconf 90' lang='lat' dir='ltr'>cum</span> 
     </span>
    </p>
   </div>
   <div class='ocr_carea' id='block_1_76' title="bbox 2250 3395 3826 3474">
    <p class='ocr_par' dir='ltr' id='par_1_76' title="bbox 2250 3395 3826 3474">
     <span class='ocr_line' id='line_1_76' title="bbox 2250 3395 3826 3474; baseline -0.008 -17"><span class='ocrx_word' id='word_1_518' title='bbox 2250 3404 2497 3458; x_wconf 89' lang='lat' dir='ltr'>relatum</span> <span class='ocrx_word' id='word_1_519' title='bbox 2516 3405 2897 3460; x_wconf 86' lang='lat' dir='ltr'>esseteadem</span> <span class='ocrx_word' id='word_1_520' title='bbox 2932 3405 3061 3459; x_wconf 87' lang='lat' dir='ltr'>vice</span> <span class='ocrx_word' id='word_1_521' title='bbox 3084 3405 3145 3458; x_wconf 90' lang='lat' dir='ltr'>in</span> <span class='ocrx_word' id='word_1_522' title='bbox 3169 3403 3425 3474; x_wconf 88' lang='lat' dir='ltr'>capitulo</span> <span class='ocrx_word' id='word_1_523' title='bbox 3454 3419 3483 3456; x_wconf 89' lang='lat' dir='ltr'>a</span> <span class='ocrx_word' id='word_1_524' title='bbox 3512 3399 3723 3471; x_wconf 87' lang='lat' dir='ltr'>quodam</span> <span class='ocrx_word' id='word_1_525' title='bbox 3742 3395 3826 3447; x_wconf 82' lang='lat' dir='ltr'>fra-</span> 
     </span>
    </p>
   </div>
   <div class='ocr_carea' id='block_1_77' title="bbox 2247 3487 3827 3564">
    <p class='ocr_par' dir='ltr' id='par_1_77' title="bbox 2247 3487 3827 3564">
     <span class='ocr_line' id='line_1_77' title="bbox 2247 3487 3827 3564; baseline -0.008 -18"><span class='ocrx_word' id='word_1_526' title='bbox 2247 3495 2356 3563; x_wconf 92' lang='lat' dir='ltr'>tre,</span> <span class='ocrx_word' id='word_1_527' title='bbox 2389 3494 2489 3564; x_wconf 90' lang='lat' dir='ltr'>qui</span> <span class='ocrx_word' id='word_1_528' title='bbox 2519 3494 2589 3548; x_wconf 88' lang='lat' dir='ltr'>ad</span> <span class='ocrx_word' id='word_1_529' title='bbox 2622 3494 2793 3548; x_wconf 86' lang='lat' dir='ltr'>ﬁnem</span> <span class='ocrx_word' id='word_1_530' title='bbox 2843 3494 2902 3548; x_wconf 94' lang='lat' dir='ltr'>S.</span> <span class='ocrx_word' id='word_1_531' title='bbox 2936 3494 3140 3549; x_wconf 86' lang='lat' dir='ltr'>Patris</span> <span class='ocrx_word' id='word_1_532' title='bbox 3169 3492 3451 3561; x_wconf 82' lang='lat' dir='ltr'>interfuit,</span> <span class='ocrx_word' id='word_1_533' title='bbox 3494 3505 3589 3560; x_wconf 86' lang='lat' dir='ltr'>per</span> <span class='ocrx_word' id='word_1_534' title='bbox 3613 3487 3734 3541; x_wconf 87' lang='lat' dir='ltr'>hanc</span> <span class='ocrx_word' id='word_1_535' title='bbox 3757 3497 3827 3535; x_wconf 85' lang='lat' dir='ltr'>oc-</span> 
     </span>
    </p>
   </div>
   <div class='ocr_carea' id='block_1_78' title="bbox 2249 3573 3826 3652">
    <p class='ocr_par' dir='ltr' id='par_1_78' title="bbox 2249 3573 3826 3652">
     <span class='ocr_line' id='line_1_78' title="bbox 2249 3573 3826 3652; baseline -0.01 -16"><span class='ocrx_word' id='word_1_536' title='bbox 2249 3583 2551 3636; x_wconf 88' lang='lat' dir='ltr'>casionem</span> <span class='ocrx_word' id='word_1_537' title='bbox 2579 3582 2776 3651; x_wconf 90' lang='lat' dir='ltr'>priore</span> <span class='ocrx_word' id='word_1_538' title='bbox 2813 3581 3188 3636; x_wconf 85' lang='lat' dir='ltr'>dissimulato</span> <span class='ocrx_word' id='word_1_539' title='bbox 3223 3580 3555 3652; x_wconf 91' lang='lat' dir='ltr'>compulsus</span> <span class='ocrx_word' id='word_1_540' title='bbox 3583 3580 3660 3630; x_wconf 92' lang='lat' dir='ltr'>est</span> <span class='ocrx_word' id='word_1_541' title='bbox 3684 3573 3826 3625; x_wconf 86' lang='lat' dir='ltr'>elaus-</span> 
     </span>
    </p>
   </div>
   <div class='ocr_carea' id='block_1_79' title="bbox 2245 3660 3825 3741">
    <p class='ocr_par' dir='ltr' id='par_1_79' title="bbox 2245 3660 3825 3741">
     <span class='ocr_line' id='line_1_79' title="bbox 2245 3660 3825 3741; baseline -0.009 -16"><span class='ocrx_word' id='word_1_542' title='bbox 2245 3672 2412 3725; x_wconf 86' lang='lat' dir='ltr'>tralis</span> <span class='ocrx_word' id='word_1_543' title='bbox 2431 3671 2594 3741; x_wconf 89' lang='lat' dir='ltr'>prior</span> <span class='ocrx_word' id='word_1_544' title='bbox 2622 3687 2655 3725; x_wconf 91' lang='lat' dir='ltr'>a</span> <span class='ocrx_word' id='word_1_545' title='bbox 2687 3672 2921 3726; x_wconf 86' lang='lat' dir='ltr'>caeteris</span> <span class='ocrx_word' id='word_1_546' title='bbox 2954 3669 3310 3741; x_wconf 79' lang='lat' dir='ltr'>majoribus,</span> <span class='ocrx_word' id='word_1_547' title='bbox 3331 3673 3392 3724; x_wconf 91' lang='lat' dir='ltr'>ut</span> <span class='ocrx_word' id='word_1_548' title='bbox 3411 3668 3617 3739; x_wconf 90' lang='lat' dir='ltr'>primus</span> <span class='ocrx_word' id='word_1_549' title='bbox 3638 3660 3825 3716; x_wconf 74' lang='lat' dir='ltr'>ediceret</span> 
     </span>
    </p>
   </div>
   <div class='ocr_carea' id='block_1_80' title="bbox 2245 3750 3822 3831">
    <p class='ocr_par' dir='ltr' id='par_1_80' title="bbox 2245 3750 3822 3831">
     <span class='ocr_line' id='line_1_80' title="bbox 2245 3750 3822 3831; baseline -0.013 -14"><span class='ocrx_word' id='word_1_550' title='bbox 2245 3760 2384 3830; x_wconf 86' lang='lat' dir='ltr'>quid</span> <span class='ocrx_word' id='word_1_551' title='bbox 2416 3760 2545 3829; x_wconf 88' lang='lat' dir='ltr'>ipse</span> <span class='ocrx_word' id='word_1_552' title='bbox 2576 3760 2649 3814; x_wconf 91' lang='lat' dir='ltr'>de</span> <span class='ocrx_word' id='word_1_553' title='bbox 2678 3760 2939 3831; x_wconf 88' lang='lat' dir='ltr'>gerenda</span> <span class='ocrx_word' id='word_1_554' title='bbox 2972 3759 3262 3814; x_wconf 90' lang='lat' dir='ltr'>electione</span> <span class='ocrx_word' id='word_1_555' title='bbox 3295 3758 3561 3820; x_wconf 88' lang='lat' dir='ltr'>sentiret;</span> <span class='ocrx_word' id='word_1_556' title='bbox 3591 3750 3822 3806; x_wconf 85' lang='lat' dir='ltr'>illeautem</span> 
     </span>
    </p>
   </div>
   <div class='ocr_carea' id='block_1_81' title="bbox 2247 3840 3823 3914">
    <p class='ocr_par' dir='ltr' id='par_1_81' title="bbox 2247 3840 3823 3914">
     <span class='ocr_line' id='line_1_81' title="bbox 2247 3840 3823 3914; baseline -0.01 -12"><span class='ocrx_word' id='word_1_557' title='bbox 2247 3848 2534 3903; x_wconf 70' lang='lat' dir='ltr'>haesitans</span> <span class='ocrx_word' id='word_1_558' title='bbox 2566 3852 2620 3903; x_wconf 91' lang='lat' dir='ltr'>et</span> <span class='ocrx_word' id='word_1_559' title='bbox 2644 3849 2878 3903; x_wconf 89' lang='lat' dir='ltr'>tandem</span> <span class='ocrx_word' id='word_1_560' title='bbox 2910 3848 3137 3902; x_wconf 90' lang='lat' dir='ltr'>ratione</span> <span class='ocrx_word' id='word_1_561' title='bbox 3169 3848 3495 3914; x_wconf 90' lang='lat' dir='ltr'>convictus,</span> <span class='ocrx_word' id='word_1_562' title='bbox 3521 3857 3637 3898; x_wconf 89' lang='lat' dir='ltr'>cum</span> <span class='ocrx_word' id='word_1_563' title='bbox 3662 3840 3823 3893; x_wconf 85' lang='lat' dir='ltr'>mutare</span> 
     </span>
    </p>
   </div>
   <div class='ocr_carea' id='block_1_82' title="bbox 2242 3922 3820 4008">
    <p class='ocr_par' dir='ltr' id='par_1_82' title="bbox 2242 3922 3820 4008">
     <span class='ocr_line' id='line_1_82' title="bbox 2242 3922 3820 4008; baseline -0.011 -14"><span class='ocrx_word' id='word_1_564' title='bbox 2242 3953 2361 3993; x_wconf 89' lang='lat' dir='ltr'>non</span> <span class='ocrx_word' id='word_1_565' title='bbox 2391 3940 2596 4008; x_wconf 88' lang='lat' dir='ltr'>posset</span> <span class='ocrx_word' id='word_1_566' title='bbox 2627 3942 2687 3993; x_wconf 90' lang='lat' dir='ltr'>ut</span> <span class='ocrx_word' id='word_1_567' title='bbox 2716 3954 2834 3992; x_wconf 90' lang='lat' dir='ltr'>non</span> <span class='ocrx_word' id='word_1_568' title='bbox 2864 3937 3277 4007; x_wconf 88' lang='lat' dir='ltr'>responderet,</span> <span class='ocrx_word' id='word_1_569' title='bbox 3301 3936 3547 4007; x_wconf 89' lang='lat' dir='ltr'>priorem</span> <span class='ocrx_word' id='word_1_570' title='bbox 3573 3922 3820 3985; x_wconf 72' lang='lat' dir='ltr'>nominavit</span> 
     </span>
    </p>
   </div>
   <div class='ocr_carea' id='block_1_83' title="bbox 2239 4020 3817 4098">
    <p class='ocr_par' dir='ltr' id='par_1_83' title="bbox 2239 4020 3817 4098">
     <span class='ocr_line' id='line_1_83' title="bbox 2239 4020 3817 4098; baseline -0.011 -17"><span class='ocrx_word' id='word_1_571' title='bbox 2239 4029 2295 4081; x_wconf 91' lang='lat' dir='ltr'>et</span> <span class='ocrx_word' id='word_1_572' title='bbox 2312 4027 2510 4098; x_wconf 89' lang='lat' dir='ltr'>elegit.</span> <span class='ocrx_word' id='word_1_573' title='bbox 2536 4027 2618 4081; x_wconf 89' lang='lat' dir='ltr'>De</span> <span class='ocrx_word' id='word_1_574' title='bbox 2638 4030 2851 4081; x_wconf 86' lang='lat' dir='ltr'>caetero</span> <span class='ocrx_word' id='word_1_575' title='bbox 2874 4026 3073 4081; x_wconf 90' lang='lat' dir='ltr'>nullus</span> <span class='ocrx_word' id='word_1_576' title='bbox 3104 4028 3231 4080; x_wconf 89' lang='lat' dir='ltr'>erat</span> <span class='ocrx_word' id='word_1_577' title='bbox 3251 4027 3351 4096; x_wconf 87' lang='lat' dir='ltr'>qui</span> <span class='ocrx_word' id='word_1_578' title='bbox 3373 4027 3562 4079; x_wconf 88' lang='lat' dir='ltr'>contra</span> <span class='ocrx_word' id='word_1_579' title='bbox 3585 4020 3709 4073; x_wconf 87' lang='lat' dir='ltr'>hanc</span> <span class='ocrx_word' id='word_1_580' title='bbox 3725 4027 3817 4067; x_wconf 86' lang='lat' dir='ltr'>scu-</span> 
     </span>
    </p>
   </div>
   <div class='ocr_carea' id='block_1_84' title="bbox 2236 4112 3895 4189">
    <p class='ocr_par' dir='ltr' id='par_1_84' title="bbox 2236 4112 3895 4189">
     <span class='ocr_line' id='line_1_84' title="bbox 2236 4112 3895 4189; baseline -0.011 -14"><span class='ocrx_word' id='word_1_581' title='bbox 2236 4116 2479 4177; x_wconf 87' lang='lat' dir='ltr'>tentiam</span> <span class='ocrx_word' id='word_1_582' title='bbox 2509 4116 2603 4170; x_wconf 88' lang='lat' dir='ltr'>vel</span> <span class='ocrx_word' id='word_1_583' title='bbox 2644 4115 3070 4187; x_wconf 90' lang='lat' dir='ltr'>aliquantulum</span> <span class='ocrx_word' id='word_1_584' title='bbox 3099 4116 3373 4182; x_wconf 88' lang='lat' dir='ltr'>mutiret,</span> <span class='ocrx_word' id='word_1_585' title='bbox 3405 4112 3507 4168; x_wconf 90' lang='lat' dir='ltr'>sed</span> <span class='ocrx_word' id='word_1_586' title='bbox 3557 4120 3728 4163; x_wconf 88' lang='lat' dir='ltr'>omnes</span> <span class='ocrx_word' id='word_1_587' title='bbox 3748 4115 3821 4171; x_wconf 79' lang='lat' dir='ltr'>pa-</span> <span class='ocrx_word' id='word_1_588' title='bbox 3894 4178 3895 4189; x_wconf 11' lang='grc' dir='ltr'>χ</span> 
     </span>
    </p>
   </div>
   <div class='ocr_carea' id='block_1_85' title="bbox 2239 4196 3895 4260">
    <p class='ocr_par' dir='ltr' id='par_1_85' title="bbox 2239 4196 3895 4260">
     <span class='ocr_line' id='line_1_85' title="bbox 2239 4196 3895 4260; baseline -0.01 -1"><span class='ocrx_word' id='word_1_589' title='bbox 2239 4207 2382 4260; x_wconf 88' lang='lat' dir='ltr'>riter</span> <span class='ocrx_word' id='word_1_590' title='bbox 2410 4205 2819 4259; x_wconf 87' lang='lat' dir='ltr'>laudaverunt.</span> <span class='ocrx_word' id='word_1_591' title='bbox 2871 4204 3048 4258; x_wconf 89' lang='lat' dir='ltr'>Solus</span> <span class='ocrx_word' id='word_1_592' title='bbox 3079 4204 3309 4258; x_wconf 91' lang='lat' dir='ltr'>electus</span> <span class='ocrx_word' id='word_1_593' title='bbox 3340 4198 3670 4259; x_wconf 86' lang='lat' dir='ltr'>reclamavit,</span> <span class='ocrx_word' id='word_1_594' title='bbox 3697 4202 3821 4245; x_wconf 85' lang='lat' dir='ltr'>asse-</span> <span class='ocrx_word' id='word_1_595' title='bbox 3894 4196 3895 4201; x_wconf 80' lang='lat'>‘</span> 
     </span>
    </p>
   </div>
   <div class='ocr_carea' id='block_1_86' title="bbox 2238 4279 3893 4365">
    <p class='ocr_par' dir='ltr' id='par_1_86' title="bbox 2238 4279 3893 4365">
     <span class='ocr_line' id='line_1_86' title="bbox 2238 4279 3893 4365; baseline -0.006 -17"><span class='ocrx_word' id='word_1_596' title='bbox 2238 4310 2380 4349; x_wconf 91' lang='lat' dir='ltr'>rens</span> <span class='ocrx_word' id='word_1_597' title='bbox 2411 4294 2567 4365; x_wconf 87' lang='lat' dir='ltr'>quod</span> <span class='ocrx_word' id='word_1_598' title='bbox 2598 4310 2717 4348; x_wconf 90' lang='lat' dir='ltr'>non</span> <span class='ocrx_word' id='word_1_599' title='bbox 2746 4292 2860 4348; x_wconf 89' lang='lat' dir='ltr'>sibi</span> <span class='ocrx_word' id='word_1_600' title='bbox 2891 4292 3043 4347; x_wconf 91' lang='lat' dir='ltr'>bene</span> <span class='ocrx_word' id='word_1_601' title='bbox 3076 4293 3532 4358; x_wconf 88' lang='lat' dir='ltr'>consuluissent,</span> <span class='ocrx_word' id='word_1_602' title='bbox 3561 4291 3611 4341; x_wconf 91' lang='lat' dir='ltr'>et</span> <span class='ocrx_word' id='word_1_603' title='bbox 3636 4284 3679 4338; x_wconf 87' lang='lat' dir='ltr'>si</span> <span class='ocrx_word' id='word_1_604' title='bbox 3704 4279 3817 4334; x_wconf 70' lang='lat' dir='ltr'>scil&#39;c</span> <span class='ocrx_word' id='word_1_605' title='bbox 3892 4302 3893 4325; x_wconf 30' lang='grc' dir='ltr'>ἡ</span> 
     </span>
    </p>
   </div>
   <div class='ocr_carea' id='block_1_87' title="bbox 2240 4365 3816 4453">
    <p class='ocr_par' dir='ltr' id='par_1_87' title="bbox 2240 4365 3816 4453">
     <span class='ocr_line' id='line_1_87' title="bbox 2240 4365 3816 4453; baseline -0.012 -15"><span class='ocrx_word' id='word_1_606' title='bbox 2240 4386 2488 4452; x_wconf 89' lang='lat' dir='ltr'>possent</span> <span class='ocrx_word' id='word_1_607' title='bbox 2510 4382 2701 4453; x_wconf 90' lang='lat' dir='ltr'>qualis</span> <span class='ocrx_word' id='word_1_608' title='bbox 2723 4381 2959 4437; x_wconf 86' lang='lat' dir='ltr'>futurus</span> <span class='ocrx_word' id='word_1_609' title='bbox 2973 4386 3339 4452; x_wconf 90' lang='lat' dir='ltr'>esset,quem</span> <span class='ocrx_word' id='word_1_610' title='bbox 3349 4380 3467 4451; x_wconf 87' lang='lat' dir='ltr'>jam</span> <span class='ocrx_word' id='word_1_611' title='bbox 3479 4365 3816 4453; x_wconf 74' lang='lat' dir='ltr'>probavissent</span> 
     </span>
    </p>
   </div>
   <div class='ocr_carea' id='block_1_88' title="bbox 2241 4451 3819 4542">
    <p class='ocr_par' dir='ltr' id='par_1_88' title="bbox 2241 4451 3819 4542">
     <span class='ocr_line' id='line_1_88' title="bbox 2241 4451 3819 4542; baseline -0.01 -16"><span class='ocrx_word' id='word_1_612' title='bbox 2241 4451 2424 4542; x_wconf 80' lang='lat' dir='ltr'>hujus</span> <span class='ocrx_word' id='word_1_613' title='bbox 2437 4451 2797 4526; x_wconf 83' lang='lat' dir='ltr'>austeritatis</span> <span class='ocrx_word' id='word_1_614' title='bbox 2814 4486 2974 4540; x_wconf 91' lang='lat' dir='ltr'>esse,</span> <span class='ocrx_word' id='word_1_615' title='bbox 2991 4451 3650 4541; x_wconf 23' lang='lat' dir='ltr'>hujusipraesumptionis</span> <span class='ocrx_word' id='word_1_616' title='bbox 3671 4451 3819 4512; x_wconf 73' lang='lat' dir='ltr'>inofﬁ-</span> 
     </span>
    </p>
   </div>
   <div class='ocr_carea' id='block_1_89' title="bbox 2179 3382 2224 3438">
    <p class='ocr_par' dir='ltr' id='par_1_89' title="bbox 2179 3382 2224 3438">
     <span class='ocr_line' id='line_1_89' title="bbox 2179 3382 2224 3438; baseline 0 0"><span class='ocrx_word' id='word_1_617' title='bbox 2179 3382 2224 3438; x_wconf 89' lang='lat' dir='ltr'>C</span> 
     </span>
    </p>
   </div>
   <div class='ocr_carea' id='block_1_90' title="bbox 463 4531 3887 4630">
    <p class='ocr_par' dir='ltr' id='par_1_90' title="bbox 463 4531 3887 4630">
     <span class='ocr_line' id='line_1_90' title="bbox 463 4531 3887 4630; baseline -0.007 -14"><span class='ocrx_word' id='word_1_618' title='bbox 463 4532 1071 4630; x_wconf 44' lang='lat' dir='ltr'>nondumﬂmdﬂufm</span> <span class='ocrx_word' id='word_1_619' title='bbox 1276 4531 1533 4630; x_wconf 45' lang='lat' dir='ltr'>Qufm‘lfn</span> <span class='ocrx_word' id='word_1_620' title='bbox 1573 4532 2006 4630; x_wconf 29' lang='lat' dir='ltr'>Quintumfum</span> <span class='ocrx_word' id='word_1_621' title='bbox 2056 4531 2135 4629; x_wconf 40' lang='lat'>.3“</span> <span class='ocrx_word' id='word_1_622' title='bbox 2162 4550 2211 4604; x_wconf 87' lang='lat' dir='ltr'>D</span> <span class='ocrx_word' id='word_1_623' title='bbox 2244 4531 2342 4614; x_wconf 62' lang='lat' dir='ltr'>cit;</span> <span class='ocrx_word' id='word_1_624' title='bbox 2363 4560 2611 4627; x_wconf 85' lang='lat' dir='ltr'>minore,</span> <span class='ocrx_word' id='word_1_625' title='bbox 2634 4560 2834 4630; x_wconf 90' lang='lat' dir='ltr'>utjam</span> <span class='ocrx_word' id='word_1_626' title='bbox 2852 4531 3132 4630; x_wconf 75' lang='lat' dir='ltr'>pleraque</span> <span class='ocrx_word' id='word_1_627' title='bbox 3162 4531 3704 4628; x_wconf 64' lang='lat' dir='ltr'>praesumpsissetab</span> <span class='ocrx_word' id='word_1_628' title='bbox 3728 4541 3819 4595; x_wconf 80' lang='lat' dir='ltr'>aliis</span> <span class='ocrx_word' id='word_1_629' title='bbox 3886 4590 3887 4630; x_wconf 30' lang='grc' dir='ltr'><strong>ἦ</strong></span> 
     </span>
    </p>
   </div>
   <div class='ocr_carea' id='block_1_91' title="bbox 461 4620 2136 4694">
    <p class='ocr_par' dir='ltr' id='par_1_91' title="bbox 461 4620 2136 4694">
     <span class='ocr_line' id='line_1_91' title="bbox 461 4620 2136 4694; baseline -0.002 -17"><span class='ocrx_word' id='word_1_630' title='bbox 461 4622 806 4694; x_wconf 89' lang='lat' dir='ltr'>principalis</span> <span class='ocrx_word' id='word_1_631' title='bbox 840 4620 1171 4676; x_wconf 85' lang='lat' dir='ltr'>obedientia</span> <span class='ocrx_word' id='word_1_632' title='bbox 1186 4621 1386 4676; x_wconf 82' lang='lat' dir='ltr'>domui</span> <span class='ocrx_word' id='word_1_633' title='bbox 1407 4620 1661 4690; x_wconf 88' lang='lat' dir='ltr'>abbatis,</span> <span class='ocrx_word' id='word_1_634' title='bbox 1688 4621 1765 4673; x_wconf 91' lang='lat' dir='ltr'>sit</span> <span class='ocrx_word' id='word_1_635' title='bbox 1786 4620 1960 4674; x_wconf 88' lang='lat' dir='ltr'>etiam</span> <span class='ocrx_word' id='word_1_636' title='bbox 1982 4620 2136 4689; x_wconf 89' lang='lat' dir='ltr'>prin-</span> 
     </span>
    </p>
   </div>
   <div class='ocr_carea' id='block_1_92' title="bbox 460 4706 2129 4781">
    <p class='ocr_par' dir='ltr' id='par_1_92' title="bbox 460 4706 2129 4781">
     <span class='ocr_line' id='line_1_92' title="bbox 460 4706 2129 4781; baseline -0.003 -16"><span class='ocrx_word' id='word_1_637' title='bbox 460 4712 676 4781; x_wconf 90' lang='lat' dir='ltr'>cipium</span> <span class='ocrx_word' id='word_1_638' title='bbox 709 4708 1010 4763; x_wconf 85' lang='lat' dir='ltr'>relationis</span> <span class='ocrx_word' id='word_1_639' title='bbox 1043 4713 1285 4761; x_wconf 65' lang='lat' dir='ltr'>nostra).</span> <span class='ocrx_word' id='word_1_640' title='bbox 1322 4708 1509 4778; x_wconf 88' lang='lat' dir='ltr'>lgitur</span> <span class='ocrx_word' id='word_1_641' title='bbox 1539 4706 1672 4777; x_wconf 88' lang='lat' dir='ltr'>ejus</span> <span class='ocrx_word' id='word_1_642' title='bbox 1703 4707 1898 4777; x_wconf 89' lang='lat' dir='ltr'>ipsius</span> <span class='ocrx_word' id='word_1_643' title='bbox 1928 4707 2129 4776; x_wconf 89' lang='lat' dir='ltr'>primi-</span> 
     </span>
    </p>
   </div>
   <div class='ocr_carea' id='block_1_93' title="bbox 461 4796 2129 4867">
    <p class='ocr_par' dir='ltr' id='par_1_93' title="bbox 461 4796 2129 4867">
     <span class='ocr_line' id='line_1_93' title="bbox 461 4796 2129 4867; baseline -0.002 -13"><span class='ocrx_word' id='word_1_644' title='bbox 461 4802 578 4855; x_wconf 89' lang='lat' dir='ltr'>tiva</span> <span class='ocrx_word' id='word_1_645' title='bbox 611 4799 817 4853; x_wconf 90' lang='lat' dir='ltr'>electio</span> <span class='ocrx_word' id='word_1_646' title='bbox 863 4798 973 4850; x_wconf 89' lang='lat' dir='ltr'>hoc</span> <span class='ocrx_word' id='word_1_647' title='bbox 1025 4797 1199 4850; x_wconf 79' lang='lat' dir='ltr'>habet</span> <span class='ocrx_word' id='word_1_648' title='bbox 1243 4796 1414 4866; x_wconf 88' lang='lat' dir='ltr'>quasi</span> <span class='ocrx_word' id='word_1_649' title='bbox 1462 4796 1790 4867; x_wconf 87' lang='lat' dir='ltr'>legitimum</span> <span class='ocrx_word' id='word_1_650' title='bbox 1822 4797 2129 4866; x_wconf 84' lang='lat' dir='ltr'>sempiter-</span> 
     </span>
    </p>
   </div>
   <div class='ocr_carea' id='block_1_94' title="bbox 459 4884 2125 4959">
    <p class='ocr_par' dir='ltr' id='par_1_94' title="bbox 459 4884 2125 4959">
     <span class='ocr_line' id='line_1_94' title="bbox 459 4884 2125 4959; baseline -0.003 -15"><span class='ocrx_word' id='word_1_651' title='bbox 459 4905 619 4959; x_wconf 90' lang='lat' dir='ltr'>num,</span> <span class='ocrx_word' id='word_1_652' title='bbox 646 4888 801 4959; x_wconf 88' lang='lat' dir='ltr'>quod</span> <span class='ocrx_word' id='word_1_653' title='bbox 819 4886 890 4941; x_wconf 89' lang='lat' dir='ltr'>ad</span> <span class='ocrx_word' id='word_1_654' title='bbox 910 4902 1037 4940; x_wconf 89' lang='lat' dir='ltr'>eam</span> <span class='ocrx_word' id='word_1_655' title='bbox 1061 4885 1259 4939; x_wconf 89' lang='lat' dir='ltr'>nullus</span> <span class='ocrx_word' id='word_1_656' title='bbox 1283 4884 1615 4938; x_wconf 88' lang='lat' dir='ltr'>mortalium</span> <span class='ocrx_word' id='word_1_657' title='bbox 1640 4885 1789 4939; x_wconf 92' lang='lat' dir='ltr'>solet</span> <span class='ocrx_word' id='word_1_658' title='bbox 1810 4885 2125 4955; x_wconf 89' lang='lat' dir='ltr'>interesse,</span> 
     </span>
    </p>
   </div>
   <div class='ocr_carea' id='block_1_95' title="bbox 459 4973 2123 5047">
    <p class='ocr_par' dir='ltr' id='par_1_95' title="bbox 459 4973 2123 5047">
     <span class='ocr_line' id='line_1_95' title="bbox 459 4973 2123 5047; baseline -0.004 -15"><span class='ocrx_word' id='word_1_659' title='bbox 459 4982 681 5047; x_wconf 69' lang='lat' dir='ltr'>praeter</span> <span class='ocrx_word' id='word_1_660' title='bbox 709 4994 814 5032; x_wconf 90' lang='lat' dir='ltr'>eos</span> <span class='ocrx_word' id='word_1_661' title='bbox 837 4976 1000 5032; x_wconf 92' lang='lat' dir='ltr'>solos</span> <span class='ocrx_word' id='word_1_662' title='bbox 1020 4975 1119 5046; x_wconf 87' lang='lat' dir='ltr'>qui</span> <span class='ocrx_word' id='word_1_663' title='bbox 1136 4978 1271 5028; x_wconf 90' lang='lat' dir='ltr'>sunt</span> <span class='ocrx_word' id='word_1_664' title='bbox 1294 4973 1581 5028; x_wconf 73' lang='lat' dir='ltr'>Ecclesiae</span> <span class='ocrx_word' id='word_1_665' title='bbox 1599 4978 1820 5027; x_wconf 80' lang='lat' dir='ltr'>nostrae</span> <span class='ocrx_word' id='word_1_666' title='bbox 1841 4973 2123 5043; x_wconf 85' lang='lat' dir='ltr'>professi.</span> 
     </span>
    </p>
   </div>
   <div class='ocr_carea' id='block_1_96' title="bbox 461 5063 2129 5135">
    <p class='ocr_par' dir='ltr' id='par_1_96' title="bbox 461 5063 2129 5135">
     <span class='ocr_line' id='line_1_96' title="bbox 461 5063 2129 5135; baseline -0.002 -17"><span class='ocrx_word' id='word_1_667' title='bbox 461 5065 534 5118; x_wconf 86' lang='lat' dir='ltr'>Et</span> <span class='ocrx_word' id='word_1_668' title='bbox 564 5067 814 5120; x_wconf 90' lang='lat' dir='ltr'>domnus</span> <span class='ocrx_word' id='word_1_669' title='bbox 834 5066 1041 5135; x_wconf 90' lang='lat' dir='ltr'>abbas,</span> <span class='ocrx_word' id='word_1_670' title='bbox 1062 5079 1237 5135; x_wconf 90' lang='lat' dir='ltr'>quem</span> <span class='ocrx_word' id='word_1_671' title='bbox 1270 5064 1389 5117; x_wconf 88' lang='lat' dir='ltr'>Deo</span> <span class='ocrx_word' id='word_1_672' title='bbox 1422 5063 1675 5117; x_wconf 88' lang='lat' dir='ltr'>donante</span> <span class='ocrx_word' id='word_1_673' title='bbox 1708 5063 1998 5117; x_wconf 87' lang='lat' dir='ltr'>habemus</span> <span class='ocrx_word' id='word_1_674' title='bbox 2023 5063 2129 5116; x_wconf 90' lang='lat' dir='ltr'>im-</span> 
     </span>
    </p>
   </div>
   <div class='ocr_carea' id='block_1_97' title="bbox 401 5151 2127 5223">
    <p class='ocr_par' dir='ltr' id='par_1_97' title="bbox 401 5151 2127 5223">
     <span class='ocr_line' id='line_1_97' title="bbox 401 5151 2127 5223; baseline -0.001 -17"><span class='ocrx_word' id='word_1_675' title='bbox 401 5180 418 5194; x_wconf 87' lang='lat'><strong>-</strong></span> <span class='ocrx_word' id='word_1_676' title='bbox 461 5156 911 5223; x_wconf 81' lang='lat' dir='ltr'>presentiarum,</span> <span class='ocrx_word' id='word_1_677' title='bbox 959 5170 1092 5209; x_wconf 92' lang='lat' dir='ltr'>cum</span> <span class='ocrx_word' id='word_1_678' title='bbox 1124 5154 1285 5223; x_wconf 90' lang='lat' dir='ltr'>prior</span> <span class='ocrx_word' id='word_1_679' title='bbox 1313 5156 1476 5206; x_wconf 91' lang='lat' dir='ltr'>esset</span> <span class='ocrx_word' id='word_1_680' title='bbox 1516 5151 1631 5206; x_wconf 95' lang='lat' dir='ltr'>loci</span> <span class='ocrx_word' id='word_1_681' title='bbox 1662 5152 1870 5219; x_wconf 84' lang='lat' dir='ltr'>nostri,</span> <span class='ocrx_word' id='word_1_682' title='bbox 1905 5152 1964 5205; x_wconf 90' lang='lat' dir='ltr'>in</span> <span class='ocrx_word' id='word_1_683' title='bbox 1996 5152 2127 5221; x_wconf 89' lang='lat' dir='ltr'>ipso</span> 
     </span>
    </p>
   </div>
   <div class='ocr_carea' id='block_1_98' title="bbox 461 5240 2127 5313">
    <p class='ocr_par' dir='ltr' id='par_1_98' title="bbox 461 5240 2127 5313">
     <span class='ocr_line' id='line_1_98' title="bbox 461 5240 2127 5313; baseline -0.001 -19"><span class='ocrx_word' id='word_1_684' title='bbox 461 5242 593 5295; x_wconf 92' lang='lat' dir='ltr'>loco</span> <span class='ocrx_word' id='word_1_685' title='bbox 625 5245 680 5295; x_wconf 91' lang='lat' dir='ltr'>et</span> <span class='ocrx_word' id='word_1_686' title='bbox 711 5243 972 5312; x_wconf 90' lang='lat' dir='ltr'>generali</span> <span class='ocrx_word' id='word_1_687' title='bbox 1002 5243 1254 5313; x_wconf 90' lang='lat' dir='ltr'>capitulo</span> <span class='ocrx_word' id='word_1_688' title='bbox 1286 5240 1634 5311; x_wconf 86' lang='lat' dir='ltr'>prostravit,</span> <span class='ocrx_word' id='word_1_689' title='bbox 1670 5244 1728 5295; x_wconf 86' lang='lat' dir='ltr'>et</span> <span class='ocrx_word' id='word_1_690' title='bbox 1772 5241 1843 5293; x_wconf 87' lang='lat' dir='ltr'>de</span> <span class='ocrx_word' id='word_1_691' title='bbox 1880 5240 2127 5293; x_wconf 88' lang='lat' dir='ltr'>canticis</span> 
     </span>
    </p>
   </div>
   <div class='ocr_carea' id='block_1_99' title="bbox 462 5328 2129 5401">
    <p class='ocr_par' dir='ltr' id='par_1_99' title="bbox 462 5328 2129 5401">
     <span class='ocr_line' id='line_1_99' title="bbox 462 5328 2129 5401; baseline -0.001 -18"><span class='ocrx_word' id='word_1_692' title='bbox 462 5328 796 5399; x_wconf 90' lang='lat' dir='ltr'>quindecim</span> <span class='ocrx_word' id='word_1_693' title='bbox 836 5332 1123 5401; x_wconf 90' lang='lat' dir='ltr'>graduum</span> <span class='ocrx_word' id='word_1_694' title='bbox 1164 5334 1389 5401; x_wconf 86' lang='lat' dir='ltr'>septem</span> <span class='ocrx_word' id='word_1_695' title='bbox 1438 5330 1625 5400; x_wconf 89' lang='lat' dir='ltr'>prima</span> <span class='ocrx_word' id='word_1_696' title='bbox 1672 5329 2037 5399; x_wconf 89' lang='lat' dir='ltr'>decantavit,</span> <span class='ocrx_word' id='word_1_697' title='bbox 2072 5331 2129 5382; x_wconf 88' lang='lat' dir='ltr'>et</span> 
     </span>
    </p>
   </div>
   <div class='ocr_carea' id='block_1_100' title="bbox 459 5417 2121 5489">
    <p class='ocr_par' dir='ltr' id='par_1_100' title="bbox 459 5417 2121 5489">
     <span class='ocr_line' id='line_1_100' title="bbox 459 5417 2121 5489; baseline -0.001 -17"><span class='ocrx_word' id='word_1_698' title='bbox 459 5418 591 5487; x_wconf 88' lang='lat' dir='ltr'>ipse</span> <span class='ocrx_word' id='word_1_699' title='bbox 612 5418 864 5472; x_wconf 91' lang='lat' dir='ltr'>domnus</span> <span class='ocrx_word' id='word_1_700' title='bbox 895 5420 1055 5488; x_wconf 89' lang='lat' dir='ltr'>prior</span> <span class='ocrx_word' id='word_1_701' title='bbox 1071 5419 1205 5473; x_wconf 91' lang='lat' dir='ltr'>aliis</span> <span class='ocrx_word' id='word_1_702' title='bbox 1233 5420 1425 5473; x_wconf 91' lang='lat' dir='ltr'>adhuc</span> <span class='ocrx_word' id='word_1_703' title='bbox 1456 5418 1770 5489; x_wconf 87' lang='lat' dir='ltr'>prostratis</span> <span class='ocrx_word' id='word_1_704' title='bbox 1796 5433 1861 5471; x_wconf 91' lang='lat' dir='ltr'>se</span> <span class='ocrx_word' id='word_1_705' title='bbox 1894 5417 2121 5486; x_wconf 91' lang='lat' dir='ltr'>levans,</span> 
     </span>
    </p>
   </div>
   <div class='ocr_carea' id='block_1_101' title="bbox 459 5504 2120 5576">
    <p class='ocr_par' dir='ltr' id='par_1_101' title="bbox 459 5504 2120 5576">
     <span class='ocr_line' id='line_1_101' title="bbox 459 5504 2120 5576; baseline -0.002 -15"><span class='ocrx_word' id='word_1_706' title='bbox 459 5506 614 5562; x_wconf 89' lang='lat' dir='ltr'>hanc</span> <span class='ocrx_word' id='word_1_707' title='bbox 642 5506 788 5560; x_wconf 87' lang='lat' dir='ltr'>dixit</span> <span class='ocrx_word' id='word_1_708' title='bbox 818 5507 1141 5562; x_wconf 89' lang='lat' dir='ltr'>orationem</span> <span class='ocrx_word' id='word_1_709' title='bbox 1163 5549 1176 5576; x_wconf 92' lang='lat'>,</span> <span class='ocrx_word' id='word_1_710' title='bbox 1227 5511 1283 5562; x_wconf 92' lang='lat' dir='ltr'>et</span> <span class='ocrx_word' id='word_1_711' title='bbox 1313 5508 1444 5563; x_wconf 91' lang='lat' dir='ltr'>sine</span> <span class='ocrx_word' id='word_1_712' title='bbox 1489 5506 1762 5561; x_wconf 89' lang='lat' dir='ltr'>Oratione</span> <span class='ocrx_word' id='word_1_713' title='bbox 1795 5504 2120 5575; x_wconf 89' lang='lat' dir='ltr'>Dominica,</span> 
     </span>
    </p>
   </div>
   <div class='ocr_carea' id='block_1_102' title="bbox 456 5594 2124 5670">
    <p class='ocr_par' dir='ltr' id='par_1_102' title="bbox 456 5594 2124 5670">
     <span class='ocr_line' id='line_1_102' title="bbox 456 5594 2124 5670; baseline -0.003 -14"><span class='ocrx_word' id='word_1_714' title='bbox 456 5596 777 5668; x_wconf 80' lang='lat' dir='ltr'>Adsumus,</span> <span class='ocrx_word' id='word_1_715' title='bbox 817 5595 1064 5653; x_wconf 87' lang='lat' dir='ltr'>Domine</span> <span class='ocrx_word' id='word_1_716' title='bbox 1092 5601 1296 5654; x_wconf 86' lang='lat' dir='ltr'>sancte</span> <span class='ocrx_word' id='word_1_717' title='bbox 1328 5596 1631 5670; x_wconf 86' lang='lat' dir='ltr'>Spiritus;</span> <span class='ocrx_word' id='word_1_718' title='bbox 1670 5594 1948 5653; x_wconf 87' lang='lat' dir='ltr'>adsumus</span> <span class='ocrx_word' id='word_1_719' title='bbox 1980 5609 2124 5668; x_wconf 89' lang='lat' dir='ltr'>pec-</span> 
     </span>
    </p>
   </div>
   <div class='ocr_carea' id='block_1_103' title="bbox 2239 4641 3815 4723">
    <p class='ocr_par' dir='ltr' id='par_1_103' title="bbox 2239 4641 3815 4723">
     <span class='ocr_line' id='line_1_103' title="bbox 2239 4641 3815 4723; baseline -0.007 -21"><span class='ocrx_word' id='word_1_720' title='bbox 2239 4649 2541 4719; x_wconf 78' lang='lat' dir='ltr'>prioribus</span> <span class='ocrx_word' id='word_1_721' title='bbox 2564 4649 2800 4703; x_wconf 88' lang='lat' dir='ltr'>minime</span> <span class='ocrx_word' id='word_1_722' title='bbox 2824 4650 3203 4718; x_wconf 63' lang='lat' dir='ltr'>praesumpta.</span> <span class='ocrx_word' id='word_1_723' title='bbox 3241 4648 3395 4701; x_wconf 88' lang='lat' dir='ltr'>Inter</span> <span class='ocrx_word' id='word_1_724' title='bbox 3417 4643 3582 4698; x_wconf 87' lang='lat' dir='ltr'>verba</span> <span class='ocrx_word' id='word_1_725' title='bbox 3610 4641 3815 4723; x_wconf 57' lang='lat' dir='ltr'>lacrj‘tn‘rf?</span> 
     </span>
    </p>
   </div>
   <div class='ocr_carea' id='block_1_104' title="bbox 2241 4720 3813 4809">
    <p class='ocr_par' dir='ltr' id='par_1_104' title="bbox 2241 4720 3813 4809">
     <span class='ocr_line' id='line_1_104' title="bbox 2241 4720 3813 4809; baseline -0.012 -18"><span class='ocrx_word' id='word_1_726' title='bbox 2241 4754 2475 4809; x_wconf 91' lang='lat' dir='ltr'>quoque</span> <span class='ocrx_word' id='word_1_727' title='bbox 2499 4739 2645 4791; x_wconf 90' lang='lat' dir='ltr'>satis</span> <span class='ocrx_word' id='word_1_728' title='bbox 2669 4736 3084 4805; x_wconf 86' lang='lat' dir='ltr'>fundebantur,</span> <span class='ocrx_word' id='word_1_729' title='bbox 3105 4739 3166 4790; x_wconf 91' lang='lat' dir='ltr'>ut</span> <span class='ocrx_word' id='word_1_730' title='bbox 3188 4737 3357 4805; x_wconf 90' lang='lat' dir='ltr'>plane</span> <span class='ocrx_word' id='word_1_731' title='bbox 3378 4735 3595 4787; x_wconf 87' lang='lat' dir='ltr'>daretur</span> <span class='ocrx_word' id='word_1_732' title='bbox 3610 4720 3813 4787; x_wconf 79' lang='lat' dir='ltr'>intelligi.</span> 
     </span>
    </p>
   </div>
   <div class='ocr_carea' id='block_1_105' title="bbox 2229 4814 3815 4902">
    <p class='ocr_par' dir='ltr' id='par_1_105' title="bbox 2229 4814 3815 4902">
     <span class='ocr_line' id='line_1_105' title="bbox 2229 4814 3815 4902; baseline 0 -22"><span class='ocrx_word' id='word_1_733' title='bbox 2229 4827 2401 4898; x_wconf 85' lang='lat' dir='ltr'>juxta</span> <span class='ocrx_word' id='word_1_734' title='bbox 2432 4826 2690 4898; x_wconf 89' lang='lat' dir='ltr'>elogium</span> <span class='ocrx_word' id='word_1_735' title='bbox 2722 4826 3031 4897; x_wconf 89' lang='lat' dir='ltr'>cujusdam</span> <span class='ocrx_word' id='word_1_736' title='bbox 3064 4841 3180 4879; x_wconf 92' lang='lat' dir='ltr'>non</span> <span class='ocrx_word' id='word_1_737' title='bbox 3210 4824 3366 4878; x_wconf 87' lang='lat' dir='ltr'>aliud</span> <span class='ocrx_word' id='word_1_738' title='bbox 3397 4837 3525 4877; x_wconf 90' lang='lat' dir='ltr'>esse</span> <span class='ocrx_word' id='word_1_739' title='bbox 3558 4814 3815 4902; x_wconf 39' lang='lat' dir='ltr'>promtu&quot;?</span> 
     </span>
    </p>
   </div>
   <div class='ocr_carea' id='block_1_106' title="bbox 2238 4890 3811 4988">
    <p class='ocr_par' dir='ltr' id='par_1_106' title="bbox 2238 4890 3811 4988">
     <span class='ocr_line' id='line_1_106' title="bbox 2238 4890 3811 4988; baseline -0.01 -19"><span class='ocrx_word' id='word_1_740' title='bbox 2238 4890 2296 4969; x_wconf 78' lang='lat' dir='ltr'>in</span> <span class='ocrx_word' id='word_1_741' title='bbox 2326 4890 2879 4988; x_wconf 45' lang='lat' dir='ltr'>linguaIetaliud‘in</span> <span class='ocrx_word' id='word_1_742' title='bbox 2898 4918 3137 4984; x_wconf 89' lang='lat' dir='ltr'>pectore</span> <span class='ocrx_word' id='word_1_743' title='bbox 3160 4914 3446 4968; x_wconf 86' lang='lat' dir='ltr'>clausum.</span> <span class='ocrx_word' id='word_1_744' title='bbox 3470 4909 3573 4964; x_wconf 83' lang='lat' dir='ltr'>Sed</span> <span class='ocrx_word' id='word_1_745' title='bbox 3593 4890 3811 4988; x_wconf 57' lang='lat' dir='ltr'>quidqulfl</span> 
     </span>
    </p>
   </div>
   <div class='ocr_carea' id='block_1_107' title="bbox 2236 4986 3813 5075">
    <p class='ocr_par' dir='ltr' id='par_1_107' title="bbox 2236 4986 3813 5075">
     <span class='ocr_line' id='line_1_107' title="bbox 2236 4986 3813 5075; baseline -0.027 0"><span class='ocrx_word' id='word_1_746' title='bbox 2236 5006 2366 5074; x_wconf 68' lang='lat' dir='ltr'>ipse</span> <span class='ocrx_word' id='word_1_747' title='bbox 2422 4986 2814 5075; x_wconf 62' lang='lat' dir='ltr'>praetenderet</span> <span class='ocrx_word' id='word_1_748' title='bbox 2853 5004 2999 5057; x_wconf 89' lang='lat' dir='ltr'>nihil</span> <span class='ocrx_word' id='word_1_749' title='bbox 3043 5003 3294 5057; x_wconf 85' lang='lat' dir='ltr'>obtinuit</span> <span class='ocrx_word' id='word_1_750' title='bbox 3342 5004 3395 5056; x_wconf 91' lang='lat' dir='ltr'>et</span> <span class='ocrx_word' id='word_1_751' title='bbox 3446 4994 3684 5066; x_wconf 81' lang='lat' dir='ltr'>imposita</span> <span class='ocrx_word' id='word_1_752' title='bbox 3713 4986 3813 5039; x_wconf 76' lang='lat' dir='ltr'>antl-</span> 
     </span>
    </p>
   </div>
   <div class='ocr_carea' id='block_1_108' title="bbox 2236 5076 3809 5164">
    <p class='ocr_par' dir='ltr' id='par_1_108' title="bbox 2236 5076 3809 5164">
     <span class='ocr_line' id='line_1_108' title="bbox 2236 5076 3809 5164; baseline -0.015 -16"><span class='ocrx_word' id='word_1_753' title='bbox 2236 5094 2451 5163; x_wconf 82' lang='lat' dir='ltr'>phona,</span> <span class='ocrx_word' id='word_1_754' title='bbox 2488 5092 2782 5147; x_wconf 78' lang='lat' dir='ltr'>Confirma</span> <span class='ocrx_word' id='word_1_755' title='bbox 2818 5093 2946 5160; x_wconf 79' lang='lat' dir='ltr'>hoc,</span> <span class='ocrx_word' id='word_1_756' title='bbox 2992 5092 3171 5160; x_wconf 89' lang='lat' dir='ltr'>Deus,</span> <span class='ocrx_word' id='word_1_757' title='bbox 3208 5094 3470 5144; x_wconf 87' lang='lat' dir='ltr'>cantatus</span> <span class='ocrx_word' id='word_1_758' title='bbox 3499 5088 3580 5139; x_wconf 91' lang='lat' dir='ltr'>est</span> <span class='ocrx_word' id='word_1_759' title='bbox 3606 5076 3809 5164; x_wconf 66' lang='lat' dir='ltr'>psalmos</span> 
     </span>
    </p>
   </div>
   <div class='ocr_carea' id='block_1_109' title="bbox 2236 5166 3809 5253">
    <p class='ocr_par' dir='ltr' id='par_1_109' title="bbox 2236 5166 3809 5253">
     <span class='ocr_line' id='line_1_109' title="bbox 2236 5166 3809 5253; baseline -0.01 -17"><span class='ocrx_word' id='word_1_760' title='bbox 2236 5199 2353 5236; x_wconf 84' lang='lat' dir='ltr'><strong>LVII</strong></span> <span class='ocrx_word' id='word_1_761' title='bbox 2386 5182 2455 5236; x_wconf 88' lang='lat' dir='ltr'>Si</span> <span class='ocrx_word' id='word_1_762' title='bbox 2480 5198 2622 5236; x_wconf 86' lang='lat' dir='ltr'>vere</span> <span class='ocrx_word' id='word_1_763' title='bbox 2648 5181 2864 5253; x_wconf 86' lang='lat' dir='ltr'>utique,</span> <span class='ocrx_word' id='word_1_764' title='bbox 2898 5181 3009 5234; x_wconf 89' lang='lat' dir='ltr'>alta</span> <span class='ocrx_word' id='word_1_765' title='bbox 3034 5196 3200 5245; x_wconf 87' lang='lat' dir='ltr'>voce;</span> <span class='ocrx_word' id='word_1_766' title='bbox 3226 5184 3282 5234; x_wconf 91' lang='lat' dir='ltr'>et</span> <span class='ocrx_word' id='word_1_767' title='bbox 3308 5180 3395 5232; x_wconf 89' lang='lat' dir='ltr'>sic</span> <span class='ocrx_word' id='word_1_768' title='bbox 3413 5174 3670 5231; x_wconf 84' lang='lat' dir='ltr'>deductus</span> <span class='ocrx_word' id='word_1_769' title='bbox 3687 5166 3754 5217; x_wconf 66' lang='lat' dir='ltr'>est</span> <span class='ocrx_word' id='word_1_770' title='bbox 3772 5169 3809 5207; x_wconf 74' lang='grc' dir='ltr'>ιη</span> 
     </span>
    </p>
   </div>
   <div class='ocr_carea' id='block_1_110' title="bbox 2236 5260 3808 5340">
    <p class='ocr_par' dir='ltr' id='par_1_110' title="bbox 2236 5260 3808 5340">
     <span class='ocr_line' id='line_1_110' title="bbox 2236 5260 3808 5340; baseline -0.01 -15"><span class='ocrx_word' id='word_1_771' title='bbox 2236 5271 2570 5325; x_wconf 90' lang='lat' dir='ltr'>ecclesiam.</span> <span class='ocrx_word' id='word_1_772' title='bbox 2592 5271 2805 5324; x_wconf 89' lang='lat' dir='ltr'>Secuta</span> <span class='ocrx_word' id='word_1_773' title='bbox 2822 5272 2915 5324; x_wconf 91' lang='lat' dir='ltr'>est</span> <span class='ocrx_word' id='word_1_774' title='bbox 2930 5269 3139 5340; x_wconf 87' lang='lat' dir='ltr'>oratio,</span> <span class='ocrx_word' id='word_1_775' title='bbox 3161 5269 3441 5323; x_wconf 79' lang='lat' dir='ltr'>Actiones</span> <span class='ocrx_word' id='word_1_776' title='bbox 3466 5266 3674 5318; x_wconf 83' lang='lat' dir='ltr'>nostras</span> <span class='ocrx_word' id='word_1_777' title='bbox 3697 5260 3808 5340; x_wconf 33' lang='lat' dir='ltr'>qua“.</span> 
     </span>
    </p>
   </div>
   <div class='ocr_carea' id='block_1_111' title="bbox 2235 5332 3808 5432">
    <p class='ocr_par' dir='ltr' id='par_1_111' title="bbox 2235 5332 3808 5432">
     <span class='ocr_line' id='line_1_111' title="bbox 2235 5332 3808 5432; baseline -0.013 -18"><span class='ocrx_word' id='word_1_778' title='bbox 2235 5375 2453 5430; x_wconf 90' lang='lat' dir='ltr'>sumus,</span> <span class='ocrx_word' id='word_1_779' title='bbox 2474 5359 3041 5414; x_wconf 87' lang='lat' dir='ltr'>Domine.Statuitur</span> <span class='ocrx_word' id='word_1_780' title='bbox 3058 5332 3281 5413; x_wconf 85' lang='lat' dir='ltr'>electus</span> <span class='ocrx_word' id='word_1_781' title='bbox 3301 5358 3359 5410; x_wconf 90' lang='lat' dir='ltr'>in</span> <span class='ocrx_word' id='word_1_782' title='bbox 3388 5356 3510 5409; x_wconf 92' lang='lat' dir='ltr'>loco</span> <span class='ocrx_word' id='word_1_783' title='bbox 3538 5342 3751 5432; x_wconf 37' lang='lat' dir='ltr'>abbatis,</span> <span class='ocrx_word' id='word_1_784' title='bbox 3771 5332 3808 5384; x_wconf 68' lang='grc' dir='ltr'>εί</span> 
     </span>
    </p>
   </div>
   <div class='ocr_carea' id='block_1_112' title="bbox 2235 5433 3805 5521">
    <p class='ocr_par' dir='ltr' id='par_1_112' title="bbox 2235 5433 3805 5521">
     <span class='ocr_line' id='line_1_112' title="bbox 2235 5433 3805 5521; baseline -0.003 -18"><span class='ocrx_word' id='word_1_785' title='bbox 2235 5450 2553 5521; x_wconf 88' lang='lat' dir='ltr'>imponitur</span> <span class='ocrx_word' id='word_1_786' title='bbox 2583 5448 2860 5520; x_wconf 77' lang='lat' dir='ltr'>hymnus,</span> <span class='ocrx_word' id='word_1_787' title='bbox 2903 5447 2981 5502; x_wconf 89' lang='lat' dir='ltr'>Te</span> <span class='ocrx_word' id='word_1_788' title='bbox 3010 5448 3194 5502; x_wconf 91' lang='lat' dir='ltr'>Deum</span> <span class='ocrx_word' id='word_1_789' title='bbox 3227 5444 3535 5500; x_wconf 82' lang='lat' dir='ltr'>laudamus.</span> <span class='ocrx_word' id='word_1_790' title='bbox 3566 5433 3642 5489; x_wconf 74' lang='lat' dir='ltr'>Ad</span> <span class='ocrx_word' id='word_1_791' title='bbox 3679 5434 3805 5521; x_wconf 67' lang='lat' dir='ltr'>cuius</span> 
     </span>
    </p>
   </div>
   <div class='ocr_carea' id='block_1_113' title="bbox 2235 5516 3803 5615">
    <p class='ocr_par' dir='ltr' id='par_1_113' title="bbox 2235 5516 3803 5615">
     <span class='ocr_line' id='line_1_113' title="bbox 2235 5516 3803 5615; baseline -0.02 -21"><span class='ocrx_word' id='word_1_792' title='bbox 2235 5516 2565 5594; x_wconf 77' lang='lat' dir='ltr'>secundum</span> <span class='ocrx_word' id='word_1_793' title='bbox 2594 5516 3091 5609; x_wconf 7' lang='lat' dir='ltr'>versumlsinguli</span> <span class='ocrx_word' id='word_1_794' title='bbox 3122 5537 3335 5590; x_wconf 88' lang='lat' dir='ltr'>fratres</span> <span class='ocrx_word' id='word_1_795' title='bbox 3366 5530 3578 5586; x_wconf 87' lang='lat' dir='ltr'>veniam</span> <span class='ocrx_word' id='word_1_796' title='bbox 3604 5516 3803 5615; x_wconf 51' lang='lat' dir='ltr'>petentes</span> 
     </span>
    </p>
   </div>
   <div class='ocr_carea' id='block_1_114' title="bbox 2234 5610 3805 5701">
    <p class='ocr_par' dir='ltr' id='par_1_114' title="bbox 2234 5610 3805 5701">
     <span class='ocr_line' id='line_1_114' title="bbox 2234 5610 3805 5701; baseline -0.008 -16"><span class='ocrx_word' id='word_1_797' title='bbox 2234 5628 2607 5701; x_wconf 84' lang='lat' dir='ltr'>incoeperunt</span> <span class='ocrx_word' id='word_1_798' title='bbox 2622 5643 2757 5684; x_wconf 88' lang='lat' dir='ltr'>eum</span> <span class='ocrx_word' id='word_1_799' title='bbox 2773 5625 3055 5685; x_wconf 84' lang='lat' dir='ltr'>osculari.</span> <span class='ocrx_word' id='word_1_800' title='bbox 3075 5625 3233 5685; x_wconf 87' lang='lat' dir='ltr'>Talis</span> <span class='ocrx_word' id='word_1_801' title='bbox 3250 5624 3373 5680; x_wconf 88' lang='lat' dir='ltr'>erat</span> <span class='ocrx_word' id='word_1_802' title='bbox 3387 5615 3603 5677; x_wconf 86' lang='lat' dir='ltr'>ambitio</span> <span class='ocrx_word' id='word_1_803' title='bbox 3615 5610 3805 5685; x_wconf 69' lang='lat' dir='ltr'>primum</span> 
     </span>
    </p>
   </div>
   <div class='ocr_carea' id='block_1_115' title="bbox 3882 4398 3891 4920">
    <p class='ocr_par' dir='ltr' id='par_1_115' title="bbox 3882 4606 3887 4920">
     <span class='ocr_line' id='line_1_115' title="bbox 3886 4606 3887 4697; baseline 0 0"><span class='ocrx_word' id='word_1_804' title='bbox 3886 4606 3887 4697; x_wconf 60' lang='grc' dir='ltr'>ι</span> 
     </span>
     <span class='ocr_line' id='line_1_116' title="bbox 3882 4714 3885 4920; baseline 0 0"><span class='ocrx_word' id='word_1_805' title='bbox 3882 4714 3885 4823; x_wconf 41' lang='grc' dir='ltr'><em>ί</em></span> 
     </span>
    </p>
   </div>
  </div>
