4028 6176
218 299 310 362 733

795 290 1485 356 CONSU-ETUDINES
1516 290 2175 354 CLUNIACENSES.
2200 321 2250 337 -ι
2291 289 2546 351 LIBER
2567 290 2952 354 TERTIUS.

3478 295 3596 356 734

221 495 444 569 eligentis
470 492 540 546 ad
558 491 1014 564 praerogativam
1042 492 1369 559 electionis,
1389 490 1527 545 talis
1558 490 1731 546 electi
1751 490 1825 544 ad
1854 492 1914 554 Α
1944 490 2081 545 dum
2115 505 2125 545 :
2163 490 2437 544 acantica
2457 506 2691 562 quoque
2714 490 3021 561 Evangelii
3042 507 3174 563 quae
3192 493 3441 548 dicenda
3458 497 3596 547 sunt

220 588 467 643 obtentum
494 581 878 652 praelatiouis.
912 580 1079 645 Quod
1112 597 1241 635 cum
1273 597 1392 634 non
1423 580 1501 634 sit
1521 580 1828 651 indignum

220 673 449 731 memon’a
477 670 864 741 posteritatis,
894 669 1043 740 ipsis
1068 685 1301 740 quoque
1332 669 1591 739 posteris
1613 670 1831 723 utinam

219 765 362 820 libeat
387 760 609 815 imitari.

272 853 323 905 In
335 848 587 920 sequenti
601 852 797 902 autem
814 847 909 901 die
927 846 1329 902 Bisontiensis
1348 846 1841 915 archiepiscOpus

215 939 453 995 invitatur
492 937 565 991 ad
616 931 956 1007 capitu'lum,
992 936 1293 991 nuntiatur
1327 936 1382 990 ei
1412 935 1483 989 de
1516 934 1840 1002 electione;

216 1030 421 1100 rogatur
446 1028 505 1080 ut
525 1025 776 1081 electum
799 1041 906 1096 pro
931 1024 1184 1080 solemni
1214 1026 1329 1079 ritu
1348 1025 1477 1094 ipse
1494 1024 1838 1079 benedicat:

218 1116 385 1171 annuit
418 1117 551 1169 voto
582 1130 650 1169 se
695 1115 1142 1185 impensissimo
1186 1112 1498 1181 facturum,
1533 1128 1649 1167 non
1679 1113 1835 1183 quod

216 1207 502 1277 rogaretur,
539 1204 647 1259 sed
697 1204 981 1275 quidquid
1021 1220 1054 1257 a
1098 1203 1361 1275 quelibet
1391 1203 1656 1272 ipsorum
1705 1217 1843 1271 par-

214 1293 425 1349 vissimo
453 1292 905 1363 praeciperetur.
942 1293 1058 1347 Ter
1088 1296 1281 1361 autem
1314 1307 1520 1346 omnes
1552 1289 1848 1361 adjuravit

214 1380 497 1452 episcopali
529 1382 897 1448 auctoritate,
929 1384 992 1433 ut
1023 1382 1076 1435 si
1107 1381 1202 1434 cui
1231 1380 1390 1434 aliud
1430 1379 1568 1450 quid
1598 1379 1669 1433 de
1702 1393 1840 1448 per-

215 1486 353 1540 sona,
384 1486 513 1541 quae
533 1473 658 1523 erat
682 1469 1227 1538 electa,videretur,
1254 1485 1359 1538 pro
1383 1484 1498 1540 quo
1529 1468 1664 1539 ejus
1696 1466 1848 1522 ordi-

218 1559 349 1614 natio
379 1574 490 1612 non
520 1563 731 1628 posset
764 1573 903 1612 esse
932 1557 1195 1629 legitima
1226 1557 1623 1612 etsecundum
1644 1557 1849 1623 Deum,

214 1664 308 1703 non
337 1651 552 1701 taceret
582 1662 690 1701 nec
722 1646 1148 1714 dissimularet,
1184 1647 1291 1700 sed
1321 1662 1598 1716 praesens
1622 1646 1693 1699 ad
1725 1661 1851 1700 me-

214 1738 346 1791 dium
374 1736 686 1807 proferret.
712 1734 827 1789 Sed
852 1751 985 1789 cum
1006 1736 1299 1789 neminem
1321 1735 1667 1798 invenisset,
1687 1734 1856 1804 quid-

214 1825 328 1895 quid
354 1823 536 1895 hujus
569 1826 810 1896 generis
830 1824 1099 1891 dixisset,
1123 1824 1410 1878 electione
1448 1825 1506 1876 in
1536 1822 1857 1893 praesentia

215 1914 626 1983 archiepisc0pi
657 1929 897 1967 rursum
938 1913 1300 1980 confirmata,
1358 1927 1574 1966 rursus
1621 1926 1857 1981 quoque

1947 580 2040 634 vel
2074 581 2145 633 ad
2178 583 2380 649 matut,
2405 579 2633 648 laudes,
2665 579 2756 633 vel
2778 580 2851 633 ad
2884 595 3190 650 vesperas,
3212 598 3324 636 non
3345 581 3495 636 alius
3513 598 3614 636 an-

1948 668 2223 737 tiphonas
2258 669 2519 738 imponit.
2575 668 2870 723 Sacerdos
2930 669 3233 723 oblaturus
3281 671 3611 741 incensum,

1948 757 2117 828 prius
2151 758 2221 811 ad
2246 774 2379 811 eum
2408 761 2618 828 portat,
2652 761 2715 811 ut
2736 774 2842 828 per
2862 756 2997 828 ejus
3021 774 3255 811 manum
3270 759 3328 812 in
3347 760 3616 813 thuribu-

1949 846 2070 900 lum
2104 847 2380 900 mittatur.
2436 847 2578 901 Item
2624 848 2909 901 diaconus
2942 849 3074 901 ante
3123 846 3530 918 Evangelium,
3564 852 3621 902 et

1951 936 2051 1006 qui
2076 938 2232 989 tenet
2264 935 2513 989 chorum
2538 941 2670 990 ante
2704 936 3081 990 offerendam.
3115 934 3224 998 Qui
3255 936 3306 989 ei
3337 936 3450 989 tale
3481 936 3621 1005 quid

1951 1024 2010 1078 in
2029 1040 2265 1078 manum
2288 1024 2537 1091 dederit,
2562 1025 2655 1079 vel
2681 1024 2755 1078 ab
2779 1040 2847 1079 eo
2862 1024 3088 1094 recipit,
3116 1025 3244 1078 sive
3262 1024 3322 1077 in
3344 1024 3617 1090 ecclesia,

1954 1113 2082 1168 sive
2105 1116 2291 1183 extra,
2309 1129 2543 1167 manum
2569 1115 2893 1168 osculatur.
2917 1112 3025 1175 Qui
3042 1113 3236 1181 ipsum
3252 1112 3622 1167 fueritoscu-

1955 1201 2110 1256 latus
2133 1205 2380 1272 excepto
2406 1201 2477 1255 ad
2500 1202 2821 1256 missarum
2841 1202 3148 1271 solemnia,
3171 1204 3227 1256 et
3258 1204 3389 1256 ante
3409 1204 3465 1256 et
3493 1205 3627 1272 post

1957 1292 2188 1345 veniam
2219 1292 2381 1360 petit.
2414 1290 2479 1343 In
2524 1289 2718 1345 medio
2770 1290 3095 1345 dermitorii
3137 1294 3229 1344 est
3259 1289 3449 1345 lectus
3494 1291 3627 1362 ejus

1955 1395 2140 1451 prepe
2170 1396 2404 1434 murum
2434 1398 2448 1445 ;
2483 1380 2742 1434 sonitum
2774 1380 2903 1449 ipse
2930 1379 3202 1450 facitque
3238 1379 3449 1435 fratres
3482 1380 3629 1435 dilu-

1961 1470 2093 1523 culo
2141 1469 2214 1523 ad
2248 1469 2616 1539 surgendum
2665 1469 3011 1523 excitantur.
3057 1467 3223 1532 Quod
3258 1469 3311 1522 si
3344 1469 3495 1523 forte
3525 1469 3626 1523 ali-

1962 1558 2196 1628 quando
2216 1557 2293 1610 ita
2312 1557 2719 1626 obdormierit,
2739 1558 2979 1627 utprius
3003 1557 3170 1627 pueri
3186 1562 3436 1629 surgant
3457 1573 3632 1628 quam

1962 1647 2080 1715 ille,
2113 1648 2251 1700 tunc
2290 1662 2406 1699 non
2445 1649 2563 1700 tam
2603 1646 2987 1700 vehementer
3033 1645 3382 1701 adoriuntur
3430 1645 3633 1718 legere

1965 1740 2024 1788 ut
2048 1735 2262 1803 solent,
2283 1735 2389 1789 sed
2410 1735 2713 1789 submissa
2732 1731 2898 1803 voce,
2916 1750 2988 1789 ne
3004 1735 3349 1806 graviterab
3372 1735 3460 1789 eis
3483 1735 3636 1790 exci-

1963 1827 2141 1879 tetur.
2164 1824 2331 1888 Quod
2355 1824 2405 1877 si
2428 1824 2488 1877 in
2513 1825 2824 1895 coquinum
2849 1825 2920 1879 ad
2961 1840 3027 1879 se
3043 1823 3506 1879 calefaciendum
3537 1840 3637 1878 ve-

1967 1914 2143 1983 nerit,
2168 1916 2225 1967 et
2246 1913 2465 1967 fratres
2490 1916 2811 1983 occupatos
2833 1914 3165 1984 psalmodia
3181 1912 3509 1982 offenderit,
3530 1928 3638 1984 pro

214 2003 452 2074 imposita
488 1997 590 2057 est
632 2002 969 2071 antiphona,
1017 2000 1310 2055 Confirma
1352 2002 1458 2054 hoc
1491 2001 1670 2063 Deus,
1724 2016 1855 2053 cum
1888 2035 1938 2095 Β
1969 2001 2102 2072 ejus
2136 2002 2491 2069 reverentia,
2525 2017 2717 2072 usque
2748 2003 2883 2056 dum
2917 2002 3148 2071 exierit,
3184 2003 3420 2056 omnino
3452 2002 3641 2056 conti-

214 2093 413 2162 psalmo
440 2091 789 2161 supradicto
824 2090 882 2142 in
913 2090 1227 2143 ecclesiam
1252 2088 1644 2158 procedendo.
1663 2088 1857 2142 Tertia

214 2196 336 2234 vero
364 2180 452 2235 die
482 2180 722 2233 scilicet
755 2179 815 2231 in
848 2179 1125 2232 cathedra
1156 2178 1216 2234 S.
1250 2178 1433 2247 Petri,
1468 2193 1601 2231 cum
1635 2177 1858 2230 electus

212 2269 633 2323 benedicendus
656 2271 840 2334 esset,
874 2267 1115 2322 indutus
1138 2269 1231 2323 est
1260 2266 1414 2333 alba,
1444 2266 1596 2320 stola
1630 2267 1685 2319 et
1717 2280 1860 2334 cap-

214 2372 291 2426 pa,
310 2356 865 2426 etarchiepiscopus
886 2355 1176 2423 similiter,
1195 2359 1251 2410 et
1274 2355 1383 2409 adh
1396 2370 1466 2408 uc
1482 2354 1597 2408 duo
1617 2354 1863 2408 abbates

213 2446 296 2515 qui
322 2446 575 2500 electum
598 2445 671 2499 ad
701 2445 1174 2499 benedicendum
1209 2444 1267 2498 in
1289 2444 1562 2501 manibus
1597 2443 1866 2496 deduxe-

215 2536 346 2587 runt.
403 2533 629 2588 Stratis
669 2536 803 2586 ante
855 2532 1039 2586 altare
1090 2518 1385 2601 tapiatibus
1422 2530 1599 2585 simul
1661 2546 1867 2584 omnes

218 2627 448 2692 quatuor
471 2623 863 2693 prosternunt
894 2636 961 2675 se
1005 2619 1076 2674 ad
1108 2620 1509 2675 adorationem
1553 2635 1565 2675 :
1602 2622 1871 2674 cantatur

220 2711 452 2765 breviter
470 2710 678 2765 litania
704 2725 718 2779 ;
746 2713 881 2779 post
917 2709 1311 2764 novissimum
1325 2709 1518 2781 Kyrie
1550 2708 1794 2777 eleison,
1818 2710 1877 2762 et

219 2802 335 2868 post
360 2799 735 2854 Dominicam
765 2798 1120 2866 Orationem,
1164 2798 1352 2869 surgit
1397 2796 1646 2851 antistes
1677 2796 1869 2850 dictu-

221 2903 330 2956 rus,
361 2888 439 2942 Et
469 2903 547 2942 ne
586 2903 691 2942 nos
720 2886 987 2941 inducas.
1020 2885 1259 2940 Salvum
1289 2885 1385 2941 {ac
1405 2902 1667 2942 servum.
1693 2885 1873 2939 Mitte

225 2977 288 3030 ei.
302 2975 405 3031 Hic
418 2975 1188 3048 accipietbenedictionem.
1221 2975 1489 3042 Domine,
1515 2973 1751 3029 exaudi.
1767 2974 1876 3028 Do-

1974 2096 2243 2145 cescunt.
2268 2091 2516 2162 Signum
2534 2092 2691 2161 quod
2714 2092 3006 2161 pulsatur,
3030 2096 3087 2146 et
3105 2107 3221 2163 quo
3235 2092 3484 2146 dimisso
3497 2091 3643 2146 hora

1971 2180 2304 2249 inchoatur,
2338 2196 2455 2233 non
2495 2180 2804 2234 dimittitur
2842 2196 3036 2251 usque
3068 2180 3216 2235 ‘dum
3255 2180 3385 2250 ipse
3424 2181 3640 2249 veniat,

1972 2268 2066 2322 vel
2084 2267 2218 2338 ejus
2235 2269 2520 2338 vicarius,
2546 2272 2608 2321 ut
2638 2284 2752 2322 non
2773 2273 3170 2338 exspectetur.
3204 2269 3295 2323 Ad
3326 2269 3644 2338 capitulum

1972 2358 2066 2410 vel
2108 2357 2181 2411 ad
2223 2358 2593 2412 collationem
2626 2357 3054 2427 fratribusjam
3088 2357 3556 2427 considentibus,
3594 2357 3651 2412 si

1976 2445 2107 2515 ipse
2141 2446 2765 2516 interveneritpostea,
2801 2462 2919 2500 non
2950 2447 3123 2500 modo
3166 2448 3512 2518 assurgunt,
3537 2446 3647 2500 sed

1990 2535 2162 2589 etiam
2194 2535 2266 2588 de
2292 2534 2553 2589 scabello
2585 2535 2768 2605 pedes
2791 2536 2863 2589 ad
2893 2537 3113 2589 terram
3135 2534 3505 2590 submittunt.
3529 2534 3649 2589 No-

1976 2639 2112 2678 men
2133 2622 2266 2695 ejus
2288 2623 2347 2677 in
2370 2624 2538 2678 brevi
2560 2626 2791 2694 quoties
2814 2625 3065 2679 recitare
3096 2624 3405 2691 audierint,
3433 2623 3485 2679 si
3505 2640 3651 2695 pree-

1981 2727 2126 2767 sens
2157 2716 2268 2780 est,
2303 2726 2531 2780 omnes,
2570 2712 2725 2766 sicut
2757 2716 2813 2767 et
2836 2712 2988 2783 ipse,
3014 2713 3316 2768 inclinant.
3351 2712 3413 2767 Si
3434 2713 3506 2767 de
3538 2728 3653 2785 qua

1985 2800 2414 2855 consuetudine
2467 2800 2788 2871 dubitatur,
2826 2801 3112 2873 quidquid
3148 2802 3282 2856 inde
3337 2802 3650 2871 deﬁnierit,

1985 2888 2055 2943 de
2087 2893 2303 2943 caetero
2335 2890 2507 2960 quasi
2536 2906 2646 2960 pro
2673 2891 2806 2961 lege
2839 2895 3099 2962 tenetur;
3133 2895 3189 2947 et
3237 2892 3351 2947 sibi
3400 2891 3513 2946 soli
3556 2895 3649 2946 est

1986 2979 2331 3048 repositum,
2369 2980 2429 3032 ut
2459 2978 2777 3049 quemlibet
2809 2978 3047 3035 fratrem
3084 2980 3288 3051 mittat,
3310 2983 3372 3035 ut
3389 2980 3570 3050 aiunt,
3595 2980 3654 3035 in

221 3066 394 3120 minus
426 3065 754 3121 vobiscum.
790 3063 931 3118 Inde
963 3064 1237 3135 sequitur
1257 3063 1592 3118 benedictio
1619 3078 1630 3117 :
1658 3078 1772 3133 qua
1787 3077 1879 3116 so-
1911 3089 1962 3151 ο
1993 3069 2223 3138 culpam
2244 3066 2600 3139 graviorem.

223 3152 475 3208 lemniter
495 3152 736 3223 expleta
762 3152 971 3207 iterato
985 3151 1259 3222 psallitur
1286 3152 1562 3222 hymnus,
1600 3151 1677 3205 Te
1694 3151 1878 3205 Deum

233 3241 538 3311 laudamus,
562 3245 641 3310 et,
668 3242 822 3297 sicut
844 3242 1031 3311 prius,
1053 3256 1266 3295 recens
1299 3241 1709 3295 benedictione
1737 3255 1883 3295 con-

227 3329 500 3387 firmatum
523 3330 895 3386 osculantur.
918 3331 1028 3384 His
1048 3330 1313 3384 breviter
1326 3330 1397 3383 de
1416 3330 1628 3385 domno
1650 3330 1884 3398 abbate,

228 3421 464 3490 exempli
512 3419 731 3492 gratia,
775 3417 1128 3487 praelibatis,
1180 3422 1500 3490 repetatur,
1556 3418 1715 3490 quod
1759 3417 1889 3472 sine

225 3510 507 3577 personati
532 3507 881 3576 acceptione
900 3507 1257 3579 generaliter
1270 3508 1522 3577 pertinet
1536 3507 1607 3561 ad
1623 3507 1892 3562 ordinem

226 3600 497 3667 nostrum,
526 3599 588 3651 ct
601 3597 676 3650 ad
694 3596 861 3649 illum
883 3596 1220 3667 quicunque
1237 3595 1436 3651 officio
1457 3598 1693 3651 functus
1718 3596 1895 3651 fuerit

227 3684 461 3741 abbatis.

886 3746 1237 3828 CAPUTIL

764 3863 850 3918 De
881 3863 1090 3925 domno
1120 3862 1357 3918 abbate.

296 3963 520 4019 Domno
555 3963 779 4033 abbati,
814 3963 874 4016 in
907 3964 1063 4017 omni
1080 3963 1234 4031 loco,
1258 3966 1322 4017 ut
1349 3963 1613 4034 dignum,
1649 3964 1760 4031 est,
1787 3962 1901 4016 sin-

234 4052 451 4122 gularis
524 4052 863 4107 reverentia
905 4052 1188 4105 defertur.
1229 4051 1493 4105 Primum
1539 4052 1599 4104 in
1647 4051 1902 4104 ecclesia

240 4142 464 4210 quoties
498 4140 883 4211 antiphonam
912 4140 1281 4210 imposuerit,
1315 4143 1372 4194 et
1401 4142 1538 4210 post
1568 4139 1902 4210 impositam

234 4229 629 4299 inclinaverit,
665 4244 872 4283 omnes
913 4244 1148 4299 quoque
1181 4231 1385 4283 contra
1415 4229 1903 4283 illuminclinant.

232 4316 496 4382 Quandiu
529 4321 628 4373 est
650 4318 710 4371 in
727 4321 1040 4385 conventu,
1066 4333 1368 4388 nunquam
1402 4317 1687 4372 omittitur
1705 4320 1906 4371 utnon

232 4406 297 4461 ad
327 4412 612 4463 octavum
656 4406 1106 4476 responsorium
1137 4409 1392 4475 notetur,
1428 4408 1485 4460 et
1517 4406 1589 4459 ad
1620 4406 1905 4461 duodeci-

237 4512 381 4550 mam
410 4497 759 4564 lectionem,
814 4495 886 4549 ad
938 4511 1114 4566 quam
1158 4495 1456 4549 incedenti
1504 4498 1562 4548 et
1608 4494 1908 4550 recedenti

238 4585 497 4640 universi
522 4587 876 4655 assurgunt,
909 4599 1243 4654 quanquam
1264 4586 1395 4639 ante
1429 4583 1601 4638 faciat
1633 4587 1689 4638 et
1722 4586 1901 4655 retro,

2630 3155 2884 3211 CAPUT
2916 3157 3013 3211 Ill.

2063 3247 2151 3301 De
2164 3263 2275 3318 gra
2288 3245 2441 3301 viori
2457 3244 2642 3317 culpa,
2666 3251 2723 3300 et
2749 3246 2888 3300 aliis
2908 3246 3238 3318 generibus
3267 3247 3586 3320 culparum.

2064 3335 2271 3390 Frater
2301 3335 2402 3407 qui
2432 3335 2607 3389 talem
2637 3335 2957 3390 incurrerit
2986 3336 3237 3407 lapsum,
3283 3340 3570 3393 venturus
3600 3338 3662 3392 in

1996 3424 2314 3494 capitulum
2354 3425 2609 3494 primum
2656 3423 2841 3494 pedes
2872 3425 3073 3495 nudat,
3118 3426 3392 3496 capitium
3426 3443 3662 3498 quoque

1997 3514 2268 3569 staminei
2301 3513 2394 3568 sui
2425 3514 2631 3568 dextra
2686 3514 2952 3585 laevaque
2999 3515 3290 3571 incisione
3320 3515 3568 3585 laxatur,
3602 3519 3664 3571 ut

1996 3603 2243 3658 brachia
2273 3602 2467 3674 possit
2500 3618 2607 3672 per
2637 3603 2830 3672 ipsum
2863 3604 3195 3674 extrahere,
3229 3609 3285 3659 et
3314 3606 3666 3660 stamineum

2001 3709 2133 3747 cum
2165 3693 2413 3747 manicis
2444 3693 2602 3747 circa
2633 3692 2939 3746 femoralia
2959 3693 3148 3765 ligare
3180 3710 3191 3748 :
3225 3695 3439 3765 accipit
3467 3695 3664 3767 virga-

2000 3799 2131 3837 rum
2180 3782 2541 3851 manipulum
2582 3797 2757 3836 menu
2799 3782 3005 3837 dextra
3055 3788 3110 3838 et
3159 3783 3218 3836 in
3248 3784 3397 3838 lmva
3437 3783 3667 3839 cuculla

2003 3871 2232 3925 decenti
2260 3870 2711 3940 complicatione
2731 3872 3042 3941 pendente,
3067 3888 3222 3927 unus
3244 3889 3378 3928 eum
3392 3873 3575 3927 frater
3595 3873 3668 3927 ad

2004 3960 2117 4014 hoc
2136 3960 2466 4013 destinatus
2490 3959 2781 4013 antecedit
2826 3960 2903 4013 ita
2922 3961 3171 4015 veniens
3193 3962 3263 4015 ad
3283 3965 3669 4031 conspectum

2005 4049 2207 4104 domni
2223 4048 2475 4117 abbatis,
2499 4047 2688 4118 virgis
2713 4048 3065 4120 cucullaque
3077 4052 3211 4104 ante
3233 4066 3300 4105 se
3321 4051 3557 4121 positis,
3578 4066 3673 4106 ve-

2007 4138 2163 4192 niam
2210 4137 2370 4205 petit.
2404 4136 2628 4190 Jussus
2661 4139 2722 4190 ut
2762 4140 2990 4208 surgat,
3027 4138 3195 4192 sedet
3227 4138 3300 4192 ad
3340 4143 3580 4208 terram,
3615 4145 3673 4194 et

2009 4226 2299 4281 cucullum
2330 4240 2512 4295 super
2541 4240 2736 4296 genua
2764 4226 2944 4296 ponit.
2977 4226 3354 4297 Verberetur,
3391 4231 3672 4298 quantum

2009 4316 2186 4370 fuerit
2200 4316 2392 4368 visum
2412 4314 2623 4368 domno
2637 4313 2853 4368 abbati.
2869 4315 3013 4369 Post
3035 4316 3163 4369 haec
3175 4314 3346 4386 jubet
3364 4331 3497 4371 eum
3510 4318 3673 4372 exire

2011 4405 2083 4458 ad
2113 4402 2512 4473 induendum;
2545 4402 2785 4457 rediens
2816 4403 3025 4457 iterum
3059 4419 3124 4458 se
3154 4406 3495 4474 prosternit.
3529 4404 3676 4459 Cum

2014 4493 2263 4547 audierit
2290 4508 2324 4545 a
2353 4491 2567 4545 domno
2597 4491 2828 4561 abbate,
2859 4492 3034 4562 abite,
3069 4493 3341 4562 protinus
3373 4497 3546 4564 caput
3575 4495 3678 4549 ﬂe-

2020 4583 2140 4651 ctit,
2175 4579 2463 4650 eapellum
2491 4580 2696 4651 induit,
2733 4580 2806 4635 ad
2834 4580 3206 4653 designatum
3237 4584 3453 4639 talibus
3482 4584 3679 4639 locum

240 4688 348 4729 non
375 4675 449 4728 ad
471 4643 750 4747 gradum:
784 4643 983 4735 utalii,
1007 4643 1114 4727 sed
1143 4688 1327 4743 prope
1347 4673 1549 4727 sedem
1568 4689 1757 4742 suam,
1792 4643 1907 4727 me:
1933 4643 1987 4704 D
2020 4643 2224 4742 tendit,
2247 4643 2328 4725 ibi
2361 4672 2574 4740 manet,
2608 4643 2839 4741 dormit,
2876 4643 3146 4742 comedit,
3172 4675 3405 4744 quando
3438 4678 3493 4729 et
3524 4674 3683 4745 quod

241 4761 328 4817 dio
358 4766 563 4817 tamen
593 4761 797 4829 choro,
830 4777 903 4815 ne
935 4761 1155 4815 diutius
1187 4763 1347 4816 stare
1382 4761 1634 4816 debeant
1664 4766 1907 4832 propter

242 4849 417 4906 illum.
456 4853 717 4921 Propter
749 4849 904 4920 quod
946 4849 1117 4903 etiam
1162 4851 1322 4904 ﬁnita
1369 4849 1621 4905 lectione
1664 4866 1909 4905 sursum

243 4938 366 5009 ipse
384 4945 759 5008 moratur,ne
799 4938 1139 5007 descendat,
1164 4955 1354 5011 usque
1370 4940 1508 4993 dum
1540 4941 1912 4995 surrexerint

244 5028 311 5081 ad
345 5029 555 5083 Gloria
583 5028 763 5082 Patri
802 5027 1174 5097 responsorii
1205 5028 1438 5082 cantati.
1472 5028 1534 5082 Si
1565 5028 1798 5099 quando
1829 5045 1916 5083 re‘

247 5118 629 5186 Sponsorium
662 5118 932 5170 cantatur
950 5116 1023 5170 ad
1044 5117 1315 5188 gradum,
1348 5118 1503 5188 quod
1541 5117 1671 5187 ipse
1703 5121 1912 5184 cantat,

247 5212 436 5260 cantat
460 5207 523 5260 in
560 5206 702 5260 sede
725 5221 835 5259 sua
853 5221 984 5259 cum
1005 5206 1463 5260 concentoribus
1482 5207 1611 5260 suis
1633 5207 1918 5261 acceden-

248 5294 404 5348 tibus
434 5295 513 5348 ad
547 5309 701 5361 eum,
727 5298 783 5348 et
805 5293 1100 5348 stantibus
1120 5296 1295 5348 retro.
1317 5294 1433 5349 Sed
1453 5298 1511 5349 et
1542 5300 1750 5350 cantor
1771 5310 1919 5350 sem-

250 5398 351 5451 per
378 5385 455 5437 ad
478 5400 619 5438 eum
632 5383 793 5438 venit
819 5383 985 5452 prius
997 5383 1404 5453 praenuntians
1426 5398 1796 5455 quaecunque
1818 5399 1919 5438 an-

250 5470 494 5540 tiphona
529 5473 622 5525 est
642 5471 858 5540 abipso
890 5470 1262 5540 Imponenda,
1296 5471 1797 5544 velquodcunque
1821 5489 1920 5528 re-

250 5559 646 5629 sponsorium
675 5560 1047 5615 cantandum.
1071 5559 1164 5614 Ad
1180 5574 1313 5614 eum
1334 5576 1568 5633 quoque
1588 5562 1841 5632 pertinet
1862 5564 1924 5617 ut

256 5647 418 5722 legat
446 5647 843 5723 Evangelium
865 5648 1101 5723 quoties
1111 5652 1251 5723 post
1268 5651 1595 5709 nocturnos
1615 5653 1709 5709 est
1723 5650 1925 5727 legen-

2017 4761 2287 4832 praecipit
2344 4760 2597 4814 domnus
2630 4761 2835 4815 abbas.
2884 4761 2975 4815 Ad
3017 4777 3224 4816 omnes
3276 4763 3456 4817 horas
3499 4780 3681 4835 prope

2018 4851 2235 4905 ostium
2249 4849 2521 4904 ecclesiae
2537 4851 2650 4904 stat
2664 4850 3006 4919 capellatus,
3024 4851 3211 4906 donec
3227 4852 3417 4924 Kyrie
3432 4853 3677 4920 eIeison,

2020 4939 2222 5008 incipit
2252 4941 2603 5008 conventus;
2624 4941 2761 4992 tunc
2776 4939 2999 5009 capello
3022 4938 3338 5010 abstracto,
3360 4941 3488 4996 solo
3508 4945 3683 4996 tenus

2022 5043 2089 5081 se
2118 5028 2459 5097 prosternit,
2477 5043 2585 5081 nec
2610 5044 2675 5082 se
2698 5027 2853 5082 levat
2874 5043 3065 5097 usque
3083 5028 3222 5081 dum
3236 5028 3382 5084 hora
3410 5031 3486 5085 sit
3499 5031 3683 5102 finita,

2024 5117 2153 5171 etsi
2184 5116 2400 5170 fratres
2432 5116 2647 5171 debent
2673 5117 2860 5186 exire,
2882 5117 3224 5186 usquedum
3245 5134 3452 5175 omnes
3474 5122 3685 5190 potue-

2025 5205 2141 5260 rint
2172 5206 2392 5272 exisse;
2418 5208 2473 5259 et
2504 5221 2635 5259 cum
2657 5205 2963 5259 intraverit
2985 5206 3322 5277 capitulum,
3357 5212 3492 5264 tunc
3513 5211 3688 5265 etiam

2026 5294 2297 5350 similiter
2318 5310 2385 5349 se
2407 5294 2744 5363 prosternit,
2771 5296 3045 5363 etpostea
3064 5295 3136 5349 ad
3152 5296 3498 5353 familiarem
3518 5315 3689 5355 man—

2027 5384 2360 5439 siunculam
2390 5382 2632 5438 recedit.
2673 5381 2763 5435 Ad
2797 5382 3002 5440 ambas
3032 5384 3253 5441 missas
3284 5392 3482 5443 manet
3509 5389 3569 5444 in
3582 5405 3691 5444 an-

2027 5474 2168 5546 gulo
2182 5472 2417 5543 capituli
2440 5471 2540 5544 qui
2561 5471 2834 5527 ecclesiae
2852 5473 3161 5543 proximus
3173 5476 3454 5534 adhaeret.
3476 5478 3691 5534 Nullus

2029 5564 2085 5619 ei
2123 5562 2406 5635 loquitur,
2452 5576 2563 5617 nec
2598 5560 2772 5615 etiam
2796 5561 2894 5616 ille
2923 5562 3027 5633 qui
3064 5564 3359 5621 ministrat
3390 5567 3464 5622 ei.
3507 5566 3691 5622 Cibus

2030 5668 2148 5711 non
2176 5650 2547 5710 benedicitur
2571 5651 2672 5725 qui
2693 5650 2748 5708 ei
2777 5651 3058 5712 defertur.
3084 5654 3167 5713 De
3178 5654 3471 5715 industria
3501 5659 3693 5715 tamen
