4028 6176
487 311 605 375 735

1462 306 1863 373 UDALRICI
1894 306 2508 411 CLUNIACENSIS
2547 310 2967 374 MONACHI.
3753 325 3845 392 735

490 518 743 573 domnus
774 516 959 571 abbas
990 513 1128 568 facit
1156 514 1389 584 aliquos
1423 512 1692 567 seniores
1724 511 1798 564 ad
1826 525 1959 564 eum
1983 523 2150 564 acce-
2175 496 2237 560 Α
2264 508 2546 581 injuncta.
2571 511 2695 567 Nec
2717 512 2939 567 recedit
2967 514 3102 569 inde
3133 529 3434 586 usquequo
3451 517 3619 572 missa
3638 520 3845 579 ﬁniatur,

489 608 629 662 dere
648 606 747 678 qui
766 621 898 661 eum
929 594 1330 672 exhortantur,
1355 604 1418 655 ut
1448 600 1729 671 quidquid
1752 600 1806 654 ei
1826 600 2151 655 correctio-

490 697 585 752 nis
608 694 1009 766 temporaliter
1026 693 1202 747 fuerit
1218 692 1566 762 irrogatum,
1590 693 1710 745 totu
1722 706 1775 743 m
1789 689 1999 744 habeat
2021 705 2155 762 gra-

488 791 633 855 tum,
649 788 711 839 ut
722 784 938 838 divinas
951 782 1160 854 gratiae
1178 781 1370 851 possit
1382 779 1772 835 reconciliari.
1798 779 1944 833 Cum
1958 780 2152 833 visum

490 875 687 944 fuerit,
720 872 1038 928 concordat
1068 871 1240 924 etiam
1273 885 1403 923 cum
1438 868 1666 923 eisdem
1698 867 2059 935 senioribus,
2091 871 2154 921 ut

488 979 595 1034 pro
620 978 745 1030 reo,
767 964 824 1017 et
840 977 945 1031 pro
960 959 1094 1031 ejus
1110 958 1540 1013 absolutionem
1567 957 1626 1011 in
1644 956 1898 1026 capitulo
1921 956 2153 1011 veniam

488 1052 972 1123 petant,maxime
1006 1049 1059 1103 si
1088 1063 1227 1102 vere
1255 1048 1394 1102 sunt
1423 1046 1668 1116 experti,
1704 1050 1760 1100 et
1788 1045 1992 1100 testari
2012 1060 2150 1115 pos-

488 1143 627 1196 sunt
652 1139 808 1210 quod
838 1154 944 1209 pro
974 1141 1141 1191 reatu
1171 1152 1281 1190 suo
1304 1135 1575 1206 Spiritum
1608 1134 1821 1188 habeat
1846 1132 2151 1187 contribu-

485 1230 684 1297 latum,
719 1244 823 1281 cor
877 1226 1191 1282 contritum
1221 1228 1277 1281 et
1307 1224 1672 1279 humiliatum
1706 1240 1717 1277 :
1752 1223 1954 1278 annuit
1997 1238 2151 1277 com-

485 1318 647 1373 muni
668 1317 918 1371 fratrum
940 1332 1218 1385 assensu,
1241 1318 1303 1369 ut
1331 1314 1505 1368 faciat
1527 1328 1661 1368 cum
1682 1312 1780 1367 illo
1813 1312 2153 1367 misericor-

488 1408 663 1478 diam,
685 1409 743 1462 et
770 1406 943 1461 mittit
969 1421 1078 1476 pro
1109 1420 1200 1460 eo.
1244 1404 1439 1459 Nudat
1478 1419 1543 1458 se
1574 1403 1780 1458 eodem
1811 1401 1985 1456 modo
2035 1416 2152 1472 quo

485 1498 681 1569 prius,
715 1499 771 1550 et
802 1511 935 1550 cum
965 1494 1216 1549 veniens
1244 1492 1634 1562 vapulaverit,
1685 1491 1897 1545 domno
1938 1490 2151 1545 abbate

480 1585 729 1657 jubente
753 1584 942 1639 induit
965 1599 1031 1638 se
1055 1582 1305 1638 cuculla.
1340 1582 1433 1636 Ad
1454 1580 1630 1652 cujus
1658 1580 1865 1651 pedes,
1890 1582 1945 1634 et
1966 1579 2150 1649 pedes

482 1675 904 1731 universorum
934 1690 966 1728 a
988 1673 1242 1727 maximo
1274 1686 1465 1742 usque
1496 1670 1569 1724 ad
1586 1670 1889 1723 minimum
1913 1667 2147 1737 provol-

485 1765 643 1819 vitur
660 1763 1023 1835 singulatim.
1048 1762 1260 1816 Iterato
1279 1761 1421 1830 petit
1438 1759 1691 1827 veniam,
1710 1758 1958 1829 jubetur
1987 1757 2148 1812 exire

491 1854 562 1907 ad
581 1869 649 1908 se
676 1851 1035 1907 induendum
1057 1869 1070 1916 ;
1104 1850 1345 1904 indutus
1362 1851 1420 1903 et
1439 1863 1724 1903 reversus
1759 1846 1951 1901 adhuc
1974 1846 2149 1900 etiam

479 1941 643 2013 petit.
677 1939 1004 1995 Jubeturut
1026 1937 1267 1991 ultimus
1289 1935 1512 2004 sedeat,
1534 1934 1777 1989 ultimus
1808 1933 1885 1988 sit
1901 1936 2146 1989 cuncto-

484 2047 616 2087 rum
645 2029 706 2084 in
752 2028 911 2085 omni
952 2027 1105 2082 loco.
1140 2026 1377 2080 Interim
1406 2040 1524 2079 non
1573 2023 1981 2092 communicat,
2027 2036 2146 2076 non

483 2121 645 2176 venit
674 2119 747 2174 ad
766 2132 993 2190 pacem,
1025 2132 1143 2171 non
1176 2116 1477 2170 osculatur
1504 2116 1726 2169 textum
1757 2112 2065 2184 Evangelii
2085 2111 2146 2165 in

2262 598 2425 663 Quod
2460 600 2508 654 si
2544 602 2678 671 quis
2727 601 3096 672 inobediens,
3141 607 3197 657 et
3225 603 3458 658 rebellis
3506 607 3681 678 aliquo
3710 613 3846 668 modo

2264 688 2443 743 fuerit
2482 688 2715 756 fratres,
2750 706 2824 744 ex
2854 706 3040 761 more,
3075 707 3192 745 non
3230 698 3560 762 exspectant
3588 699 3641 749 ut
3668 701 3842 767 praeci-

2260 778 2455 846 piatur
2497 779 2953 849 comprehendi;
2986 780 3092 834 sed
3130 780 3243 850 ipsi
3296 783 3559 838 continuo
3598 786 3846 843 irruentes

2262 866 2784 938 comprehendunt,
2819 872 2875 922 et
2906 884 3039 922 cum
3071 868 3728 945 fueriﬁcomprehensus,
3782 876 3851 933 fa-

2261 956 2421 1010 ciunt
2443 956 2599 1027 quod
2632 956 2828 1011 visum
2852 958 3051 1027 fuerit,
3072 958 3366 1013 mittentes
3388 974 3515 1013 eum
3535 961 3588 1015 in
3603 977 3852 1019 carcerem

2260 1044 2356 1098 vel
2386 1044 2445 1098 in
2474 1046 2687 1117 bogas.
2734 1046 2954 1101 Carcer
2982 1049 3075 1101 est
3101 1047 3235 1101 talis
3275 1048 3332 1101 in
3374 1064 3538 1119 quem
3579 1066 3696 1104 eum
3726 1053 3853 1106 scala

2260 1132 2660 1204 descenditur,
2693 1150 2801 1189 nec
2834 1135 3164 1189 ostenditur
3180 1136 3414 1205 ostium,
3449 1152 3551 1191 nec
3580 1136 3849 1195 fenestram

2260 1221 2454 1277 habet.
2503 1223 2585 1277 De
2618 1224 2795 1296 bogis
2843 1239 3078 1296 quoque
3134 1228 3273 1279 sunt
3323 1226 3581 1296 quaedam
3622 1227 3854 1299 leviores,

2258 1312 2529 1382 quaedam
2561 1315 2893 1385 graviores,
2926 1313 3005 1367 ita
3034 1315 3096 1368 ut
3114 1314 3384 1369 inclusus
3414 1331 3518 1370 nec
3548 1316 3602 1369 in
3622 1316 3855 1373 dormito-

2258 1401 2411 1455 rium
2441 1402 2767 1457 ascendere
2824 1403 3037 1473 possit,
3088 1406 3145 1458 et
3190 1405 3327 1457 tunc
3369 1404 3513 1458 alias
3542 1405 3598 1459 in
3639 1406 3857 1460 custodia

2261 1490 2494 1545 dormit.
2530 1490 2695 1556 Quod
2720 1491 2771 1545 si
2794 1490 2924 1561 ipse
2947 1492 3047 1563 qui
3081 1495 3174 1547 est
3196 1492 3558 1563 inobediens,
3581 1493 3859 1549 inobedien-

2260 1579 2395 1633 tiam
2415 1595 2584 1633 suam
2618 1580 2757 1634 fo.is
2778 1579 3106 1651 Capitulum
3130 1582 3329 1652 aliquo
3356 1583 3524 1637 modo
3545 1585 3858 1637 monstrave-

2258 1668 2355 1737 rit,
2392 1669 2587 1723 statim
2628 1668 2825 1723 tabula
2856 1670 3202 1739 percutitur,
3236 1674 3298 1725 ut
3328 1672 3385 1724 in
3418 1670 3709 1741 capitulum
3748 1687 3859 1725 con-

2260 1758 2546 1813 veniatur.
2579 1759 2774 1812 Potuit
2805 1762 2859 1812 et
2906 1759 3021 1814 tale
3057 1760 3199 1830 quid
3234 1762 3352 1813 tam
3382 1765 3857 1830 praesumptuosum

2259 1848 2318 1901 in
2350 1846 2667 1918 praesentia
2700 1848 2859 1918 loqui
2909 1848 3108 1902 domni
3150 1849 3404 1918 abbatis,
3436 1850 3525 1903 vel
3567 1848 3773 1918 prioris,
3814 1851 3861 1902 ut

2257 1938 2502 2007 propter
2532 1936 2645 1989 hoc
2695 1937 2868 1991 etiam
2918 1951 3033 1991 non
3063 1937 3260 1992 minus
3294 1937 3490 1993 tabula
3536 1936 3861 2007 percutiatur,

2259 2026 2415 2097 quod
2444 2028 2537 2080 est
2570 2025 2809 2097 signum
2833 2026 3244 2081 conveniendi.

2330 2114 2680 2185 Ubicunque
2693 2118 2887 2168 autem
2906 2116 3221 2187 contigerit
3241 2119 3304 2171 ut
3326 2115 3711 2187 colloquantur
3730 2117 3855 2171 dom-

480 2209 773 2276 ,ecclesia;
800 2223 909 2263 nec
943 2206 1016 2261 ad
1037 2205 1367 2276 lectionem,
1406 2219 1516 2259 nec
1539 2205 1611 2258 ad
1633 2206 1887 2272 cantum,
1928 2205 1992 2256 ut
2025 2201 2143 2271 alii,
2177 2174 2230 2236 Β
2260 2219 2374 2258 nus
2412 2204 2598 2258 abbas
2628 2207 2685 2258 et
2716 2204 2929 2274 aliquis
2963 2174 3230 2275 fratrum,
3271 2209 3329 2259 et
3376 2205 3428 2258 si
3451 2174 3623 2259 frater
3650 2204 3861 2259 senserit

485 2300 747 2364 notatur;
779 2313 811 2351 a
830 2297 959 2351 sola
991 2293 1264 2366 coquina,
1285 2297 1347 2348 ut
1377 2295 1437 2347 in
1455 2309 1523 2348 ea
1556 2292 1795 2361 serviat,
1822 2293 1879 2346 et
1894 2292 1966 2346 ad
1986 2307 2146 2345 man-

483 2389 681 2443 datum
716 2402 836 2442 non
864 2383 1231 2456 prohibetur.
1258 2383 1402 2438 Post
1433 2382 1705 2454 singulas
1738 2381 1918 2436 horas
1953 2380 2147 2434 ﬁnitas

482 2477 809 2533 veniamita
832 2490 1015 2544 super
1033 2488 1225 2545 genua
1248 2473 1413 2543 petit,
1439 2488 1547 2526 nec
1570 2474 1762 2526 tamen
1785 2474 2026 2541 propter
2037 2469 2151 2523 hoc

484 2580 820 2622 conversus
840 2563 913 2616 ad
935 2563 1135 2617 altare.
1160 2561 1227 2615 Si
1267 2562 1501 2632 quando
1534 2560 1748 2615 fratres
1780 2560 2049 2614 universi
2067 2558 2149 2612 al-

483 2654 580 2708 bis
629 2651 963 2706 vestiuntur
1010 2651 1253 2719 propter
1308 2647 1562 2718 aliquam
1606 2646 2002 2715 festivitatem,
2052 2645 2148 2700 vel

486 2742 660 2797 etiam
672 2738 1144 2810 processionem,
1170 2739 1377 2790 tuncet
1393 2736 1522 2805 ipse
1545 2736 1812 2789 vestitur.
1837 2735 1927 2789 Ad
1949 2738 2149 2790 extre-

485 2847 645 2886 mum
669 2830 718 2884 si
744 2828 999 2883 domnus
1022 2826 1208 2880 abbas
1222 2825 1434 2879 viderit
1464 2824 1522 2878 id
1539 2824 2148 2895 expedire,talemque

487 2920 620 2992 ejus
651 2934 789 2975 esse
820 2915 1201 2971 humilitatem
1231 2930 1364 2985 quae
1386 2912 1443 2967 id
1466 2916 1779 2983 mereatur,
1812 2913 2147 2984 interpella-

483 3013 582 3066 tus
612 3025 644 3063 a
674 3007 960 3063 fratribus
996 3005 1056 3059 in
1092 3003 1344 3073 capitulo
1378 3005 1551 3057 vocat
1580 3019 1715 3057 eum
1740 3004 1802 3057 ut
1831 3006 2059 3075 surgat,
2091 3004 2149 3057 et

484 3102 542 3155 in
573 3099 830 3155 medium
850 3095 1085 3163 veniat;
1116 3108 1231 3164 quo
1262 3095 1493 3163 petente
1526 3084 1754 3146 veniam
1779 3094 2143 3162 consuetam,

396 3256 403 3265 ο
484 3190 746 3262 loquitur
774 3189 1172 3242 consentanea
1201 3185 1257 3237 et
1278 3198 1476 3237 causae
1507 3186 1563 3237 et
1591 3198 1886 3252 personae,
1922 3184 1978 3237 et
2008 3181 2147 3236 red-

485 3280 569 3334 dit
597 3280 651 3333 ei
681 3277 998 3349 pristinum
1041 3276 1257 3329 statum
1286 3287 1359 3326 ne
1390 3272 1641 3342 amplius
1672 3270 1851 3325 ullam
1894 3270 2149 3341 patiatur

485 3368 559 3423 ab
589 3367 723 3421 aliis
765 3364 1195 3440 separationem
1229 3378 1241 3416 :
1277 3362 1431 3416 cadit
1461 3361 1531 3414 ad
1571 3361 1754 3431 pedes
1797 3360 1952 3431 ejus,
1992 3360 2147 3415 sicut

487 3457 663 3512 etiam
694 3454 941 3526 quilibet
961 3453 1135 3520 alius,
1161 3454 1277 3505 tam
1303 3451 1363 3503 in
1381 3449 1637 3504 ecclesia
1656 3465 1830 3521 quam
1851 3449 1911 3503 in
1933 3450 2148 3521 capitu-

485 3546 563 3614 lo,
600 3544 651 3599 si
683 3543 915 3613 quando
938 3539 1305 3611 promoverit
1335 3540 1619 3594 altiorem.

556 3630 704 3685 Sunt
734 3632 926 3683 autem
959 3627 1111 3698 apud
1145 3642 1257 3680 nos
1299 3626 1493 3681 adhuc
1521 3629 1577 3681 et
1606 3626 1719 3680 alia
1749 3642 1970 3699 genera
2009 3643 2146 3682 cor-

2263 2294 2464 2347 contra
2511 2307 2577 2347 se
2624 2292 2773 2346 iram
2804 2295 2859 2347 et
2905 2292 3369 2365 indignationem
3409 2293 3618 2349 domini
3656 2292 3861 2361 abbatis.

2263 2383 2541 2437 continuo
2570 2382 2804 2435 veniam
2832 2384 3033 2452 petere
3066 2383 3186 2437 toto
3211 2399 3459 2454 corpore
3480 2384 3748 2454 prostrato
3773 2396 3860 2434 non

2262 2474 2545 2525 moratur.
2582 2469 2797 2524 Nullus
2827 2471 3000 2527 etiam
3032 2473 3245 2526 transit
3276 2474 3408 2527 ante
3448 2472 3631 2543 ipsum
3661 2472 3862 2526 ubicun-

2265 2576 2379 2632 que
2411 2558 2786 2629 sitlocorum,
2821 2560 2921 2631 qui
2942 2575 3057 2614 non
3086 2561 3262 2615 altius
3285 2561 3540 2616 inclinet.
3571 2561 3629 2615 In
3657 2558 3861 2615 ecclesia

2258 2650 2395 2719 post
2423 2648 2588 2701 illum
2619 2651 2733 2702 stat
2761 2648 2889 2718 ipse
2919 2649 3206 2704 sacerdos
3237 2650 3396 2718 alba,
3429 2651 3592 2718 stola,
3616 2649 3699 2703 vel
3719 2648 3853 2702 etiam

2258 2753 2442 2808 cappa
2469 2736 2732 2791 indutus.
2784 2737 2873 2791 Ad
2905 2738 3377 2809 processionem,
3412 2740 3479 2793 ad
3511 2755 3670 2810 quam
3708 2734 3864 2790 vestiti

2258 2831 2398 2883 sunt
2426 2827 2577 2882 albis
2613 2827 2713 2898 qui
2746 2827 2818 2880 ad
2851 2827 3137 2899 majorem
3178 2828 3427 2883 missam
3458 2831 3591 2883 sunt
3618 2823 3861 2887 servituri,

2257 2921 2389 2972 ante
2420 2932 2627 2972 omnes
2658 2916 2908 2981 incedit;
2943 2916 3015 2969 ad
3046 2916 3197 2971 hanc
3225 2920 3444 2987 autem,
3476 2918 3544 2971 ad
3573 2931 3727 2987 quam
3752 2912 3857 2966 uni-

2254 3007 2417 3062 versi
2459 3006 2610 3060 albis
2651 3006 2989 3076 induuntur,
3044 3006 3199 3061 sicut
3236 3007 3299 3060 in
3356 3006 3670 3077 majoribus
3705 3001 3861 3067 festis,

2253 3095 2383 3166 ipse
2413 3096 2653 3151 indutus
2684 3098 2775 3149 est
2797 3112 2999 3166 cappa.
3031 3095 3096 3149 In
3127 3098 3424 3150 conventu
3455 3096 3506 3150 si
3534 3096 3735 3148 laneam
3752 3106 3856 3159 cap-

2253 3202 2385 3256 pam
2413 3184 2753 3256 portaverit,
2787 3185 2880 3239 vel
2912 3185 3199 3256 capellum
3229 3184 3511 3254 induerit,
3538 3184 3747 3255 quoties
3766 3178 3856 3233 sibi

2252 3274 2511 3343 libuerit,
2544 3274 2601 3327 in
2640 3273 2740 3329 illo
2773 3273 2901 3328 solo
2919 3290 3091 3328 nemo
3122 3274 3523 3343 reprehendit.
3549 3273 3631 3327 Ad
3648 3272 3762 3341 ejus
3781 3268 3860 3323 ob—

2256 3365 2531 3435 sequium
2546 3362 2814 3417 intraturi
2827 3362 3202 3418 refectorium
3218 3365 3379 3417 tenet
3404 3379 3551 3417 unus
3571 3362 3733 3415 frater
3748 3370 3855 3411 con-

2256 3453 2420 3523 chas,
2456 3455 2513 3508 et
2539 3453 2971 3525 manutergium
3003 3453 3148 3507 alter
3174 3470 3186 3517 ;
3222 3451 3464 3508 clericis
3495 3455 3551 3507 et
3577 3444 3862 3521 peregrinis

2253 3542 2582 3612 monachis,
2618 3542 2720 3613 qui
2752 3542 2831 3595 ita
2859 3541 3077 3595 vadunt
3106 3540 3338 3611 pedites
3371 3542 3592 3611 absque
3616 3535 3863 3609 jumento,

2260 3632 2644 3687 nobiscumin
2659 3630 2971 3685 refectorio
2993 3631 3367 3685 comessuris
3385 3645 3591 3701 aquam
3612 3627 3675 3681 ad
3696 3636 3863 3679 manus

486 3718 790 3787 rectionis,
823 3732 955 3788 quae
996 3731 1111 3769 non
1143 3716 1335 3769 solum
1365 3716 1618 3770 domnus
1648 3715 1833 3770 abbas
1853 3715 1991 3770 facit
2014 3716 2142 3773 sed.
2179 3701 2230 3762 Ο
2261 3722 2587 3787 ministrat;
2619 3720 2888 3791 talesque
2907 3720 3115 3775 sedent
3136 3719 3207 3773 ad
3227 3735 3495 3775 mensam
3516 3713 3859 3788 principalem.

486 3808 681 3875 etiam,
732 3806 783 3861 si
833 3820 982 3876 opus
1017 3803 1214 3873 fuerit,
1259 3805 1442 3874 prior.
1478 3803 1629 3857 Nam
1668 3806 1725 3858 et
1770 3804 1906 3860 inde
1948 3806 2146 3862 audivi

493 3912 666 3968 quam
697 3894 1012 3950 verissime
1044 3893 1296 3948 domnus
1326 3892 1513 3947 abbas
1534 3893 1678 3948 dixit
1708 3893 1925 3948 nullam
1948 3910 2146 3950 mona-

490 3986 738 4041 chorum
770 3982 1098 4038 Ecclesiam
1146 3982 1524 4036 dehonestari
1557 3986 1795 4053 propter
1836 3984 1994 4054 quod
2032 3985 2145 4039 tale

492 4074 636 4146 quid
669 4072 1049 4128 committitur
1095 4071 1168 4125 ab
1199 4071 1396 4142 aliquo
1442 4070 1645 4141 fratre,
1694 4072 1801 4127 sed
1848 4072 1963 4130 hoc
2007 4090 2146 4130 esse

485 4163 642 4234 quod
671 4163 842 4234 plane
874 4161 1047 4216 faciat
1076 4160 1148 4214 ad
1179 4160 1560 4233 ignominiam
1589 4163 1872 4231 nostram,
1891 4162 1974 4215 'si
2004 4162 2147 4233 quid

485 4252 760 4324 nequiter
786 4250 1182 4316 committitur,
1204 4253 1257 4304 et
1290 4250 1517 4320 absque
1540 4250 1717 4322 digna
1740 4251 2145 4308 emendatione

486 4341 814 4396 dimittitur.
844 4340 1077 4394 Idcirco
1111 4339 1161 4393 si
1193 4339 1331 4410 quis
1363 4340 1433 4393 de
1472 4339 1668 4409 aliquo
1698 4339 1919 4411 flagitio
1950 4341 2144 4395 divul-

481 4433 658 4504 gatur
687 4430 745 4483 in
776 4429 1012 4499 populo,
1058 4428 1116 4481 in
1147 4427 1464 4497 praesentia
1494 4443 1728 4499 quoque
1758 4429 1960 4498 pOpuli
1994 4430 2146 4486 solet

480 4517 802 4588 emendari,
818 4522 879 4571 ut
897 4518 997 4588 qui
1018 4516 1152 4588 ejus
1166 4532 1483 4571 excessum
1506 4520 1913 4589 cognoverint,
1931 4534 2146 4591 cogno-

481 4608 652 4664 scant
682 4606 854 4663 etiam
888 4605 1021 4677 ejus
1051 4605 1538 4661 emendationem.
1572 4606 1815 4661 Cunctis
1857 4608 2011 4662 enim
2042 4609 2143 4680 qui

480 4697 683 4752 videre
724 4696 1018 4751 voluerint
1060 4695 1419 4762 videntibus,
1459 4698 1514 4749 et
1560 4697 1815 4751 maxime
1843 4697 1905 4752 in
1951 4699 2143 4753 media

481 4787 696 4857 platea,
746 4785 1017 4855 nudatur,
1050 4785 1269 4856 ligatur
1295 4789 1353 4840 et
1381 4786 1749 4841 verberatur.
1783 4787 1858 4841 At
1888 4788 1941 4842 si
1971 4788 2141 4860 culpa

479 4892 598 4931 non
615 4875 791 4931 estde
807 4874 1188 4947 gravioribus
1200 4873 1393 4943 malis,
1418 4875 1525 4929 sed
1548 4874 1698 4930 forte
1711 4879 1772 4930 ut
1794 4892 1926 4931 cum
1943 4877 2139 4948 aliquo

479 4966 794 5021 inhoneste
843 4966 899 5018 et
939 4963 1273 5035 irreligiose
1322 4964 1381 5017 in
1428 4964 1721 5019 audientia
1769 4967 2140 5035 popularium

479 5053 866 5123 contenderit,
886 5069 992 5123 pro
1010 5051 1379 5125 hujusmodi,
1401 5068 1533 5107 cum
1550 5053 1777 5108 venerit
1794 5054 1922 5110 dies
1943 5055 2137 5110 Domi-

476 5140 669 5210 nicus,
704 5141 777 5195 ad
813 5142 1041 5195 initium
1074 5141 1277 5196 missa
1326 5142 1705 5213 matutinalis,
1750 5147 2137 5198 concurrente

2256 3809 2319 3866 Si
2350 3811 2490 3883 quid
2512 3811 2783 3881 cuiquam
2813 3809 3041 3863 mittere
3061 3808 3316 3863 voluerit
3338 3808 3409 3864 de
3441 3804 3749 3871 refectorio,
3777 3799 3862 3853 hoc

2255 3918 2363 3957 nec
2392 3900 2575 3971 priori
2603 3899 2757 3968 licet,
2793 3913 2901 3952 nec
2932 3898 3030 3952 alii
3061 3913 3237 3969 quam
3269 3898 3385 3952 sibi
3410 3896 3538 3951 soli.
3570 3894 3716 3950 Solet
3743 3902 3855 3960 quo-

2253 4006 2368 4061 que
2388 3989 2441 4044 si
2456 3993 2546 4044 est
2562 3988 2621 4042 in
2642 3988 2814 4043 domo
2828 3987 3216 4057 infirmorum,
3242 3986 3380 4041 inde
3398 3986 3647 4058 dirigere
3668 3982 3720 4035 in
3735 3975 3858 4034 refe.

2253 4078 2504 4133 ctorium
2537 4077 2877 4131 charitatem
2895 4091 3064 4129 suam
3093 4075 3165 4129 ad
3198 4075 3518 4145 quemlibet
3548 4072 3797 4130 fratrum;
3824 4068 3864 4116 et

2252 4169 2434 4222 frater
2462 4166 2758 4236 recipiens
2790 4180 2909 4219 non
2939 4164 3344 4236 negligentius
3376 4177 3549 4234 quam
3577 4160 3626 4214 si
3660 4159 3712 4212 in
3742 4167 3860 4226 prae-

2255 4258 2443 4312 sentia
2465 4258 2647 4324 esset,
2670 4254 2928 4309 inclinat.
2952 4254 3276 4324 Postquam
3299 4269 3416 4307 nox
3434 4251 3619 4317 fuerit,
3638 4246 3857 4319 portatur

2252 4349 2384 4401 ante
2440 4346 2603 4399 illum
2677 4359 2782 4413 per
2828 4342 3022 4396 omnia
3079 4343 3323 4410 laterna,
3366 4344 3481 4395 tam
3535 4339 3593 4393 in
3628 4331 3869 4390 conventu

2251 4450 2427 4506 quam
2454 4437 2619 4488 extra
2648 4447 2839 4503 usque
2869 4432 2941 4485 ad
2974 4432 3189 4486 lectum
3211 4432 3312 4485 ubi
3346 4432 3450 4502 qui
3478 4428 3677 4499 portat,
3715 4423 3859 4506 obsej

2251 4504 2451 4596 quitur
2480 4522 2562 4577 illi
2614 4524 2670 4577 et
2708 4522 2781 4575 ad
2826 4520 3231 4575 collocandum
3274 4526 3330 4574 et
3360 4519 3433 4573 ad
3470 4514 3774 4572 levandum.
3815 4504 3863 4559 Si

2253 4595 2490 4684 quoque
2562 4612 2623 4665 in
2682 4609 3059 4665 refectorium
3108 4610 3322 4677 iturus,
3378 4607 3613 4662 mistum
3657 4595 3860 4667 accepit,

2249 4702 2561 4758 lectionem
2605 4700 2677 4753 ad
2735 4714 3001 4752 mensam
3051 4697 3223 4752 debet
3273 4697 3531 4760 habere;
3563 4694 3614 4747 si
3659 4687 3865 4762 jejunus

2247 4791 2491 4847 revertit
2536 4789 2608 4843 ad
2655 4789 2806 4843 hanc
2839 4788 3063 4857 horam,
3096 4803 3212 4858 qua
3241 4787 3463 4841 fratres
3502 4782 3726 4851 accepto
3772 4773 3866 4846 jam

2246 4884 2379 4951 post
2409 4881 2635 4934 sextam
2660 4877 2927 4948 prandio,
2965 4875 3229 4930 secundo
3247 4866 3385 4945 post
3408 4884 3681 4942 vesperae
3704 4875 3860 4951 creua:

2247 4969 2459 5039 verint,
2505 4982 2876 5038 nequaquam
2916 4981 3049 5020 cum
3098 4965 3187 5019 eis
3216 4979 3287 5018 ea
3316 4965 3448 5017 vice
3481 4956 3733 5022 comedit,
3774 4945 3857 5039 sed

2249 5059 2503 5113 sustinet
2525 5071 2717 5127 usque
2749 5056 2886 5111 dum
2904 5054 3294 5122 surrexerint,
3329 5052 3468 5124 quia
3494 5057 3767 5118 nunquam
3784 5034 3859 5107 ίῖυί

2249 5146 2417 5201 sedet
2475 5145 2546 5199 ad
2592 5145 2822 5200 scillam
2863 5143 3039 5197 debet
3083 5156 3391 5197 remanere
3431 5140 3570 5212 quin
3613 5130 3856 5190 conventu

476 5230 692 5299 populo
722 5229 795 5282 ad
828 5230 1161 5295 ecclesiam,
1198 5234 1311 5284 stat
1332 5230 1461 5301 ipse
1482 5231 1658 5284 nudis
1682 5232 1932 5302 pedibus
1949 5248 2135 5303 prope
2165 5250 2218 5311 D
2249 5237 2499 5291 exeunte
2529 5234 2657 5303 ipse
2690 5248 2925 5305 quoque
2946 5235 3137 5286 exeat.
3175 5231 3420 5285 Romam
3444 5242 3667 5300 quoque
3697 5218 3857 5293 profc-

477 5317 638 5371 fores
670 5317 965 5388 ecclesiae,
999 5322 1054 5372 et
1099 5335 1280 5373 unum
1334 5319 1601 5373 codicem
1645 5321 2136 5391 grandiusculum

478 5408 638 5461 tenet
667 5406 727 5459 in
748 5421 923 5459 manu
947 5424 961 5473 ;
996 5407 1284 5477 capellum
1306 5424 1422 5463 non
1446 5409 1651 5478 induit,
1673 5411 1736 5463 ut
1764 5409 1838 5463 ab
1862 5412 2135 5466 omnibus

474 5495 669 5567 possit
698 5496 947 5567 agnosci
969 5511 984 5565 ;
1004 5496 1217 5550 nemini
1235 5498 1493 5569 loquitur
1513 5497 1747 5552 intranti
1761 5497 1854 5553 vel
1878 5500 2135 5571 exeunti;

472 5600 628 5640 unus
650 5584 910 5638 famulus
939 5599 1177 5653 semper
1192 5589 1285 5640 est
1308 5586 1685 5658 juxtajillum,
1721 5588 1821 5659 qui
1857 5587 2011 5643 dicat
2043 5590 2137 5643 in-

470 5672 912 5750 terrogantibus
949 5676 1195 5748 propter
1234 5676 1376 5749 quid
1414 5676 1551 5733 talis
1595 5677 1648 5733 ei
1685 5677 2022 5750 paenitentia
2064 5678 2141 5735 sit

2251 5329 2403 5396 ctus,
2426 5323 2522 5378 vel
2553 5324 2606 5377 in
2639 5322 2770 5377 aliis
2793 5322 2971 5376 terris
3002 5319 3342 5391 aliquandiu
3375 5321 3779 5385 moratus,cum
3795 5319 3863 5360 re‘

2248 5393 2443 5482 dierit,
2501 5412 2783 5482 recipitur
2828 5425 2961 5464 cum
3006 5408 3395 5479 processione
3448 5406 3707 5461 omnibus
3735 5393 3853 5482 albis

2247 5478 2607 5575 generaliter
2627 5478 2885 5564 indutis;
2919 5501 2974 5553 et
3004 5478 3057 5553 si
3078 5498 3212 5568 ipso
3230 5497 3323 5551 die
3355 5494 3736 5565 competenter
3752 5478 3853 5538 ﬁeri

2244 5591 2438 5663 possit
2471 5590 2665 5662 aliqua
2693 5586 2952 5661 regulari
2984 5586 3130 5641 hora
3167 5586 3328 5640 finita
3358 5582 3640 5655 praevenit
3682 5583 3849 5663 omnes

2247 5657 2320 5739 de
2349 5657 2604 5737 ecclesia
2644 5657 2933 5749 exituros,
2979 5690 3162 5748 prope
3193 5671 3370 5747 cujus
3403 5672 3617 5729 ostium
3662 5666 3763 5723 stat
3784 5657 3860 5715 aut
