3956 6176
158 325 258 387 737
721 318 1428 384 CONSUETUDINES
1473 316 2136 383 CLUNIACENSES.
2171 352 2243 364 —
2275 317 2533 381 LIBER
2570 320 2957 384 TERTIUS.

3441 322 3560 386 738

152 523 317 591 sedet,
344 523 397 575 et
417 521 629 575 fratres
659 535 885 589 secum,
919 519 1020 591 qui
1054 535 1259 575 secum
1304 522 1469 574 erant
1499 519 1558 572 in
1587 517 1703 587 via,
1730 520 1785 572 et
1819 514 1954 581 hei
1984 517 2045 571 in
2073 517 2183 572 hac
2213 519 2387 573 domo
2416 521 2515 573 tua
2545 519 2625 574 ita
2652 536 2831 593 agere
2856 521 3255 593 etinjunctum
3287 523 3403 579 sibi
3433 524 3557 579 ofﬁ-

153 610 398 682 singulos
430 610 712 664 exeuntes
750 609 1086 675 osculatur;
1122 611 1180 663 at
1211 610 1264 663 si
1309 609 1367 663 in
1396 609 1494 664 illo
1544 608 1636 663 die
1668 622 1787 661 non

150 700 242 754 erit
269 700 667 768 opportunum,
702 700 760 751 in
793 703 1079 769 sequente
1100 701 1236 767 post
1267 698 1583 766 capitulum
1603 696 1784 750 simili

149 788 297 842 modo
340 788 506 854 facit;
548 791 604 841 et
651 802 760 857 pro
800 786 934 858 ejus
980 787 1235 841 adventu
1275 786 1492 840 habent
1529 786 1589 839 in
1620 784 1779 839 refe-

146 875 305 931 ctorio
321 875 595 948 generale
614 875 886 945 piscium,
902 875 999 930 vel
1020 875 1179 947 quod
1195 874 1554 929 tantumdem
1566 873 1774 942 valeat,

147 969 194 1020 et
210 966 576 1036 pigmentum.
610 964 849 1018 Fratres
870 964 969 1035 qui
1000 964 1059 1017 in
1081 963 1215 1035 ejus
1237 964 1457 1018 vadunt
1489 961 1777 1033 obsequio

145 1055 194 1108 in
221 1053 321 1120 via,
345 1051 574 1123 jugiter
602 1053 923 1107 observant
951 1055 1011 1107 ut
1042 1068 1279 1123 semper
1301 1052 1420 1106 sint
1441 1067 1575 1105 cum
1604 1051 1702 1106 illo
1721 1051 1780 1104 in

144 1142 401 1214 proximo,
433 1156 508 1195 ne
549 1141 863 1213 aliquando
895 1142 984 1196 eis
1016 1142 1247 1197 eveniat
1280 1141 1498 1195 deesse
1544 1140 1779 1211 quando

144 1231 319 1286 horam
348 1229 670 1300 quamlibet
702 1231 1027 1285 cantavcrit
1058 1230 1397 1302 regularem
1430 1246 1444 1299 ;
1473 1232 1529 1284 et
1557 1228 1611 1283 si
1645 1229 1780 1299 quis

144 1336 318 1375 eorum
349 1320 498 1374 forte
524 1335 645 1374 non
677 1318 1031 1386 interfuerit,
1064 1322 1272 1389 postea
1292 1335 1411 1373 non
1433 1335 1559 1373 eam
1589 1319 1781 1371 cantat

144 1410 337 1478 absque
362 1408 600 1463 licentia
620 1407 772 1479 ejus.
789 1407 1032 1472 Quoties
1046 1424 1152 1478 per
1175 1409 1351 1463 ullam
1367 1408 1566 1462 villam
1594 1405 1780 1478 majo-

146 1514 247 1552 rem
271 1497 627 1567 transierint,
662 1514 737 1552 ex
766 1513 951 1567 more,
991 1513 1292 1569 nunquam
1337 1497 1649 1552 obmittunt
1682 1497 1778 1550 in-

142 1586 296 1640 duere
321 1586 632 1655 capellum.

197 1673 299 1728 Sed
338 1676 399 1728 ut
445 1675 644 1729 adhuc
688 1676 927 1731 redeam
970 1676 1030 1729 in
1079 1677 1432 1747 claustrum,
1478 1675 1638 1729 omni
1683 1675 1776 1729 die

142 1763 408 1816 Dominica
453 1763 710 1819 domnus
757 1765 942 1819 abbas
995 1767 1229 1820 notatur
1272 1781 1405 1820 cum
1456 1765 1660 1835 pueris
1706 1763 1780 1818 ad

1901 606 2056 660 cium
2085 606 2163 660 ita
2193 607 2607 663 administrare
2653 613 2715 664 ut
2759 613 2816 664 et
2844 611 2947 665 tibi
2995 611 3227 681 placere
3272 614 3464 667 valeat
3501 614 3559 667 et

1897 695 2204 749 utilitatem
2229 712 2543 752 servorum
2572 702 2806 754 tuorum
2828 703 2884 754 te
2911 700 3227 754 auxiliante
3253 701 3559 770 perfectis-

1899 784 2046 838 sime
2074 785 2322 855 expleat,
2356 791 2599 857 propter
2628 789 2785 859 quod
2814 791 2871 844 et
2909 789 3004 843 hic
3046 792 3101 842 et
3130 788 3189 842 in
3212 788 3406 844 futuro
3437 805 3557 843 sae-

1898 873 2030 926 culo
2061 875 2395 929 mercedem
2427 876 2695 931 laborum
2719 893 2963 932 suorum
2993 878 3053 932 in
3084 878 3383 933 consortio
3416 894 3557 931 san-

1898 962 2125 1015 ctorum
2142 965 2376 1017 tuorum
2398 970 2506 1020 ate
2527 965 2799 1035 piissimo
2824 967 3106 1039 largitore
3128 966 3431 1036 percipiat.
3447 966 3562 1020 Per

1899 1048 2230 1119 Dominum,
2263 1076 2285 1100 »
2318 1057 2429 1107 etc.
2477 1053 2719 1118 Quando
2768 1059 2962 1110 autem
3000 1058 3093 1110 est
3129 1054 3557 1124 absolvendus,

1898 1138 2070 1193 mittit
2095 1155 2228 1195 cum
2252 1142 2353 1196 illo
2384 1159 2651 1199 versum:
2676 1144 3043 1199 Benedictus
3065 1160 3150 1212 es,
3175 1144 3443 1210 Domine,
3464 1142 3561 1215 qui

1896 1227 2186 1298 adjuvisti
2212 1247 2324 1300 me,
2358 1235 2414 1286 et
2438 1232 2538 1286 tali
2565 1233 2897 1289 absolvitur
2925 1233 3362 1289 benedictione.
3388 1255 3409 1279 «
3439 1232 3559 1286 Do—

1898 1317 2056 1372 mine
2076 1318 2109 1373 J
2115 1334 2224 1372 esu
2253 1318 2507 1390 Christe,
2543 1321 2643 1392 qui
2660 1322 2754 1392 pie
2772 1322 3176 1377 servientibus
3199 1320 3307 1375 tibi
3328 1319 3559 1374 munifi-

1898 1422 2006 1460 cus
2048 1408 2368 1462 retributor
2416 1412 2471 1463 et
2519 1411 2780 1464 clemens
2822 1411 3069 1482 largitor
3116 1409 3348 1479 existis,
3400 1408 3560 1462 hunc

1897 1494 2179 1550 famulum
2225 1501 2389 1552 tuum
2426 1498 2527 1568 qui
2568 1499 2628 1552 in
2673 1499 2784 1553 hac
2823 1500 2996 1554 domo
3025 1502 3125 1553 tua
3168 1514 3326 1553 nunc
3364 1512 3559 1568 usque

1896 1584 2148 1641 ﬁdeliter
2176 1586 2487 1658 laboravit,
2520 1591 2577 1643 et
2601 1589 2705 1643 tibi
2732 1590 3046 1660 servisque
3077 1588 3195 1642 tuis
3226 1586 3555 1641 obediendo

1893 1672 2226 1744 injunctum
2250 1675 2364 1729 sibi
2386 1678 2441 1730 te
2463 1677 2777 1731 auxiliante
2809 1675 3237 1730 administravit
3268 1674 3554 1743 ofﬁcium,

1893 1760 2201 1817 laboribus
2242 1763 2371 1818 suis
2404 1764 2577 1818 solita
2601 1765 2964 1836 benignitate
2995 1763 3290 1832 responde
3329 1766 3386 1816 et
3420 1761 3557 1832 pius

142 1851 440 1906 mandatum
472 1870 487 1917 ;
523 1853 628 1923 qui
661 1854 854 1923 etiam,
889 1855 1044 1924 quod
1085 1854 1184 1908 alii
1213 1871 1332 1909 non
1364 1855 1602 1919 faciunt,
1636 1869 1777 1923 pau-
1821 1884 1874 1948 Β
1895 1854 2307 1907 remunerator
2327 1856 2649 1924 appare;et
2670 1855 2889 1923 praesta
2909 1855 2971 1907 ut
2991 1851 3051 1906 in
3072 1851 3182 1906 hac
3200 1851 3373 1906 domo
3392 1850 3556 1921 jugi-

139 1941 259 2009 peri,
289 1942 378 1994 cui
409 1941 566 1996 lavat
594 1943 798 2011 pedes,
830 1943 1031 1998 tribuit
1059 1943 1210 1999 duos
1234 1944 1535 2012 denarios,
1561 1945 1617 1997 et
1636 1957 1777 2012 pue-

138 2028 207 2083 ris
233 2030 421 2084 tribuit
451 2032 514 2084 ut
538 2047 651 2101 per
678 2031 847 2102 ipsos
880 2033 1242 2103 pauperibus
1274 2033 1630 2087 tribuantur.
1667 2031 1778 2086 Eo—

137 2118 373 2173 rumdem
402 2135 727 2189 puerorum
750 2121 1191 2177 confessionem
1205 2122 1439 2193 quoties
1471 2120 1646 2176 fuerit
1677 2137 1777 2176 re-

140 2210 406 2277 cepturus,
438 2210 732 2280 magister
761 2209 994 2265 illorum
1026 2211 1263 2265 adducit
1302 2211 1439 2265 illos
1486 2226 1675 2282 usque
1705 2210 1779 2264 ad

140 2296 404 2351 introitum
423 2299 689 2369 capituli,
707 2301 763 2353 et
785 2298 1002 2354 ibidem
1029 2302 1332 2370 exspectat
1349 2300 1666 2355 redituros.
1688 2299 1780 2353 Ad

141 2385 415 2455 coquinam
442 2403 583 2441 cum
614 2390 850 2442 notatus
882 2387 1087 2458 fuerit,
1131 2405 1264 2444 cum
1309 2389 1455 2443 alias
1504 2404 1620 2443 non
1660 2389 1781 2443 sint

142 2474 235 2527 nisi
257 2479 519 2545 quatuor,
554 2476 687 2547 ipse
706 2478 946 2548 quintus
965 2477 1117 2532 solet
1134 2493 1292 2533 esse.
1308 2477 1395 2532 Ad
1419 2478 1568 2532 duas
1593 2477 1780 2548 septi-

142 2578 316 2617 manas
344 2565 401 2618 in
429 2581 612 2633 anno,
648 2565 702 2619 si
732 2568 827 2620 est
864 2581 1139 2636 praesens
1186 2567 1242 2620 et
1282 2565 1627 2635 incolumis,
1660 2581 1781 2619 non

142 2651 266 2707 alius
292 2669 545 2725 unquam
572 2654 649 2708 ad
679 2654 969 2725 majorem
1002 2654 1248 2709 missam
1280 2670 1456 2726 quam
1480 2655 1578 2727 ille
1608 2657 1780 2708 nota-

143 2743 246 2809 tur,
289 2742 343 2796 id
390 2746 518 2813 est,
574 2743 901 2798 Dominicaa
952 2744 1414 2798 resurrectionis
1465 2744 1521 2797 et
1572 2743 1780 2797 Pente-

144 2833 337 2900 costes;
359 2832 416 2885 in
446 2832 674 2904 quibus
702 2835 898 2886 tamen
931 2833 1083 2887 alius
1114 2833 1399 2887 sacerdos
1431 2834 1673 2887 cantore
1696 2831 1783 2884 in-

142 2916 394 2990 jungente
425 2921 703 2975 dicturus
734 2923 826 2975 est
853 2921 1031 2975 horas
1064 2922 1392 2992 regulares,
1412 2924 1631 2991 praeter
1646 2936 1783 2975 ves-

144 3022 289 3075 peras
305 3012 357 3063 et
373 3011 691 3063 matutinas
705 3010 996 3079 laudes,et
1017 3009 1076 3063 in
1093 3010 1409 3065 refectorio
1430 3010 1673 3065 daturus
1689 3013 1782 3064 est

153 3095 598 3154 benedictionem
624 3114 637 3169 ;
669 3100 770 3170 qui
799 3103 856 3153 et
880 3100 940 3153 in
966 3098 1084 3154 illis
1110 3100 1427 3170 praecipuis
1475 3099 1685 3154 diebus
1712 3098 1787 3153 ad

147 3186 398 3241 canticum
428 3187 745 3259 Evangelii
775 3203 891 3243 non
927 3188 1135 3243 viliore
1166 3204 1342 3260 quam
1390 3189 1641 3243 domnus
1689 3188 1787 3242 ab-

1893 1940 1985 1995 ter
2012 1944 2371 2010 permaneat,
2388 1944 2444 1996 et
2465 1942 2802 1996 mercedem
2824 1942 3094 1996 laborum
3117 1956 3362 1996 suorum
3384 1941 3441 1994 et
3459 1939 3557 1992 hic

1895 2031 1951 2083 et
1980 2029 2039 2083 in
2064 2030 2449 2086 retributione
2484 2030 2787 2102 justorum
2809 2047 2843 2085 a
2877 2034 2932 2085 te
2969 2030 3274 2101 percipiat,
3309 2027 3556 2099 largito-

1893 2132 2137 2189 remque
2164 2121 2423 2174 omnium
2452 2120 2743 2176 bonorum
2777 2122 2835 2175 te
2870 2135 3012 2175 esse
3053 2118 3404 2190 plenissima
3442 2116 3557 2172 ﬁde

1894 2223 2012 2263 non
2035 2208 2277 2263 dubitet.
2311 2232 2333 2256 ι»

1964 2296 2055 2350 Ab
2082 2297 2227 2352 hora
2247 2299 2440 2352 autem
2464 2297 2849 2353 ordinationis
2879 2312 3026 2366 suae,
3043 2298 3180 2366 post
3199 2295 3266 2349 D.
3284 2295 3558 2350 abbatem

1894 2385 1966 2440 de
1997 2386 2272 2441 omnibus
2299 2386 2480 2441 rebus
2504 2389 2561 2441 et
2602 2388 2825 2457 causis,
2863 2403 2995 2457 quae
3026 2386 3101 2440 ad
3127 2383 3557 2440 monasterium

1891 2476 2204 2545 pertinent,
2238 2478 2295 2529 et
2334 2476 2742 2547 spiritualibus
2789 2480 2846 2531 et
2886 2474 3311 2545 temporalibus
3344 2488 3413 2528 se
3460 2472 3555 2527 in-

1892 2565 2176 2619 tromittit.
2237 2552 2532 2635 Quotquot
2581 2568 2720 2619 sunt
2768 2565 2869 2636 qui
2924 2564 3099 2619 ullam
3155 2564 3374 2618 habent
3417 2563 3556 2617 obe-

1895 2652 2192 2708 dientiam.
2218 2654 2289 2708 ad
2318 2670 2453 2709 eum
2476 2655 2808 2725 respiciunt
2833 2670 3039 2709 omnes
3064 2669 3079 2724 ;
3106 2655 3163 2708 et
3188 2653 3240 2707 si
3269 2653 3384 2707 tale
3416 2651 3557 2723 quid

1894 2742 2259 2812 praecipuum
2289 2745 2477 2799 acturi
2515 2748 2672 2814 sunt,
2714 2759 3084 2815 nequaquam
3136 2743 3319 2813 agunt
3348 2756 3557 2796 omnes

1896 2830 2122 2902 absque
2146 2833 2396 2887 concilio
2428 2833 2560 2904 ejus
2592 2837 2648 2888 et
2676 2837 2838 2888 nutu.
2872 2834 2935 2887 In
2963 2832 3144 2887 choro
3174 2833 3418 2887 sinistro
3442 2832 3559 2885 stat

1896 2935 2237 2990 supremus,
2271 2924 2328 2975 et
2365 2922 2425 2975 in
2467 2922 2784 2977 refectorio
2823 2922 2895 2976 ad
2921 2937 3260 2992 supremam
3288 2935 3557 2974 mensam

1894 3024 2027 3078 quas
2059 3010 2257 3063 estad
2304 3009 2603 3065 dexteram
2643 3011 2710 3065 D.
2760 3010 3030 3076 abbatis;
3080 3012 3135 3064 et
3186 3010 3240 3064 si
3287 3009 3386 3063 ille
3439 3023 3558 3061 non

1894 3098 2099 3168 aderit,
2134 3099 2303 3153 sedet
2344 3098 2405 3152 in
2448 3098 2583 3169 ejus
2625 3100 2788 3154 sede.
2817 3099 2933 3154 Sed
2960 3101 3129 3153 extra
3175 3095 3555 3152 refectorium

1894 3187 2039 3240 nulli
2065 3188 2397 3242 mortalium
2421 3188 2556 3242 licet
2578 3188 2632 3242 ei
2654 3188 2972 3259 quidquam
2996 3188 3244 3241 mittere.
3268 3185 3334 3239 In
3364 3183 3558 3239 refec-

146 3273 233 3327 bas
260 3277 518 3347 vestitur,
556 3238 639 3331 ut,
654 3292 785 3330 cum
818 3292 888 3332 eo
934 3277 1109 3332 simul
1151 3238 1354 3332 altaria
1395 3278 1684 3348 incensct,
1728 3280 1785 3332 et
1823 3238 2045 3329 ctorio
2078 3275 2172 3329 cui
2198 3276 2466 3345 voluerit,
2497 3278 2553 3330 et
2582 3238 2721 3347 quid
2767 3238 3039 3343 valuerit,
3087 3273 3277 3329 mittit.
3321 3273 3383 3327 Si
3428 3286 3556 3342 per-

145 3362 531 3420 collectaneum
583 3367 779 3421 teneat
819 3366 893 3420 ad
941 3365 1077 3438 ejus
1127 3366 1500 3437 obsequium.
1553 3366 1782 3421 Natalis

148 3450 362 3523 Domini,
395 3460 449 3509 et
476 3455 708 3509 Natalis
735 3458 1078 3510 sanctorum
1110 3457 1515 3525 apostolorum
1544 3456 1703 3511 Petri
1727 3458 1785 3510 et

148 3538 301 3609 Pauli,
330 3544 681 3614 Assumptio
708 3545 774 3598 B.
810 3544 1032 3614 Mariae,
1061 3545 1199 3616 quia
1230 3560 1347 3599 non
1379 3544 1573 3616 magis
1603 3545 1663 3599 in
1687 3546 1781 3599 die

149 3627 413 3687 Dominica
436 3650 618 3704 quam
643 3634 700 3686 in
719 3632 851 3687 aliis
871 3635 1148 3703 occurrit,
1166 3638 1303 3688 tunc
1320 3633 1572 3688 domnus
1594 3634 1782 3688 abbas

150 3732 244 3771 non
271 3724 493 3776 notatur
519 3722 598 3775 ad
628 3723 1034 3792 septimanam,
1066 3722 1173 3777 sed
1200 3722 1273 3776 ad
1292 3723 1455 3776 solos
1485 3722 1620 3775 illos
1654 3722 1783 3776 dies

150 3808 421 3880 utriusque
469 3810 845 3865 festivitatis.
890 3808 1186 3881 Quotquot
1232 3810 1403 3865 etiam
1450 3826 1558 3881 per
1600 3813 1784 3864 totum

152 3910 333 3950 annum
361 3899 592 3971 majora
640 3904 779 3953 sunt
809 3899 992 3968 festa,
1027 3900 1082 3954 si
1108 3899 1367 3970 potuerit
1411 3904 1467 3954 et
1500 3899 1781 3967 voluerit,

154 3987 313 4041 cantat
336 3988 585 4043 missam
616 3987 921 4059 majorem,
957 4004 1126 4058 vesp.
1161 3991 1216 4042 et
1246 3990 1445 4043 matut.
1480 3988 1707 4042 laudes.

751 4075 1003 4131 CAPUT
1044 4076 1139 4131 IV.

650 4165 740 4220 De
763 4166 972 4236 priore
1001 4165 1245 4237 majore.

207 4250 424 4315 Quando
470 4254 641 4325 prior
685 4256 777 4308 est
823 4254 1203 4323 ordinandus,
1256 4255 1445 4325 primo
1496 4254 1784 4310 Dominus

155 4338 308 4395 abbas
338 4343 511 4398 habet
531 4343 668 4398 inde
687 4343 999 4398 consilium
1024 4359 1157 4398 cum
1176 4345 1513 4399 senioribus
1543 4359 1786 4415 congre-

157 4430 403 4500 gatiouis;
427 4436 637 4503 postea
659 4431 838 4486 refert
855 4433 1203 4487 sententiam
1232 4448 1401 4487 suam
1428 4432 1485 4485 in
1506 4433 1782 4502 capitulo,

156 4521 199 4569 et
223 4522 358 4589 quod
387 4523 506 4576 sibi
537 4521 771 4576 videtur
800 4522 1037 4576 laudant
1061 4521 1490 4586 omnes.Quem
1512 4521 1780 4593 elegerit,

158 4606 199 4659 si
221 4610 373 4680 sapit,
404 4611 640 4665 veniam
666 4611 825 4680 petit,
852 4613 1099 4665 excusat
1130 4627 1196 4663 se
1223 4611 1296 4665 ad
1324 4626 1539 4664 munus
1573 4609 1784 4681 hujus-

158 4696 286 4749 modi
314 4714 424 4753 non
456 4700 734 4753 idoneum
764 4715 921 4754 esse.
973 4700 1062 4753 Ad
1103 4700 1368 4753 ultimum
1415 4699 1464 4752 si
1507 4699 1685 4768 jussa
1730 4701 1787 4753 et

158 4783 381 4853 injuncta
404 4789 583 4843 fuerit
612 4788 963 4857 obedientia,
991 4805 1107 4842 non
1132 4788 1289 4842 aliud
1309 4787 1450 4841 facit
1480 4804 1655 4857 quam
1687 4788 1783 4840 in-

160 4870 329 4941 clinat;
354 4877 518 4932 sedet
540 4877 611 4929 ad
641 4876 947 4931 sinistram
969 4877 1187 4930 domini
1212 4876 1462 4931 abbatis.
1478 4876 1622 4931 Cum
1646 4892 1783 4931 sur-

162 4963 385 5018 rexerint
413 4966 483 5020 de
517 4965 788 5035 capitulo,
826 4969 963 5020 eunt
994 4981 1125 5019 cum
1155 4965 1482 5036 psalmodia
1522 4965 1694 5019 solita
1721 4966 1781 5018 in

160 5050 434 5107 ecclesiam
451 5055 763 5124 majorem:
793 5054 891 5107 ubi
922 5069 1113 5107 novus
1132 5053 1293 5124 prior
1312 5056 1443 5108 ante
1462 5052 1599 5107 facit
1622 5056 1677 5108 et
1696 5070 1781 5109 re-

161 5138 405 5205 lro,hunc
421 5157 660 5196 versum
684 5142 932 5196 dicendo
956 5145 1071 5197 ter:
1106 5142 1286 5213 Deus,
1308 5143 1369 5196 in
1401 5142 1775 5213 adjutorium,

162 5228 205 5275 et
228 5229 367 5283 totus
394 5234 718 5285 conventus
758 5230 1031 5285 similiter
1062 5233 1401 5302 respondet.
1436 5231 1543 5286 Dat
1572 5231 1627 5285 ei
1652 5231 1781 5302 ipse

163 5310 387 5372 Dabbas
403 5318 549 5374 hanc
564 5319 1052 5375 benedictionem:
1075 5320 1782 5390 «Tuam,clementissime

164 5398 337 5473 Pater,
376 5409 847 5478 omnipotentiam
900 5410 1202 5480 Supplices
1253 5410 1673 5480 deprecamur,
1719 5412 1786 5463 ut

163 5486 432 5550 infundere
450 5498 711 5569 digneris
730 5514 912 5569 super
932 5499 1087 5553 hunc
1108 5500 1388 5553 famulum
1406 5502 1588 5567 tuum,
1605 5513 1782 5570 quem

164 5578 246 5630 tuo
266 5596 669 5658 servorumque
690 5591 925 5642 tuorum
949 5588 1192 5643 servitio
1221 5588 1644 5658 mancipamus,
1662 5588 1783 5657 spi-

168 5664 315 5723 ritum
334 5675 644 5747 sapientiae,
661 5676 1063 5733 etintellectus
1077 5677 1603 5749 discretionisque;
1627 5677 1779 5734 dona

1894 3365 2115 3419 rexerit
2171 3365 2243 3418 ad
2307 3365 2680 3420 .obedientias
2754 3379 2889 3434 quae
2947 3368 3084 3418 sunt
3146 3376 3329 3433 prope
3386 3363 3443 3415 et
3496 3359 3558 3414 in

1894 3454 2162 3523 circuitu,
2187 3454 2346 3508 ducit
2372 3470 2577 3508 secum
2603 3454 2752 3507 duos
2780 3453 2995 3507 fratres
3026 3455 3083 3506 et
3101 3467 3284 3506 unum
3309 3449 3555 3522 sagina-

1892 3543 2084 3597 rium:
2132 3543 2187 3597 si
2234 3543 2503 3614 longius,
2554 3542 2722 3596 verbi
2771 3543 2993 3614 gratia,
3043 3541 3102 3595 in
3157 3538 3554 3610 provinciam,

1893 3631 2044 3686 duos
2074 3633 2411 3704 saginarios
2432 3672 2445 3697 ,
2495 3636 2551 3687 et
2590 3634 2713 3686 tres
2755 3631 3000 3701 fratres,
3034 3646 3109 3685 ex
3146 3630 3366 3701 quibus
3399 3643 3554 3682 unus

1892 3723 1985 3774 est
2014 3736 2197 3792 super
2232 3720 2366 3792 ejus
2409 3721 2664 3775 famulos
2700 3722 2757 3775 et
2786 3736 2971 3791 super
3012 3718 3346 3774 sarcinulas
3395 3716 3551 3789 ejus,

1893 3812 1950 3863 et
1973 3810 2389 3864 vestimentum
2421 3810 2788 3879 sacerdotale
2816 3826 2948 3864 cum
2975 3824 3092 3880 quo
3123 3808 3203 3862 sit
3231 3809 3553 3879 argenteus

1893 3899 2066 3953 calix.
2099 3899 2369 3963 Quandiu
2397 3902 2590 3953 autem
2617 3899 2797 3954 fuerit
2820 3898 2880 3953 in
2906 3898 3186 3967 claustro,
3212 3912 3322 3952 nec
3354 3898 3553 3966 capel-

1891 3986 2091 4041 lanum
2123 3986 2318 4057 habet,
2366 4003 2476 4041 nec
2514 3986 2934 4042 vestimentum
2968 3986 3127 4040 aliud
3170 3986 3241 4039 ad
3282 3987 3550 4051 missam,

1892 4090 2066 4146 quam
2098 4078 2155 4130 et
2192 4075 2438 4145 quilibet
2467 4076 2618 4130 alius
2667 4075 2869 4145 frater,
2902 4090 3012 4130 nec
3047 4074 3262 4145 aliquid
3310 4074 3554 4143 privata:

1891 4165 2180 4234 pecuniae.
2212 4163 2454 4228 Quando
2481 4164 2705 4219 deforis
2731 4164 2907 4219 fuerit
2935 4179 3240 4230 reversus,
3270 4162 3556 4233 quidquid

1890 4252 2236 4324 hujusmodi
2261 4256 2545 4323 apportat,
2588 4256 2772 4307 totum
2823 4251 3148 4307 camerario
3190 4251 3402 4320 reddit,
3441 4266 3554 4305 nec

1889 4342 2087 4396 minus
2117 4343 2190 4397 ab
2215 4341 2313 4396 illo
2340 4342 2548 4411 recipit
2572 4341 2859 4412 quidquid
2888 4340 3160 4395 habuerit
3182 4355 3351 4409 opus.
3385 4338 3552 4404 Quod

1889 4432 2021 4486 ideo
2049 4448 2079 4485 a
2113 4432 2338 4486 nostris
2368 4432 2636 4502 patribus
2668 4432 2990 4501 praecatum
3023 4432 3132 4495 est,
3168 4446 3240 4484 ne
3270 4429 3367 4483 illa
3402 4429 3553 4482 mala

1887 4522 2077 4592 pestis
2129 4521 2547 4592 proprietatis,
2584 4523 2641 4575 et
2687 4520 3021 4590 praesertim
3055 4518 3361 4574 monachis
3407 4517 3553 4572 adeo

1810 4592 2243 4681 Dpericulosa,
2278 4610 2475 4680 aliquo
2503 4608 2677 4664 modo
2710 4608 3263 4679 subrepat.'Verum
3295 4622 3427 4661 cum
3449 4621 3558 4676 per

1893 4699 2106 4768 omnia,
2130 4703 2190 4752 ut
2215 4699 2595 4769 praemissum
2621 4703 2732 4768 est,
2758 4698 2952 4753 vicem
2975 4698 3188 4753 habeat
3214 4694 3552 4762 D.abbatis,

1892 4789 2145 4842 maxime
2195 4788 2483 4857 absentis,
2517 4787 2721 4842 nescio
2754 4787 2908 4842 unde
2940 4785 3271 4858 contigerit,
3306 4783 3464 4855 quod
3492 4783 3553 4837 in

1891 4877 2017 4931 sola
2044 4876 2298 4930 ecclesia
2324 4874 2520 4929 amisit
2550 4891 2699 4944 eam,
2732 4875 2810 4929 ita
2851 4879 2912 4930 ut
2940 4890 3053 4947 ego
3096 4873 3347 4928 viderim
3395 4872 3552 4943 quod

1888 4968 2225 5036 praecentor
2252 4968 2308 5019 et
2338 4963 2631 5019 armarius
2680 4964 2931 5020 necdum
2960 4963 3199 5034 quidem
3237 4960 3552 5016 admodum

1893 5069 2112 5123 senex,
2149 5054 2555 5108 duodecimam
2588 5053 2859 5109 habuerit
2895 5052 3239 5118 lectionem,
3287 5053 3344 5104 et
3391 5050 3554 5121 prior

1892 5146 2177 5198 octavam.
2227 5141 2395 5207 Quod
2451 5143 2552 5213 qui
2604 5142 2857 5197 voluerit
2912 5142 3136 5211 laudet,
3178 5156 3212 5194 a
3265 5139 3551 5209 parvitate

1890 5233 2084 5288 adhuc
2114 5246 2244 5286 mea
2272 5232 2583 5304 ignoratur
2619 5231 2915 5303 quomodo
2951 5231 3030 5285 sit
3060 5230 3305 5302 dignum
3336 5230 3398 5285 ut
3420 5228 3551 5284 lau-

1890 5322 2080 5377 detur.

2537 5407 2789 5463 CAPUT
2828 5408 2899 5462 V.

2031 5498 2118 5553 De
2150 5497 2394 5553 decanis
2424 5496 2522 5569 qui
2548 5503 2687 5550 sunt
2736 5496 3009 5552 villarum
3030 5497 3404 5568 provisores.

1957 5588 2105 5660 Ejus
2149 5590 2340 5641 autem
2380 5585 2739 5658 suffraganei
2785 5588 2859 5641 ad
2906 5585 3250 5656 temporalia
3294 5587 3433 5641 sunt
3463 5585 3547 5639 illi

1888 5677 2104 5734 fratres
2143 5677 2245 5748 qui
2275 5677 2413 5731 sunt
2454 5675 2728 5732 villarum
2771 5678 3137 5749 provisores,
3184 5678 3243 5732 et
3265 5689 3416 5747 quos
3442 5688 3548 5745 pro
