4028 6176
377 370 383 376 ,
423 301 540 367 739

1402 307 1809 371 UDALRICI
1857 310 2470 380 CLUNIACENSIS
2502 318 2899 383 MONACHI
3703 342 3797 406 740

426 517 590 602 more
619 507 841 602 nostro.
876 505 1136 602 decanos
1169 508 1571 602 appellamus.
1610 511 1691 564 De
1724 498 1995 583 quorum,
2029 515 2093 568 ut
2115 505 2174 577 λ
2212 517 2407 573 cibum
2438 524 2493 575 et
2525 525 2722 590 potum
2755 524 3142 598 administrat,
3176 546 3465 602 nunquam
3509 536 3563 588 in
3590 538 3701 592 sola
3726 557 3799 594 ca-

428 592 505 646 ita
536 593 806 660 dixerim,
827 595 960 665 lege
986 595 1277 667 singulari
1302 600 1363 651 ut
1389 598 1580 668 aliqua
1612 599 1894 670 referam;
1918 606 2092 672 quot-

429 686 569 751 quot
598 686 737 737 sunt
765 699 1017 753 quorum
1046 685 1379 739 obedientia
1412 687 1524 741 sita
1555 692 1645 743 est
1673 689 1825 743 infra
1857 690 1970 744 iter
2000 690 2091 745 di—

433 771 624 825 midiae
638 772 936 841 diei,omni
952 772 1207 828 Sabbato
1222 776 1291 828 ad
1310 778 1729 832 monasterium
1744 781 1874 833 ante
1889 795 2093 849 vespe-

431 874 533 913 ras
566 874 880 914 occurrere
911 861 1158 932 debent;
1180 880 1311 917 nam
1344 879 1454 918 nec
1484 865 1711 920 levatos
1742 883 1968 935 pannos
1998 868 2091 920 in-

431 948 633 1014 duunt,
670 963 779 1002 nec
811 964 878 1004 se
910 950 1223 1021 aliquando
1250 954 1463 1007 radunt
1495 956 1712 1022 praeter
1744 955 1945 1009 ibi.Eo
1977 956 2090 1025 die,

433 1052 549 1107 quo
582 1037 849 1107 veniunt,
894 1042 1029 1108 post
1078 1040 1349 1111 singulas
1389 1041 1568 1096 horas
1610 1046 1743 1097 ante
1788 1043 2006 1098 faciunt
2039 1049 2094 1099 et

431 1128 609 1194 retro,
644 1129 700 1180 et
729 1127 974 1180 dicenda
1007 1130 1096 1181 est
1127 1144 1233 1197 pro
1263 1130 1351 1183 eis
1386 1146 1500 1183 una
1537 1131 1714 1186 simul
1745 1148 1879 1186 cum
1909 1134 2099 1187 versi-

433 1215 564 1268 culo
591 1215 854 1286 collectu,
879 1214 1259 1287 Omnipotens
1285 1220 1649 1290 sempiterno
1667 1220 1847 1291 Deus,
1866 1228 2096 1277 nostro-

433 1320 563 1358 rum
583 1310 904 1374 temporum
928 1305 1177 1377 vitaeque
1205 1307 1547 1378 dispositor,
1575 1314 1708 1378 etc.,
1734 1310 2095 1380 Quwsumus,

435 1393 801 1463 omnipotens
836 1394 1010 1459 licus,
1044 1401 1101 1447 ut
1132 1395 1230 1448 111's
1261 1396 1516 1467 famulis,
1548 1402 1681 1465 etc.,
1708 1380 2100 1470 ‘Omnipotcns

434 1482 799 1553 sempiterne
814 1481 1294 1551 Deus,misererc
1316 1485 1412 1538 liis
1434 1484 1895 1556 famulis,etc.;et
1917 1488 2103 1541 versi-

436 1571 551 1625 culi
569 1571 667 1641 qui
681 1571 1113 1640 praemittuntur
1125 1577 1263 1626 sunt
1288 1573 1422 1628 duo.
1449 1574 1707 1643 Primus,
1729 1574 1944 1630 Salvos
1957 1574 2095 1646 [διοά

435 1660 760 1729 secundus,
798 1659 1170 1715 Convertere
1198 1661 1465 1732 Domine,
1486 1663 1778 1732 vel,Ecce
1801 1679 1966 1736 quam
1993 1663 2097 1718 b0-

436 1764 589 1817 num,
631 1747 746 1815 vel,
784 1746 959 1802 Beati
990 1749 1089 1819 qui
1131 1748 1424 1804 habitant.
1458 1750 1570 1805 Pro
1602 1752 1819 1821 quibus
1854 1752 2096 1805 collecta

436 1836 628 1889 tribus
673 1836 910 1890 vicibus
963 1837 1116 1890 dicta
1169 1838 1360 1907 fuerit,
1408 1842 1613 1909 quarta
1663 1841 1792 1894 vice
1842 1856 1959 1895 non
2008 1842 2100 1894 est

438 1923 770 1992 dicendum,
800 1923 915 1977 nisi
947 1924 1265 1979 versiculis
1298 1926 1632 1995 praemissis
1664 1927 1890 1997 absque
1934 1926 2101 1981 salu-

435 2011 671 2079 tatione,
706 2012 1078 2066 Misereatur
1114 2015 1304 2067 vestri
1330 2015 1698 2086 omnipotens
1725 2015 1906 2069 Deus.
1930 2013 2100 2080 Quod

429 2104 624 2155 tamen
656 2116 764 2155 nec
797 2100 1009 2154 domno
1056 2101 1249 2155 abbati
1295 2118 1551 2173 unquam
1596 2118 1705 2157 nec
1750 2102 1952 2173 priori.
1987 2102 2098 2156 Mi-

426 2189 654 2262 graturi
688 2192 823 2260 post
840 2189 1060 2243 ﬁnitam
1083 2190 1405 2261 quamlibet
1429 2191 1631 2245 horam
1650 2191 1876 2246 elevata
1899 2207 2095 2259 manu,

429 2281 486 2333 et
517 2278 693 2349 signo
735 2279 937 2333 crucis
970 2295 1102 2333 cum
1134 2295 1201 2334 ea
1248 2282 1450 2334 contra
1494 2280 1796 2334 dominum
1828 2280 2100 2335 abbatem

427 2366 523 2422 vel
550 2368 810 2437 priorem
859 2367 1043 2437 facto,
1077 2368 1155 2422 ita
1205 2371 1410 2439 petunt
1457 2369 1754 2423 licentiam
1802 2368 2096 2435 abeundi;

428 2470 545 2527 quo
576 2459 870 2511 annuente
903 2461 959 2511 et
985 2456 1103 2510 illis
1134 2473 1347 2512 rursus
1389 2461 1451 2511 nt
1488 2458 1673 2512 moris
1710 2460 1820 2528 est,
1852 2458 1926 2511 ad
1958 2473 2101 2529 gra-

431 2546 571 2600 dum
604 2544 1450 2617 inclinantibus,prosequitur
1480 2546 1765 2601 sacerdos
1798 2546 1894 2600 his
1915 2545 2102 2600 versi-

431 2632 604 2697 culis,
640 2648 825 2703 eaque
846 2632 1090 2687 collecta
1112 2650 1124 2688 :
1162 2633 1378 2689 Salvos
1397 2634 1493 2689 fac
1513 2651 1744 2700 servos,
1768 2638 1904 2704 etc.,
1921 2634 2101 2689 Mitte

434 2721 543 2788 eis,
562 2723 697 2789 etc.,
715 2720 1773 2794 Adesto,Domine,supplicationibus
1786 2723 2101 2792 nostris,et

439 2810 591 2863 viam
623 2808 785 2878 fam,
807 2812 918 2863 etc.
935 2808 1043 2874 Qui
1065 2826 1174 2865 noc
1189 2811 1305 2864 nisi
1322 2827 1497 2865 unam
1516 2814 1746 2865 noctem
1764 2810 1910 2865 foris
1935 2810 2100 2864 clau-

432 2900 623 2952 strum
645 2900 969 2964 morantur,
991 2899 1395 2968 propterhanc
1429 2900 1618 2953 solam
1643 2915 1751 2954 nec
1777 2915 1909 2953 cum
1941 2899 2101 2954 abie-

429 2985 567 3055 rint,
602 3000 712 3039 nec
742 3000 875 3039 cum
906 2985 1206 3054 redierint,
1242 2986 1460 3041 habent
1491 2986 1816 3041 collectam.
1849 2985 2017 3052 Quod
2048 2986 2101 3040 si

429 3073 689 3129 venienti
720 3074 1036 3146 contigerit
1053 3078 1115 3129 ut
1145 3075 1276 3145 ipso
1292 3075 1384 3130 die
1399 3091 1612 3130 rursus
1625 3074 1881 3145 abeat,et
1893 3074 1952 3128 in
1967 3090 2101 3129 cra-

433 3164 588 3219 stino
617 3164 841 3233 redeat,
875 3167 1014 3218 tunc
1046 3163 1096 3218 ei
1130 3180 1245 3218 non
1268 3164 1635 3218 subtrahitur
1664 3164 1821 3235 quod
1848 3163 2100 3217 habuis-

431 3256 523 3308 set
552 3254 612 3308 in
642 3254 841 3324 priore
892 3253 1012 3319 die,
1049 3253 1102 3307 si
1134 3252 1547 3307 remansisset.
1580 3252 1747 3316 Quod
1778 3253 1832 3306 si
1859 3252 1973 3306 duo
2006 3251 2100 3306 vel

430 3342 638 3412 plures
665 3343 784 3396 sint
798 3342 1128 3412 perrecturi
1139 3382 1152 3408 ,
1174 3346 1230 3395 et
1242 3344 1375 3396 ante
1389 3341 1728 3412 generalem
1742 3341 1987 3394 fratrum
2003 3356 2101 3394 re-

432 3430 877 3498 fectionem,vel
910 3433 1118 3498 postea
1150 3444 1283 3483 cum
1317 3428 1715 3484 servitoribus
1744 3428 2098 3497 comessuri,

431 3534 805 3588 nequaquam
836 3518 1047 3571 sedent
1065 3517 1136 3570 ad
1156 3533 1328 3570 unam
1352 3533 1639 3585 mensam,
1658 3517 1765 3571 sed
1779 3517 2100 3587 unusquis-

432 3622 547 3677 que
577 3608 638 3659 in
657 3606 800 3660 sede
824 3621 933 3659 sua
952 3606 1119 3660 sedet
1142 3609 1381 3676 propter
1397 3606 1727 3660 cautionem
1747 3606 2099 3676 disciplinae,

433 3711 541 3749 nec
572 3694 828 3749 comedit
857 3710 1115 3763 unquam
1159 3695 1387 3766 absque
1427 3697 1741 3761 conventu,
1776 3694 1893 3748 nisi
1934 3694 2105 3763 prius

433 3783 728 3853 acceperit
759 3782 1250 3837 benedictionem.
1286 3783 1347 3837 Si
1390 3784 1527 3854 quis
1568 3783 1690 3853 jam
1734 3783 1806 3837 de
1839 3783 2101 3836 claustro

435 3872 663 3941 exierit,
696 3872 844 3925 etad
877 3872 990 3925 hoc
1020 3887 1087 3925 se
1118 3876 1561 3942 praeparaverit,
1595 3874 1657 3926 ut
1696 3871 1853 3926 illico
1895 3886 2104 3926 ascen-

434 3962 532 4015 dat
560 3976 743 4030 super
774 3975 1011 4031 equum,
1054 3960 1107 4013 si
1139 3961 1400 4015 evenerit
1432 3964 1493 4014 ut
1522 3961 1761 4032 signum
1796 3960 1993 4013 audiat
2032 3959 2104 4013 ad

435 4051 613 4105 ullam
639 4050 846 4104 horam
878 4050 1240 4121 regularem,
1273 4053 1331 4103 et
1362 4049 1554 4104 adhuc
1595 4052 1826 4120 positus
1848 4049 1928 4103 sit
1951 4050 2103 4103 intra

437 4143 604 4209 septa
631 4137 998 4205 monasterii,
1032 4137 1411 4192 armamentis
1444 4139 1557 4192 viae
1589 4138 1880 4208 depositis
1912 4151 2109 4191 rever-

432 4231 574 4284 titur
600 4228 673 4282 ad
702 4228 926 4297 horam,
960 4242 1069 4281 nec
1099 4227 1409 4297 praesumit
1440 4226 1653 4280 iterum
1676 4226 1744 4280 D.
1783 4224 1980 4279 abbati
2010 4223 2105 4278 vel

436 4317 617 4388 priori
648 4333 766 4371 non
792 4316 974 4388 loqui,
992 4316 1085 4369 vel
1117 4316 1345 4387 absque
1367 4315 1503 4387 ejus
1528 4314 1765 4370 licentia
1785 4312 2105 4368 exire.Su-

435 4423 544 4477 per
558 4406 847 4462 caballum
860 4420 1252 4474 ascensurus,
1266 4405 1434 4475 prius
1450 4418 1693 4474 cappam
1707 4403 1915 4471 induit,
1931 4417 2106 4473 quam

437 4496 704 4549 froccum
734 4493 990 4565 corrigia
1019 4493 1364 4565 praecingat.
1391 4492 1629 4546 Caballo
1662 4507 1772 4546 suo
1804 4505 2107 4562 nunquam

436 4582 603 4638 frena
649 4581 875 4637 relaxat
916 4582 988 4635 ad
1020 4582 1376 4635 currendum
1397 4622 1411 4650 ,
1446 4596 1555 4635 nec
1598 4579 1727 4648 ipse
1776 4579 1962 4649 pedes
1995 4594 2097 4632 un-
2131 4584 2190 4652 ο

438 4686 613 4743 quam
646 4671 851 4739 currit,
885 4670 1000 4723 nisi
1030 4673 1270 4739 propter
1298 4669 1446 4723 duas
1485 4684 1621 4723 res:
1658 4671 1898 4738 propter
1947 4682 2105 4722 mor-

437 4764 602 4815 tuum
628 4764 684 4814 et
713 4759 1069 4814 incendium.
1102 4758 1167 4811 In
1197 4758 1293 4811 via
1341 4756 1594 4827 positus,
1638 4757 1692 4810 si
1739 4759 1833 4810 est
1878 4755 2105 4825 privata

439 4848 589 4919 dies,
619 4850 676 4902 et
703 4846 1051 4918 hujusmodi
1080 4846 1140 4899 in
1171 4862 1285 4916 qua
1311 4846 1382 4900 ad
1415 4845 1687 4917 singulas
1719 4844 1900 4899 horas
1929 4844 2104 4898 venia

439 4941 532 4991 est
561 4937 828 5007 petenda,
864 4937 992 5006 ipse
1023 4951 1258 5007 quoque
1289 4935 1523 5006 quando
1555 4934 1877 5005 quamlibet
1897 4932 2103 4987 horam

442 5026 783 5091 cantaverit,
819 5024 1127 5079 descendit
1173 5024 1248 5078 ad
1290 5028 1539 5093 terram,
1574 5022 1861 5077 abstrahit
1905 5021 2105 5091 capel-

440 5113 562 5167 lum
592 5113 663 5167 de
712 5114 935 5184 capite,
969 5115 1041 5169 de
1089 5112 1364 5168 manibus
1419 5112 1822 5178 chirothecas,
1872 5111 2104 5165 veniam

442 5200 605 5272 petit,
638 5200 971 5255 Orationem
1004 5203 1368 5257 Dominicam
1400 5201 1568 5272 dicit;
1598 5200 1750 5255 unde
1778 5216 1843 5254 se
1872 5200 2100 5269 levans,

444 5292 620 5361 signo
656 5289 854 5343 crucis
885 5291 1270 5351 factoitcrnm
1302 5292 1532 5345 veniam
1559 5290 1719 5359 petit,
1742 5291 1798 5342 et
1825 5288 1970 5341 hora
1999 5288 2105 5341 im-

445 5378 636 5450 posita
665 5379 820 5433 tenet
852 5378 1025 5431 viam.
1058 5381 1173 5434 Pro
1203 5379 1363 5434 nullo
1396 5380 1605 5435 aestivo
1647 5377 1842 5431 calore
1886 5375 2107 5447 equitat

446 5468 677 5538 absque
709 5467 907 5521 frocco
940 5467 998 5520 in
1031 5468 1156 5522 sola
1201 5469 1450 5523 cuculla.
1492 5467 1652 5521 Talis
1686 5465 1970 5532 famulus,
2005 5464 2105 5535 qui

446 5558 524 5611 sit
552 5555 858 5625 imberbis,
874 5557 967 5609 vel
983 5571 1157 5611 rasus
1169 5556 1436 5626 barbam,
1452 5573 1569 5611 non
1585 5555 1804 5611 soletin
1817 5552 1951 5625 ejus
1966 5568 2105 5609 esse

447 5649 795 5703 commeatu.
830 5645 893 5702 In
924 5644 1057 5718 ipso
1088 5645 1217 5703 loco
1267 5646 1567 5717 decaniae,
1616 5643 1871 5699 famulus
1922 5642 2024 5714 qui
2053 5644 2106 5699 ei

2212 608 2383 663 misia
2414 611 2972 684 administrat,velin
2990 616 3368 675 femoralibus
3381 622 3804 689 solis,nisietiam

2214 697 2396 767 froco,
2431 700 2522 754 vel
2550 703 2805 769 pellioio,
2839 707 2895 759 et
2921 706 3130 777 caligis
3162 709 3237 762 sit
3270 710 3530 767 amictus.
3562 715 3640 767 Ad
3664 731 3806 786 quem

2213 789 2385 841 etiam
2406 789 2558 843 inter
2579 792 3003 848 comedendum
3027 798 3079 849 si
3101 798 3236 866 quid
3255 798 3509 854 breviter
3528 801 3807 874 dixeritpro

2217 877 2311 930 his
2342 894 2474 948 qua:
2504 880 2575 932 ad
2606 897 2877 949 praesens
2910 899 3059 954 opus
3091 885 3378 955 habuerit,
3398 889 3466 943 de
3486 890 3589 943 alia
3618 893 3809 963 loquela

2212 971 2405 1021 tamen
2447 967 2717 1039 longiore
2764 974 2948 1025 cavet.
3000 974 3327 1044 Antequam
3369 978 3646 1049 comedat,
3688 981 3812 1036 dicto

2213 1069 2394 1108 versu
2416 1055 2633 1126 legitur
2646 1072 2881 1128 quoque
2894 1058 3113 1130 aliquid
3127 1061 3197 1115 de
3215 1067 3416 1117 sancta
3432 1063 3721 1135 Scriptura,
3737 1069 3812 1122 vel

2212 1158 2319 1212 per
2346 1142 2543 1212 alium,
2580 1146 2672 1198 vel
2704 1160 2809 1215 per
2839 1147 3050 1217 ipsum,
3086 1151 3143 1203 et
3170 1150 3227 1203 in
3262 1151 3373 1205 ﬁne
3406 1152 3656 1208 similiter
3682 1159 3813 1210 ante-

2210 1247 2383 1302 quam
2399 1237 2758 1303 surgatpost
2773 1238 3336 1294 comestionem.Pro
3358 1241 3511 1295 nullo
3534 1244 3809 1300 commisso

2213 1336 2567 1391 quemquam
2609 1324 2885 1378 verberat
2933 1341 3177 1380 suorum
3224 1328 3678 1384 domesticorum.
3706 1332 3813 1387 Non

2213 1414 2638 1482 caretunquam
2671 1414 3004 1470 testimonio
3028 1417 3275 1470 alterius
3288 1417 3504 1488 fratris,
3527 1419 3617 1490 qui
3645 1434 3813 1474 secum

2204 1501 2431 1573 jugiter
2461 1508 2645 1557 meret
2672 1518 2739 1556 tl‘.
2758 1502 2818 1556 Si
2841 1519 2953 1574 qua
2985 1505 3198 1559 femina
3227 1507 3297 1560 de
3312 1507 3425 1561 alio
3448 1507 3571 1562 loco
3600 1508 3717 1562 talis
3736 1523 3816 1563 sa-

2208 1591 2565 1662 pervenerit,
2601 1592 2694 1645 cui
2728 1592 3050 1662 hospitium
3079 1610 3300 1665 negare
3347 1612 3461 1650 non
3508 1597 3696 1667 possit,
3735 1613 3815 1651 ne.

2210 1697 2504 1753 quaquam
2536 1697 2667 1735 cum
2688 1697 2756 1735 ea
2778 1682 2945 1736 sedet
2969 1683 3041 1736 ad
3066 1699 3245 1737 unam
3275 1685 3556 1753 tabulam;
3585 1686 3650 1739 de
3674 1701 3815 1741 manu

2210 1786 2444 1842 quoque
2476 1770 2709 1825 feminae
2758 1770 2901 1824 nihil
2949 1787 3209 1843 unquam
3253 1774 3483 1844 accipit.
3516 1774 3669 1827 Omni
3702 1777 3815 1828 tem-

2131 1884 2183 1947 B
2212 1876 2351 1932 pore
2382 1863 2694 1930 postquam
2720 1876 2839 1915 nox
2868 1860 3065 1929 fuerit,
3098 1862 3216 1916 nisi
3238 1863 3434 1933 aliqua
3465 1863 3559 1916 tali
3588 1863 3815 1919 necessi-

2208 1951 2325 2004 tate
2356 1948 2692 2003 imminente
2724 1952 2781 2003 et
2814 1949 3165 2020 impediente
3187 1992 3201 2019 ,
3252 1950 3509 2021 alioquin
3549 1951 3816 2021 completo-

2211 2039 2363 2093 rium
2391 2037 2642 2093 ulterius
2669 2053 2786 2092 non
2808 2037 3020 2107 differt,
3043 2040 3098 2093 si
3115 2041 3206 2094 est
3239 2039 3467 2094 cuculla
3490 2039 3816 2109 exutus,nul-

2210 2127 2333 2181 lum
2362 2127 2606 2182 verbum
2638 2126 2778 2181 facit
2815 2130 2932 2182 tam
2978 2128 3038 2182 in
3082 2131 3257 2183 nocte
3286 2144 3460 2199 quam
3509 2129 3564 2181 in
3599 2128 3698 2182 die.
3727 2126 3818 2181 0b-

2211 2218 2411 2271 servat
2440 2218 2613 2271 etiam
2642 2231 2715 2270 ne
2746 2232 3042 2289 quoquam
3067 2220 3248 2287 ponat
3277 2233 3405 2273 eam
3432 2216 3529 2272 ubi
3558 2234 3587 2271 a
3628 2233 3687 2272 se
3713 2217 3817 2271 lon-

2211 2306 2349 2377 gius
2387 2305 2468 2359 sit
2505 2309 2775 2375 separata
2819 2321 2995 2376 quam
3033 2305 3272 2361 cubitus
3320 2322 3492 2361 unus.
3525 2305 3586 2361 Si
3621 2310 3819 2375 propter

2211 2395 2469 2449 calorem
2482 2394 2711 2449 frocum
2727 2395 3041 2465 exuerit,in
3060 2395 3291 2450 cuculla
3307 2396 3511 2451 sedere
3522 2391 3818 2465 poterit,sed

2209 2483 2289 2537 ita
2321 2487 2381 2538 ut
2411 2498 2521 2538 nec
2550 2483 2868 2556 guuellam,
2894 2499 3004 2538 nec
3033 2484 3336 2555 pellicium
3381 2485 3585 2539 subtus
3624 2482 3816 2548 habeat,

2210 2588 2319 2626 nec
2352 2572 2510 2626 aliud
2541 2572 2859 2643 quidquam
2889 2575 3065 2644 quam
3094 2572 3449 2628 stamineum
3478 2587 3658 2627 suum.
3691 2567 3818 2624 Nihil

2211 2676 2345 2715 cum
2374 2661 2611 2732 ingenio
2633 2662 2912 2730 lucretur,
2935 2661 3050 2715 nisi
3081 2678 3265 2732 agros
3299 2666 3355 2716 et
3384 2662 3581 2715 vineas
3615 2660 3819 2729 diligen-

2209 2755 2299 2806 ter
2328 2754 2584 2820 exercet,
2622 2755 2677 2806 et
2707 2751 2806 2806 alit
2838 2767 3050 2822 pecora
3083 2757 3139 2807 et
3170 2751 3461 2821 jumenta.
3503 2749 3647 2805 Nihil
3674 2749 3820 2803 habet

2209 2840 2641 2909 absconditum,
2675 2856 2783 2895 nec
2813 2841 2874 2893 in
2905 2840 3141 2894 domum
3186 2843 3522 2894 extraneam
3567 2850 3814 2893 commen-

2210 2930 2426 2992 datum,
2462 2928 2618 2999 quod
2647 2944 2681 2982 a
2710 2928 2937 2983 nostris
2968 2927 3303 2999 majoribus
3335 2928 3564 2982 omnino
3592 2927 3674 2979 est
3705 2937 3820 2977 ana-

2208 3018 2665 3072 thematizatum.
2697 3016 2887 3088 Seges
2917 3019 2974 3071 et
3004 3018 3205 3071 vinum
3232 3017 3464 3088 quando
3495 3032 3565 3069 ex
3591 3018 3695 3068 toto
3726 3010 3823 3064 fue-

2207 3107 2283 3163 rit
2315 3101 2644 3176 collectum,
2669 3107 2849 3177 venit,
2871 3120 2945 3160 ex
2974 3121 3158 3175 more,
3181 3107 3370 3176 prior,
3402 3105 3556 3159 videt
3584 3097 3822 3174 quidquid

2207 3195 2483 3251 habuerit
2514 3195 2572 3248 in
2604 3194 2865 3264 cellario,
2904 3194 3189 3266 quidquid
3218 3195 3283 3249 in
3318 3195 3547 3249 horreo.
3578 3191 3822 3257 Quantum

2208 3285 2441 3339 videtur
2483 3284 2716 3339 dimittit
2745 3284 2819 3337 ad
2850 3286 3239 3338 commeatum
3282 3284 3519 3351 decani,
3562 3285 3615 3336 et
3657 3276 3819 3345 hospi-

2204 3376 2327 3427 tum
2355 3372 2991 3443 supervenientium,et
3011 3371 3083 3425 ad
3114 3388 3269 3442 Opus
3291 3368 3642 3444 agricolandi
3662 3386 3675 3433 ;
3694 3361 3821 3436 quod

2210 3463 2504 3532 superest,
2526 3460 2695 3531 jubet
2713 3461 2786 3514 ad
2813 3461 3237 3514 monasterium
3261 3460 3498 3515 deferri.
3523 3458 3589 3512 Et
3616 3458 3728 3525 ipse
3745 3452 3823 3505 de-

2212 3566 2418 3619 canus,
2438 3549 2817 3620 sialiqnando
2841 3549 3090 3619 cmperit
3108 3549 3419 3619 inﬁrmari,
3439 3551 3495 3603 et
3522 3549 3576 3601 in
3604 3544 3821 3600 claustro

2211 3638 2390 3693 fuerit
2419 3654 2551 3692 cum
2581 3638 2713 3691 aliis
2745 3638 3018 3705 inﬁrmis,
3053 3638 3125 3692 de
3157 3642 3375 3693 caelero
3401 3653 3514 3691 non
3544 3629 3825 3689 intromittit

2213 3742 2280 3781 se
2302 3727 2373 3781 de
2405 3726 2757 3795 obedientia,
2790 3742 2983 3797 usque
3014 3727 3149 3780 dum
3185 3741 3373 3781 sanus
3404 3725 3516 3789 sit;
3556 3726 3609 3777 et
3647 3722 3821 3775 iterum

2211 3814 2346 3886 ejus
2360 3815 2725 3885 dispensatio
2743 3818 2860 3869 tota
2875 3818 2968 3869 est
2983 3816 3042 3868 in
3060 3831 3234 3869 manu
3257 3814 3560 3885 prioris.Si
3574 3812 3695 3882 quis
3715 3807 3823 3878 ejus

2211 3904 2520 3957 familiaris
2556 3920 2661 3973 pro
2695 3904 2931 3974 antiqua
2981 3903 3315 3958 familiarite
3348 3903 3653 3974 quidquam
3687 3897 3733 3951 ei
3757 3894 3824 3947 di-

2215 3992 2460 4061 rexerit,
2494 3992 2608 4047 hoc
2636 4008 2755 4046 non
2785 3994 2859 4060 ei,
2896 3993 3004 4047 sed
3047 3995 3270 4046 tantum
3321 3992 3557 4047 cellario
3602 3998 3822 4059 praesen-

2212 4085 2406 4150 tatur,
2459 4085 2519 4135 ut
2563 4096 2681 4135 non
2728 4081 2919 4153 magis
2970 4081 3026 4135 ei
3055 4097 3229 4151 quam
3280 4081 3551 4136 omnibus
3594 4072 3825 4144 expediat

2210 4171 2484 4225 inﬁrmis.
2516 4170 2743 4235 Quibus
2776 4170 2946 4224 etiam
2964 4173 3301 4240 postquam,
3322 4167 3599 4241 quidquid
3627 4165 3712 4230 sit,
3727 4160 3827 4214 fue-

2211 4260 2285 4314 rit
2315 4275 2663 4331 expensum,
2715 4258 3075 4312 inﬁrmarius
3122 4258 3441 4313 innotescit
3471 4273 3503 4311 a
3533 4270 3640 4326 quo
3668 4254 3717 4306 et
3740 4263 3826 4321 per

2211 4364 2388 4419 quem
2418 4347 2762 4420 liujusmodi
2788 4347 3060 4401 habuerit
3088 4346 3455 4403 charitatem.

2849 4452 3100 4507 CAPUT
3135 4454 3232 4507 VI.

2701 4541 2790 4596 De
2811 4543 3022 4613 priore
3053 4540 3383 4597 claustrali.

2280 4665 2629 4722 Claustralis
2658 4665 2825 4736 prior
2842 4666 3102 4720 vicarius
3123 4668 3217 4720 est
3246 4665 3491 4737 maioris
3519 4660 3715 4734 prioris
3742 4669 3825 4726 per

2211 4757 2424 4812 omnia.
2471 4755 2581 4809 Hic
2631 4757 2723 4810 est
2761 4770 3116 4826 quocunque
3159 4756 3415 4810 domnus
3459 4753 3635 4807 abbas
3679 4743 3823 4817 proﬂ-

2216 4846 2492 4913 ciscatur,
2539 4860 2892 4916 quocunque
2931 4845 3125 4914 prior,
3158 4844 3262 4914 qui
3303 4845 3365 4897 in
3414 4842 3659 4897 claustro
3693 4831 3825 4906 ,1υεὶ-

2211 4937 2302 4989 ter
2332 4938 2613 5002 moratur,
2630 4938 2685 4988 et
2707 4933 2807 5004 qui
2837 4933 3134 5002 praecipue
3166 4932 3399 5003 pondus
3430 4930 3601 4985 totius
3633 4919 3823 4980 ordinis

2213 5026 2438 5094 portat;
2471 5025 2713 5093 propter
2755 5021 2913 5092 quod
2962 5023 3155 5075 tamen
3201 5022 3259 5074 in
3290 5021 3470 5075 choro
3500 5033 3609 5072 non
3638 5015 3718 5068 est
3741 5006 3823 5061 ali-

2216 5111 2559 5184 quantulum
2590 5113 2918 5181 promotus,
2939 5112 3183 5180 excepto
3216 5109 3373 5180 quod
3403 5108 3635 5162 absente
3661 5098 3823 5171 priore

2216 5199 2443 5271 primus
2467 5198 2657 5268 offert,
2674 5198 2901 5269 primus
2924 5199 3189 5270 procedit
3207 5198 3280 5251 ad
3298 5211 3525 5267 pacem,
3553 5196 3606 5247 et
3630 5189 3823 5261 primus

2216 5291 2287 5344 ad
2320 5306 2530 5361 aquam
2559 5288 2950 5343 benedictam.
2986 5287 3102 5343 Sed
3133 5288 3366 5359 quoties
3385 5284 3679 5339 duodecxm
3706 5273 3825 5330 ﬁunt

2215 5379 2522 5445 lectiones,
2554 5378 2654 5431 uni
2691 5377 2761 5432 de
2793 5377 3004 5431 albatis
3030 5377 3250 5446 annuit,
3284 5377 3345 5430 ut
3373 5374 3478 5445 per
3506 5363 3823 5425 eumhostiaa

2215 5466 2567 5530 oﬁ‘erantur;
2591 5466 2808 5520 hocest
2829 5467 3022 5519 autem
3054 5465 3211 5536 quod
3243 5464 3399 5519 nullo
3429 5462 3521 5516 die
3552 5449 3819 5513 dimiserit.

2212 5557 2357 5610 Post
2370 5554 2815 5625 completorium
2835 5556 3071 5624 accepta
3088 5553 3496 5609 benedictione
3510 5542 3824 5631 seceditsta:

2214 5662 2278 5701 re
2295 5660 2477 5716 prope
2492 5643 2707 5699 ostium
2739 5643 3033 5715 ecclesia,
3058 5645 3121 5698 ut
3150 5641 3420 5714 singulos
3439 5630 3622 5710 possit
3647 5630 3826 5688 intueri
