4028 6176
215 337 320 399 741

817 327 1523 393 CONSUETUDINES
1561 326 2223 391 CLUNIACENSES.
2247 363 2323 377 —
2353 328 2608 394 LIBER
2635 333 2999 399 TERTIUS.

3522 341 3640 415 7.42

210 537 487 610 quomodo
508 535 790 589 inclinant
819 534 893 588 ad
923 532 1144 604 altaria,
1170 534 1226 587 et
1259 532 1330 585 ad
1360 529 1732 585 sacerdotem
1753 545 1859 600 per
1887 513 1949 582 Α
1974 533 2030 584 et
2060 530 2233 586 mittit
2270 531 2330 586 in
2361 548 2596 587 manum
2642 535 2709 589 D.
2743 536 2996 593 abbatis.
3039 539 3145 595 Est
3175 543 3366 596 autem
3418 542 3634 615 hujus-

214 642 375 698 quem
397 628 811 695 asperguntur.
836 624 1158 694 Postquam
1178 636 1384 676 omnes
1403 620 1671 687 exierint,
1707 619 1857 673 acci-

207 718 281 788 pit
310 715 662 768 abseensam
694 713 765 767 ab
796 712 1275 782 hebdomadario,
1301 727 1434 783 quae
1457 710 1758 763 candelam
1778 709 1859 762 in-

205 804 379 858 terius
438 802 612 855 habet
662 818 1005 872 accensam,
1048 805 1104 855 et
1151 800 1373 870 capelle
1424 800 1626 853 induto
1673 801 1856 852 totum

206 894 517 948 claustrum
547 893 883 961 perlustrat.
932 892 1132 945 Primo
1178 890 1335 944 videt
1367 890 1419 943 si
1452 888 1654 943 clausa
1696 888 1773 941 sit
1802 891 1858 941 et

205 983 469 1036 obserata
491 981 702 1035 domus
735 980 1218 1050 eleemosynaria,
1255 978 1505 1049 coquina
1534 976 1851 1048 regularis,

205 1070 592 1137 refectorium,
615 1070 762 1123 cella
792 1070 1165 1138 novitiorum,
1199 1068 1252 1122 si
1282 1068 1417 1139 quis
1447 1067 1637 1121 adhuc
1671 1066 1766 1135 sit,
1799 1067 1856 1119 et

205 1163 429 1229 propter
458 1159 598 1229 quid
633 1163 762 1213 ante
811 1159 1133 1228 cellarium,
1170 1157 1306 1228 quid
1354 1160 1564 1227 agatur
1591 1157 1652 1209 in
1682 1156 1853 1208 domo

206 1248 421 1302 inﬁrmo
440 1265 591 1315 rum,
613 1248 665 1302 si
699 1248 913 1302 infirmi
939 1247 1062 1317 jam
1095 1248 1145 1301 si
1180 1246 1618 1315 collocaverint,
1643 1248 1699 1299 et
1720 1258 1858 1316 quo-

202 1338 358 1391 modo
389 1352 458 1391 se
493 1337 767 1405 habeant,
795 1338 848 1390 si
878 1337 1012 1408 quis
1044 1352 1249 1390 eorum
1280 1335 1471 1389 adhuc
1505 1336 1859 1389 remanserit

202 1427 251 1479 in
280 1426 537 1480 ecclesia
568 1424 628 1479 S.
672 1427 894 1494 Mariae,
938 1425 1205 1479 ascendit
1251 1424 1681 1492 dormitorium,
1714 1439 1857 1494 por-

200 1520 317 1568 tans
366 1530 599 1584 secum,
651 1517 704 1569 si
754 1515 891 1586 quid
933 1515 1080 1569 forte
1127 1515 1185 1567 in
1234 1515 1493 1567 claustro
1525 1514 1859 1584 neglectum

150 1665 157 1671 ,
199 1603 512 1674 offenderit,
549 1607 605 1659 et
633 1604 918 1675 perspicit
942 1618 1146 1659 omnes
1170 1602 1647 1657 necessariarum
1679 1601 1860 1656 sedes

200 1710 225 1746 a
253 1694 357 1747 ﬁne
390 1709 589 1764 usque
620 1695 690 1748 ad
724 1694 920 1748 ﬁnem.
956 1693 1021 1747 In
1059 1693 1152 1747 his
1184 1691 1460 1746 omnibus
1493 1691 1547 1745 si
1580 1691 1721 1762 quid
1752 1706 1858 1744 ne-

198 1782 484 1853 gligentiae
520 1781 849 1853 offenderit,
884 1785 941 1836 in
973 1783 1244 1853 sequenti
1263 1780 1356 1834 die
1386 1780 1445 1834 in
1480 1780 1733 1850 capitulo
1765 1795 1859 1833 re-

199 1872 409 1925 clamat.
447 1871 515 1925 In
550 1873 740 1927 hieme
774 1873 913 1927 facit
942 1873 1115 1926 aliam
1147 1872 1362 1925 circam
1385 1870 1457 1924 ad
1488 1869 1860 1923 intervallum

197 1960 333 2030 quod
367 1960 525 2014 solet
556 1978 694 2016 esse
740 1963 893 2017 inter
933 1965 1286 2030 nocturnos,
1339 1964 1395 2014 et
1425 1958 1773 2026 matutinos;
1806 1961 1862 2011 et

197 2049 248 2102 in
273 2048 365 2103 illa
394 2049 614 2104 circuit
643 2051 818 2105 etiam
869 2051 1062 2106 omnia
1111 2050 1260 2106 lecta
1290 2049 1537 2103 fratrum
1579 2051 1635 2101 et
1666 2046 1862 2101 omnia

197 2138 453 2194 ecclesiae
488 2140 716 2195 altaria.
751 2141 823 2196 Et
854 2146 914 2196 ut
934 2141 1196 2195 breviter
1227 2140 1298 2193 de
1320 2138 1454 2211 ejus
1486 2136 1681 2192 ofﬁcio
1715 2150 1860 2189 con-

198 2227 429 2299 cludam,
466 2231 525 2284 si
562 2232 815 2287 domnus
847 2231 1031 2287 abbas
1064 2246 1180 2284 non
1202 2228 1370 2283 adest
1393 2242 1500 2281 nec
1531 2226 1717 2296 prior,
1742 2238 1861 2277 non

197 2316 373 2374 solum
421 2337 642 2377 omnes
683 2325 1116 2389 obedientiarii,
1154 2322 1256 2394 qui
1297 2321 1356 2374 in
1405 2318 1661 2374 claustro
1696 2319 1857 2373 sunt:

198 2409 461 2465 obediunt
494 2411 636 2483 ejus
665 2414 932 2484 imperio,
971 2415 1078 2469 sed
1100 2414 1274 2468 etiam
1297 2413 1411 2483 ipsi
1444 2413 1515 2466 ad
1546 2411 1858 2483 quodcun-

199 2516 298 2569 que
327 2516 477 2570 opus
512 2500 713 2571 fuerit,
750 2502 978 2557 deeani.
999 2502 1061 2559 Si
1083 2518 1258 2574 quem
1288 2502 1482 2557 tamen
1504 2499 1859 2554 monachum

197 2589 386 2659 recipit
421 2590 498 2645 de
533 2591 649 2646 alio
681 2592 1059 2661 monasterio,
1092 2593 1232 2647 huic
1257 2592 1575 2646 fraternam
1607 2588 1859 2644 societa-

199 2684 300 2731 tem
328 2694 431 2747 per
470 2681 674 2734 omnia
704 2682 965 2736 tribuere
1009 2681 1240 2751 poterit,
1293 2683 1538 2750 excepto
1583 2677 1857 2749 capitulo,

199 2767 334 2836 quod
367 2769 572 2822 solum
603 2770 818 2824 domno
868 2770 1067 2825 abbati
1110 2773 1400 2825 reservat.
1449 2768 1635 2823 Habet
1664 2768 1859 2821 autem

200 2857 248 2909 et
274 2857 393 2926 ipse
424 2856 848 2928 suti‘raganeos
883 2875 1064 2924 suos;
1110 2875 1289 2913 unum
1320 2859 1420 2928 qui
1465 2857 1736 2928 suppleat
1769 2856 1858 2908 vi-

201 2959 310 2997 cem
367 2945 502 3016 ejus
553 2947 821 3001 absentis
855 2949 915 3002 in
949 2948 1208 3021 singulis
1258 2964 1410 3018 quae,
1463 2947 1525 3000 ut
1554 2947 1733 3015 aiunt,
1785 2944 1861 2999 ad

203 3050 418 3088 manum
447 3040 594 3089 sunt
626 3037 876 3107 agenda,
911 3036 1253 3105 circatores,
1289 3035 1614 3107 magistros
1644 3048 1858 3105 puero-

201 3139 330 3190 rum,
365 3124 666 3196 juvenum
698 3126 1001 3180 custodes.

825 3213 1077 3270 CAPUT
1111 3214 1234 3269 VII.

757 3303 847 3359 De
878 3302 1293 3358 circatoribus.

267 3398 632 3453 Cireatorum
661 3410 875 3449 munus
899 3397 990 3448 est
1011 3396 1072 3448 ut
1091 3408 1296 3447 omnes
1319 3391 1719 3463 negligentias
1744 3393 1859 3445 tam

200 3488 449 3542 minimas
478 3501 661 3558 quam
690 3483 972 3555 majores,
1002 3499 1135 3554 quae
1167 3481 1283 3536 ullo
1319 3481 1491 3535 modo
1523 3472 1727 3535 contra
1759 3497 1858 3535 or-

201 3576 375 3631 dinem
403 3578 669 3647 possunt
725 3574 1071 3644 contingere
1101 3613 1114 3640 ,
1146 3573 1380 3641 notent,
1416 3573 1472 3624 et
1518 3570 1577 3624 in
1609 3570 1861 3640 capitulo

202 3667 501 3721 reclamant
526 3683 540 3730 ;
578 3668 634 3719 et
659 3666 967 3734 propterea
986 3664 1169 3716 totum
1189 3660 1510 3714 claustrum
1534 3675 1650 3713 non
1678 3658 1863 3713 semel

206 3756 298 3810 sed
325 3754 632 3809 multoties
680 3752 740 3805 in
771 3752 865 3805 die
913 3750 1291 3818 circumeant,
1326 3752 1389 3802 ut
1438 3764 1545 3801 nec
1585 3748 1754 3801 locus
1786 3748 1863 3801 sit

200 3861 294 3898 nec
323 3845 463 3899 hora
497 3845 563 3896 in
595 3858 711 3912 qua
752 3840 933 3895 frater
975 3839 1130 3893 ullus
1181 3852 1433 3892 securus
1478 3852 1616 3891 esse
1646 3836 1860 3907 possit,

203 3933 248 3986 si
272 3935 377 3988 tale
409 3933 558 4005 quid
591 3929 974 3996 commiserit,
999 3944 1115 3982 non
1148 3926 1511 3997 deprehendi
1534 3927 1591 3980 et
1619 3941 1737 3980 non
1758 3942 1863 3996 pu-

202 4020 410 4076 blicari.
446 4022 640 4093 Igitur
670 4017 1096 4081 obedientiarii,
1132 4017 1231 4087 qui
1260 4032 1376 4070 non
1411 4017 1663 4084 possunt
1694 4015 1865 4068 omit-

204 4115 312 4165 tere
340 4114 401 4165 ut
427 4108 749 4181 aliquando
776 4108 909 4162 aliis
926 4106 1243 4162 silentibus
1266 4105 1337 4179 de
1361 4103 1714 4158 obedientiis
1733 4107 1863 4161 suis

202 4199 534 4271 loquantur,
571 4198 623 4251 si
655 4213 829 4269 quem
874 4197 1231 4251 circatorum
1271 4195 1528 4249 viderint
1573 4210 1865 4264 superve-

205 4289 336 4357 nire,
378 4289 662 4344 continuo
707 4289 1061 4357 assurgunt,
1115 4288 1171 4340 et
1214 4285 1549 4340 summatim
1582 4284 1864 4339 demons-

208 4380 342 4432 trant
370 4394 507 4448 quae
544 4377 624 4430 sit
655 4376 741 4430 eis
774 4375 1108 4430 necessitas
1146 4374 1444 4446 loquendi.
1483 4374 1709 4428 Domno
1757 4375 1864 4429 ab-

205 4464 309 4520 bati
337 4469 391 4521 et
411 4466 597 4537 priori
629 4465 707 4517 ita
736 4463 1006 4518 deferunt
1037 4463 1357 4517 circatores
1401 4466 1461 4517 ut
1494 4479 1865 4535 nequaquam

207 4556 424 4609 veniant
454 4554 555 4609 ubi
604 4568 710 4607 eos
742 4554 1012 4608 noverint
1043 4568 1213 4623 esse;
1256 4552 1428 4623 quia,
1475 4554 1537 4605 ut
1578 4554 1865 4622 scriptum

207 4648 285 4697 est
316 4660 327 4697 :
359 4645 493 4699 Non
527 4649 621 4697 est
651 4644 977 4716 discipulus
998 4661 1178 4716 super
1209 4645 1576 4716 magistrum.

808 4752 1058 4805 CAPUT
1090 4751 1236 4805 VIII.

510 4840 601 4894 De
628 4842 837 4911 pueris
865 4846 923 4895 et
960 4856 1159 4894 eorum
1206 4840 1538 4910 magistris.

272 4925 417 4981 Puer
445 4929 550 4999 qui
581 4944 715 4983 eum
746 4928 879 4982 laici
902 4929 991 4983 vel
1013 4928 1679 4996 clericalihabituvenit,
1706 4927 1864 4981 hunc

210 5017 555 5071 camerarius
589 5017 648 5070 in
689 5017 1034 5072 vestiarium
1083 5017 1246 5071 ducit
1275 5017 1483 5071 eodem
1515 5016 1687 5069 modo
1719 5031 1860 5069 ves-

210 5101 448 5158 tiendum
482 5122 597 5176 quo
621 5106 866 5176 quilibet
887 5107 1144 5161 novitius
1168 5107 1437 5176 vestitur,
1471 5108 1689 5176 praeter
1705 5105 1864 5174 quod

213 5191 258 5242 ci
285 5208 395 5247 non
426 5196 796 5264 stamineum,
834 5196 937 5250 sed
968 5211 1075 5266 pro
1113 5197 1400 5250 stamineo
1433 5195 1677 5250 camisia
1707 5195 1862 5249 linea

213 5277 386 5334 datur.
419 5282 561 5337 Cum
594 5284 790 5338 visum
840 5285 1015 5339 fuerit
1055 5285 1268 5339 domno
1318 5286 1536 5355 abbati,
1572 5284 1860 5355 capellum

213 5363 277 5418 de
304 5367 465 5424 froco
497 5370 628 5442 ejus
654 5372 827 5442 jubet
847 5373 1087 5444 auferri,
1130 5377 1186 5429 ct
1217 5375 1506 5429 cucullam
1538 5374 1591 5428 ei
1613 5373 1862 5427 dandam

214 5453 508 5512 benedicit.
569 5461 746 5515 Jubet
811 5462 983 5517 etiam
1035 5463 1134 5516 uni
1197 5464 1443 5517 fratrum
1494 5467 1555 5517 ut
1609 5479 1858 5533 puerum

219 5543 405 5600 olTerat
432 5548 556 5603 vice
587 5556 891 5618 parentum
932 5551 1088 5623 ejus.
1140 5551 1250 5637 Qpi
1288 5553 1646 5623 petitionem,
1682 5568 1857 5623 quam

216 5631 461 5689 facturus
492 5643 598 5709 est,
660 5641 980 5710 scriptuam
1015 5631 1241 5696 habens
1273 5643 1580 5713 conﬁrmat
1610 5658 1737 5696 eam
1771 5642 1858 5696 si—

222 5736 326 5788 gno
355 5728 594 5796 propriae
627 5744 856 5801 manus,
890 5733 945 5785 et
976 5733 1183 5801 postea
1212 5731 1355 5804 legit
1386 5748 1514 5787 eam
1543 5732 1602 5788 in
1631 5736 1853 5803 aperto,

1889 3249 1942 3314 ϐ

1974 620 2130 675 modi
2165 636 2176 675 :
2212 620 2343 692 Ego
2390 622 2587 676 frater
2629 623 2707 679 N.
2760 624 2946 682 offero
2989 627 3113 682 Deo
3153 636 3212 684 et
3242 632 3470 687 sanctis
3509 637 3640 705 ejus

1973 708 2256 780 apostolis
2271 709 2460 765 Petro
2482 717 2540 766 et
2554 712 2640 766 Pa
2649 712 2739 768 ulo
2752 714 2788 767 Ι)
2797 731 2904 769 unc
2910 732 3157 786 puerum
3177 720 3408 774 nomine
3418 721 3496 776 N.
3512 723 3638 776 vice

1963 805 2278 869 parentum
2293 801 2423 870 ejus
2440 817 2565 854 cum
2580 802 2875 858 oblatione
2888 805 2950 857 in
2963 822 3134 859 manu
3146 812 3317 879 atque
3322 810 3634 879 petitione,

1971 887 2185 942 altaris
2227 888 2384 959 palla
2428 906 2600 944 manu
2646 892 2772 963 ejus
2798 894 3082 965 involuta,
3117 896 3193 950 ad
3224 913 3430 952 nomen
3467 915 3636 953 sane-

1975 982 2162 1031 torum
2195 993 2433 1048 quorum
2477 979 2575 1033 llic
2613 980 2883 1052 reliquiae
2923 984 3301 1039 continentur
3340 992 3398 1041 et
3443 988 3639 1042 domni

1974 1064 2211 1120 abbatis
2238 1067 2315 1123 Ν.
2338 1070 2683 1138 praesentis,
2712 1071 2880 1125 trado
2906 1087 3100 1126 coram
3133 1075 3390 1130 testibus
3404 1077 3639 1148 regula-

1972 1156 2133 1210 riter
2156 1173 2627 1227 permansurum,
2646 1160 2728 1213 ita
2753 1166 2812 1219 ut
2843 1161 2917 1216 ab
2938 1163 3047 1216 liae
3084 1164 3180 1218 die
3204 1180 3315 1219 non
3346 1165 3527 1220 liceat
3548 1167 3641 1221 illi

1974 1244 2181 1299 collum
2195 1246 2268 1300 de
2286 1246 2395 1299 sub
2405 1248 2551 1318 jugo
2570 1255 2853 1303 excutere
2869 1251 3092 1322 regulae
3109 1268 3121 1317 ;
3147 1253 3257 1307 sed
3273 1256 3466 1325 magis
3483 1257 3638 1327 ejus-

1976 1334 2107 1389 dem
2136 1335 2360 1407 regulae
2381 1336 2648 1391 ﬁdeliter
2682 1354 2747 1392 se
2766 1347 3079 1410 cognoscat
3099 1342 3375 1397 instituta
3411 1344 3637 1400 debere

1975 1440 2246 1488 servare,
2271 1431 2329 1478 et
2346 1425 2985 1482 Dominocumereteris
3022 1432 3291 1501 gratanti
3325 1434 3518 1488 animo
3537 1435 3640 1487 mi-

1973 1514 2173 1569 litare.
2192 1514 2274 1567 Et
2294 1519 2351 1567 ut
2374 1515 2500 1569 haec
2508 1516 2638 1586 peti
2644 1516 2724 1569 tie
2739 1516 2910 1571 firma
2927 1527 3293 1592 permaneat,
3319 1539 3493 1576 manu
3507 1539 3637 1578 mea

1976 1602 2358 1657 subterﬁrma
2371 1604 2445 1674 vi,
2465 1604 2833 1677 testibusque
2858 1607 3086 1663 tradidi
3095 1610 3510 1666 roborandam.
3532 1614 3640 1667 Ac-

1974 1692 2113 1762 cipit
2157 1694 2286 1763 ipse
2316 1709 2465 1764 puer
2511 1712 2642 1749 cum
2682 1695 2978 1752 oﬂ‘ertorio
3014 1701 3283 1768 patenam
3314 1703 3371 1755 et
3393 1702 3639 1757 calicem

1975 1782 2167 1835 hostia
2197 1782 2474 1853 imposita
2514 1788 2571 1839 et
2604 1786 2742 1839 vino
2772 1785 2970 1841 infuso
2992 1828 3005 1854 ,
3049 1789 3104 1841 et
3130 1789 3206 1843 ita
3241 1790 3502 1845 vicarius
3540 1793 3638 1847 ille

1893 1890 1946 1955 Β
1975 1860 2221 1926 involvit
2252 1888 2485 1926 manum
2517 1874 2683 1943 pueri
2707 1891 2841 1928 cum
2873 1876 3022 1945 palla
3060 1877 3281 1949 altaris,
3315 1882 3378 1933 ut
3406 1882 3523 1934 tam
3553 1881 3641 1951 ip-

1977 1976 2111 2015 sum
2140 1977 2389 2030 puerum
2411 1978 2584 2032 quam
2616 1962 2750 2034 ejus
2770 1965 3131 2020 sacriﬁcium
3155 1966 3359 2022 offerat
3379 1984 3412 2023 a
3441 1984 3641 2025 sacer-

1977 2050 2112 2104 dote
2142 2051 2564 2121 recipiendum.
2607 2053 2825 2107 Postea
2872 2054 3132 2109 induitur
3180 2058 3448 2128 cuculla;
3482 2062 3539 2114 et
3568 2060 3641 2114 de

1978 2141 2193 2195 caetero
2224 2140 2556 2195 benedictio
2578 2141 2712 2212 ejus
2734 2142 3002 2199 differtur
3023 2161 3211 2216 usque
3236 2147 3642 2220 adlegitimam

1979 2233 2226 2301 aetatem,
2259 2230 2318 2284 id
2347 2233 2457 2298 est,
2490 2231 2543 2286 si
2572 2249 2690 2288 non
2720 2236 2992 2305 amplius,
3025 2235 3118 2290 vel
3149 2251 3340 2307 usque
3370 2238 3443 2292 ad
3473 2238 3640 2309 quin-

1978 2320 2168 2374 decim
2197 2336 2385 2374 annos
2418 2322 2628 2376 aetatis.
2664 2323 2902 2378 Rursus
2933 2324 3001 2378 D.
3052 2324 3236 2379 abbas
3267 2341 3400 2380 eum
3432 2326 3640 2382 volue-

1977 2409 2050 2463 rit
2080 2424 2213 2464 eum
2234 2409 2606 2480 benedicere,
2640 2411 2824 2466 refert
2841 2412 2955 2466 hoc
2975 2412 3256 2467 fratribus
3286 2413 3345 2466 in
3363 2413 3635 2485 capitulo,

1977 2503 2033 2553 et
2062 2500 2191 2569 ipse
2223 2498 2467 2570 juvenis
2509 2501 2704 2554 statim
2745 2502 2972 2555 veniam
3017 2503 3178 2572 petit,
3231 2503 3288 2557 et
3317 2502 3388 2556 de
3432 2502 3638 2558 schola

1974 2588 2283 2643 absolutus
2315 2590 2478 2643 venit
2497 2590 2568 2644 ad
2588 2590 2804 2661 pedes;
2832 2592 3025 2647 tamen
3046 2592 3119 2647 ab
3151 2592 3283 2647 aliis
3301 2592 3504 2662 pueris
3522 2607 3642 2647 non

1973 2677 2196 2733 recedit
2227 2693 2419 2749 usque
2450 2680 2522 2733 ad
2544 2679 2746 2733 horam
2760 2681 3209 2736 benedictionis.
3228 2681 3390 2736 Sicut
3404 2681 3499 2735 alii
3529 2697 3641 2737 no-

1973 2765 2119 2835 vitii,
2152 2767 2492 2836 proﬁtetur;
2528 2767 2653 2821 sola
2682 2768 2929 2822 cucullae
2952 2768 3285 2824 benedictio
3315 2785 3430 2823 non
3458 2770 3642 2824 itera-

1972 2858 2085 2925 tur,
2112 2871 2221 2910 nec
2252 2857 2517 2925 exuitur,
2571 2871 2679 2911 nec
2708 2856 2990 2927 induitur,
3024 2857 3141 2912 nisi
3190 2859 3346 2913 sicut
3390 2861 3447 2913 et
3475 2858 3641 2929 prius

1973 2947 2112 2999 erat.
2142 2945 2321 2999 Pueri
2341 2950 2536 3001 autem
2573 2947 2673 3016 qui
2694 2946 2911 3001 suntin
2936 2950 3230 3001 conventu
3261 2952 3488 3018 nostro,
3522 2962 3642 3002 non

1972 3033 2125 3087 ultra
2154 3036 2453 3088 senarium
2483 3035 2856 3105 protendunt,
2892 3038 2949 3090 et
2980 3052 3185 3091 eorum
3206 3036 3479 3107 magistri
3505 3039 3645 3091 sunt

1972 3122 2108 3193 duo,
2144 3123 2329 3178 sinon
2359 3125 2593 3195 plures,’
2634 3129 2828 3179 tamen
2874 3141 3174 3196 nunquam
3215 3129 3353 3180 sunt
3397 3127 3642 3195 paucio-

1972 3228 2092 3267 res.
2126 3213 2386 3277 Quorum
2408 3213 2717 3284 disciplina
2749 3217 2841 3270 est
2863 3215 3224 3287 hujusmodi.
3247 3215 3445 3270 Primo
3465 3215 3643 3269 simul

1974 3305 2032 3357 in
2062 3303 2192 3358 loco
2225 3304 2556 3359 dormitorii
2581 3304 2801 3375 jacent,
2841 3307 2896 3359 et
2927 3304 3177 3376 singula.
3194 3320 3399 3360 eorum
3427 3304 3575 3359 lecta
3609 3320 3644 3383 a

1974 3393 2401 3464 magistrorum
2424 3410 2626 3448 eorum
2657 3394 2827 3448 lectis
2861 3397 2999 3448 sunt
3019 3393 3294 3448 discreta.
3329 3393 3541 3448 Nullus
3573 3408 3643 3448 eo

1976 3483 2127 3541 alius
2160 3482 2443 3537 accedere
2476 3483 2804 3552 praesumit.
2847 3481 2909 3537 Si
2941 3483 3075 3553 quis
3108 3498 3315 3537 eorum
3344 3497 3495 3552 opus
3535 3482 3643 3536 ha-

1976 3572 2169 3627 buerit
2198 3572 2257 3626 in
2279 3576 2450 3627 nocte
2471 3572 2543 3626 ad
2564 3572 2941 3627 necessarias
2971 3572 3079 3640 ire,
3104 3572 3270 3641 prius
3293 3571 3645 3642 magistrum

1979 3662 2176 3716 sonitu
2190 3662 2405 3716 excitat
2422 3677 2605 3732 prope
2620 3677 2685 3716 se
2699 3661 3018 3732 jacentem,
3040 3661 3140 3732 qui
3155 3677 3414 3733 surgens
3438 3677 3646 3716 accen-

1979 3752 2059 3806 dit
2080 3751 2400 3817 lucernam,
2438 3751 2609 3804 mittit
2631 3752 2688 3803 in
2711 3750 3014 3819 laternam,
3036 3766 3287 3822 surgere
3309 3751 3445 3805 facit
3467 3751 3645 3806 alium

1976 3857 2247 3911 puerum.
2270 3840 2489 3895 Eorum
2511 3841 2792 3917 alterutro
2821 3856 3064 3894 sursum
3087 3843 3318 3895 tenente
3336 3843 3640 3912 laternam,

1978 3931 2208 3985 medius
2240 3930 2545 3984 interillos
2569 3930 2853 4001 magister
2874 3929 3111 3999 incedit;
3131 3931 3217 3984 sic
3242 3930 3515 3985 nimirum
3538 3945 3644 3986 eos

1978 4020 2206 4076 ducitet
2221 4019 2467 4087 reducit,
2490 4034 2599 4072 nec
2615 4018 2918 4072 candelam
2939 4019 3264 4090 exstinguit
3283 4036 3474 4090 usque
3506 4020 3645 4074 dum

1978 4111 2150 4164 ambo
2184 4106 2677 4163 sintrecolloeati.
2703 4105 2848 4161 Cum
2872 4108 3062 4161 autem
3093 4108 3289 4161 cuncti
3323 4124 3391 4162 se
3418 4107 3648 4163 levave-

1978 4199 2096 4252 rint
2118 4197 2187 4252 ad
2203 4198 2543 4265 nocturnos,
2560 4198 2699 4249 eunt
2718 4197 2892 4249 simul
2915 4196 2987 4249 ad
3008 4197 3386 4250 necessarias
3401 4199 3456 4249 et
3476 4196 3646 4265 pueri

1978 4289 2035 4340 et
2064 4286 2353 4357 magistri,
2376 4285 2576 4356 utjam
2601 4286 2671 4339 de
2704 4286 2936 4341 duobus
2968 4285 3251 4355 praemisi.
3271 4284 3459 4339 Sedes
3473 4285 3561 4339 eis
3584 4286 3645 4339 in

1977 4376 2169 4431 medio
2203 4376 2436 4431 duobus
2468 4374 2708 4430 circulis
2755 4374 2972 4446 ligneis
3004 4376 3144 4429 sunt
3188 4373 3645 4447 praenotataa,in

1977 4466 2194 4536 quibus
2228 4467 2314 4520 eis
2351 4465 2718 4520 venientibus
2750 4464 2948 4519 nullus
2980 4464 3155 4518 audet
3181 4466 3242 4518 ut
3275 4462 3497 4517 sedeat.
3530 4461 3644 4516 Ca-

1976 4555 2192 4625 pellum
2211 4571 2326 4609 non
2352 4556 2621 4625 induunt,
2654 4555 2808 4609 sicut
2827 4554 2945 4624 alii,
2972 4553 3088 4608 nisi
3112 4553 3369 4624 quandiu
3402 4552 3642 4624 sedent;

1977 4647 2299 4715 surgentes
2332 4646 2487 4698 stant
2533 4643 2710 4698 nudis
2759 4643 3071 4714 capitibus,
3113 4643 3366 4697 invicem
3396 4657 3642 4713 exspec-

1978 4736 2188 4787 tantes.
2224 4733 2501 4788 Providet
2532 4747 2739 4787 eorum
2772 4732 3059 4804 magister
3087 4732 3431 4802 principalis
3454 4734 3644 4786 utnon

1974 4823 2144 4892 prius
2178 4822 2250 4875 ad
2264 4822 2578 4877 ecclesiam
2611 4820 2893 4876 accedant
2923 4838 3097 4892 quam
3126 4837 3333 4876 omnes
3347 4820 3646 4891 potuerint

1977 4911 2351 4980 convenisse,
2387 4915 2443 4966 et
2465 4915 2688 4981 septem
2707 4912 2971 4981 psalmos
3005 4910 3229 4965 sensim
3255 4913 3312 4965 et
3331 4910 3647 4981 diligenter

1977 5004 2272 5054 cantasse.
2299 5001 2463 5054 Tune
2493 5001 2744 5070 primum
2775 5000 3120 5054 solemniter
3139 5000 3300 5053 venit
3320 5015 3453 5053 cum
3468 4998 3643 5053 scho-

1975 5090 2201 5143 laribus
2234 5091 2363 5144 suis
2413 5094 2467 5143 et
2497 5090 2908 5158 luminaribus,
2942 5091 2998 5142 et
3033 5088 3161 5157 ipse
3208 5090 3327 5142 tres
3362 5088 3496 5143 illas
3529 5088 3644 5141 fra-

1976 5184 2128 5233 trum
2178 5181 2478 5235 orationes
2513 5179 2823 5247 terminat;
2877 5194 3026 5248 quas
3071 5192 3140 5231 ea
3186 5177 3348 5248 vice,
3382 5177 3477 5232 vel
3507 5180 3645 5247 post

1972 5269 2417 5340 completorium
2464 5269 2697 5339 gerunt.
2744 5266 2833 5320 Ad
2882 5269 3225 5335 nocturnos,
3259 5267 3376 5322 imo
3409 5267 3481 5321 ad
3513 5282 3642 5321 om-

1969 5374 2078 5414 nes
2128 5360 2328 5428 lioras,
2360 5358 2412 5412 si
2444 5357 2583 5428 quid
2617 5357 2735 5426 ipsi
2782 5356 2953 5427 pueri
3002 5356 3352 5412 offenderint
3396 5358 3453 5412 in
3483 5357 3640 5426 psal-

1970 5448 2184 5516 modia,
2220 5448 2312 5501 vel
2348 5448 2409 5500 in
2452 5447 2566 5501 alio
2599 5447 2791 5513 cantu,
2843 5445 2937 5499 vel
2981 5431 3368 5516 dormitando,
3423 5448 3516 5501 vel
3548 5446 3647 5500 ali-

1970 5538 2109 5606 quid
2140 5537 2253 5591 tale
2276 5536 2395 5590 ullo
2428 5536 2598 5589 modo
2632 5535 3068 5604 committendo,
3095 5535 3330 5591 minime
3353 5535 3639 5603 differtur,

1969 5627 2195 5696 absque
2228 5641 2388 5680 mora
2429 5625 2592 5679 froco
2637 5627 2693 5678 et
2724 5624 2951 5678 cuculla
2992 5626 3150 5679 exuti
3185 5624 3549 5696 judicantur,
3584 5628 3642 5679 et

1970 5715 2028 5769 in
2056 5715 2183 5770 sola
2215 5714 2458 5770 camisia
2506 5714 2814 5770 caeduntur
2843 5714 2935 5769 vel
2965 5729 2998 5768 a
3028 5714 3243 5786 priore,
3293 5713 3386 5768 vel
3426 5729 3459 5768 a
3486 5728 3638 5782 prae-
