3956 6176
379 311 498 373 ’743

1340 312 1736 380 UDALRICI
1785 310 2378 376 CLUNIACENSIS
2420 313 2844 378 MONACHI.
3652 325 3746 389 744

377 510 495 566 fato
527 526 730 566 eorum
758 512 1070 583 magistro,
1102 513 1293 584 virgis
1315 513 1590 567 vimineis
1619 512 1852 566 levibus
1875 513 1933 566 et
1964 514 2044 565 te-
2075 496 2128 558 Α
2161 509 2232 564 de
2262 511 2443 566 choro
2473 513 2712 568 dextero
2744 489 3054 569 sedentxad
3077 519 3263 586 caput,
3298 519 3393 589 qui
3423 518 3488 572 de
3518 499 3744 588 sinistro,

376 599 604 654 retibus
629 600 700 653 ad
733 601 846 654 hoc
878 601 1158 670 provisis.
1187 601 1456 665 Quotidie
1490 601 1746 654 diluculo
1779 616 1909 653 cum
1928 599 2052 668 pri-

376 704 535 742 mum
563 690 626 742 in
660 689 919 743 claustro
955 691 1356 756 consederint,
1390 692 1697 760 antequam
1731 689 1887 742 aliud
1911 689 2050 759 quid

378 776 612 845 faciant,
648 777 838 831 altiori
881 793 1026 832 voce
1066 778 1272 849 legunt
1302 783 1424 831 tres
1472 779 1760 848 psalmos,
1797 793 2051 847 quorum

376 864 608 919 initium
639 869 747 934 est,
783 867 1105 937 Miserere,
1134 871 1243 921 etc.
1270 867 1392 920 Nec
1426 868 1737 937 quisquam
1760 865 1929 935 prius
1955 881 2052 918 ve-

379 953 464 1006 nit
510 953 583 1005 ad
629 954 1067 1009 confessionem
1119 970 1292 1025 quam
1325 955 1573 1008 audierit
1623 954 1734 1007 hos
1782 953 2046 1024 psalmos

382 1040 691 1096 inchoatos
726 1057 883 1096 esse.

451 1147 540 1199 Ad
572 1161 777 1200 omnes
809 1148 990 1201 horas
1035 1148 1218 1203 facies
1254 1165 1455 1204 eorum
1506 1166 1680 1204 versa
1712 1153 1804 1203 est
1849 1152 2053 1202 contra

381 1234 766 1304 occidentem,
801 1241 1078 1305 quantum
1098 1243 1256 1308 puto,
1283 1244 1343 1292 ut
1374 1239 1813 1308 videripossint
1845 1255 1874 1290 a
1895 1238 2052 1306 prio-

381 1323 548 1377 ribus
596 1323 692 1392 qui
725 1323 783 1376 in
815 1324 911 1377 illa
970 1329 1131 1394 parte
1174 1330 1332 1380 stare
1378 1328 1587 1380 solent.
1628 1328 1773 1380 Cum
1813 1327 2052 1379 ventum

381 1409 560 1464 fuerit
582 1411 653 1464 ad
683 1428 917 1481 preces,
953 1414 1224 1485 utrinque
1255 1416 1336 1468 illi
1369 1417 1481 1470 duo
1525 1417 1789 1469 minores
1821 1417 2055 1468 vertunt

381 1513 448 1554 se
479 1499 540 1552 in
571 1499 814 1554 chorum
841 1519 852 1565 ;
889 1503 1128 1572 tertius,
1163 1505 1261 1575 qui
1294 1505 1484 1574 major
1515 1511 1608 1559 est
1639 1508 1694 1558 et
1736 1507 1852 1558 stat
1886 1503 2056 1556 altari

378 1587 709 1658 proximus,
744 1595 949 1644 contra
997 1591 1199 1660 altare,
1253 1594 1368 1646 nisi
1404 1594 1476 1647 ad
1518 1593 1968 1664 completorium
2000 1596 2056 1645 et

380 1676 454 1731 ad
497 1677 763 1746 primam.
813 1679 976 1733 Tunc
1025 1686 1267 1751 propter
1313 1683 1755 1737 confessionem
1811 1682 1928 1735 duo
1989 1696 2054 1734 se

384 1769 728 1834 comparant
758 1771 959 1821 contra
993 1769 1170 1823 altare
1202 1786 1383 1840 super
1413 1788 1592 1825 unum
1617 1771 1962 1838 scabellum,
2000 1769 2057 1822 et

2163 607 2231 659 ad
2264 607 2468 676 pedes.

2233 694 2475 759 Quando
2509 697 2734 768 agenda
2767 701 2858 752 est
2887 699 3193 768 processio
3243 703 3302 754 ut
3332 700 3532 771 aliquis
3568 703 3766 758 defunc-

2164 786 2259 838 tus
2292 801 2321 836 a
2354 785 2500 839 foris
2530 786 2741 840 allatus
2769 788 3105 856 recipiatur,
3139 793 3274 858 post
3305 805 3529 844 crucem
3550 793 3648 861 ipsi
3666 795 3766 863 pri-

2168 873 2242 925 mi
2275 874 2676 944 egrediuntur.
2703 875 2848 929 Cum
2879 877 2948 929 ad
2979 882 3206 945 portam
3227 879 3493 932 vestibuli
3524 883 3767 949 venerint,

2168 961 2376 1015 faciem
2411 967 2612 1017 contra
2653 964 2862 1020 faciem
2908 971 3102 1020 tenent
3138 983 3326 1036 usque
3375 968 3503 1020 dum
3545 969 3768 1037 collecta,

2167 1050 2453 1120 Absolve,
2487 1053 2754 1122 Domine,
2790 1054 3016 1108 dicatur
3039 1071 3070 1131 a
3099 1055 3330 1124 priore;
3365 1057 3625 1110 secedunt
3652 1075 3771 1127 pau-

2169 1138 2349 1192 lulum
2381 1140 2440 1193 in
2471 1145 2716 1210 partem,
2748 1146 2807 1195 ut
2830 1143 3082 1196 transire
3114 1145 3344 1212 possint
3373 1145 3622 1214 aquibus
3657 1161 3775 1200 crux

2166 1228 2352 1282 etalia
2373 1231 2775 1298 processionis
2807 1231 3065 1303 insignia
3083 1232 3420 1301 iportanfur.
3452 1233 3599 1296 Quos
3632 1236 3771 1288 etiam

2169 1321 2489 1387 sequentes
2521 1335 2711 1389 usque
2752 1320 2808 1372 in
2845 1321 3132 1391 ecclesia,
3173 1322 3461 1374 dimittunt
3489 1337 3582 1376 eos
3626 1339 3774 1394 prepe

2169 1406 2404 1476 ostium,
2444 1410 2505 1460 ut
2534 1408 2849 1463 defunctus
2898 1409 2970 1462 ab
3003 1411 3090 1463 eis
3142 1411 3571 1479 circumstetur,
3607 1416 3656 1465 et
3684 1414 3774 1481 ipsi

2167 1495 2523 1562 protendunt
2562 1512 2752 1567 usque
2794 1498 2866 1550 ad
2915 1497 3094 1551 altare
3126 1498 3358 1553 Sanctae
3388 1499 3602 1568 Crucis,
3643 1503 3690 1553 et
3714 1500 3778 1554 ibi

2167 1585 2321 1636 stant
2351 1585 2654 1656 magistris
2686 1586 3051 1654 interpositis
3084 1587 3140 1640 in
3164 1588 3408 1641 sinistra
3425 1591 3595 1657 parte,
3620 1588 3776 1641 neim-

2165 1671 2403 1740 pediant
2432 1675 2802 1728 sacerdotem
2821 1691 3209 1730 accessurum
3236 1681 3324 1731 ter
3343 1677 3415 1730 ad
3445 1677 3609 1730 altare
3637 1683 3687 1730 ut
3705 1677 3777 1729 in-

2168 1764 2391 1815 censet.
2425 1761 2588 1826 Quod
2612 1779 2744 1817 cum
2767 1765 2944 1818 fuerit
2973 1769 3292 1834 peractum,
3329 1770 3382 1819 et
3415 1765 3697 1818 defunctus
3723 1764 3777 1816 ad

379 1869 535 1908 unus
559 1856 843 1926 magister
864 1861 951 1910 est
994 1858 1223 1912 medius
1256 1860 1410 1913 inter
1440 1876 1566 1928 eos,
1603 1862 1756 1913 sicut
1787 1859 1959 1913 etiam
1982 1857 2052 1910 ad
2087 1870 2132 1929 Β
2166 1850 2453 1903 tumulum
2476 1851 3130 1921 elatus,promoventse
3152 1869 3224 1907 ex
3249 1854 3485 1906 sinistra
3507 1854 3561 1906 in
3576 1853 3780 1906 mediam

380 1941 672 2011 litaniam,
716 1949 772 1997 et
813 1945 886 1999 ad
930 1945 1202 2017 singulas
1233 1951 1534 2002 orationes
1587 1951 1645 2002 in
1676 1946 2051 2017 presbyterio

382 2031 718 2100 gerendas,
754 2037 810 2086 et
857 2049 992 2087 cum
1038 2035 1284 2090 dicenda
1327 2040 1419 2091 est
1468 2037 1802 2105 confessio,
1847 2035 2055 2089 tertius

382 2119 658 2174 accurrit.
685 2120 776 2173 Ad
807 2125 1112 2194 utramque
1146 2125 1411 2194 missam,
1448 2126 1516 2179 ad
1551 2142 1725 2196 quam
1748 2124 2053 2193 et'priores

383 2210 610 2262 mutant
638 2209 852 2276 locum,
871 2216 1105 2266 vertunt
1132 2229 1197 2268 se
1221 2230 1426 2268 omnes
1458 2216 1676 2285 pariter
1697 2215 1755 2268 in
1787 2214 2051 2278 chorum;

384 2299 441 2350 et
480 2296 751 2351 similiter
785 2299 844 2352 in
901 2300 1156 2355 Sabbato
1195 2303 1266 2356 ad
1326 2304 1776 2373 processionem
1809 2318 1941 2372 quae
1984 2301 2058 2354 ad

382 2399 669 2453 vesperas
713 2388 769 2440 et
808 2390 1122 2444 matutinas
1155 2391 1361 2446 laudes
1409 2394 1604 2464 agitur
1661 2392 1733 2445 ad
1793 2395 2058 2445 sanctam

382 2470 652 2544 Crucem,
689 2478 744 2529 et
775 2476 834 2530 in
873 2477 1184 2533 duodecim
1215 2481 1571 2535 lectionibus
1605 2482 1675 2534 ad
1715 2481 1967 2548 tertiam,
2002 2483 2058 2533 et

382 2561 457 2616 ad
486 2565 954 2634 processionem,
989 2569 1042 2621 si
1074 2584 1249 2639 quam
1289 2570 1604 2640 aliquando
1649 2569 1902 2622 facimus
1951 2583 2056 2637 pro

381 2651 575 2722 aliqua
605 2668 859 2722 persona
890 2656 987 2710 tali
1020 2658 1318 2726 veniente;
1345 2659 1415 2712 ad
1449 2675 1623 2729 quam
1653 2659 1708 2711 si
1737 2656 2052 2727 aliquando

385 2741 589 2810 cappis
630 2742 948 2813 induimur,
1001 2745 1114 2816 ipsi
1155 2763 1273 2801 non
1306 2748 1422 2801 nisi
1449 2751 1674 2800 tantum
1715 2746 1888 2815 albis,
1924 2761 2059 2798 eum

382 2830 577 2883 tamen
597 2831 667 2884 ad
699 2833 1020 2888 missarum
1053 2836 1340 2890 solemnia
1369 2837 1421 2889 si
1456 2839 1786 2889 conventus
1815 2833 2056 2886 indutus

385 2919 478 2971 est
509 2918 732 2987 cappis,
750 2919 862 2988 ipsi
887 2936 1121 2992 quoque
1141 2923 1356 2976 tunicis
1376 2922 1589 2977 sericis
1610 2921 1947 2975 induantur.
1967 2919 2058 2972 Ad

388 3009 618 3059 secreta
661 3011 716 3060 et
755 3024 1039 3063 canonem
1074 3012 1126 3064 si
1169 3015 1495 3066 conventus
1530 3015 1618 3065 est
1650 3009 1909 3078 inclinis,
1961 3007 2056 3061 vel

387 3093 559 3147 etiam
591 3097 942 3168 procumbit,
969 3099 1084 3169 ipsi
1118 3104 1273 3154 stant
1308 3101 1508 3169 erecti,
1535 3102 1752 3170 praeter
1779 3098 1850 3151 ad
1867 3097 2056 3152 solam

387 3182 751 3239 Dominicam
782 3188 1116 3243 Orationem
1139 3205 1152 3259 ς
1174 3193 1229 3244 et
1259 3207 1412 3244 unus
1445 3205 1647 3244 eorum
1680 3185 2056 3259 magistersi-

383 3272 602 3328 militer
632 3280 866 3330 erectus
891 3278 1118 3350 jugiter
1151 3294 1252 3333 eos
1286 3280 1562 3332 intuetur.
1600 3277 1661 3330 In
1708 3277 1966 3330 claustro
2000 3277 2057 3328 et

385 3360 446 3414 in
477 3364 729 3434 capitulo
753 3366 854 3418 ubi
876 3368 1085 3421 sedent
1116 3368 1358 3438 singuli,
1385 3367 1656 3438 singulos
1683 3369 1926 3418 truncos
1950 3379 2056 3432 pro

392 3449 641 3505 sedibus
672 3452 921 3522 habent,
959 3457 1013 3508 et
1045 3456 1120 3508 ita
1172 3456 1428 3524 separati
1469 3455 1540 3507 ab
1586 3453 1837 3505 invicem
1869 3455 1929 3504 ut
1961 3451 2057 3504 ille

387 3553 502 3594 nec
531 3539 807 3593 amictum
851 3541 1095 3596 alterius
1145 3543 1341 3612 aliquo
1393 3543 1563 3596 modo
1611 3543 1824 3611 tangat.
1861 3540 1923 3592 In
1955 3554 2055 3592 ec—

391 3626 574 3680 clesia
595 3631 686 3680 est
708 3643 912 3682 eorum
936 3630 1192 3698 diversa,
1209 3635 1448 3700 prOpter
1468 3629 1726 3683 scabella
1749 3644 1880 3698 qum
1902 3643 2056 3681 nunc

388 3714 626 3784 habent,
664 3731 821 3770 nunc
855 3710 1241 3789 auferuntur;
1282 3718 1628 3772 auferuntur
1659 3720 1813 3771 enim
1846 3718 1904 3769 in
1934 3717 2056 3785 pri-

389 3803 543 3858 vatis
575 3805 786 3859 diebus
817 3807 887 3860 ad
919 3807 1145 3862 formas
1177 3811 1578 3876 transversas,
1605 3823 1784 3876 super
1813 3821 1961 3876 quas
1985 3805 2056 3858 ad

386 3907 602 3962 preces
642 3895 878 3963 quidam
925 3896 1172 3950 fratrum
1221 3898 1644 3967 procumbunt,
1681 3899 1735 3950 et
1769 3896 1841 3948 ad
1875 3895 2057 3948 hora-

389 3995 521 4034 rum
552 3982 794 4036 exordia
827 3985 1057 4038 veniam
1087 3988 1323 4055 petunt,
1368 4001 1661 4056 unumque
1691 3987 1915 4038 tantum
1958 3998 2056 4036 re-

389 4072 585 4126 manet
627 4073 971 4143 scabellum,
1012 4091 1197 4144 super
1234 4076 1387 4144 quod
1433 4080 1842 4129 transversum
1893 4072 2060 4127 sedet

389 4160 682 4216 maximus
714 4178 1029 4231 puerorum
1054 4183 1066 4227 ;
1102 4164 1211 4218 etsi
1237 4165 1486 4233 interim,
1515 4165 1652 4218 dum
1675 4165 1944 4216 cantatur
1972 4176 2059 4214 re-

388 4249 617 4320 gularis
639 4251 903 4321 hora,vel
922 4252 1200 4324 quaelibet
1219 4255 1330 4306 alia
1349 4251 1868 4322 psalmodia,sedet
1885 4265 2056 4303 versa

388 4336 538 4392 facie
560 4341 632 4393 ad
656 4341 1040 4396 occidentem.
1082 4343 1171 4396 Ad
1194 4343 1533 4410 intervalla,
1571 4345 1629 4395 ut
1647 4343 1738 4395 est
1772 4343 1906 4410 post
1941 4355 2056 4391 ma-

388 4426 688 4482 tut'malem
723 4430 966 4484 missam
990 4447 1178 4502 usque
1200 4432 1272 4485 ad
1304 4431 1639 4501 capitulum,
1672 4431 1805 4498 post
1835 4428 2056 4482 oratio-

389 4531 523 4571 nem
554 4518 761 4588 tertiae,
787 4519 1013 4590 majore
1046 4522 1232 4573 missa
1263 4521 1457 4574 statim
1478 4520 1896 4588 consequente,
1922 4518 2058 4586 post

389 4606 714 4661 orationem
744 4623 936 4676 nonae,
972 4608 1254 4662 fratribus
1276 4609 1392 4662 huc
1416 4606 2050 4679 usquejejunantibns,
2075 4582 2133 4649 Β

387 4698 525 4763 post
571 4694 894 4749 orationem
945 4696 1373 4764 vespertinam,
1427 4697 1495 4750 ad
1547 4710 1831 4749 canonem
1882 4695 2055 4748 etiam

389 4784 614 4854 missae,
650 4785 703 4838 si
737 4785 923 4855 sedet,
959 4786 1134 4839 vertit
1156 4785 1368 4838 faciem
1401 4788 1599 4839 contra
1617 4783 2056 4838 orientem.Alii

389 4873 582 4944 pueri,
610 4873 664 4926 si
681 4873 900 4928 habent
921 4873 1203 4940 scabella,
1226 4875 1433 4928 sedent
1451 4889 1633 4944 super
1666 4873 1762 4926 illa
1786 4873 1944 4926 versi
1977 4871 2059 4924 fa-

392 4963 541 5018 ciem
573 4962 631 5016 in
664 4963 946 5028 chorum;
984 4963 1034 5017 si
1068 4978 1183 5018 non
1218 4963 1453 5031 habent,
1491 4963 1699 5017 sedent
1729 4976 1910 5032 super
1939 4962 2060 5014 ter-

392 5066 520 5105 ram
550 5056 606 5105 et
637 5067 877 5124 semper
920 5053 1128 5108 eodem
1158 5053 1330 5106 modo
1367 5068 1481 5122 quo
1531 5051 1822 5105 maximus
1854 5065 2058 5104 eorum

393 5155 575 5210 super
606 5141 951 5196 scabellum.
999 5142 1089 5195 Ad
1126 5141 1412 5196 lectiones
1463 5156 1602 5195 vero
1638 5143 2058 5203 nocturnorum

395 5229 453 5281 in
487 5227 696 5281 diebus
731 5229 901 5284 festis
919 5234 975 5284 et
1003 5231 1250 5300 octavis,
1277 5229 1668 5300 sedentjuxta
1700 5229 1950 5283 formam
1972 5228 2058 5281 in-

393 5317 701 5371 directum.
743 5317 983 5381 Quando
1028 5322 1220 5374 autem
1269 5320 1474 5373 formae
1507 5322 1643 5372 sunt
1673 5320 2055 5386 transversae,

393 5409 534 5460 tunc
565 5404 643 5458 ita
674 5405 880 5460 sedent
911 5411 972 5460 ut
1004 5411 1060 5461 et
1092 5409 1168 5461 sit
1197 5411 1608 5462 transversum
1632 5423 1810 5460 unum
1833 5406 1903 5459 de
1923 5421 2059 5458 sca-

392 5493 591 5561 bellis,
625 5493 681 5546 in
714 5494 931 5564 quibus
963 5495 1198 5564 sedent,
1234 5502 1289 5550 et
1319 5496 1590 5567 magistri
1624 5498 1824 5549 contra
1857 5510 1960 5548 eos
2000 5494 2060 5546 in

397 5583 586 5637 forma
617 5598 749 5654 quae
782 5598 1020 5654 semper
1059 5589 1148 5638 est
1197 5587 1388 5654 posita
1435 5585 1493 5638 in
1543 5585 1734 5639 medio
1777 5583 1963 5638 chori.
1998 5584 2059 5638 Si

392 5672 624 5744 quando
656 5688 790 5730 cum
833 5673 1160 5744 psalmodia
1205 5673 1481 5747 defuncto
1525 5674 1858 5743 assidetur,
1892 5673 2059 5743 pueri

2169 1937 2504 2007 ecclesiam,
2553 1943 2609 1994 et
2635 1941 2832 1995 versis
2855 1941 3084 2012 jugiter
3114 1942 3185 1996 ad
3225 1942 3406 1996 altare
3439 1941 3678 1996 faciebas
3704 1957 3780 1993 an-

2169 2026 2442 2096 tiphonas
2475 2029 2531 2082 et
2547 2029 2810 2098 psalmos
2841 2030 3164 2100 imponunt.
3191 2031 3257 2085 In
3271 2032 3427 2085 omni
3446 2031 3779 2101 processione

2170 2131 2303 2186 quae
2332 2118 2528 2188 agitur
2552 2132 2658 2188 per
2691 2118 3032 2188 claustrum,
3054 2124 3188 2190 post
3220 2135 3455 2174 crucem
3485 2134 3694 2189 semper
3717 2118 3782 2170 in-

2171 2206 2402 2260 cedunt.
2438 2205 2503 2260 In
2535 2207 2737 2261 Ramis
2766 2208 3188 2278 palmarum,et
3223 2208 3636 2281 Rogationibus
3664 2208 3784 2260 inter

2169 2294 2382 2348 idiotas
2415 2298 2470 2349 et
2502 2299 2794 2350 cantores.
2821 2294 3150 2367 Capitulum
3181 2314 3320 2352 cum
3343 2298 3428 2352 eis
3460 2313 3568 2351 non
3595 2299 3784 2350 tenetur

2169 2381 2228 2435 in
2261 2382 2521 2453 quinque
2551 2383 2722 2438 festis
2751 2385 3176 2454 principalibus
3198 2428 3212 2456 ,
3254 2387 3313 2440 in
3341 2387 3719 2440 Purificatione
3736 2383 3783 2437 S.

2171 2467 2393 2537 Mariae,
2427 2470 2486 2523 in
2512 2471 2714 2525 Ramis
2744 2473 3092 2542 palmarum,
3118 2474 3553 2528 etAscensione
3577 2471 3782 2539 Domini,

2170 2558 2403 2626 quoties
2446 2574 2512 2612 se
2545 2559 2793 2630 radunt,
2828 2563 3063 2632 quoties
3095 2561 3394 2633 balneant,
3429 2563 3643 2633 quoties
3676 2575 3785 2629 pan-

2170 2662 2283 2700 nos
2334 2663 2480 2702 suos
2531 2649 2758 2717 lavant,
2811 2654 2868 2704 et
2907 2666 3056 2720 opus
3097 2668 3379 2706 manuum
3419 2652 3677 2716 facimus,
3715 2648 3785 2701 vel

2173 2738 2406 2807 quoties
2439 2738 2729 2793 habemus
2760 2741 3098 2794 defunctum
3127 2742 3198 2794 ad
3233 2743 3438 2795 horam
3471 2740 3682 2810 capituli
3711 2754 3785 2791 eo-

2169 2842 2301 2880 rum
2333 2826 2524 2881 adhuc
2553 2827 2954 2898 inhumatnm;
2988 2830 3182 2900 ipsum
3215 2834 3411 2884 autem
3443 2845 3627 2884 eorum
3657 2826 3786 2896 capi-

2169 2915 2354 2968 tulum
2386 2916 2613 2985 absque
2636 2917 3010 2971 inclinatione
3034 2919 3382 2988 suscipitur,
3408 2921 3611 2972 tantum
3639 2918 3784 2969 bene-

2172 3004 2426 3058 dictione
2450 3005 2781 3074 praemissa.
2820 3007 3118 3060 Reelamat
3151 3007 3301 3061 alter
3321 3008 3392 3062 de
3423 3005 3673 3071 altero,si
3699 3004 3785 3055 tale

2170 3093 2311 3162 quid
2334 3094 2566 3147 noverit
2595 3094 2665 3147 de
2699 3094 2816 3163 illo,
2835 3099 2931 3149 aut
2961 3096 3014 3148 si
3045 3095 3506 3164 deprehenditur
3527 3095 3591 3148 de
3617 3092 3787 3146 indus-

2168 3182 2278 3234 tria
2311 3181 2524 3250 celare,
2551 3183 2786 3251 vapulat
2814 3186 2931 3236 tam
2963 3183 3063 3254 qui
3096 3184 3382 3240 celaverit
3409 3201 3574 3255 quam
3601 3183 3682 3235 ille
3707 3179 3786 3248 qui

2171 3270 2436 3341 deliquit.
2472 3270 2587 3324 Sed
2620 3287 2688 3324 ea
2713 3271 2839 3325 vice
2871 3289 2985 3326 una
3012 3273 3179 3326 scilla
3209 3275 3438 3343 pulsari
3471 3273 3625 3338 solet,
3654 3272 3705 3323 ut
3719 3267 3781 3321 illi

2171 3359 2510 3430 domestici,
2544 3359 2762 3430 quibus
2793 3361 2962 3430 panis
2995 3365 3086 3415 est
3116 3362 3486 3427 tribuendus,
3519 3359 3785 3415 occurrant

2171 3449 2240 3501 ad
2273 3449 2718 3518 accipiendum;
2752 3466 2866 3520 qua
2907 3451 3101 3504 audita
3150 3452 3354 3506 nullus
3387 3455 3582 3522 postea
3607 3460 3786 3519 puero-

2170 3553 2301 3591 rum
2334 3538 2586 3604 exuitur,
2621 3543 2678 3592 et
2707 3538 2902 3607 ipsum
2936 3540 3257 3608 capitulum
3283 3541 3457 3594 citius
3489 3540 3682 3593 linitur.
3711 3535 3785 3587 In-

2170 3630 2260 3679 ter
2287 3626 2645 3696 loquendum
2677 3643 2832 3681 nunc
2865 3628 3242 3696 cellerarius,
3279 3645 3435 3684 nunc
3477 3623 3789 3682 camerarius

2170 3715 2410 3768 veniunt
2430 3715 2501 3768 ad
2533 3731 2659 3784 eos,
2693 3719 2756 3769 ut
2785 3715 3040 3784 audiant,
3069 3718 3117 3769 si
3142 3718 3284 3787 quid
3319 3733 3468 3788 opus
3500 3712 3784 3776 habuerint,

2170 3803 2324 3872 quod
2347 3819 2452 3872 per
2473 3803 2639 3873 ipsos
2661 3804 2853 3873 possit
2874 3805 3194 3858 emendari.
3220 3807 3366 3860 Post
3389 3806 3657 3876 majorem
3677 3799 3789 3853 mis-

2171 3907 2298 3944 sam
2329 3891 2622 3960 accipiunt
2662 3893 2899 3946 mistum
2922 3935 2935 3961 ,
2969 3897 3066 3947 aut
3115 3893 3164 3946 si
3201 3894 3332 3948 dies
3377 3893 3610 3965 jejunii,
3639 3889 3720 3942 vel
3744 3889 3790 3940 in

2174 3979 2384 4050 hieme,
2411 3980 2665 4051 talisque
2699 3981 2827 4034 dies
2858 3982 2915 4034 in
2940 3997 3054 4052 quo
3085 3997 3200 4035 non
3228 3983 3349 4036 nisi
3369 3982 3545 4036 semel
3568 3977 3794 4034 comeda-

2170 4073 2283 4136 tur,
2316 4072 2454 4122 tunc
2485 4073 2619 4137 post
2652 4069 2900 4123 tertiam.
2937 4071 2986 4123 A
3020 4070 3299 4124 Kalendis
3338 4070 3604 4125 Octobris
3632 4078 3789 4135 usque

2169 4158 2241 4211 ad
2271 4157 2814 4229 Quadragesimam,
2859 4159 2930 4226 si,
2965 4162 3025 4212 ut
3073 4159 3226 4227 dixi,
3270 4161 3458 4214 semel
3489 4155 3788 4218 comeditur,

2169 4262 2286 4301 non
2317 4249 2408 4300 est
2439 4246 2672 4301 illorum
2700 4247 3028 4317 prandium,
3064 4248 3135 4301 de
3169 4248 3298 4302 solo
3342 4264 3489 4319 pane
3525 4246 3620 4301 sed
3649 4243 3790 4299 etiam

2171 4335 2391 4406 aliquid
2424 4336 2831 4406 qualecunque
2863 4336 2966 4404 sit,
3001 4336 3316 4407 apponitur
3363 4338 3470 4391 eis.
3516 4337 3620 4390 Per
3645 4335 3790 4386 totam

2170 4427 2436 4478 aestatem
2468 4425 2526 4478 in
2574 4425 2786 4478 diebus
2818 4425 3140 4479 Dominicis
3180 4426 3252 4479 ad
3285 4442 3515 4480 cmnam
3545 4417 3790 4493 impendi-

2167 4517 2263 4567 tur
2288 4514 2404 4567 illis
2436 4513 2847 4568 misericordia
2878 4513 2949 4566 de
2981 4514 3149 4567 lacte.
3185 4513 3244 4568 Si
3289 4515 3426 4584 quis
3457 4527 3645 4568 eorum
3671 4507 3790 4561 adeo

2169 4604 2260 4656 est
2289 4618 2530 4672 parvus,
2578 4605 2640 4656 ut
2677 4617 2825 4670 Opus
2872 4601 3104 4672 habeat,
3137 4603 3196 4656 in
3242 4605 3374 4673 ipso
3425 4604 3680 4666 claustro,
3709 4592 3792 4648 ubi

2168 4691 2355 4761 sedet,
2372 4693 2710 4761 apportatur
2740 4691 2792 4744 ei
2824 4690 2995 4760 panis
3027 4695 3083 4745 et
3104 4691 3325 4746 vinum.
3353 4692 3440 4745 Ad
3462 4687 3792 4745 lavatorium,

2168 4780 2323 4834 sicut
2380 4780 2452 4832 ad
2509 4780 2920 4848 necessarias,
2981 4779 3316 4849 specialiter
3375 4781 3583 4834 habent
3627 4775 3788 4829 locum

2169 4883 2361 4922 suum.

2241 4957 2386 5013 Cum
2407 4958 2622 5012 fuerint
2641 4959 2699 5013 in
2717 4958 3051 5027 refectorio,
3092 4973 3209 5012 non
3241 4957 3524 5011 accedunt
3550 4953 3616 5007 ad
3643 4948 3787 5004 ullam

2168 5063 2435 5102 mensam
2456 5052 2590 5101 ante
2611 5063 2876 5116 versum,
2899 5049 3004 5101 sed
3020 5048 3078 5100 in
3099 5047 3291 5100 medio
3324 5043 3625 5100 refectorio
3641 5039 3784 5100 stant,

2170 5141 2268 5191 aut
2299 5137 2508 5191 sedent
2538 5153 2670 5191 cum
2710 5137 3014 5208 magistris
3039 5177 3052 5203 ,
3090 5151 3283 5206 usque
3329 5135 3464 5188 dum
3507 5129 3683 5185 veniat
3709 5122 3788 5194 qui

2173 5241 2460 5280 sessurus
2492 5228 2584 5280 est
2603 5226 2675 5279 ad
2700 5226 2948 5280 scillam.
2980 5226 3094 5279 Per
3109 5239 3350 5279 mensas
3381 5226 3517 5277 sunt
3547 5215 3719 5281 divisi,
3744 5212 3790 5264 et

2174 5315 2396 5387 singuli
2431 5318 2563 5369 ante
2609 5315 2757 5369 tales
2788 5315 3002 5369 fratres
3039 5313 3234 5384 positi,
3271 5313 3369 5384 qui
3401 5327 3516 5366 non
3546 5305 3790 5362 dissimu-

2173 5405 2310 5474 lent,
2353 5405 2407 5457 si
2457 5420 2629 5475 quam
2672 5403 2925 5458 viderint
2968 5401 3386 5474 negligentiam
3437 5412 3629 5454 eorum
3664 5392 3788 5445 inter

2172 5493 2627 5563 comedendum;
2660 5509 2780 5547 non
2823 5508 3056 5562 quoque
3089 5492 3459 5556 discurrunt,
3503 5491 3559 5541 ut
3589 5483 3667 5536 vel
3697 5475 3786 5542 Sa]:

2172 5584 2263 5637 vel
2313 5580 2642 5652 scutellam,
2691 5583 2783 5637 vel
2814 5581 2970 5637 aliud
3002 5581 3141 5651 quid
3172 5580 3273 5634 ulli
3307 5578 3468 5632 fratri
3500 5567 3785 5643 apportent,

2174 5688 2284 5729 nec
2304 5672 2376 5727 ab
2410 5672 2533 5728 ullo
2555 5671 2695 5744 quid
2715 5670 3025 5741 accipiunt,
3052 5669 3168 5725 nisi
3190 5668 3346 5741 quod
3366 5664 3627 5723 omnibus
3645 5666 3789 5730 gene-
