  <div class='ocr_page' id='page_1' title='image "/cluster/home/n/w/nwhite01/storage/ocr_20150623/149/hvd.32044054760079/378.png"; bbox 0 0 3956 6176; ppageno 0'>
   <div class='ocr_carea' id='block_1_1' title="bbox 89 323 2911 392">
    <p class='ocr_par' dir='ltr' id='par_1_1' title="bbox 89 323 2911 392">
     <span class='ocr_line' id='line_1_1' title="bbox 89 323 2911 392; baseline 0.001 -5"><span class='ocrx_word' id='word_1_1' title='bbox 89 328 188 391; x_wconf 75' lang='grc'>745</span> <span class='ocrx_word' id='word_1_2' title='bbox 667 323 1374 388; x_wconf 89' lang='lat' dir='ltr'>CONSUETUDINES</span> <span class='ocrx_word' id='word_1_3' title='bbox 1420 324 2060 389; x_wconf 83' lang='lat' dir='ltr'>CLUNIACENSES.</span> <span class='ocrx_word' id='word_1_4' title='bbox 2111 360 2186 372; x_wconf 91' lang='lat'>-—</span> <span class='ocrx_word' id='word_1_5' title='bbox 2233 326 2483 391; x_wconf 80' lang='lat' dir='ltr'>LIBER</span> <span class='ocrx_word' id='word_1_6' title='bbox 2521 329 2911 392; x_wconf 88' lang='lat' dir='ltr'>TERTIUS.</span> 
     </span>
    </p>
   </div>
   <div class='ocr_carea' id='block_1_2' title="bbox 3403 331 3524 394">
    <p class='ocr_par' dir='ltr' id='par_1_2' title="bbox 3403 331 3524 394">
     <span class='ocr_line' id='line_1_2' title="bbox 3403 331 3524 394; baseline 0.017 -2"><span class='ocrx_word' id='word_1_7' title='bbox 3403 331 3524 394; x_wconf 74' lang='lat'>746</span> 
     </span>
    </p>
   </div>
   <div class='ocr_carea' id='block_1_3' title="bbox 91 506 3522 603">
    <p class='ocr_par' dir='ltr' id='par_1_3' title="bbox 91 506 3522 603">
     <span class='ocr_line' id='line_1_3' title="bbox 91 506 3522 603; baseline 0.003 -25"><span class='ocrx_word' id='word_1_8' title='bbox 91 526 268 579; x_wconf 85' lang='lat' dir='ltr'>raliter</span> <span class='ocrx_word' id='word_1_9' title='bbox 292 524 499 589; x_wconf 88' lang='lat' dir='ltr'>datur;</span> <span class='ocrx_word' id='word_1_10' title='bbox 529 528 586 579; x_wconf 90' lang='lat' dir='ltr'>et</span> <span class='ocrx_word' id='word_1_11' title='bbox 614 524 668 578; x_wconf 88' lang='lat' dir='ltr'>si</span> <span class='ocrx_word' id='word_1_12' title='bbox 695 524 838 594; x_wconf 91' lang='lat' dir='ltr'>quid</span> <span class='ocrx_word' id='word_1_13' title='bbox 868 523 957 578; x_wconf 92' lang='lat' dir='ltr'>eis</span> <span class='ocrx_word' id='word_1_14' title='bbox 990 524 1244 579; x_wconf 90' lang='lat' dir='ltr'>domnus</span> <span class='ocrx_word' id='word_1_15' title='bbox 1276 524 1462 578; x_wconf 82' lang='lat' dir='ltr'>abbas</span> <span class='ocrx_word' id='word_1_16' title='bbox 1493 522 1742 592; x_wconf 79' lang='lat' dir='ltr'>miserit,</span> <span class='ocrx_word' id='word_1_17' title='bbox 1770 506 1820 568; x_wconf 78' lang='grc' dir='ltr'><strong>Ᾱ</strong></span> <span class='ocrx_word' id='word_1_18' title='bbox 1856 524 1929 577; x_wconf 92' lang='lat' dir='ltr'>de</span> <span class='ocrx_word' id='word_1_19' title='bbox 1960 540 2156 578; x_wconf 90' lang='lat' dir='ltr'>carne.</span> <span class='ocrx_word' id='word_1_20' title='bbox 2182 524 2246 578; x_wconf 91' lang='lat' dir='ltr'>In</span> <span class='ocrx_word' id='word_1_21' title='bbox 2278 525 2531 594; x_wconf 89' lang='lat' dir='ltr'>capitulo</span> <span class='ocrx_word' id='word_1_22' title='bbox 2571 544 2676 596; x_wconf 88' lang='lat' dir='ltr'>pro</span> <span class='ocrx_word' id='word_1_23' title='bbox 2716 531 3071 585; x_wconf 82' lang='lat' dir='ltr'>excessibus</span> <span class='ocrx_word' id='word_1_24' title='bbox 3112 532 3262 602; x_wconf 88' lang='lat' dir='ltr'>suis,</span> <span class='ocrx_word' id='word_1_25' title='bbox 3295 548 3522 603; x_wconf 88' lang='lat' dir='ltr'>nequa-</span> 
     </span>
    </p>
   </div>
   <div class='ocr_carea' id='block_1_4' title="bbox 88 613 1741 685">
    <p class='ocr_par' dir='ltr' id='par_1_4' title="bbox 88 613 1741 685">
     <span class='ocr_line' id='line_1_4' title="bbox 88 613 1741 685; baseline 0 -19"><span class='ocrx_word' id='word_1_26' title='bbox 88 615 164 668; x_wconf 82' lang='lat' dir='ltr'>vel</span> <span class='ocrx_word' id='word_1_27' title='bbox 194 614 539 668; x_wconf 87' lang='lat' dir='ltr'>cellerarius</span> <span class='ocrx_word' id='word_1_28' title='bbox 572 613 819 677; x_wconf 79' lang='lat' dir='ltr'>dederit,</span> <span class='ocrx_word' id='word_1_29' title='bbox 856 613 1023 671; x_wconf 86' lang='lat' dir='ltr'>solus</span> <span class='ocrx_word' id='word_1_30' title='bbox 1056 614 1151 666; x_wconf 89' lang='lat' dir='ltr'>ille</span> <span class='ocrx_word' id='word_1_31' title='bbox 1198 630 1348 683; x_wconf 89' lang='lat' dir='ltr'>puer</span> <span class='ocrx_word' id='word_1_32' title='bbox 1377 616 1476 685; x_wconf 90' lang='lat' dir='ltr'>qui</span> <span class='ocrx_word' id='word_1_33' title='bbox 1534 617 1646 667; x_wconf 97' lang='lat' dir='ltr'>stat</span> <span class='ocrx_word' id='word_1_34' title='bbox 1668 613 1741 666; x_wconf 90' lang='lat' dir='ltr'>ad</span> 
     </span>
    </p>
   </div>
   <div class='ocr_carea' id='block_1_5' title="bbox 88 702 1735 772">
    <p class='ocr_par' dir='ltr' id='par_1_5' title="bbox 88 702 1735 772">
     <span class='ocr_line' id='line_1_5' title="bbox 88 702 1735 772; baseline -0.001 -15"><span class='ocrx_word' id='word_1_35' title='bbox 88 718 322 757; x_wconf 83' lang='lat' dir='ltr'>mensam</span> <span class='ocrx_word' id='word_1_36' title='bbox 370 702 776 772; x_wconf 80' lang='lat' dir='ltr'>principalem,</span> <span class='ocrx_word' id='word_1_37' title='bbox 817 702 871 756; x_wconf 91' lang='lat' dir='ltr'>si</span> <span class='ocrx_word' id='word_1_38' title='bbox 927 703 982 756; x_wconf 90' lang='lat' dir='ltr'>ei</span> <span class='ocrx_word' id='word_1_39' title='bbox 1028 720 1057 755; x_wconf 91' lang='lat' dir='ltr'>a</span> <span class='ocrx_word' id='word_1_40' title='bbox 1108 703 1319 757; x_wconf 89' lang='lat' dir='ltr'>domno</span> <span class='ocrx_word' id='word_1_41' title='bbox 1379 705 1589 759; x_wconf 78' lang='lat' dir='ltr'>abbate</span> <span class='ocrx_word' id='word_1_42' title='bbox 1643 702 1735 758; x_wconf 88' lang='lat' dir='ltr'>vel</span> 
     </span>
    </p>
   </div>
   <div class='ocr_carea' id='block_1_6' title="bbox 86 792 1739 869">
    <p class='ocr_par' dir='ltr' id='par_1_6' title="bbox 86 792 1739 869">
     <span class='ocr_line' id='line_1_6' title="bbox 86 792 1739 869; baseline 0 -24"><span class='ocrx_word' id='word_1_43' title='bbox 86 794 257 861; x_wconf 82' lang='lat' dir='ltr'>priore</span> <span class='ocrx_word' id='word_1_44' title='bbox 285 792 554 846; x_wconf 90' lang='lat' dir='ltr'>innuitur</span> <span class='ocrx_word' id='word_1_45' title='bbox 591 799 859 851; x_wconf 71' lang='lat' dir='ltr'>scutellis</span> <span class='ocrx_word' id='word_1_46' title='bbox 881 793 991 869; x_wconf 90' lang='lat' dir='ltr'>]se]</span> <span class='ocrx_word' id='word_1_47' title='bbox 1012 808 1162 863; x_wconf 87' lang='lat' dir='ltr'>opus</span> <span class='ocrx_word' id='word_1_48' title='bbox 1186 793 1422 862; x_wconf 86' lang='lat' dir='ltr'>habere,</span> <span class='ocrx_word' id='word_1_49' title='bbox 1452 795 1646 865; x_wconf 81' lang='lat' dir='ltr'>pergit</span> <span class='ocrx_word' id='word_1_50' title='bbox 1666 793 1739 845; x_wconf 89' lang='lat' dir='ltr'>ad</span> 
     </span>
    </p>
   </div>
   <div class='ocr_carea' id='block_1_7' title="bbox 86 880 1744 956">
    <p class='ocr_par' dir='ltr' id='par_1_7' title="bbox 86 880 1744 956">
     <span class='ocr_line' id='line_1_7' title="bbox 86 880 1744 956; baseline -0.002 -21"><span class='ocrx_word' id='word_1_51' title='bbox 86 881 431 951; x_wconf 83' lang='lat' dir='ltr'>magistrum,</span> <span class='ocrx_word' id='word_1_52' title='bbox 463 886 521 937; x_wconf 91' lang='lat' dir='ltr'>et</span> <span class='ocrx_word' id='word_1_53' title='bbox 544 883 638 937; x_wconf 88' lang='lat' dir='ltr'>ille</span> <span class='ocrx_word' id='word_1_54' title='bbox 661 901 919 956; x_wconf 81' lang='lat' dir='ltr'>surgens</span> <span class='ocrx_word' id='word_1_55' title='bbox 984 884 1232 954; x_wconf 77' lang='lat' dir='ltr'>requirit</span> <span class='ocrx_word' id='word_1_56' title='bbox 1262 883 1334 936; x_wconf 92' lang='lat' dir='ltr'>de</span> <span class='ocrx_word' id='word_1_57' title='bbox 1381 882 1652 951; x_wconf 90' lang='lat' dir='ltr'>eequina,</span> <span class='ocrx_word' id='word_1_58' title='bbox 1685 880 1744 935; x_wconf 86' lang='lat' dir='ltr'>et</span> 
     </span>
    </p>
   </div>
   <div class='ocr_carea' id='block_1_8' title="bbox 86 970 1739 1044">
    <p class='ocr_par' dir='ltr' id='par_1_8' title="bbox 86 970 1739 1044">
     <span class='ocr_line' id='line_1_8' title="bbox 86 970 1739 1044; baseline -0.001 -20"><span class='ocrx_word' id='word_1_59' title='bbox 86 971 224 1039; x_wconf 86' lang='lat' dir='ltr'>ponit</span> <span class='ocrx_word' id='word_1_60' title='bbox 251 975 383 1024; x_wconf 89' lang='lat' dir='ltr'>ante</span> <span class='ocrx_word' id='word_1_61' title='bbox 415 987 665 1040; x_wconf 88' lang='lat' dir='ltr'>puerum</span> <span class='ocrx_word' id='word_1_62' title='bbox 688 979 746 1028; x_wconf 90' lang='lat' dir='ltr'>ut</span> <span class='ocrx_word' id='word_1_63' title='bbox 766 990 871 1029; x_wconf 89' lang='lat' dir='ltr'>eas</span> <span class='ocrx_word' id='word_1_64' title='bbox 902 977 1186 1044; x_wconf 82' lang='lat' dir='ltr'>apportet,</span> <span class='ocrx_word' id='word_1_65' title='bbox 1221 988 1329 1042; x_wconf 90' lang='lat' dir='ltr'>per</span> <span class='ocrx_word' id='word_1_66' title='bbox 1359 986 1532 1041; x_wconf 85' lang='lat' dir='ltr'>quem</span> <span class='ocrx_word' id='word_1_67' title='bbox 1566 970 1739 1023; x_wconf 88' lang='lat' dir='ltr'>etiam</span> 
     </span>
    </p>
   </div>
   <div class='ocr_carea' id='block_1_9' title="bbox 87 1059 1736 1133">
    <p class='ocr_par' dir='ltr' id='par_1_9' title="bbox 87 1059 1736 1133">
     <span class='ocr_line' id='line_1_9' title="bbox 87 1059 1736 1133; baseline 0.001 -22"><span class='ocrx_word' id='word_1_68' title='bbox 87 1060 271 1128; x_wconf 86' lang='lat' dir='ltr'>cuique</span> <span class='ocrx_word' id='word_1_69' title='bbox 300 1060 458 1129; x_wconf 91' lang='lat' dir='ltr'>quod</span> <span class='ocrx_word' id='word_1_70' title='bbox 478 1061 727 1116; x_wconf 91' lang='lat' dir='ltr'>voluerit</span> <span class='ocrx_word' id='word_1_71' title='bbox 783 1063 984 1133; x_wconf 79' lang='lat' dir='ltr'>dirigit</span> <span class='ocrx_word' id='word_1_72' title='bbox 1012 1063 1109 1133; x_wconf 91' lang='lat' dir='ltr'>qui</span> <span class='ocrx_word' id='word_1_73' title='bbox 1161 1061 1329 1116; x_wconf 87' lang='lat' dir='ltr'>sedet</span> <span class='ocrx_word' id='word_1_74' title='bbox 1368 1060 1442 1113; x_wconf 90' lang='lat' dir='ltr'>ad</span> <span class='ocrx_word' id='word_1_75' title='bbox 1485 1059 1736 1112; x_wconf 87' lang='lat' dir='ltr'>scillam.</span> 
     </span>
    </p>
   </div>
   <div class='ocr_carea' id='block_1_10' title="bbox 85 1147 1729 1221">
    <p class='ocr_par' dir='ltr' id='par_1_10' title="bbox 85 1147 1729 1221">
     <span class='ocr_line' id='line_1_10' title="bbox 85 1147 1729 1221; baseline 0 -21"><span class='ocrx_word' id='word_1_76' title='bbox 85 1147 132 1200; x_wconf 91' lang='lat' dir='ltr'>Is</span> <span class='ocrx_word' id='word_1_77' title='bbox 150 1147 390 1218; x_wconf 89' lang='lat' dir='ltr'>denique</span> <span class='ocrx_word' id='word_1_78' title='bbox 410 1164 560 1218; x_wconf 88' lang='lat' dir='ltr'>puer</span> <span class='ocrx_word' id='word_1_79' title='bbox 572 1154 806 1219; x_wconf 86' lang='lat' dir='ltr'>propter</span> <span class='ocrx_word' id='word_1_80' title='bbox 827 1152 1116 1221; x_wconf 90' lang='lat' dir='ltr'>hospites,</span> <span class='ocrx_word' id='word_1_81' title='bbox 1159 1150 1257 1221; x_wconf 88' lang='lat' dir='ltr'>qui</span> <span class='ocrx_word' id='word_1_82' title='bbox 1299 1150 1369 1203; x_wconf 92' lang='lat' dir='ltr'>ad</span> <span class='ocrx_word' id='word_1_83' title='bbox 1402 1150 1559 1202; x_wconf 86' lang='lat' dir='ltr'>illam</span> <span class='ocrx_word' id='word_1_84' title='bbox 1575 1162 1729 1201; x_wconf 91' lang='lat' dir='ltr'>men-</span> 
     </span>
    </p>
   </div>
   <div class='ocr_carea' id='block_1_11' title="bbox 85 1236 1741 1310">
    <p class='ocr_par' dir='ltr' id='par_1_11' title="bbox 85 1236 1741 1310">
     <span class='ocr_line' id='line_1_11' title="bbox 85 1236 1741 1310; baseline 0.001 -21"><span class='ocrx_word' id='word_1_85' title='bbox 85 1252 192 1289; x_wconf 87' lang='lat' dir='ltr'>sam</span> <span class='ocrx_word' id='word_1_86' title='bbox 218 1236 588 1307; x_wconf 83' lang='lat' dir='ltr'>frequentius</span> <span class='ocrx_word' id='word_1_87' title='bbox 627 1240 855 1305; x_wconf 88' lang='lat' dir='ltr'>sedent,</span> <span class='ocrx_word' id='word_1_88' title='bbox 890 1241 1039 1294; x_wconf 90' lang='lat' dir='ltr'>duos</span> <span class='ocrx_word' id='word_1_89' title='bbox 1072 1243 1263 1309; x_wconf 88' lang='lat' dir='ltr'>portat</span> <span class='ocrx_word' id='word_1_90' title='bbox 1290 1239 1517 1310; x_wconf 82' lang='lat' dir='ltr'>jugiter</span> <span class='ocrx_word' id='word_1_91' title='bbox 1537 1237 1741 1292; x_wconf 84' lang='lat' dir='ltr'>cultel-</span> 
     </span>
    </p>
   </div>
   <div class='ocr_carea' id='block_1_12' title="bbox 86 1324 1740 1395">
    <p class='ocr_par' dir='ltr' id='par_1_12' title="bbox 86 1324 1740 1395">
     <span class='ocr_line' id='line_1_12' title="bbox 86 1324 1740 1395; baseline 0.003 -17"><span class='ocrx_word' id='word_1_92' title='bbox 86 1325 179 1378; x_wconf 86' lang='lat' dir='ltr'>los.</span> <span class='ocrx_word' id='word_1_93' title='bbox 209 1324 268 1379; x_wconf 86' lang='lat' dir='ltr'>Si</span> <span class='ocrx_word' id='word_1_94' title='bbox 297 1326 436 1395; x_wconf 88' lang='lat' dir='ltr'>quis</span> <span class='ocrx_word' id='word_1_95' title='bbox 467 1342 672 1382; x_wconf 91' lang='lat' dir='ltr'>eorum</span> <span class='ocrx_word' id='word_1_96' title='bbox 703 1329 778 1382; x_wconf 87' lang='lat' dir='ltr'>ita</span> <span class='ocrx_word' id='word_1_97' title='bbox 808 1328 1138 1383; x_wconf 88' lang='lat' dir='ltr'>infirmatur</span> <span class='ocrx_word' id='word_1_98' title='bbox 1169 1334 1230 1383; x_wconf 89' lang='lat' dir='ltr'>ut</span> <span class='ocrx_word' id='word_1_99' title='bbox 1260 1345 1377 1383; x_wconf 89' lang='lat' dir='ltr'>non</span> <span class='ocrx_word' id='word_1_100' title='bbox 1407 1329 1556 1382; x_wconf 88' lang='lat' dir='ltr'>bene</span> <span class='ocrx_word' id='word_1_101' title='bbox 1581 1332 1740 1383; x_wconf 90' lang='lat' dir='ltr'>stare</span> 
     </span>
    </p>
   </div>
   <div class='ocr_carea' id='block_1_13' title="bbox 83 1414 1740 1489">
    <p class='ocr_par' dir='ltr' id='par_1_13' title="bbox 83 1414 1740 1489">
     <span class='ocr_line' id='line_1_13' title="bbox 83 1414 1740 1489; baseline 0.004 -23"><span class='ocrx_word' id='word_1_102' title='bbox 83 1414 270 1481; x_wconf 90' lang='lat' dir='ltr'>possit,</span> <span class='ocrx_word' id='word_1_103' title='bbox 301 1414 438 1469; x_wconf 88' lang='lat' dir='ltr'>huic</span> <span class='ocrx_word' id='word_1_104' title='bbox 462 1416 660 1485; x_wconf 90' lang='lat' dir='ltr'>priore</span> <span class='ocrx_word' id='word_1_105' title='bbox 683 1419 1088 1473; x_wconf 85' lang='lat' dir='ltr'>consentiente</span> <span class='ocrx_word' id='word_1_106' title='bbox 1110 1435 1142 1472; x_wconf 89' lang='lat' dir='ltr'>a</span> <span class='ocrx_word' id='word_1_107' title='bbox 1163 1419 1450 1489; x_wconf 88' lang='lat' dir='ltr'>magistre</span> <span class='ocrx_word' id='word_1_108' title='bbox 1471 1418 1740 1473; x_wconf 91' lang='lat' dir='ltr'>mensula</span> 
     </span>
    </p>
   </div>
   <div class='ocr_carea' id='block_1_14' title="bbox 83 1504 1739 1575">
    <p class='ocr_par' dir='ltr' id='par_1_14' title="bbox 83 1504 1739 1575">
     <span class='ocr_line' id='line_1_14' title="bbox 83 1504 1739 1575; baseline 0.005 -22"><span class='ocrx_word' id='word_1_109' title='bbox 83 1506 128 1553; x_wconf 89' lang='lat' dir='ltr'>et</span> <span class='ocrx_word' id='word_1_110' title='bbox 162 1504 426 1571; x_wconf 89' lang='lat' dir='ltr'>mappula</span> <span class='ocrx_word' id='word_1_111' title='bbox 456 1506 819 1575; x_wconf 88' lang='lat' dir='ltr'>providetur,</span> <span class='ocrx_word' id='word_1_112' title='bbox 855 1510 915 1560; x_wconf 93' lang='lat' dir='ltr'>ut</span> <span class='ocrx_word' id='word_1_113' title='bbox 942 1507 1158 1560; x_wconf 88' lang='lat' dir='ltr'>ibidem</span> <span class='ocrx_word' id='word_1_114' title='bbox 1192 1507 1396 1560; x_wconf 88' lang='lat' dir='ltr'>sedeat</span> <span class='ocrx_word' id='word_1_115' title='bbox 1450 1507 1549 1560; x_wconf 88' lang='lat' dir='ltr'>ubi</span> <span class='ocrx_word' id='word_1_116' title='bbox 1579 1511 1739 1562; x_wconf 89' lang='lat' dir='ltr'>stare</span> 
     </span>
    </p>
   </div>
   <div class='ocr_carea' id='block_1_15' title="bbox 83 1591 1738 1665">
    <p class='ocr_par' dir='ltr' id='par_1_15' title="bbox 83 1591 1738 1665">
     <span class='ocr_line' id='line_1_15' title="bbox 83 1591 1738 1665; baseline 0.004 -23"><span class='ocrx_word' id='word_1_117' title='bbox 83 1591 306 1645; x_wconf 89' lang='lat' dir='ltr'>solebat.</span> <span class='ocrx_word' id='word_1_118' title='bbox 339 1592 487 1646; x_wconf 85' lang='lat' dir='ltr'>Post</span> <span class='ocrx_word' id='word_1_119' title='bbox 518 1595 826 1663; x_wconf 84' lang='lat' dir='ltr'>prandium</span> <span class='ocrx_word' id='word_1_120' title='bbox 860 1597 954 1649; x_wconf 87' lang='lat' dir='ltr'>vel</span> <span class='ocrx_word' id='word_1_121' title='bbox 985 1611 1211 1649; x_wconf 86' lang='lat' dir='ltr'>coenam</span> <span class='ocrx_word' id='word_1_122' title='bbox 1254 1596 1475 1665; x_wconf 89' lang='lat' dir='ltr'>pariter</span> <span class='ocrx_word' id='word_1_123' title='bbox 1513 1610 1738 1649; x_wconf 79' lang='lat' dir='ltr'>exeun-</span> 
     </span>
    </p>
   </div>
   <div class='ocr_carea' id='block_1_16' title="bbox 80 1680 1740 1755">
    <p class='ocr_par' dir='ltr' id='par_1_16' title="bbox 80 1680 1740 1755">
     <span class='ocr_line' id='line_1_16' title="bbox 80 1680 1740 1755; baseline 0.005 -24"><span class='ocrx_word' id='word_1_124' title='bbox 80 1682 174 1743; x_wconf 88' lang='lat' dir='ltr'>tes,</span> <span class='ocrx_word' id='word_1_125' title='bbox 206 1680 353 1734; x_wconf 89' lang='lat' dir='ltr'>iuter</span> <span class='ocrx_word' id='word_1_126' title='bbox 381 1686 697 1753; x_wconf 89' lang='lat' dir='ltr'>utrumque</span> <span class='ocrx_word' id='word_1_127' title='bbox 729 1684 977 1738; x_wconf 90' lang='lat' dir='ltr'>chorum</span> <span class='ocrx_word' id='word_1_128' title='bbox 1008 1685 1184 1739; x_wconf 91' lang='lat' dir='ltr'>medii</span> <span class='ocrx_word' id='word_1_129' title='bbox 1216 1684 1567 1755; x_wconf 89' lang='lat' dir='ltr'>procedunt,</span> <span class='ocrx_word' id='word_1_130' title='bbox 1599 1689 1740 1755; x_wconf 90' lang='lat' dir='ltr'>post</span> 
     </span>
    </p>
   </div>
   <div class='ocr_carea' id='block_1_17' title="bbox 80 1770 1733 1842">
    <p class='ocr_par' dir='ltr' id='par_1_17' title="bbox 80 1770 1733 1842">
     <span class='ocr_line' id='line_1_17' title="bbox 80 1770 1733 1842; baseline 0.004 -23"><span class='ocrx_word' id='word_1_131' title='bbox 80 1783 289 1836; x_wconf 89' lang='lat' dir='ltr'>nonam,</span> <span class='ocrx_word' id='word_1_132' title='bbox 345 1785 482 1823; x_wconf 87' lang='lat' dir='ltr'>cum</span> <span class='ocrx_word' id='word_1_133' title='bbox 528 1770 741 1826; x_wconf 80' lang='lat' dir='ltr'>fratres</span> <span class='ocrx_word' id='word_1_134' title='bbox 816 1772 1043 1841; x_wconf 91' lang='lat' dir='ltr'>bibunt,</span> <span class='ocrx_word' id='word_1_135' title='bbox 1115 1778 1171 1827; x_wconf 89' lang='lat' dir='ltr'>et</span> <span class='ocrx_word' id='word_1_136' title='bbox 1227 1773 1299 1827; x_wconf 91' lang='lat' dir='ltr'>ad</span> <span class='ocrx_word' id='word_1_137' title='bbox 1340 1773 1733 1842; x_wconf 83' lang='lat' dir='ltr'>collationem,</span> 
     </span>
    </p>
   </div>
   <div class='ocr_carea' id='block_1_18' title="bbox 80 1857 1814 1942">
    <p class='ocr_par' dir='ltr' id='par_1_18' title="bbox 80 1857 1814 1942">
     <span class='ocr_line' id='line_1_18' title="bbox 80 1857 1814 1942; baseline 0.005 -35"><span class='ocrx_word' id='word_1_138' title='bbox 80 1857 387 1925; x_wconf 82' lang='lat' dir='ltr'>novissimi,</span> <span class='ocrx_word' id='word_1_139' title='bbox 423 1863 480 1912; x_wconf 90' lang='lat' dir='ltr'>et</span> <span class='ocrx_word' id='word_1_140' title='bbox 507 1865 640 1915; x_wconf 90' lang='lat' dir='ltr'>ante</span> <span class='ocrx_word' id='word_1_141' title='bbox 692 1861 970 1916; x_wconf 85' lang='lat' dir='ltr'>domuum</span> <span class='ocrx_word' id='word_1_142' title='bbox 1002 1862 1271 1917; x_wconf 86' lang='lat' dir='ltr'>abbatem</span> <span class='ocrx_word' id='word_1_143' title='bbox 1310 1862 1401 1917; x_wconf 87' lang='lat' dir='ltr'>vel</span> <span class='ocrx_word' id='word_1_144' title='bbox 1452 1865 1732 1931; x_wconf 88' lang='lat' dir='ltr'>priorem.</span> <span class='ocrx_word' id='word_1_145' title='bbox 1766 1881 1814 1942; x_wconf 81' lang='grc' dir='ltr'>Β</span> 
     </span>
    </p>
   </div>
   <div class='ocr_carea' id='block_1_19' title="bbox 134 1944 1736 2019">
    <p class='ocr_par' dir='ltr' id='par_1_19' title="bbox 134 1944 1736 2019">
     <span class='ocr_line' id='line_1_19' title="bbox 134 1944 1736 2019; baseline 0.003 -20"><span class='ocrx_word' id='word_1_146' title='bbox 134 1944 367 2009; x_wconf 84' lang='lat' dir='ltr'>Quoties</span> <span class='ocrx_word' id='word_1_147' title='bbox 400 1950 759 2019; x_wconf 79' lang='lat' dir='ltr'>generaliter</span> <span class='ocrx_word' id='word_1_148' title='bbox 784 1951 1095 2005; x_wconf 88' lang='lat' dir='ltr'>ecclesiam</span> <span class='ocrx_word' id='word_1_149' title='bbox 1150 1951 1385 2017; x_wconf 88' lang='lat' dir='ltr'>intrant,</span> <span class='ocrx_word' id='word_1_150' title='bbox 1418 1952 1635 2004; x_wconf 90' lang='lat' dir='ltr'>intrant</span> <span class='ocrx_word' id='word_1_151' title='bbox 1662 1951 1736 2004; x_wconf 90' lang='lat' dir='ltr'>ad</span> 
     </span>
    </p>
   </div>
   <div class='ocr_carea' id='block_1_20' title="bbox 79 2035 1730 2109">
    <p class='ocr_par' dir='ltr' id='par_1_20' title="bbox 79 2035 1730 2109">
     <span class='ocr_line' id='line_1_20' title="bbox 79 2035 1730 2109; baseline 0.005 -22"><span class='ocrx_word' id='word_1_152' title='bbox 79 2035 399 2090; x_wconf 84' lang='lat' dir='ltr'>orientalem</span> <span class='ocrx_word' id='word_1_153' title='bbox 434 2037 690 2109; x_wconf 79' lang='lat' dir='ltr'>plagam,</span> <span class='ocrx_word' id='word_1_154' title='bbox 716 2042 772 2093; x_wconf 90' lang='lat' dir='ltr'>et</span> <span class='ocrx_word' id='word_1_155' title='bbox 800 2044 1127 2094; x_wconf 88' lang='lat' dir='ltr'>conventus</span> <span class='ocrx_word' id='word_1_156' title='bbox 1151 2041 1225 2093; x_wconf 87' lang='lat' dir='ltr'>ad</span> <span class='ocrx_word' id='word_1_157' title='bbox 1283 2040 1730 2095; x_wconf 78' lang='lat' dir='ltr'>occidentalem.</span> 
     </span>
    </p>
   </div>
   <div class='ocr_carea' id='block_1_21' title="bbox 79 2124 1734 2200">
    <p class='ocr_par' dir='ltr' id='par_1_21' title="bbox 79 2124 1734 2200">
     <span class='ocr_line' id='line_1_21' title="bbox 79 2124 1734 2200; baseline 0.004 -23"><span class='ocrx_word' id='word_1_158' title='bbox 79 2124 232 2178; x_wconf 69' lang='lat' dir='ltr'>Nulla</span> <span class='ocrx_word' id='word_1_159' title='bbox 262 2126 426 2193; x_wconf 89' lang='lat' dir='ltr'>bora,</span> <span class='ocrx_word' id='word_1_160' title='bbox 464 2127 621 2181; x_wconf 89' lang='lat' dir='ltr'>nulla</span> <span class='ocrx_word' id='word_1_161' title='bbox 645 2127 887 2183; x_wconf 85' lang='lat' dir='ltr'>refectio</span> <span class='ocrx_word' id='word_1_162' title='bbox 920 2130 1217 2200; x_wconf 87' lang='lat' dir='ltr'>generalis</span> <span class='ocrx_word' id='word_1_163' title='bbox 1251 2129 1563 2183; x_wconf 87' lang='lat' dir='ltr'>inchoatur</span> <span class='ocrx_word' id='word_1_164' title='bbox 1589 2130 1734 2183; x_wconf 89' lang='lat' dir='ltr'>abs-</span> 
     </span>
    </p>
   </div>
   <div class='ocr_carea' id='block_1_22' title="bbox 78 2214 1735 2289">
    <p class='ocr_par' dir='ltr' id='par_1_22' title="bbox 78 2214 1735 2289">
     <span class='ocr_line' id='line_1_22' title="bbox 78 2214 1735 2289; baseline 0.004 -22"><span class='ocrx_word' id='word_1_165' title='bbox 78 2230 171 2283; x_wconf 83' lang='lat' dir='ltr'>que</span> <span class='ocrx_word' id='word_1_166' title='bbox 193 2214 328 2282; x_wconf 90' lang='lat' dir='ltr'>illis,</span> <span class='ocrx_word' id='word_1_167' title='bbox 356 2215 474 2269; x_wconf 89' lang='lat' dir='ltr'>nisi</span> <span class='ocrx_word' id='word_1_168' title='bbox 507 2217 701 2270; x_wconf 80' lang='lat' dir='ltr'>adsint</span> <span class='ocrx_word' id='word_1_169' title='bbox 734 2217 823 2272; x_wconf 89' lang='lat' dir='ltr'>vel</span> <span class='ocrx_word' id='word_1_170' title='bbox 849 2219 983 2272; x_wconf 88' lang='lat' dir='ltr'>duo.</span> <span class='ocrx_word' id='word_1_171' title='bbox 1020 2218 1372 2289; x_wconf 85' lang='lat' dir='ltr'>Ubicunque</span> <span class='ocrx_word' id='word_1_172' title='bbox 1388 2218 1735 2273; x_wconf 83' lang='lat' dir='ltr'>transierint</span> 
     </span>
    </p>
   </div>
   <div class='ocr_carea' id='block_1_23' title="bbox 79 2304 1733 2378">
    <p class='ocr_par' dir='ltr' id='par_1_23' title="bbox 79 2304 1733 2378">
     <span class='ocr_line' id='line_1_23' title="bbox 79 2304 1733 2378; baseline 0.004 -22"><span class='ocrx_word' id='word_1_173' title='bbox 79 2318 164 2370; x_wconf 85' lang='lat' dir='ltr'>per</span> <span class='ocrx_word' id='word_1_174' title='bbox 181 2304 525 2373; x_wconf 81' lang='lat' dir='ltr'>claustrum,</span> <span class='ocrx_word' id='word_1_175' title='bbox 553 2306 765 2360; x_wconf 83' lang='lat' dir='ltr'>fratres</span> <span class='ocrx_word' id='word_1_176' title='bbox 821 2313 1024 2361; x_wconf 89' lang='lat' dir='ltr'>contra</span> <span class='ocrx_word' id='word_1_177' title='bbox 1074 2323 1180 2361; x_wconf 89' lang='lat' dir='ltr'>eos</span> <span class='ocrx_word' id='word_1_178' title='bbox 1212 2309 1636 2378; x_wconf 88' lang='lat' dir='ltr'>aliquantulum</span> <span class='ocrx_word' id='word_1_179' title='bbox 1665 2324 1733 2362; x_wconf 90' lang='lat' dir='ltr'>se</span> 
     </span>
    </p>
   </div>
   <div class='ocr_carea' id='block_1_24' title="bbox 75 2391 1730 2467">
    <p class='ocr_par' dir='ltr' id='par_1_24' title="bbox 75 2391 1730 2467">
     <span class='ocr_line' id='line_1_24' title="bbox 75 2391 1730 2467; baseline 0.004 -23"><span class='ocrx_word' id='word_1_180' title='bbox 75 2391 272 2457; x_wconf 78' lang='lat' dir='ltr'>levant,</span> <span class='ocrx_word' id='word_1_181' title='bbox 304 2396 361 2447; x_wconf 86' lang='lat' dir='ltr'>et</span> <span class='ocrx_word' id='word_1_182' title='bbox 389 2394 691 2463; x_wconf 88' lang='lat' dir='ltr'>inclinant,</span> <span class='ocrx_word' id='word_1_183' title='bbox 735 2399 847 2449; x_wconf 90' lang='lat' dir='ltr'>tam</span> <span class='ocrx_word' id='word_1_184' title='bbox 897 2400 1138 2466; x_wconf 88' lang='lat' dir='ltr'>propter</span> <span class='ocrx_word' id='word_1_185' title='bbox 1184 2397 1337 2451; x_wconf 92' lang='lat' dir='ltr'>duos</span> <span class='ocrx_word' id='word_1_186' title='bbox 1382 2412 1554 2467; x_wconf 88' lang='lat' dir='ltr'>quam</span> <span class='ocrx_word' id='word_1_187' title='bbox 1591 2413 1730 2466; x_wconf 88' lang='lat' dir='ltr'>pro-</span> 
     </span>
    </p>
   </div>
   <div class='ocr_carea' id='block_1_25' title="bbox 76 2483 1731 2548">
    <p class='ocr_par' dir='ltr' id='par_1_25' title="bbox 76 2483 1731 2548">
     <span class='ocr_line' id='line_1_25' title="bbox 76 2483 1731 2548; baseline 0.004 -15"><span class='ocrx_word' id='word_1_188' title='bbox 76 2487 189 2548; x_wconf 85' lang='lat' dir='ltr'>pter</span> <span class='ocrx_word' id='word_1_189' title='bbox 221 2498 445 2536; x_wconf 91' lang='lat' dir='ltr'>omnes.</span> <span class='ocrx_word' id='word_1_190' title='bbox 480 2483 595 2537; x_wconf 91' lang='lat' dir='ltr'>Sed</span> <span class='ocrx_word' id='word_1_191' title='bbox 631 2500 737 2537; x_wconf 90' lang='lat' dir='ltr'>nec</span> <span class='ocrx_word' id='word_1_192' title='bbox 765 2486 836 2537; x_wconf 90' lang='lat' dir='ltr'>ad</span> <span class='ocrx_word' id='word_1_193' title='bbox 886 2486 1264 2539; x_wconf 88' lang='lat' dir='ltr'>necessarias</span> <span class='ocrx_word' id='word_1_194' title='bbox 1296 2501 1404 2539; x_wconf 91' lang='lat' dir='ltr'>nec</span> <span class='ocrx_word' id='word_1_195' title='bbox 1434 2486 1506 2539; x_wconf 91' lang='lat' dir='ltr'>ad</span> <span class='ocrx_word' id='word_1_196' title='bbox 1538 2487 1731 2539; x_wconf 91' lang='lat' dir='ltr'>locum</span> 
     </span>
    </p>
   </div>
   <div class='ocr_carea' id='block_1_26' title="bbox 76 2570 1732 2643">
    <p class='ocr_par' dir='ltr' id='par_1_26' title="bbox 76 2570 1732 2643">
     <span class='ocr_line' id='line_1_26' title="bbox 76 2570 1732 2643; baseline 0.004 -21"><span class='ocrx_word' id='word_1_197' title='bbox 76 2570 239 2624; x_wconf 85' lang='lat' dir='ltr'>ullum</span> <span class='ocrx_word' id='word_1_198' title='bbox 280 2571 597 2640; x_wconf 81' lang='lat' dir='ltr'>divortunt,</span> <span class='ocrx_word' id='word_1_199' title='bbox 660 2574 777 2626; x_wconf 89' lang='lat' dir='ltr'>nisi</span> <span class='ocrx_word' id='word_1_200' title='bbox 833 2589 1071 2643; x_wconf 88' lang='lat' dir='ltr'>semper</span> <span class='ocrx_word' id='word_1_201' title='bbox 1107 2574 1222 2628; x_wconf 91' lang='lat' dir='ltr'>duo</span> <span class='ocrx_word' id='word_1_202' title='bbox 1263 2576 1383 2627; x_wconf 89' lang='lat' dir='ltr'>sint</span> <span class='ocrx_word' id='word_1_203' title='bbox 1418 2576 1615 2641; x_wconf 89' lang='lat' dir='ltr'>simul,</span> <span class='ocrx_word' id='word_1_204' title='bbox 1676 2579 1732 2629; x_wconf 90' lang='lat' dir='ltr'>et</span> 
     </span>
    </p>
   </div>
   <div class='ocr_carea' id='block_1_27' title="bbox 75 2661 1728 2733">
    <p class='ocr_par' dir='ltr' id='par_1_27' title="bbox 75 2661 1728 2733">
     <span class='ocr_line' id='line_1_27' title="bbox 75 2661 1728 2733; baseline 0.004 -23"><span class='ocrx_word' id='word_1_205' title='bbox 75 2676 213 2714; x_wconf 84' lang='lat' dir='ltr'>unus</span> <span class='ocrx_word' id='word_1_206' title='bbox 243 2661 529 2731; x_wconf 76' lang='lat' dir='ltr'>magister</span> <span class='ocrx_word' id='word_1_207' title='bbox 558 2675 764 2715; x_wconf 89' lang='lat' dir='ltr'>eorum</span> <span class='ocrx_word' id='word_1_208' title='bbox 795 2662 853 2715; x_wconf 90' lang='lat' dir='ltr'>in</span> <span class='ocrx_word' id='word_1_209' title='bbox 886 2663 1098 2729; x_wconf 89' lang='lat' dir='ltr'>medio,</span> <span class='ocrx_word' id='word_1_210' title='bbox 1125 2664 1225 2733; x_wconf 88' lang='lat' dir='ltr'>qui</span> <span class='ocrx_word' id='word_1_211' title='bbox 1256 2678 1367 2716; x_wconf 92' lang='lat' dir='ltr'>nec</span> <span class='ocrx_word' id='word_1_212' title='bbox 1400 2664 1588 2731; x_wconf 91' lang='lat' dir='ltr'>sedet,</span> <span class='ocrx_word' id='word_1_213' title='bbox 1622 2664 1728 2718; x_wconf 88' lang='lat' dir='ltr'>sed</span> 
     </span>
    </p>
   </div>
   <div class='ocr_carea' id='block_1_28' title="bbox 73 2749 1725 2818">
    <p class='ocr_par' dir='ltr' id='par_1_28' title="bbox 73 2749 1725 2818">
     <span class='ocr_line' id='line_1_28' title="bbox 73 2749 1725 2818; baseline 0.003 -17"><span class='ocrx_word' id='word_1_214' title='bbox 73 2751 168 2801; x_wconf 83' lang='lat' dir='ltr'>stat</span> <span class='ocrx_word' id='word_1_215' title='bbox 200 2754 331 2803; x_wconf 83' lang='lat' dir='ltr'>ante</span> <span class='ocrx_word' id='word_1_216' title='bbox 359 2749 495 2802; x_wconf 92' lang='lat' dir='ltr'>illos</span> <span class='ocrx_word' id='word_1_217' title='bbox 517 2750 589 2802; x_wconf 88' lang='lat' dir='ltr'>ad</span> <span class='ocrx_word' id='word_1_218' title='bbox 609 2751 1005 2818; x_wconf 90' lang='lat' dir='ltr'>necessarias,</span> <span class='ocrx_word' id='word_1_219' title='bbox 1027 2751 1349 2805; x_wconf 85' lang='lat' dir='ltr'>sidet‘uerit</span> <span class='ocrx_word' id='word_1_220' title='bbox 1379 2756 1725 2807; x_wconf 87' lang='lat' dir='ltr'>conventus.</span> 
     </span>
    </p>
   </div>
   <div class='ocr_carea' id='block_1_29' title="bbox 73 2837 1730 2909">
    <p class='ocr_par' dir='ltr' id='par_1_29' title="bbox 73 2837 1730 2909">
     <span class='ocr_line' id='line_1_29' title="bbox 73 2837 1730 2909; baseline 0.004 -19"><span class='ocrx_word' id='word_1_221' title='bbox 73 2837 392 2891; x_wconf 79' lang='lat' dir='ltr'>Servitores</span> <span class='ocrx_word' id='word_1_222' title='bbox 422 2854 660 2909; x_wconf 91' lang='lat' dir='ltr'>quoque</span> <span class='ocrx_word' id='word_1_223' title='bbox 690 2838 762 2892; x_wconf 93' lang='lat' dir='ltr'>de</span> <span class='ocrx_word' id='word_1_224' title='bbox 780 2839 1094 2894; x_wconf 84' lang='lat' dir='ltr'>refectorie</span> <span class='ocrx_word' id='word_1_225' title='bbox 1123 2844 1427 2907; x_wconf 84' lang='lat' dir='ltr'>exeuntes,</span> <span class='ocrx_word' id='word_1_226' title='bbox 1449 2843 1499 2893; x_wconf 92' lang='lat' dir='ltr'>si</span> <span class='ocrx_word' id='word_1_227' title='bbox 1520 2842 1730 2896; x_wconf 90' lang='lat' dir='ltr'>sedent</span> 
     </span>
    </p>
   </div>
   <div class='ocr_carea' id='block_1_30' title="bbox 74 2925 1728 2999">
    <p class='ocr_par' dir='ltr' id='par_1_30' title="bbox 74 2925 1728 2999">
     <span class='ocr_line' id='line_1_30' title="bbox 74 2925 1728 2999; baseline 0.005 -22"><span class='ocrx_word' id='word_1_228' title='bbox 74 2925 156 2978; x_wconf 84' lang='lat' dir='ltr'>ubi</span> <span class='ocrx_word' id='word_1_229' title='bbox 175 2927 387 2980; x_wconf 88' lang='lat' dir='ltr'>sedere</span> <span class='ocrx_word' id='word_1_230' title='bbox 410 2928 624 2995; x_wconf 88' lang='lat' dir='ltr'>solent,</span> <span class='ocrx_word' id='word_1_231' title='bbox 685 2927 968 2982; x_wconf 90' lang='lat' dir='ltr'>inclinant</span> <span class='ocrx_word' id='word_1_232' title='bbox 1006 2934 1212 2983; x_wconf 91' lang='lat' dir='ltr'>contra</span> <span class='ocrx_word' id='word_1_233' title='bbox 1253 2945 1379 2999; x_wconf 87' lang='lat' dir='ltr'>eos,</span> <span class='ocrx_word' id='word_1_234' title='bbox 1428 2934 1484 2983; x_wconf 89' lang='lat' dir='ltr'>et</span> <span class='ocrx_word' id='word_1_235' title='bbox 1514 2931 1595 2983; x_wconf 87' lang='lat' dir='ltr'>illi</span> <span class='ocrx_word' id='word_1_236' title='bbox 1624 2948 1728 2985; x_wconf 92' lang='lat' dir='ltr'>as-</span> 
     </span>
    </p>
   </div>
   <div class='ocr_carea' id='block_1_31' title="bbox 74 3016 1727 3088">
    <p class='ocr_par' dir='ltr' id='par_1_31' title="bbox 74 3016 1727 3088">
     <span class='ocr_line' id='line_1_31' title="bbox 74 3016 1727 3088; baseline 0.005 -22"><span class='ocrx_word' id='word_1_237' title='bbox 74 3019 307 3086; x_wconf 85' lang='lat' dir='ltr'>surgunt</span> <span class='ocrx_word' id='word_1_238' title='bbox 330 3019 535 3069; x_wconf 88' lang='lat' dir='ltr'>contra</span> <span class='ocrx_word' id='word_1_239' title='bbox 566 3031 672 3070; x_wconf 85' lang='lat' dir='ltr'>eos</span> <span class='ocrx_word' id='word_1_240' title='bbox 740 3016 906 3080; x_wconf 92' lang='lat' dir='ltr'>Quod</span> <span class='ocrx_word' id='word_1_241' title='bbox 951 3018 1005 3070; x_wconf 91' lang='lat' dir='ltr'>si</span> <span class='ocrx_word' id='word_1_242' title='bbox 1036 3018 1272 3088; x_wconf 88' lang='lat' dir='ltr'>quidam</span> <span class='ocrx_word' id='word_1_243' title='bbox 1304 3033 1376 3072; x_wconf 81' lang='lat' dir='ltr'>ex</span> <span class='ocrx_word' id='word_1_244' title='bbox 1407 3020 1507 3073; x_wconf 85' lang='lat' dir='ltr'>eis-</span> <span class='ocrx_word' id='word_1_245' title='bbox 1526 3021 1595 3073; x_wconf 89' lang='lat' dir='ltr'>ad</span> <span class='ocrx_word' id='word_1_246' title='bbox 1629 3037 1727 3074; x_wconf 88' lang='lat' dir='ltr'>re-</span> 
     </span>
    </p>
   </div>
   <div class='ocr_carea' id='block_1_32' title="bbox 73 3104 1726 3180">
    <p class='ocr_par' dir='ltr' id='par_1_32' title="bbox 73 3104 1726 3180">
     <span class='ocr_line' id='line_1_32' title="bbox 73 3104 1726 3180; baseline 0.005 -26"><span class='ocrx_word' id='word_1_247' title='bbox 73 3104 318 3173; x_wconf 83' lang='lat' dir='ltr'>gularem</span> <span class='ocrx_word' id='word_1_248' title='bbox 350 3104 556 3157; x_wconf 90' lang='lat' dir='ltr'>horam</span> <span class='ocrx_word' id='word_1_249' title='bbox 589 3105 902 3175; x_wconf 88' lang='lat' dir='ltr'>aliquando</span> <span class='ocrx_word' id='word_1_250' title='bbox 936 3107 1161 3161; x_wconf 84' lang='lat' dir='ltr'>tardius</span> <span class='ocrx_word' id='word_1_251' title='bbox 1207 3114 1523 3163; x_wconf 87' lang='lat' dir='ltr'>occurrunt</span> <span class='ocrx_word' id='word_1_252' title='bbox 1552 3125 1726 3180; x_wconf 86' lang='lat' dir='ltr'>quam</span> 
     </span>
    </p>
   </div>
   <div class='ocr_carea' id='block_1_33' title="bbox 72 3192 1724 3264">
    <p class='ocr_par' dir='ltr' id='par_1_33' title="bbox 72 3192 1724 3264">
     <span class='ocr_line' id='line_1_33' title="bbox 72 3192 1724 3264; baseline 0.005 -22"><span class='ocrx_word' id='word_1_253' title='bbox 72 3192 131 3243; x_wconf 87' lang='lat' dir='ltr'>ad</span> <span class='ocrx_word' id='word_1_254' title='bbox 159 3192 361 3247; x_wconf 81' lang='lat' dir='ltr'>Gloria</span> <span class='ocrx_word' id='word_1_255' title='bbox 393 3194 565 3261; x_wconf 82' lang='lat' dir='ltr'>primi</span> <span class='ocrx_word' id='word_1_256' title='bbox 599 3195 777 3262; x_wconf 88' lang='lat' dir='ltr'>psal.,</span> <span class='ocrx_word' id='word_1_257' title='bbox 813 3210 926 3247; x_wconf 90' lang='lat' dir='ltr'>non</span> <span class='ocrx_word' id='word_1_258' title='bbox 951 3200 1191 3264; x_wconf 86' lang='lat' dir='ltr'>propter</span> <span class='ocrx_word' id='word_1_259' title='bbox 1211 3196 1321 3249; x_wconf 89' lang='lat' dir='ltr'>hoc</span> <span class='ocrx_word' id='word_1_260' title='bbox 1356 3201 1415 3250; x_wconf 92' lang='lat' dir='ltr'>ut</span> <span class='ocrx_word' id='word_1_261' title='bbox 1438 3198 1533 3250; x_wconf 90' lang='lat' dir='ltr'>alii</span> <span class='ocrx_word' id='word_1_262' title='bbox 1569 3204 1724 3252; x_wconf 86' lang='lat' dir='ltr'>stare</span> 
     </span>
    </p>
   </div>
   <div class='ocr_carea' id='block_1_34' title="bbox 74 3281 1720 3356">
    <p class='ocr_par' dir='ltr' id='par_1_34' title="bbox 74 3281 1720 3356">
     <span class='ocr_line' id='line_1_34' title="bbox 74 3281 1720 3356; baseline 0.004 -23"><span class='ocrx_word' id='word_1_263' title='bbox 74 3281 289 3335; x_wconf 82' lang='lat' dir='ltr'>veniunt</span> <span class='ocrx_word' id='word_1_264' title='bbox 321 3282 394 3335; x_wconf 88' lang='lat' dir='ltr'>ad</span> <span class='ocrx_word' id='word_1_265' title='bbox 429 3281 697 3351; x_wconf 88' lang='lat' dir='ltr'>gradum.</span> <span class='ocrx_word' id='word_1_266' title='bbox 734 3283 873 3336; x_wconf 89' lang='lat' dir='ltr'>Item</span> <span class='ocrx_word' id='word_1_267' title='bbox 905 3283 956 3336; x_wconf 89' lang='lat' dir='ltr'>si</span> <span class='ocrx_word' id='word_1_268' title='bbox 991 3289 1291 3338; x_wconf 86' lang='lat' dir='ltr'>morantur</span> <span class='ocrx_word' id='word_1_269' title='bbox 1319 3302 1352 3338; x_wconf 91' lang='lat' dir='ltr'>a</span> <span class='ocrx_word' id='word_1_270' title='bbox 1384 3287 1720 3356; x_wconf 86' lang='lat' dir='ltr'>refectorie,</span> 
     </span>
    </p>
   </div>
   <div class='ocr_carea' id='block_1_35' title="bbox 73 3370 1725 3444">
    <p class='ocr_par' dir='ltr' id='par_1_35' title="bbox 73 3370 1725 3444">
     <span class='ocr_line' id='line_1_35' title="bbox 73 3370 1725 3444; baseline 0.007 -26"><span class='ocrx_word' id='word_1_271' title='bbox 73 3383 235 3439; x_wconf 85' lang='lat' dir='ltr'>usque</span> <span class='ocrx_word' id='word_1_272' title='bbox 286 3370 429 3423; x_wconf 88' lang='lat' dir='ltr'>dum</span> <span class='ocrx_word' id='word_1_273' title='bbox 469 3386 686 3424; x_wconf 88' lang='lat' dir='ltr'>versus</span> <span class='ocrx_word' id='word_1_274' title='bbox 743 3371 936 3425; x_wconf 87' lang='lat' dir='ltr'>dictus</span> <span class='ocrx_word' id='word_1_275' title='bbox 983 3374 1177 3439; x_wconf 87' lang='lat' dir='ltr'>fuerit,</span> <span class='ocrx_word' id='word_1_276' title='bbox 1241 3374 1477 3428; x_wconf 90' lang='lat' dir='ltr'>minime</span> <span class='ocrx_word' id='word_1_277' title='bbox 1522 3379 1725 3444; x_wconf 88' lang='lat' dir='ltr'>petunt</span> 
     </span>
    </p>
   </div>
   <div class='ocr_carea' id='block_1_36' title="bbox 74 3456 1722 3528">
    <p class='ocr_par' dir='ltr' id='par_1_36' title="bbox 74 3456 1722 3528">
     <span class='ocr_line' id='line_1_36' title="bbox 74 3456 1722 3528; baseline 0.005 -20"><span class='ocrx_word' id='word_1_278' title='bbox 74 3456 344 3511; x_wconf 84' lang='lat' dir='ltr'>licentiam</span> <span class='ocrx_word' id='word_1_279' title='bbox 377 3459 743 3528; x_wconf 80' lang='lat' dir='ltr'>comedendi,</span> <span class='ocrx_word' id='word_1_280' title='bbox 797 3460 906 3513; x_wconf 91' lang='lat' dir='ltr'>sed</span> <span class='ocrx_word' id='word_1_281' title='bbox 935 3465 1152 3515; x_wconf 89' lang='lat' dir='ltr'>tantum</span> <span class='ocrx_word' id='word_1_282' title='bbox 1174 3463 1231 3515; x_wconf 91' lang='lat' dir='ltr'>in</span> <span class='ocrx_word' id='word_1_283' title='bbox 1265 3464 1395 3517; x_wconf 91' lang='lat' dir='ltr'>loco</span> <span class='ocrx_word' id='word_1_284' title='bbox 1454 3480 1565 3517; x_wconf 91' lang='lat' dir='ltr'>suo</span> <span class='ocrx_word' id='word_1_285' title='bbox 1590 3469 1722 3518; x_wconf 87' lang='lat' dir='ltr'>ante</span> 
     </span>
    </p>
   </div>
   <div class='ocr_carea' id='block_1_37' title="bbox 71 3543 1724 3623">
    <p class='ocr_par' dir='ltr' id='par_1_37' title="bbox 71 3543 1724 3623">
     <span class='ocr_line' id='line_1_37' title="bbox 71 3543 1724 3623; baseline 0.005 -25"><span class='ocrx_word' id='word_1_286' title='bbox 71 3543 268 3601; x_wconf 79' lang='lat' dir='ltr'>faciunt</span> <span class='ocrx_word' id='word_1_287' title='bbox 301 3551 359 3601; x_wconf 89' lang='lat' dir='ltr'>et</span> <span class='ocrx_word' id='word_1_288' title='bbox 382 3551 578 3617; x_wconf 87' lang='lat' dir='ltr'>retro;</span> <span class='ocrx_word' id='word_1_289' title='bbox 606 3550 895 3620; x_wconf 80' lang='lat' dir='ltr'>magister</span> <span class='ocrx_word' id='word_1_290' title='bbox 923 3552 1115 3603; x_wconf 87' lang='lat' dir='ltr'>tamen</span> <span class='ocrx_word' id='word_1_291' title='bbox 1146 3566 1372 3620; x_wconf 90' lang='lat' dir='ltr'>eorum,</span> <span class='ocrx_word' id='word_1_292' title='bbox 1408 3554 1506 3623; x_wconf 88' lang='lat' dir='ltr'>qui</span> <span class='ocrx_word' id='word_1_293' title='bbox 1538 3554 1724 3607; x_wconf 89' lang='lat' dir='ltr'>cemi-</span> 
     </span>
    </p>
   </div>
   <div class='ocr_carea' id='block_1_38' title="bbox 69 3637 1723 3711">
    <p class='ocr_par' dir='ltr' id='par_1_38' title="bbox 69 3637 1723 3711">
     <span class='ocr_line' id='line_1_38' title="bbox 69 3637 1723 3711; baseline 0.008 -27"><span class='ocrx_word' id='word_1_294' title='bbox 69 3637 351 3703; x_wconf 65' lang='lat' dir='ltr'>tatureOa,</span> <span class='ocrx_word' id='word_1_295' title='bbox 400 3639 889 3691; x_wconf 87' lang='lat' dir='ltr'>consuetudinem</span> <span class='ocrx_word' id='word_1_296' title='bbox 928 3641 1084 3693; x_wconf 88' lang='lat' dir='ltr'>tenet</span> <span class='ocrx_word' id='word_1_297' title='bbox 1124 3641 1416 3711; x_wconf 88' lang='lat' dir='ltr'>utrinque.</span> <span class='ocrx_word' id='word_1_298' title='bbox 1460 3642 1625 3706; x_wconf 88' lang='lat' dir='ltr'>Quod</span> <span class='ocrx_word' id='word_1_299' title='bbox 1669 3644 1723 3697; x_wconf 89' lang='lat' dir='ltr'>si</span> 
     </span>
    </p>
   </div>
   <div class='ocr_carea' id='block_1_39' title="bbox 67 3723 1721 3797">
    <p class='ocr_par' dir='ltr' id='par_1_39' title="bbox 67 3723 1721 3797">
     <span class='ocr_line' id='line_1_39' title="bbox 67 3723 1721 3797; baseline 0.006 -22"><span class='ocrx_word' id='word_1_300' title='bbox 67 3723 259 3794; x_wconf 84' lang='lat' dir='ltr'>aliquis</span> <span class='ocrx_word' id='word_1_301' title='bbox 291 3741 463 3795; x_wconf 89' lang='lat' dir='ltr'>puer,</span> <span class='ocrx_word' id='word_1_302' title='bbox 495 3726 568 3780; x_wconf 89' lang='lat' dir='ltr'>de</span> <span class='ocrx_word' id='word_1_303' title='bbox 589 3725 736 3779; x_wconf 85' lang='lat' dir='ltr'>foris</span> <span class='ocrx_word' id='word_1_304' title='bbox 786 3727 1053 3797; x_wconf 89' lang='lat' dir='ltr'>veniens,</span> <span class='ocrx_word' id='word_1_305' title='bbox 1086 3729 1405 3786; x_wconf 88' lang='lat' dir='ltr'>intraturus</span> <span class='ocrx_word' id='word_1_306' title='bbox 1437 3734 1528 3784; x_wconf 90' lang='lat' dir='ltr'>est</span> <span class='ocrx_word' id='word_1_307' title='bbox 1558 3732 1721 3785; x_wconf 90' lang='lat' dir='ltr'>clau-</span> 
     </span>
    </p>
   </div>
   <div class='ocr_carea' id='block_1_40' title="bbox 68 3814 1719 3886">
    <p class='ocr_par' dir='ltr' id='par_1_40' title="bbox 68 3814 1719 3886">
     <span class='ocr_line' id='line_1_40' title="bbox 68 3814 1719 3886; baseline 0.007 -23"><span class='ocrx_word' id='word_1_308' title='bbox 68 3818 250 3878; x_wconf 89' lang='lat' dir='ltr'>strum,</span> <span class='ocrx_word' id='word_1_309' title='bbox 312 3818 516 3868; x_wconf 89' lang='lat' dir='ltr'>contra</span> <span class='ocrx_word' id='word_1_310' title='bbox 564 3814 720 3868; x_wconf 89' lang='lat' dir='ltr'>hunc</span> <span class='ocrx_word' id='word_1_311' title='bbox 776 3816 876 3869; x_wconf 90' lang='lat' dir='ltr'>alii</span> <span class='ocrx_word' id='word_1_312' title='bbox 932 3816 1046 3870; x_wconf 91' lang='lat' dir='ltr'>duo</span> <span class='ocrx_word' id='word_1_313' title='bbox 1092 3819 1256 3886; x_wconf 91' lang='lat' dir='ltr'>pueri</span> <span class='ocrx_word' id='word_1_314' title='bbox 1314 3820 1609 3873; x_wconf 85' lang='lat' dir='ltr'>ducuntur</span> <span class='ocrx_word' id='word_1_315' title='bbox 1650 3822 1719 3874; x_wconf 89' lang='lat' dir='ltr'>ad</span> 
     </span>
    </p>
   </div>
   <div class='ocr_carea' id='block_1_41' title="bbox 68 3902 1721 3976">
    <p class='ocr_par' dir='ltr' id='par_1_41' title="bbox 68 3902 1721 3976">
     <span class='ocr_line' id='line_1_41' title="bbox 68 3902 1721 3976; baseline 0.005 -23"><span class='ocrx_word' id='word_1_316' title='bbox 68 3902 259 3957; x_wconf 85' lang='lat' dir='ltr'>ostium</span> <span class='ocrx_word' id='word_1_317' title='bbox 294 3904 563 3971; x_wconf 87' lang='lat' dir='ltr'>claustri,</span> <span class='ocrx_word' id='word_1_318' title='bbox 596 3908 652 3958; x_wconf 88' lang='lat' dir='ltr'>et</span> <span class='ocrx_word' id='word_1_319' title='bbox 681 3906 759 3959; x_wconf 90' lang='lat' dir='ltr'>ita</span> <span class='ocrx_word' id='word_1_320' title='bbox 790 3905 968 3958; x_wconf 91' lang='lat' dir='ltr'>simul</span> <span class='ocrx_word' id='word_1_321' title='bbox 1020 3921 1152 3959; x_wconf 92' lang='lat' dir='ltr'>cum</span> <span class='ocrx_word' id='word_1_322' title='bbox 1213 3907 1361 3976; x_wconf 90' lang='lat' dir='ltr'>ipsis</span> <span class='ocrx_word' id='word_1_323' title='bbox 1407 3910 1721 3964; x_wconf 89' lang='lat' dir='ltr'>conventui</span> 
     </span>
    </p>
   </div>
   <div class='ocr_carea' id='block_1_42' title="bbox 66 3993 1722 4067">
    <p class='ocr_par' dir='ltr' id='par_1_42' title="bbox 66 3993 1722 4067">
     <span class='ocr_line' id='line_1_42' title="bbox 66 3993 1722 4067; baseline 0.005 -24"><span class='ocrx_word' id='word_1_324' title='bbox 66 3997 474 4061; x_wconf 62' lang='lat' dir='ltr'>prasentatur;</span> <span class='ocrx_word' id='word_1_325' title='bbox 507 3997 641 4062; x_wconf 87' lang='lat' dir='ltr'>post</span> <span class='ocrx_word' id='word_1_326' title='bbox 697 3993 897 4061; x_wconf 88' lang='lat' dir='ltr'>horas,</span> <span class='ocrx_word' id='word_1_327' title='bbox 944 4011 1077 4048; x_wconf 91' lang='lat' dir='ltr'>cum</span> <span class='ocrx_word' id='word_1_328' title='bbox 1125 3995 1258 4049; x_wconf 88' lang='lat' dir='ltr'>aliis</span> <span class='ocrx_word' id='word_1_329' title='bbox 1297 3997 1397 4067; x_wconf 88' lang='lat' dir='ltr'>qui</span> <span class='ocrx_word' id='word_1_330' title='bbox 1437 4002 1722 4052; x_wconf 90' lang='lat' dir='ltr'>venerunt</span> 
     </span>
    </p>
   </div>
   <div class='ocr_carea' id='block_1_43' title="bbox 68 4080 1721 4155">
    <p class='ocr_par' dir='ltr' id='par_1_43' title="bbox 68 4080 1721 4155">
     <span class='ocr_line' id='line_1_43' title="bbox 68 4080 1721 4155; baseline 0.007 -25"><span class='ocrx_word' id='word_1_331' title='bbox 68 4080 344 4148; x_wconf 84' lang='lat' dir='ltr'>accipiunt</span> <span class='ocrx_word' id='word_1_332' title='bbox 372 4081 843 4136; x_wconf 88' lang='lat' dir='ltr'>benedictionem</span> <span class='ocrx_word' id='word_1_333' title='bbox 885 4082 942 4136; x_wconf 93' lang='lat' dir='ltr'>in</span> <span class='ocrx_word' id='word_1_334' title='bbox 1000 4084 1395 4155; x_wconf 75' lang='lat' dir='ltr'>presbyterio,</span> <span class='ocrx_word' id='word_1_335' title='bbox 1454 4090 1586 4140; x_wconf 89' lang='lat' dir='ltr'>ante</span> <span class='ocrx_word' id='word_1_336' title='bbox 1616 4102 1721 4141; x_wconf 90' lang='lat' dir='ltr'>eos</span> 
     </span>
    </p>
   </div>
   <div class='ocr_carea' id='block_1_44' title="bbox 67 4170 1718 4240">
    <p class='ocr_par' dir='ltr' id='par_1_44' title="bbox 67 4170 1718 4240">
     <span class='ocr_line' id='line_1_44' title="bbox 67 4170 1718 4240; baseline 0.005 -21"><span class='ocrx_word' id='word_1_337' title='bbox 67 4170 230 4222; x_wconf 88' lang='lat' dir='ltr'>stans.</span> <span class='ocrx_word' id='word_1_338' title='bbox 266 4170 437 4238; x_wconf 86' lang='lat' dir='ltr'>Item,</span> <span class='ocrx_word' id='word_1_339' title='bbox 462 4171 515 4223; x_wconf 90' lang='lat' dir='ltr'>si</span> <span class='ocrx_word' id='word_1_340' title='bbox 539 4171 672 4240; x_wconf 88' lang='lat' dir='ltr'>quis</span> <span class='ocrx_word' id='word_1_341' title='bbox 705 4187 908 4225; x_wconf 91' lang='lat' dir='ltr'>eorum</span> <span class='ocrx_word' id='word_1_342' title='bbox 931 4172 1236 4228; x_wconf 88' lang='lat' dir='ltr'>ducendus</span> <span class='ocrx_word' id='word_1_343' title='bbox 1270 4179 1360 4229; x_wconf 89' lang='lat' dir='ltr'>est</span> <span class='ocrx_word' id='word_1_344' title='bbox 1393 4175 1452 4228; x_wconf 91' lang='lat' dir='ltr'>in</span> <span class='ocrx_word' id='word_1_345' title='bbox 1482 4175 1718 4229; x_wconf 91' lang='lat' dir='ltr'>domum</span> 
     </span>
    </p>
   </div>
   <div class='ocr_carea' id='block_1_45' title="bbox 66 4261 1714 4341">
    <p class='ocr_par' dir='ltr' id='par_1_45' title="bbox 66 4261 1714 4341">
     <span class='ocr_line' id='line_1_45' title="bbox 66 4261 1714 4341; baseline 0.009 -30"><span class='ocrx_word' id='word_1_346' title='bbox 66 4261 434 4332; x_wconf 78' lang='lat' dir='ltr'>inﬁmorum,</span> <span class='ocrx_word' id='word_1_347' title='bbox 468 4265 604 4319; x_wconf 93' lang='lat' dir='ltr'>illuc</span> <span class='ocrx_word' id='word_1_348' title='bbox 628 4282 863 4337; x_wconf 90' lang='lat' dir='ltr'>quoque</span> <span class='ocrx_word' id='word_1_349' title='bbox 892 4266 988 4320; x_wconf 92' lang='lat' dir='ltr'>alii</span> <span class='ocrx_word' id='word_1_350' title='bbox 1042 4267 1155 4321; x_wconf 92' lang='lat' dir='ltr'>duo</span> <span class='ocrx_word' id='word_1_351' title='bbox 1187 4269 1427 4323; x_wconf 89' lang='lat' dir='ltr'>veniunt</span> <span class='ocrx_word' id='word_1_352' title='bbox 1457 4286 1589 4324; x_wconf 88' lang='lat' dir='ltr'>cum</span> <span class='ocrx_word' id='word_1_353' title='bbox 1624 4286 1714 4341; x_wconf 91' lang='lat' dir='ltr'>eo,</span> 
     </span>
    </p>
   </div>
   <div class='ocr_carea' id='block_1_46' title="bbox 67 4352 1721 4424">
    <p class='ocr_par' dir='ltr' id='par_1_46' title="bbox 67 4352 1721 4424">
     <span class='ocr_line' id='line_1_46' title="bbox 67 4352 1721 4424; baseline 0.008 -23"><span class='ocrx_word' id='word_1_354' title='bbox 67 4352 149 4403; x_wconf 88' lang='lat' dir='ltr'>ubi</span> <span class='ocrx_word' id='word_1_355' title='bbox 174 4356 441 4424; x_wconf 88' lang='lat' dir='ltr'>quandiu</span> <span class='ocrx_word' id='word_1_356' title='bbox 466 4358 729 4409; x_wconf 89' lang='lat' dir='ltr'>moratur</span> <span class='ocrx_word' id='word_1_357' title='bbox 771 4356 1213 4411; x_wconf 90' lang='lat' dir='ltr'>commendatus</span> <span class='ocrx_word' id='word_1_358' title='bbox 1254 4363 1345 4411; x_wconf 89' lang='lat' dir='ltr'>est</span> <span class='ocrx_word' id='word_1_359' title='bbox 1376 4360 1721 4415; x_wconf 85' lang='lat' dir='ltr'>cautissimo</span> 
     </span>
    </p>
   </div>
   <div class='ocr_carea' id='block_1_47' title="bbox 68 4443 1718 4515">
    <p class='ocr_par' dir='ltr' id='par_1_47' title="bbox 68 4443 1718 4515">
     <span class='ocr_line' id='line_1_47' title="bbox 68 4443 1718 4515; baseline 0.008 -25"><span class='ocrx_word' id='word_1_360' title='bbox 68 4443 295 4509; x_wconf 86' lang='lat' dir='ltr'>custodi,</span> <span class='ocrx_word' id='word_1_361' title='bbox 330 4461 364 4496; x_wconf 88' lang='lat' dir='ltr'>a</span> <span class='ocrx_word' id='word_1_362' title='bbox 396 4459 516 4513; x_wconf 88' lang='lat' dir='ltr'>quo</span> <span class='ocrx_word' id='word_1_363' title='bbox 548 4444 641 4498; x_wconf 91' lang='lat' dir='ltr'>die</span> <span class='ocrx_word' id='word_1_364' title='bbox 662 4449 957 4515; x_wconf 89' lang='lat' dir='ltr'>noctuque</span> <span class='ocrx_word' id='word_1_365' title='bbox 977 4446 1358 4515; x_wconf 87' lang='lat' dir='ltr'>custodiatur,</span> <span class='ocrx_word' id='word_1_366' title='bbox 1385 4452 1441 4501; x_wconf 89' lang='lat' dir='ltr'>et</span> <span class='ocrx_word' id='word_1_367' title='bbox 1463 4448 1519 4501; x_wconf 92' lang='lat' dir='ltr'>in</span> <span class='ocrx_word' id='word_1_368' title='bbox 1549 4454 1718 4504; x_wconf 89' lang='lat' dir='ltr'>nocte</span> 
     </span>
    </p>
   </div>
   <div class='ocr_carea' id='block_1_48' title="bbox 66 4532 1722 4606">
    <p class='ocr_par' dir='ltr' id='par_1_48' title="bbox 66 4532 1722 4606">
     <span class='ocr_line' id='line_1_48' title="bbox 66 4532 1722 4606; baseline 0.007 -26"><span class='ocrx_word' id='word_1_369' title='bbox 66 4543 401 4603; x_wconf 82' lang='lat' dir='ltr'>quocunque</span> <span class='ocrx_word' id='word_1_370' title='bbox 434 4532 672 4599; x_wconf 90' lang='lat' dir='ltr'>incedit,</span> <span class='ocrx_word' id='word_1_371' title='bbox 705 4536 895 4603; x_wconf 88' lang='lat' dir='ltr'>portat</span> <span class='ocrx_word' id='word_1_372' title='bbox 917 4537 1051 4587; x_wconf 88' lang='lat' dir='ltr'>ante</span> <span class='ocrx_word' id='word_1_373' title='bbox 1100 4550 1165 4588; x_wconf 90' lang='lat' dir='ltr'>se</span> <span class='ocrx_word' id='word_1_374' title='bbox 1195 4536 1497 4606; x_wconf 89' lang='lat' dir='ltr'>laternam,</span> <span class='ocrx_word' id='word_1_375' title='bbox 1532 4542 1722 4606; x_wconf 84' lang='lat' dir='ltr'>portat</span> 
     </span>
    </p>
   </div>
   <div class='ocr_carea' id='block_1_49' title="bbox 64 4621 1720 4695">
    <p class='ocr_par' dir='ltr' id='par_1_49' title="bbox 64 4621 1720 4695">
     <span class='ocr_line' id='line_1_49' title="bbox 64 4621 1720 4695; baseline 0.007 -26"><span class='ocrx_word' id='word_1_376' title='bbox 64 4630 275 4689; x_wconf 86' lang='lat' dir='ltr'>quoque</span> <span class='ocrx_word' id='word_1_377' title='bbox 307 4621 624 4691; x_wconf 83' lang='lat' dir='ltr'>baculum;</span> <span class='ocrx_word' id='word_1_378' title='bbox 656 4622 709 4675; x_wconf 91' lang='lat' dir='ltr'>si</span> <span class='ocrx_word' id='word_1_379' title='bbox 750 4637 987 4677; x_wconf 89' lang='lat' dir='ltr'>carnem</span> <span class='ocrx_word' id='word_1_380' title='bbox 1047 4624 1389 4693; x_wconf 89' lang='lat' dir='ltr'>comederit,</span> <span class='ocrx_word' id='word_1_381' title='bbox 1433 4627 1720 4695; x_wconf 80' lang='lat' dir='ltr'>capellam</span> 
     </span>
    </p>
   </div>
   <div class='ocr_carea' id='block_1_50' title="bbox 64 4704 1721 4781">
    <p class='ocr_par' dir='ltr' id='par_1_50' title="bbox 64 4704 1721 4781">
     <span class='ocr_line' id='line_1_50' title="bbox 64 4704 1721 4781; baseline 0.008 -25"><span class='ocrx_word' id='word_1_382' title='bbox 64 4704 244 4777; x_wconf 87' lang='lat' dir='ltr'>induit,</span> <span class='ocrx_word' id='word_1_383' title='bbox 276 4710 351 4764; x_wconf 90' lang='lat' dir='ltr'>ad</span> <span class='ocrx_word' id='word_1_384' title='bbox 385 4710 673 4781; x_wconf 84' lang='lat' dir='ltr'>majorem</span> <span class='ocrx_word' id='word_1_385' title='bbox 729 4711 1044 4766; x_wconf 87' lang='lat' dir='ltr'>ecclesiam</span> <span class='ocrx_word' id='word_1_386' title='bbox 1076 4729 1206 4766; x_wconf 90' lang='lat' dir='ltr'>cum</span> <span class='ocrx_word' id='word_1_387' title='bbox 1252 4714 1384 4768; x_wconf 90' lang='lat' dir='ltr'>aliis</span> <span class='ocrx_word' id='word_1_388' title='bbox 1440 4716 1721 4771; x_wconf 81' lang='lat' dir='ltr'>inﬁrmis-</span> 
     </span>
    </p>
   </div>
   <div class='ocr_carea' id='block_1_51' title="bbox 66 4795 1716 4864">
    <p class='ocr_par' dir='ltr' id='par_1_51' title="bbox 66 4795 1716 4864">
     <span class='ocr_line' id='line_1_51' title="bbox 66 4795 1716 4864; baseline 0.01 -21"><span class='ocrx_word' id='word_1_389' title='bbox 66 4795 222 4864; x_wconf 83' lang='lat' dir='ltr'>venit,</span> <span class='ocrx_word' id='word_1_390' title='bbox 256 4814 377 4852; x_wconf 90' lang='lat' dir='ltr'>non</span> <span class='ocrx_word' id='word_1_391' title='bbox 426 4801 621 4853; x_wconf 87' lang='lat' dir='ltr'>tamen</span> <span class='ocrx_word' id='word_1_392' title='bbox 659 4800 837 4855; x_wconf 88' lang='lat' dir='ltr'>intrat</span> <span class='ocrx_word' id='word_1_393' title='bbox 864 4800 1005 4854; x_wconf 91' lang='lat' dir='ltr'>illud</span> <span class='ocrx_word' id='word_1_394' title='bbox 1055 4803 1384 4856; x_wconf 90' lang='lat' dir='ltr'>membrum</span> <span class='ocrx_word' id='word_1_395' title='bbox 1423 4803 1626 4858; x_wconf 89' lang='lat' dir='ltr'>altaris</span> <span class='ocrx_word' id='word_1_396' title='bbox 1656 4806 1716 4860; x_wconf 89' lang='lat' dir='ltr'>S.</span> 
     </span>
    </p>
   </div>
   <div class='ocr_carea' id='block_1_52' title="bbox 62 4879 1720 4961">
    <p class='ocr_par' dir='ltr' id='par_1_52' title="bbox 62 4879 1720 4961">
     <span class='ocr_line' id='line_1_52' title="bbox 62 4879 1720 4961; baseline 0.01 -29"><span class='ocrx_word' id='word_1_397' title='bbox 62 4879 287 4939; x_wconf 77' lang='lat' dir='ltr'>Joannis</span> <span class='ocrx_word' id='word_1_398' title='bbox 338 4887 661 4958; x_wconf 60' lang='lat' dir='ltr'>Baptistae;</span> <span class='ocrx_word' id='word_1_399' title='bbox 702 4889 830 4957; x_wconf 91' lang='lat' dir='ltr'>sed,</span> <span class='ocrx_word' id='word_1_400' title='bbox 870 4890 989 4943; x_wconf 87' lang='lat' dir='ltr'>illis</span> <span class='ocrx_word' id='word_1_401' title='bbox 1044 4890 1417 4961; x_wconf 84' lang='lat' dir='ltr'>intrantibus,</span> <span class='ocrx_word' id='word_1_402' title='bbox 1476 4892 1573 4947; x_wconf 90' lang='lat' dir='ltr'>ille</span> <span class='ocrx_word' id='word_1_403' title='bbox 1622 4909 1720 4948; x_wconf 91' lang='lat' dir='ltr'>re-</span> 
     </span>
    </p>
   </div>
   <div class='ocr_carea' id='block_1_53' title="bbox 66 4976 1723 5050">
    <p class='ocr_par' dir='ltr' id='par_1_53' title="bbox 66 4976 1723 5050">
     <span class='ocr_line' id='line_1_53' title="bbox 66 4976 1723 5050; baseline 0.009 -28"><span class='ocrx_word' id='word_1_404' title='bbox 66 4979 239 5027; x_wconf 83' lang='lat' dir='ltr'>manet</span> <span class='ocrx_word' id='word_1_405' title='bbox 256 4976 408 5029; x_wconf 84' lang='lat' dir='ltr'>foris</span> <span class='ocrx_word' id='word_1_406' title='bbox 442 4993 622 5046; x_wconf 88' lang='lat' dir='ltr'>prope</span> <span class='ocrx_word' id='word_1_407' title='bbox 652 4993 858 5032; x_wconf 89' lang='lat' dir='ltr'>urnam</span> <span class='ocrx_word' id='word_1_408' title='bbox 887 4994 1056 5048; x_wconf 80' lang='lat' dir='ltr'>aquae</span> <span class='ocrx_word' id='word_1_409' title='bbox 1075 4980 1419 5049; x_wconf 80' lang='lat' dir='ltr'>benedictae,</span> <span class='ocrx_word' id='word_1_410' title='bbox 1441 4983 1504 5033; x_wconf 88' lang='lat' dir='ltr'>ut</span> <span class='ocrx_word' id='word_1_411' title='bbox 1532 4984 1723 5050; x_wconf 84' lang='lat' dir='ltr'>possit</span> 
     </span>
    </p>
   </div>
   <div class='ocr_carea' id='block_1_54' title="bbox 66 5060 1723 5125">
    <p class='ocr_par' dir='ltr' id='par_1_54' title="bbox 66 5060 1723 5125">
     <span class='ocr_line' id='line_1_54' title="bbox 66 5060 1723 5125; baseline 0.005 -10"><span class='ocrx_word' id='word_1_412' title='bbox 66 5060 125 5114; x_wconf 83' lang='lat' dir='ltr'>ab</span> <span class='ocrx_word' id='word_1_413' title='bbox 152 5066 428 5119; x_wconf 90' lang='lat' dir='ltr'>omnibus</span> <span class='ocrx_word' id='word_1_414' title='bbox 448 5066 656 5121; x_wconf 88' lang='lat' dir='ltr'>videri.</span> <span class='ocrx_word' id='word_1_415' title='bbox 694 5067 1016 5121; x_wconf 82' lang='lat' dir='ltr'>Merentem</span> <span class='ocrx_word' id='word_1_416' title='bbox 1034 5072 1225 5122; x_wconf 90' lang='lat' dir='ltr'>autem</span> <span class='ocrx_word' id='word_1_417' title='bbox 1246 5070 1302 5122; x_wconf 90' lang='lat' dir='ltr'>in</span> <span class='ocrx_word' id='word_1_418' title='bbox 1335 5070 1546 5123; x_wconf 89' lang='lat' dir='ltr'>domno</span> <span class='ocrx_word' id='word_1_419' title='bbox 1569 5071 1723 5125; x_wconf 88' lang='lat' dir='ltr'>intir-</span> 
     </span>
    </p>
   </div>
   <div class='ocr_carea' id='block_1_55' title="bbox 68 5155 1716 5229">
    <p class='ocr_par' dir='ltr' id='par_1_55' title="bbox 68 5155 1716 5229">
     <span class='ocr_line' id='line_1_55' title="bbox 68 5155 1716 5229; baseline 0.006 -25"><span class='ocrx_word' id='word_1_420' title='bbox 68 5168 274 5209; x_wconf 87' lang='lat' dir='ltr'>merum</span> <span class='ocrx_word' id='word_1_421' title='bbox 306 5155 650 5226; x_wconf 87' lang='lat' dir='ltr'>frequenter</span> <span class='ocrx_word' id='word_1_422' title='bbox 674 5156 875 5210; x_wconf 87' lang='lat' dir='ltr'>visitat</span> <span class='ocrx_word' id='word_1_423' title='bbox 896 5157 1239 5226; x_wconf 83' lang='lat' dir='ltr'>principalis</span> <span class='ocrx_word' id='word_1_424' title='bbox 1264 5159 1551 5229; x_wconf 84' lang='lat' dir='ltr'>magister</span> <span class='ocrx_word' id='word_1_425' title='bbox 1572 5175 1716 5229; x_wconf 87' lang='lat' dir='ltr'>pue-</span> 
     </span>
    </p>
   </div>
   <div class='ocr_carea' id='block_1_56' title="bbox 66 5244 1716 5317">
    <p class='ocr_par' dir='ltr' id='par_1_56' title="bbox 66 5244 1716 5317">
     <span class='ocr_line' id='line_1_56' title="bbox 66 5244 1716 5317; baseline 0.007 -25"><span class='ocrx_word' id='word_1_426' title='bbox 66 5256 273 5313; x_wconf 79' lang='lat' dir='ltr'>rorum;</span> <span class='ocrx_word' id='word_1_427' title='bbox 308 5250 367 5299; x_wconf 90' lang='lat' dir='ltr'>et</span> <span class='ocrx_word' id='word_1_428' title='bbox 395 5261 527 5299; x_wconf 90' lang='lat' dir='ltr'>cum</span> <span class='ocrx_word' id='word_1_429' title='bbox 558 5244 749 5315; x_wconf 88' lang='lat' dir='ltr'>primo</span> <span class='ocrx_word' id='word_1_430' title='bbox 778 5260 913 5299; x_wconf 88' lang='lat' dir='ltr'>eum</span> <span class='ocrx_word' id='word_1_431' title='bbox 944 5245 1158 5301; x_wconf 87' lang='lat' dir='ltr'>viderit</span> <span class='ocrx_word' id='word_1_432' title='bbox 1189 5247 1370 5317; x_wconf 81' lang='lat' dir='ltr'>hujus</span> <span class='ocrx_word' id='word_1_433' title='bbox 1389 5263 1526 5302; x_wconf 91' lang='lat' dir='ltr'>esse</span> <span class='ocrx_word' id='word_1_434' title='bbox 1563 5250 1716 5304; x_wconf 85' lang='lat' dir='ltr'>vale-</span> 
     </span>
    </p>
   </div>
   <div class='ocr_carea' id='block_1_57' title="bbox 65 5330 1717 5407">
    <p class='ocr_par' dir='ltr' id='par_1_57' title="bbox 65 5330 1717 5407">
     <span class='ocr_line' id='line_1_57' title="bbox 65 5330 1717 5407; baseline 0.006 -24"><span class='ocrx_word' id='word_1_435' title='bbox 65 5330 282 5402; x_wconf 82' lang='lat' dir='ltr'>tudinis,</span> <span class='ocrx_word' id='word_1_436' title='bbox 318 5334 526 5388; x_wconf 89' lang='lat' dir='ltr'>eodem</span> <span class='ocrx_word' id='word_1_437' title='bbox 575 5350 692 5404; x_wconf 91' lang='lat' dir='ltr'>quo</span> <span class='ocrx_word' id='word_1_438' title='bbox 750 5335 1072 5389; x_wconf 83' lang='lat' dir='ltr'>adduxerat</span> <span class='ocrx_word' id='word_1_439' title='bbox 1128 5336 1300 5390; x_wconf 91' lang='lat' dir='ltr'>modo</span> <span class='ocrx_word' id='word_1_440' title='bbox 1354 5337 1600 5407; x_wconf 88' lang='lat' dir='ltr'>reducit,</span> <span class='ocrx_word' id='word_1_441' title='bbox 1661 5342 1717 5393; x_wconf 92' lang='lat' dir='ltr'>et</span> 
     </span>
    </p>
   </div>
   <div class='ocr_carea' id='block_1_58' title="bbox 68 5422 1714 5496">
    <p class='ocr_par' dir='ltr' id='par_1_58' title="bbox 68 5422 1714 5496">
     <span class='ocr_line' id='line_1_58' title="bbox 68 5422 1714 5496; baseline 0.008 -28"><span class='ocrx_word' id='word_1_442' title='bbox 68 5422 279 5475; x_wconf 59' lang='lat' dir='ltr'>ueteris</span> <span class='ocrx_word' id='word_1_443' title='bbox 312 5424 513 5492; x_wconf 90' lang='lat' dir='ltr'>pueris</span> <span class='ocrx_word' id='word_1_444' title='bbox 542 5424 831 5495; x_wconf 86' lang='lat' dir='ltr'>adjungit,</span> <span class='ocrx_word' id='word_1_445' title='bbox 866 5426 1181 5478; x_wconf 82' lang='lat' dir='ltr'>ecclesiam</span> <span class='ocrx_word' id='word_1_446' title='bbox 1215 5425 1339 5496; x_wconf 83' lang='lat' dir='ltr'>jam</span> <span class='ocrx_word' id='word_1_447' title='bbox 1394 5427 1714 5481; x_wconf 89' lang='lat' dir='ltr'>intraturus</span> 
     </span>
    </p>
   </div>
   <div class='ocr_carea' id='block_1_59' title="bbox 68 5510 1717 5581">
    <p class='ocr_par' dir='ltr' id='par_1_59' title="bbox 68 5510 1717 5581">
     <span class='ocr_line' id='line_1_59' title="bbox 68 5510 1717 5581; baseline 0.008 -23"><span class='ocrx_word' id='word_1_448' title='bbox 68 5510 124 5560; x_wconf 69' lang='lat' dir='ltr'>ml</span> <span class='ocrx_word' id='word_1_449' title='bbox 156 5514 396 5580; x_wconf 80' lang='lat' dir='ltr'>primam</span> <span class='ocrx_word' id='word_1_450' title='bbox 429 5515 516 5567; x_wconf 89' lang='lat' dir='ltr'>vel</span> <span class='ocrx_word' id='word_1_451' title='bbox 556 5514 809 5581; x_wconf 90' lang='lat' dir='ltr'>tertiam,</span> <span class='ocrx_word' id='word_1_452' title='bbox 872 5514 924 5566; x_wconf 91' lang='lat' dir='ltr'>si</span> <span class='ocrx_word' id='word_1_453' title='bbox 985 5518 1076 5567; x_wconf 89' lang='lat' dir='ltr'>est</span> <span class='ocrx_word' id='word_1_454' title='bbox 1132 5515 1189 5567; x_wconf 88' lang='lat' dir='ltr'>in</span> <span class='ocrx_word' id='word_1_455' title='bbox 1248 5515 1439 5568; x_wconf 83' lang='lat' dir='ltr'>hieme</span> <span class='ocrx_word' id='word_1_456' title='bbox 1478 5520 1533 5569; x_wconf 89' lang='lat' dir='ltr'>et</span> <span class='ocrx_word' id='word_1_457' title='bbox 1589 5516 1717 5571; x_wconf 88' lang='lat' dir='ltr'>dies</span> 
     </span>
    </p>
   </div>
   <div class='ocr_carea' id='block_1_60' title="bbox 69 5599 1718 5673">
    <p class='ocr_par' dir='ltr' id='par_1_60' title="bbox 69 5599 1718 5673">
     <span class='ocr_line' id='line_1_60' title="bbox 69 5599 1718 5673; baseline 0.005 -21"><span class='ocrx_word' id='word_1_458' title='bbox 69 5599 332 5666; x_wconf 84' lang='lat' dir='ltr'>privatus.</span> <span class='ocrx_word' id='word_1_459' title='bbox 372 5602 539 5658; x_wconf 88' lang='lat' dir='ltr'>Prius</span> <span class='ocrx_word' id='word_1_460' title='bbox 587 5606 783 5657; x_wconf 88' lang='lat' dir='ltr'>tamen</span> <span class='ocrx_word' id='word_1_461' title='bbox 823 5603 955 5673; x_wconf 89' lang='lat' dir='ltr'>ipso</span> <span class='ocrx_word' id='word_1_462' title='bbox 1003 5603 1098 5657; x_wconf 92' lang='lat' dir='ltr'>die</span> <span class='ocrx_word' id='word_1_463' title='bbox 1145 5607 1386 5658; x_wconf 90' lang='lat' dir='ltr'>curatus</span> <span class='ocrx_word' id='word_1_464' title='bbox 1427 5609 1519 5659; x_wconf 89' lang='lat' dir='ltr'>est</span> <span class='ocrx_word' id='word_1_465' title='bbox 1565 5606 1718 5660; x_wconf 90' lang='lat' dir='ltr'>laute</span> 
     </span>
    </p>
   </div>
   <div class='ocr_carea' id='block_1_61' title="bbox 607 5761 1165 5821">
    <p class='ocr_par' dir='ltr' id='par_1_61' title="bbox 607 5761 1165 5821">
     <span class='ocr_line' id='line_1_61' title="bbox 607 5761 1165 5821; baseline 0.004 -3"><span class='ocrx_word' id='word_1_466' title='bbox 607 5765 863 5821; x_wconf 57' lang='lat' dir='ltr'>Parnen.</span> <span class='ocrx_word' id='word_1_467' title='bbox 906 5761 1165 5820; x_wconf 84' lang='lat' dir='ltr'>CXLIX.</span> 
     </span>
    </p>
   </div>
   <div class='ocr_carea' id='block_1_62' title="bbox 1855 614 3019 687">
    <p class='ocr_par' dir='ltr' id='par_1_62' title="bbox 1855 614 3019 687">
     <span class='ocr_line' id='line_1_62' title="bbox 1855 614 3019 687; baseline 0.005 -21"><span class='ocrx_word' id='word_1_468' title='bbox 1855 628 2050 683; x_wconf 90' lang='lat' dir='ltr'>quam,</span> <span class='ocrx_word' id='word_1_469' title='bbox 2086 618 2147 667; x_wconf 93' lang='lat' dir='ltr'>ut</span> <span class='ocrx_word' id='word_1_470' title='bbox 2176 614 2272 667; x_wconf 89' lang='lat' dir='ltr'>alii</span> <span class='ocrx_word' id='word_1_471' title='bbox 2300 615 2537 683; x_wconf 83' lang='lat' dir='ltr'>inﬁrmi,</span> <span class='ocrx_word' id='word_1_472' title='bbox 2591 617 2817 670; x_wconf 81' lang='lat' dir='ltr'>veniam</span> <span class='ocrx_word' id='word_1_473' title='bbox 2862 619 3019 687; x_wconf 88' lang='lat' dir='ltr'>petit.</span> 
     </span>
    </p>
   </div>
   <div class='ocr_carea' id='block_1_63' title="bbox 1928 702 3524 776">
    <p class='ocr_par' dir='ltr' id='par_1_63' title="bbox 1928 702 3524 776">
     <span class='ocr_line' id='line_1_63' title="bbox 1928 702 3524 776; baseline 0.007 -22"><span class='ocrx_word' id='word_1_474' title='bbox 1928 702 2054 755; x_wconf 89' lang='lat' dir='ltr'>Hoc</span> <span class='ocrx_word' id='word_1_475' title='bbox 2103 705 2196 756; x_wconf 89' lang='lat' dir='ltr'>est</span> <span class='ocrx_word' id='word_1_476' title='bbox 2238 707 2430 757; x_wconf 89' lang='lat' dir='ltr'>autem</span> <span class='ocrx_word' id='word_1_477' title='bbox 2478 706 2828 775; x_wconf 89' lang='lat' dir='ltr'>obsequium</span> <span class='ocrx_word' id='word_1_478' title='bbox 2874 708 3029 776; x_wconf 87' lang='lat' dir='ltr'>quod</span> <span class='ocrx_word' id='word_1_479' title='bbox 3074 710 3165 761; x_wconf 89' lang='lat' dir='ltr'>est</span> <span class='ocrx_word' id='word_1_480' title='bbox 3204 710 3276 763; x_wconf 91' lang='lat' dir='ltr'>ab</span> <span class='ocrx_word' id='word_1_481' title='bbox 3309 710 3524 766; x_wconf 89' lang='lat' dir='ltr'>eisrite</span> 
     </span>
    </p>
   </div>
   <div class='ocr_carea' id='block_1_64' title="bbox 1861 790 3524 869">
    <p class='ocr_par' dir='ltr' id='par_1_64' title="bbox 1861 790 3524 869">
     <span class='ocr_line' id='line_1_64' title="bbox 1861 790 3524 869; baseline 0.007 -27"><span class='ocrx_word' id='word_1_482' title='bbox 1861 790 2204 860; x_wconf 86' lang='lat' dir='ltr'>gerendum.</span> <span class='ocrx_word' id='word_1_483' title='bbox 2264 792 2351 843; x_wconf 80' lang='lat' dir='ltr'>Ad</span> <span class='ocrx_word' id='word_1_484' title='bbox 2400 791 2578 847; x_wconf 87' lang='lat' dir='ltr'>horas</span> <span class='ocrx_word' id='word_1_485' title='bbox 2628 810 2834 849; x_wconf 89' lang='lat' dir='ltr'>omnes</span> <span class='ocrx_word' id='word_1_486' title='bbox 2890 796 3198 865; x_wconf 90' lang='lat' dir='ltr'>regulares</span> <span class='ocrx_word' id='word_1_487' title='bbox 3249 799 3524 869; x_wconf 89' lang='lat' dir='ltr'>singulos</span> 
     </span>
    </p>
   </div>
   <div class='ocr_carea' id='block_1_65' title="bbox 1860 879 3526 954">
    <p class='ocr_par' dir='ltr' id='par_1_65' title="bbox 1860 879 3526 954">
     <span class='ocr_line' id='line_1_65' title="bbox 1860 879 3526 954; baseline 0.007 -25"><span class='ocrx_word' id='word_1_488' title='bbox 1860 879 2191 932; x_wconf 79' lang='lat' dir='ltr'>versiculos</span> <span class='ocrx_word' id='word_1_489' title='bbox 2214 880 2573 948; x_wconf 90' lang='lat' dir='ltr'>psalmorum</span> <span class='ocrx_word' id='word_1_490' title='bbox 2600 884 3008 952; x_wconf 87' lang='lat' dir='ltr'>pronuntiant;</span> <span class='ocrx_word' id='word_1_491' title='bbox 3033 885 3089 936; x_wconf 90' lang='lat' dir='ltr'>in</span> <span class='ocrx_word' id='word_1_492' title='bbox 3119 886 3365 954; x_wconf 86' lang='lat' dir='ltr'>privatis</span> <span class='ocrx_word' id='word_1_493' title='bbox 3398 887 3526 940; x_wconf 89' lang='lat' dir='ltr'>die-</span> 
     </span>
    </p>
   </div>
   <div class='ocr_carea' id='block_1_66' title="bbox 1860 968 3528 1043">
    <p class='ocr_par' dir='ltr' id='par_1_66' title="bbox 1860 968 3528 1043">
     <span class='ocr_line' id='line_1_66' title="bbox 1860 968 3528 1043; baseline 0.005 -23"><span class='ocrx_word' id='word_1_494' title='bbox 1860 968 1973 1021; x_wconf 89' lang='lat' dir='ltr'>bus</span> <span class='ocrx_word' id='word_1_495' title='bbox 1996 968 2344 1036; x_wconf 86' lang='lat' dir='ltr'>antiphonas</span> <span class='ocrx_word' id='word_1_496' title='bbox 2377 970 2699 1039; x_wconf 91' lang='lat' dir='ltr'>imponunt,</span> <span class='ocrx_word' id='word_1_497' title='bbox 2734 977 2790 1025; x_wconf 91' lang='lat' dir='ltr'>et</span> <span class='ocrx_word' id='word_1_498' title='bbox 2833 973 3115 1043; x_wconf 89' lang='lat' dir='ltr'>quidquid</span> <span class='ocrx_word' id='word_1_499' title='bbox 3159 977 3425 1028; x_wconf 89' lang='lat' dir='ltr'>cantatur</span> <span class='ocrx_word' id='word_1_500' title='bbox 3453 975 3528 1029; x_wconf 90' lang='lat' dir='ltr'>ad</span> 
     </span>
    </p>
   </div>
   <div class='ocr_carea' id='block_1_67' title="bbox 1860 1056 3529 1134">
    <p class='ocr_par' dir='ltr' id='par_1_67' title="bbox 1860 1056 3529 1134">
     <span class='ocr_line' id='line_1_67' title="bbox 1860 1056 3529 1134; baseline 0.005 -25"><span class='ocrx_word' id='word_1_501' title='bbox 1860 1056 2105 1110; x_wconf 90' lang='lat' dir='ltr'>missam</span> <span class='ocrx_word' id='word_1_502' title='bbox 2131 1059 2544 1113; x_wconf 88' lang='lat' dir='ltr'>matutinalem.</span> <span class='ocrx_word' id='word_1_503' title='bbox 2566 1060 2651 1113; x_wconf 81' lang='lat' dir='ltr'>Ad</span> <span class='ocrx_word' id='word_1_504' title='bbox 2678 1063 2991 1115; x_wconf 88' lang='lat' dir='ltr'>matutinas</span> <span class='ocrx_word' id='word_1_505' title='bbox 3010 1062 3215 1116; x_wconf 91' lang='lat' dir='ltr'>laudes</span> <span class='ocrx_word' id='word_1_506' title='bbox 3234 1067 3288 1117; x_wconf 89' lang='lat' dir='ltr'>et</span> <span class='ocrx_word' id='word_1_507' title='bbox 3310 1079 3529 1134; x_wconf 90' lang='lat' dir='ltr'>vespe-</span> 
     </span>
    </p>
   </div>
   <div class='ocr_carea' id='block_1_68' title="bbox 1861 1148 3529 1219">
    <p class='ocr_par' dir='ltr' id='par_1_68' title="bbox 1861 1148 3529 1219">
     <span class='ocr_line' id='line_1_68' title="bbox 1861 1148 3529 1219; baseline 0.005 -21"><span class='ocrx_word' id='word_1_508' title='bbox 1861 1162 1960 1199; x_wconf 88' lang='lat' dir='ltr'>ras</span> <span class='ocrx_word' id='word_1_509' title='bbox 1974 1148 2355 1215; x_wconf 74' lang='lat' dir='ltr'>reS[ienseria</span> <span class='ocrx_word' id='word_1_510' title='bbox 2369 1151 2846 1216; x_wconf 74' lang='lat' dir='ltr'>cantant,versus</span> <span class='ocrx_word' id='word_1_511' title='bbox 2861 1151 3080 1219; x_wconf 88' lang='lat' dir='ltr'>dicunt,</span> <span class='ocrx_word' id='word_1_512' title='bbox 3097 1153 3222 1205; x_wconf 90' lang='lat' dir='ltr'>etin</span> <span class='ocrx_word' id='word_1_513' title='bbox 3237 1156 3441 1207; x_wconf 85' lang='lat' dir='ltr'>aestate</span> <span class='ocrx_word' id='word_1_514' title='bbox 3456 1153 3529 1207; x_wconf 90' lang='lat' dir='ltr'>ad</span> 
     </span>
    </p>
   </div>
   <div class='ocr_carea' id='block_1_69' title="bbox 1858 1237 3529 1296">
    <p class='ocr_par' dir='ltr' id='par_1_69' title="bbox 1858 1237 3529 1296">
     <span class='ocr_line' id='line_1_69' title="bbox 1858 1237 3529 1296; baseline 0.005 -8"><span class='ocrx_word' id='word_1_515' title='bbox 1858 1239 2180 1290; x_wconf 90' lang='lat' dir='ltr'>nocturnos</span> <span class='ocrx_word' id='word_1_516' title='bbox 2202 1237 2360 1290; x_wconf 90' lang='lat' dir='ltr'>illam</span> <span class='ocrx_word' id='word_1_517' title='bbox 2406 1238 2701 1290; x_wconf 90' lang='lat' dir='ltr'>minimam</span> <span class='ocrx_word' id='word_1_518' title='bbox 2733 1242 2790 1291; x_wconf 91' lang='lat' dir='ltr'>et</span> <span class='ocrx_word' id='word_1_519' title='bbox 2827 1239 3058 1292; x_wconf 89' lang='lat' dir='ltr'>unicam</span> <span class='ocrx_word' id='word_1_520' title='bbox 3098 1241 3431 1296; x_wconf 88' lang='lat' dir='ltr'>lectionem.</span> <span class='ocrx_word' id='word_1_521' title='bbox 3464 1242 3529 1296; x_wconf 89' lang='lat' dir='ltr'>In</span> 
     </span>
    </p>
   </div>
   <div class='ocr_carea' id='block_1_70' title="bbox 1856 1325 3530 1400">
    <p class='ocr_par' dir='ltr' id='par_1_70' title="bbox 1856 1325 3530 1400">
     <span class='ocr_line' id='line_1_70' title="bbox 1856 1325 3530 1400; baseline 0.002 -20"><span class='ocrx_word' id='word_1_522' title='bbox 1856 1325 2108 1394; x_wconf 88' lang='lat' dir='ltr'>capitulo</span> <span class='ocrx_word' id='word_1_523' title='bbox 2152 1342 2267 1379; x_wconf 91' lang='lat' dir='ltr'>non</span> <span class='ocrx_word' id='word_1_524' title='bbox 2314 1326 2410 1379; x_wconf 92' lang='lat' dir='ltr'>alii</span> <span class='ocrx_word' id='word_1_525' title='bbox 2454 1342 2627 1395; x_wconf 90' lang='lat' dir='ltr'>quam</span> <span class='ocrx_word' id='word_1_526' title='bbox 2672 1326 2787 1395; x_wconf 71' lang='lat' dir='ltr'>ipsn</span> <span class='ocrx_word' id='word_1_527' title='bbox 2837 1328 3041 1399; x_wconf 89' lang='lat' dir='ltr'>legunt</span> <span class='ocrx_word' id='word_1_528' title='bbox 3067 1330 3425 1400; x_wconf 87' lang='lat' dir='ltr'>(quanquam</span> <span class='ocrx_word' id='word_1_529' title='bbox 3468 1330 3530 1384; x_wconf 91' lang='lat' dir='ltr'>in</span> 
     </span>
    </p>
   </div>
   <div class='ocr_carea' id='block_1_71' title="bbox 1857 1414 3526 1488">
    <p class='ocr_par' dir='ltr' id='par_1_71' title="bbox 1857 1414 3526 1488">
     <span class='ocr_line' id='line_1_71' title="bbox 1857 1414 3526 1488; baseline 0.004 -22"><span class='ocrx_word' id='word_1_530' title='bbox 1857 1414 2176 1469; x_wconf 88' lang='lat' dir='ltr'>refecterio</span> <span class='ocrx_word' id='word_1_531' title='bbox 2216 1420 2536 1484; x_wconf 89' lang='lat' dir='ltr'>nunquam)</span> <span class='ocrx_word' id='word_1_532' title='bbox 2580 1418 2635 1469; x_wconf 92' lang='lat' dir='ltr'>et</span> <span class='ocrx_word' id='word_1_533' title='bbox 2674 1415 2745 1468; x_wconf 92' lang='lat' dir='ltr'>ad</span> <span class='ocrx_word' id='word_1_534' title='bbox 2781 1416 3150 1471; x_wconf 90' lang='lat' dir='ltr'>collationem</span> <span class='ocrx_word' id='word_1_535' title='bbox 3195 1434 3301 1488; x_wconf 88' lang='lat' dir='ltr'>per</span> <span class='ocrx_word' id='word_1_536' title='bbox 3337 1420 3526 1473; x_wconf 88' lang='lat' dir='ltr'>vices.</span> 
     </span>
    </p>
   </div>
   <div class='ocr_carea' id='block_1_72' title="bbox 1852 1503 3529 1580">
    <p class='ocr_par' dir='ltr' id='par_1_72' title="bbox 1852 1503 3529 1580">
     <span class='ocr_line' id='line_1_72' title="bbox 1852 1503 3529 1580; baseline 0.004 -24"><span class='ocrx_word' id='word_1_537' title='bbox 1852 1503 2096 1571; x_wconf 88' lang='lat' dir='ltr'>Tabula,</span> <span class='ocrx_word' id='word_1_538' title='bbox 2132 1518 2306 1573; x_wconf 89' lang='lat' dir='ltr'>quam</span> <span class='ocrx_word' id='word_1_539' title='bbox 2346 1504 2508 1573; x_wconf 88' lang='lat' dir='ltr'>prior</span> <span class='ocrx_word' id='word_1_540' title='bbox 2542 1505 2749 1574; x_wconf 67' lang='lat' dir='ltr'>major,</span> <span class='ocrx_word' id='word_1_541' title='bbox 2798 1506 2891 1558; x_wconf 91' lang='lat' dir='ltr'>vel</span> <span class='ocrx_word' id='word_1_542' title='bbox 2941 1507 3298 1577; x_wconf 88' lang='lat' dir='ltr'>claustralis,</span> <span class='ocrx_word' id='word_1_543' title='bbox 3350 1508 3529 1580; x_wconf 89' lang='lat' dir='ltr'>quin-</span> 
     </span>
    </p>
   </div>
   <div class='ocr_carea' id='block_1_73' title="bbox 1851 1593 3530 1666">
    <p class='ocr_par' dir='ltr' id='par_1_73' title="bbox 1851 1593 3530 1666">
     <span class='ocr_line' id='line_1_73' title="bbox 1851 1593 3530 1666; baseline 0.003 -20"><span class='ocrx_word' id='word_1_544' title='bbox 1851 1593 2024 1661; x_wconf 91' lang='lat' dir='ltr'>quies</span> <span class='ocrx_word' id='word_1_545' title='bbox 2054 1593 2306 1662; x_wconf 90' lang='lat' dir='ltr'>percutit</span> <span class='ocrx_word' id='word_1_546' title='bbox 2336 1593 2407 1646; x_wconf 91' lang='lat' dir='ltr'>ad</span> <span class='ocrx_word' id='word_1_547' title='bbox 2448 1593 2740 1646; x_wconf 90' lang='lat' dir='ltr'>licentiam</span> <span class='ocrx_word' id='word_1_548' title='bbox 2782 1594 3079 1664; x_wconf 87' lang='lat' dir='ltr'>loquendi,</span> <span class='ocrx_word' id='word_1_549' title='bbox 3124 1612 3233 1665; x_wconf 90' lang='lat' dir='ltr'>per</span> <span class='ocrx_word' id='word_1_550' title='bbox 3267 1598 3530 1666; x_wconf 89' lang='lat' dir='ltr'>priorem</span> 
     </span>
    </p>
   </div>
   <div class='ocr_carea' id='block_1_74' title="bbox 1852 1680 3532 1754">
    <p class='ocr_par' dir='ltr' id='par_1_74' title="bbox 1852 1680 3532 1754">
     <span class='ocr_line' id='line_1_74' title="bbox 1852 1680 3532 1754; baseline 0.004 -21"><span class='ocrx_word' id='word_1_551' title='bbox 1852 1680 2086 1735; x_wconf 90' lang='lat' dir='ltr'>illorum</span> <span class='ocrx_word' id='word_1_552' title='bbox 2120 1683 2211 1735; x_wconf 88' lang='lat' dir='ltr'>est</span> <span class='ocrx_word' id='word_1_553' title='bbox 2240 1680 2618 1752; x_wconf 82' lang='lat' dir='ltr'>porrigenda.</span> <span class='ocrx_word' id='word_1_554' title='bbox 2652 1682 2816 1751; x_wconf 90' lang='lat' dir='ltr'>Item,</span> <span class='ocrx_word' id='word_1_555' title='bbox 2851 1684 2907 1736; x_wconf 90' lang='lat' dir='ltr'>in</span> <span class='ocrx_word' id='word_1_556' title='bbox 2928 1684 3120 1737; x_wconf 91' lang='lat' dir='ltr'>hieme</span> <span class='ocrx_word' id='word_1_557' title='bbox 3150 1686 3382 1754; x_wconf 88' lang='lat' dir='ltr'>quoties</span> <span class='ocrx_word' id='word_1_558' title='bbox 3414 1685 3532 1739; x_wconf 87' lang='lat' dir='ltr'>fra-</span> 
     </span>
    </p>
   </div>
   <div class='ocr_carea' id='block_1_75' title="bbox 1851 1772 3527 1845">
    <p class='ocr_par' dir='ltr' id='par_1_75' title="bbox 1851 1772 3527 1845">
     <span class='ocr_line' id='line_1_75' title="bbox 1851 1772 3527 1845; baseline 0.004 -22"><span class='ocrx_word' id='word_1_559' title='bbox 1851 1773 1972 1824; x_wconf 90' lang='lat' dir='ltr'>tres</span> <span class='ocrx_word' id='word_1_560' title='bbox 2002 1773 2137 1839; x_wconf 90' lang='lat' dir='ltr'>post</span> <span class='ocrx_word' id='word_1_561' title='bbox 2158 1772 2386 1824; x_wconf 80' lang='lat' dir='ltr'>sextam</span> <span class='ocrx_word' id='word_1_562' title='bbox 2417 1772 2679 1825; x_wconf 91' lang='lat' dir='ltr'>secundo</span> <span class='ocrx_word' id='word_1_563' title='bbox 2724 1773 3061 1842; x_wconf 90' lang='lat' dir='ltr'>loquuntur,</span> <span class='ocrx_word' id='word_1_564' title='bbox 3105 1778 3313 1843; x_wconf 89' lang='lat' dir='ltr'>postea</span> <span class='ocrx_word' id='word_1_565' title='bbox 3348 1791 3527 1845; x_wconf 89' lang='lat' dir='ltr'>quam</span> 
     </span>
    </p>
   </div>
   <div class='ocr_carea' id='block_1_76' title="bbox 1851 1858 3529 1933">
    <p class='ocr_par' dir='ltr' id='par_1_76' title="bbox 1851 1858 3529 1933">
     <span class='ocr_line' id='line_1_76' title="bbox 1851 1858 3529 1933; baseline 0.002 -20"><span class='ocrx_word' id='word_1_566' title='bbox 1851 1858 1923 1913; x_wconf 94' lang='lat' dir='ltr'>de</span> <span class='ocrx_word' id='word_1_567' title='bbox 1945 1858 2200 1913; x_wconf 90' lang='lat' dir='ltr'>ecclesia</span> <span class='ocrx_word' id='word_1_568' title='bbox 2230 1860 2499 1930; x_wconf 84' lang='lat' dir='ltr'>exierint,</span> <span class='ocrx_word' id='word_1_569' title='bbox 2522 1877 2727 1916; x_wconf 91' lang='lat' dir='ltr'>omnes</span> <span class='ocrx_word' id='word_1_570' title='bbox 2755 1862 3164 1916; x_wconf 88' lang='lat' dir='ltr'>conticescunt</span> <span class='ocrx_word' id='word_1_571' title='bbox 3183 1879 3372 1933; x_wconf 88' lang='lat' dir='ltr'>usque</span> <span class='ocrx_word' id='word_1_572' title='bbox 3388 1864 3529 1917; x_wconf 91' lang='lat' dir='ltr'>dum</span> 
     </span>
    </p>
   </div>
   <div class='ocr_carea' id='block_1_77' title="bbox 1849 1948 3529 2020">
    <p class='ocr_par' dir='ltr' id='par_1_77' title="bbox 1849 1948 3529 2020">
     <span class='ocr_line' id='line_1_77' title="bbox 1849 1948 3529 2020; baseline 0.004 -20"><span class='ocrx_word' id='word_1_573' title='bbox 1849 1948 1962 2001; x_wconf 89' lang='lat' dir='ltr'>alta</span> <span class='ocrx_word' id='word_1_574' title='bbox 1995 1963 2141 2001; x_wconf 87' lang='lat' dir='ltr'>voce</span> <span class='ocrx_word' id='word_1_575' title='bbox 2171 1963 2279 2017; x_wconf 89' lang='lat' dir='ltr'>per</span> <span class='ocrx_word' id='word_1_576' title='bbox 2308 1948 2542 2003; x_wconf 89' lang='lat' dir='ltr'>illorum</span> <span class='ocrx_word' id='word_1_577' title='bbox 2564 1949 2864 2004; x_wconf 90' lang='lat' dir='ltr'>minimum</span> <span class='ocrx_word' id='word_1_578' title='bbox 2889 1950 3241 2005; x_wconf 79' lang='lat' dir='ltr'>Bcnedicite</span> <span class='ocrx_word' id='word_1_579' title='bbox 3260 1966 3529 2020; x_wconf 86' lang='lat' dir='ltr'>pronun-</span> 
     </span>
    </p>
   </div>
   <div class='ocr_carea' id='block_1_78' title="bbox 1848 2038 3528 2109">
    <p class='ocr_par' dir='ltr' id='par_1_78' title="bbox 1848 2038 3528 2109">
     <span class='ocr_line' id='line_1_78' title="bbox 1848 2038 3528 2109; baseline 0.002 -18"><span class='ocrx_word' id='word_1_580' title='bbox 1848 2038 2057 2107; x_wconf 86' lang='lat' dir='ltr'>tietur;</span> <span class='ocrx_word' id='word_1_581' title='bbox 2112 2039 2267 2109; x_wconf 90' lang='lat' dir='ltr'>quod</span> <span class='ocrx_word' id='word_1_582' title='bbox 2314 2042 2370 2092; x_wconf 91' lang='lat' dir='ltr'>et</span> <span class='ocrx_word' id='word_1_583' title='bbox 2429 2039 2699 2093; x_wconf 89' lang='lat' dir='ltr'>similiter</span> <span class='ocrx_word' id='word_1_584' title='bbox 2745 2040 2818 2092; x_wconf 91' lang='lat' dir='ltr'>ab</span> <span class='ocrx_word' id='word_1_585' title='bbox 2877 2039 3007 2108; x_wconf 90' lang='lat' dir='ltr'>ipse</span> <span class='ocrx_word' id='word_1_586' title='bbox 3066 2043 3157 2093; x_wconf 90' lang='lat' dir='ltr'>est</span> <span class='ocrx_word' id='word_1_587' title='bbox 3210 2039 3528 2095; x_wconf 91' lang='lat' dir='ltr'>dicendum</span> 
     </span>
    </p>
   </div>
   <div class='ocr_carea' id='block_1_79' title="bbox 1848 2127 3526 2199">
    <p class='ocr_par' dir='ltr' id='par_1_79' title="bbox 1848 2127 3526 2199">
     <span class='ocr_line' id='line_1_79' title="bbox 1848 2127 3526 2199; baseline 0.001 -19"><span class='ocrx_word' id='word_1_588' title='bbox 1848 2128 2082 2196; x_wconf 88' lang='lat' dir='ltr'>quando</span> <span class='ocrx_word' id='word_1_589' title='bbox 2113 2130 2331 2182; x_wconf 88' lang='lat' dir='ltr'>exeunt</span> <span class='ocrx_word' id='word_1_590' title='bbox 2372 2127 2742 2197; x_wconf 88' lang='lat' dir='ltr'>de&#39;capitule</span> <span class='ocrx_word' id='word_1_591' title='bbox 2789 2143 2919 2194; x_wconf 88' lang='lat' dir='ltr'>suo,</span> <span class='ocrx_word' id='word_1_592' title='bbox 2965 2127 3382 2199; x_wconf 78' lang='lat' dir='ltr'>veljentaculo</span> <span class='ocrx_word' id='word_1_593' title='bbox 3429 2144 3526 2183; x_wconf 88' lang='lat' dir='ltr'>ac-</span> 
     </span>
    </p>
   </div>
   <div class='ocr_carea' id='block_1_80' title="bbox 1848 2216 3524 2286">
    <p class='ocr_par' dir='ltr' id='par_1_80' title="bbox 1848 2216 3524 2286">
     <span class='ocr_line' id='line_1_80' title="bbox 1848 2216 3524 2286; baseline 0.001 -16"><span class='ocrx_word' id='word_1_594' title='bbox 1848 2221 2017 2285; x_wconf 87' lang='lat' dir='ltr'>cepto</span> <span class='ocrx_word' id='word_1_595' title='bbox 2075 2217 2146 2269; x_wconf 93' lang='lat' dir='ltr'>de</span> <span class='ocrx_word' id='word_1_596' title='bbox 2190 2216 2527 2284; x_wconf 83' lang='lat' dir='ltr'>refecterio,</span> <span class='ocrx_word' id='word_1_597' title='bbox 2574 2217 2627 2269; x_wconf 91' lang='lat' dir='ltr'>si</span> <span class='ocrx_word' id='word_1_598' title='bbox 2674 2216 2894 2270; x_wconf 86' lang='lat' dir='ltr'>fratres</span> <span class='ocrx_word' id='word_1_599' title='bbox 2912 2216 3251 2286; x_wconf 90' lang='lat' dir='ltr'>loquuntur.</span> <span class='ocrx_word' id='word_1_600' title='bbox 3286 2217 3377 2271; x_wconf 76' lang='lat' dir='ltr'>Ad</span> <span class='ocrx_word' id='word_1_601' title='bbox 3426 2232 3524 2271; x_wconf 90' lang='lat' dir='ltr'>ce-</span> 
     </span>
    </p>
   </div>
   <div class='ocr_carea' id='block_1_81' title="bbox 1846 2305 3518 2375">
    <p class='ocr_par' dir='ltr' id='par_1_81' title="bbox 1846 2305 3518 2375">
     <span class='ocr_line' id='line_1_81' title="bbox 1846 2305 3518 2375; baseline 0.001 -17"><span class='ocrx_word' id='word_1_602' title='bbox 1846 2306 2083 2375; x_wconf 88' lang='lat' dir='ltr'>quinam</span> <span class='ocrx_word' id='word_1_603' title='bbox 2123 2308 2397 2359; x_wconf 88' lang='lat' dir='ltr'>notantur</span> <span class='ocrx_word' id='word_1_604' title='bbox 2454 2321 2587 2358; x_wconf 92' lang='lat' dir='ltr'>cum</span> <span class='ocrx_word' id='word_1_605' title='bbox 2633 2306 2961 2375; x_wconf 83' lang='lat' dir='ltr'>magistris,</span> <span class='ocrx_word' id='word_1_606' title='bbox 3005 2309 3061 2358; x_wconf 91' lang='lat' dir='ltr'>et</span> <span class='ocrx_word' id='word_1_607' title='bbox 3109 2305 3186 2358; x_wconf 86' lang='lat' dir='ltr'>ita</span> <span class='ocrx_word' id='word_1_608' title='bbox 3245 2305 3518 2374; x_wconf 90' lang='lat' dir='ltr'>duobus;</span> 
     </span>
    </p>
   </div>
   <div class='ocr_carea' id='block_1_82' title="bbox 1845 2393 3524 2464">
    <p class='ocr_par' dir='ltr' id='par_1_82' title="bbox 1845 2393 3524 2464">
     <span class='ocr_line' id='line_1_82' title="bbox 1845 2393 3524 2464; baseline 0.001 -17"><span class='ocrx_word' id='word_1_609' title='bbox 1845 2394 1917 2447; x_wconf 92' lang='lat' dir='ltr'>ad</span> <span class='ocrx_word' id='word_1_610' title='bbox 1975 2410 2150 2464; x_wconf 88' lang='lat' dir='ltr'>quam</span> <span class='ocrx_word' id='word_1_611' title='bbox 2208 2396 2401 2447; x_wconf 90' lang='lat' dir='ltr'>tamen</span> <span class='ocrx_word' id='word_1_612' title='bbox 2465 2409 2585 2447; x_wconf 91' lang='lat' dir='ltr'>non</span> <span class='ocrx_word' id='word_1_613' title='bbox 2651 2408 2717 2446; x_wconf 90' lang='lat' dir='ltr'>se</span> <span class='ocrx_word' id='word_1_614' title='bbox 2787 2394 2981 2446; x_wconf 91' lang='lat' dir='ltr'>levant</span> <span class='ocrx_word' id='word_1_615' title='bbox 3038 2393 3111 2446; x_wconf 91' lang='lat' dir='ltr'>de</span> <span class='ocrx_word' id='word_1_616' title='bbox 3179 2393 3524 2449; x_wconf 87' lang='lat' dir='ltr'>dormitorio</span> 
     </span>
    </p>
   </div>
   <div class='ocr_carea' id='block_1_83' title="bbox 1844 2481 3519 2553">
    <p class='ocr_par' dir='ltr' id='par_1_83' title="bbox 1844 2481 3519 2553">
     <span class='ocr_line' id='line_1_83' title="bbox 1844 2481 3519 2553; baseline 0.001 -17"><span class='ocrx_word' id='word_1_617' title='bbox 1844 2486 1976 2536; x_wconf 89' lang='lat' dir='ltr'>ante</span> <span class='ocrx_word' id='word_1_618' title='bbox 2018 2483 2290 2543; x_wconf 88' lang='lat' dir='ltr'>sonitum,</span> <span class='ocrx_word' id='word_1_619' title='bbox 2347 2497 2455 2535; x_wconf 91' lang='lat' dir='ltr'>nec</span> <span class='ocrx_word' id='word_1_620' title='bbox 2496 2485 2734 2550; x_wconf 87' lang='lat' dir='ltr'>propter</span> <span class='ocrx_word' id='word_1_621' title='bbox 2782 2481 2895 2535; x_wconf 89' lang='lat' dir='ltr'>hoc</span> <span class='ocrx_word' id='word_1_622' title='bbox 2941 2484 3159 2535; x_wconf 84' lang='lat' dir='ltr'>exeunt</span> <span class='ocrx_word' id='word_1_623' title='bbox 3198 2481 3269 2535; x_wconf 92' lang='lat' dir='ltr'>de</span> <span class='ocrx_word' id='word_1_624' title='bbox 3312 2482 3519 2553; x_wconf 90' lang='lat' dir='ltr'>choro,</span> 
     </span>
    </p>
   </div>
   <div class='ocr_carea' id='block_1_84' title="bbox 1845 2570 3519 2642">
    <p class='ocr_par' dir='ltr' id='par_1_84' title="bbox 1845 2570 3519 2642">
     <span class='ocr_line' id='line_1_84' title="bbox 1845 2570 3519 2642; baseline 0 -17"><span class='ocrx_word' id='word_1_625' title='bbox 1845 2573 2187 2642; x_wconf 90' lang='lat' dir='ltr'>priusquam</span> <span class='ocrx_word' id='word_1_626' title='bbox 2216 2571 2426 2641; x_wconf 90' lang='lat' dir='ltr'>psalmi</span> <span class='ocrx_word' id='word_1_627' title='bbox 2451 2570 2770 2624; x_wconf 80' lang='lat' dir='ltr'>familiares</span> <span class='ocrx_word' id='word_1_628' title='bbox 2804 2571 2923 2624; x_wconf 88' lang='lat' dir='ltr'>sint</span> <span class='ocrx_word' id='word_1_629' title='bbox 2951 2570 3117 2636; x_wconf 82' lang='lat' dir='ltr'>ﬁniti,</span> <span class='ocrx_word' id='word_1_630' title='bbox 3153 2571 3269 2623; x_wconf 88' lang='lat' dir='ltr'>nisi</span> <span class='ocrx_word' id='word_1_631' title='bbox 3297 2571 3370 2624; x_wconf 86' lang='lat' dir='ltr'>ad</span> <span class='ocrx_word' id='word_1_632' title='bbox 3392 2586 3519 2625; x_wconf 89' lang='lat' dir='ltr'>ma-</span> 
     </span>
    </p>
   </div>
   <div class='ocr_carea' id='block_1_85' title="bbox 1845 2657 3520 2728">
    <p class='ocr_par' dir='ltr' id='par_1_85' title="bbox 1845 2657 3520 2728">
     <span class='ocr_line' id='line_1_85' title="bbox 1845 2657 3520 2728; baseline 0 -15"><span class='ocrx_word' id='word_1_633' title='bbox 1845 2661 2143 2715; x_wconf 88' lang='lat' dir='ltr'>tutinalem</span> <span class='ocrx_word' id='word_1_634' title='bbox 2177 2661 2420 2713; x_wconf 90' lang='lat' dir='ltr'>missam</span> <span class='ocrx_word' id='word_1_635' title='bbox 2452 2662 2584 2728; x_wconf 87' lang='lat' dir='ltr'>post</span> <span class='ocrx_word' id='word_1_636' title='bbox 2614 2657 3010 2727; x_wconf 85' lang='lat' dir='ltr'>ot&#39;fertorium;</span> <span class='ocrx_word' id='word_1_637' title='bbox 3031 2675 3140 2712; x_wconf 92' lang='lat' dir='ltr'>nec</span> <span class='ocrx_word' id='word_1_638' title='bbox 3167 2660 3436 2713; x_wconf 89' lang='lat' dir='ltr'>serviunt</span> <span class='ocrx_word' id='word_1_639' title='bbox 3458 2660 3520 2714; x_wconf 89' lang='lat' dir='ltr'>in</span> 
     </span>
    </p>
   </div>
   <div class='ocr_carea' id='block_1_86' title="bbox 1842 2746 3518 2816">
    <p class='ocr_par' dir='ltr' id='par_1_86' title="bbox 1842 2746 3518 2816">
     <span class='ocr_line' id='line_1_86' title="bbox 1842 2746 3518 2816; baseline 0 -15"><span class='ocrx_word' id='word_1_640' title='bbox 1842 2748 2178 2809; x_wconf 84' lang='lat' dir='ltr'>refectorio.</span> <span class='ocrx_word' id='word_1_641' title='bbox 2231 2763 2369 2801; x_wconf 83' lang='lat' dir='ltr'>ncc&#39;</span> <span class='ocrx_word' id='word_1_642' title='bbox 2398 2748 2581 2816; x_wconf 89' lang='lat' dir='ltr'>pedes</span> <span class='ocrx_word' id='word_1_643' title='bbox 2634 2747 2829 2799; x_wconf 87' lang='lat' dir='ltr'>lavant</span> <span class='ocrx_word' id='word_1_644' title='bbox 2875 2747 2935 2799; x_wconf 89' lang='lat' dir='ltr'>in</span> <span class='ocrx_word' id='word_1_645' title='bbox 2977 2746 3250 2816; x_wconf 87' lang='lat' dir='ltr'>capitulo,</span> <span class='ocrx_word' id='word_1_646' title='bbox 3295 2748 3401 2801; x_wconf 90' lang='lat' dir='ltr'>sed</span> <span class='ocrx_word' id='word_1_647' title='bbox 3445 2747 3518 2802; x_wconf 90' lang='lat' dir='ltr'>de</span> 
     </span>
    </p>
   </div>
   <div class='ocr_carea' id='block_1_87' title="bbox 1844 2833 3531 2908">
    <p class='ocr_par' dir='ltr' id='par_1_87' title="bbox 1844 2833 3531 2908">
     <span class='ocr_line' id='line_1_87' title="bbox 1844 2833 3531 2908; baseline 0.001 -19"><span class='ocrx_word' id='word_1_648' title='bbox 1844 2837 2146 2908; x_wconf 86' lang='lat' dir='ltr'>magistris</span> <span class='ocrx_word' id='word_1_649' title='bbox 2180 2836 2308 2890; x_wconf 91' lang='lat' dir='ltr'>suis</span> <span class='ocrx_word' id='word_1_650' title='bbox 2339 2837 2413 2890; x_wconf 89' lang='lat' dir='ltr'>ad</span> <span class='ocrx_word' id='word_1_651' title='bbox 2435 2836 2628 2891; x_wconf 89' lang='lat' dir='ltr'>omnia</span> <span class='ocrx_word' id='word_1_652' title='bbox 2660 2852 2792 2905; x_wconf 70' lang='lat' dir='ltr'>qum</span> <span class='ocrx_word' id='word_1_653' title='bbox 2838 2835 2953 2904; x_wconf 90' lang='lat' dir='ltr'>ipsi</span> <span class='ocrx_word' id='word_1_654' title='bbox 2996 2839 3397 2904; x_wconf 90' lang='lat' dir='ltr'>competenter</span> <span class='ocrx_word' id='word_1_655' title='bbox 3426 2833 3531 2890; x_wconf 67' lang='lat' dir='ltr'>fa-&#39;</span> 
     </span>
    </p>
   </div>
   <div class='ocr_carea' id='block_1_88' title="bbox 1843 2924 3518 2995">
    <p class='ocr_par' dir='ltr' id='par_1_88' title="bbox 1843 2924 3518 2995">
     <span class='ocr_line' id='line_1_88' title="bbox 1843 2924 3518 2995; baseline -0.001 -16"><span class='ocrx_word' id='word_1_656' title='bbox 1843 2942 1977 2979; x_wconf 90' lang='lat' dir='ltr'>cere</span> <span class='ocrx_word' id='word_1_657' title='bbox 2009 2942 2123 2979; x_wconf 84' lang='lat' dir='ltr'>non</span> <span class='ocrx_word' id='word_1_658' title='bbox 2157 2931 2427 2993; x_wconf 86' lang='lat' dir='ltr'>possunt,</span> <span class='ocrx_word' id='word_1_659' title='bbox 2460 2926 2721 2977; x_wconf 85' lang='lat' dir='ltr'>vicarios</span> <span class='ocrx_word' id='word_1_660' title='bbox 2741 2924 2974 2977; x_wconf 89' lang='lat' dir='ltr'>habent.</span> <span class='ocrx_word' id='word_1_661' title='bbox 3013 2925 3120 2977; x_wconf 88' lang='lat' dir='ltr'>His</span> <span class='ocrx_word' id='word_1_662' title='bbox 3145 2924 3357 2978; x_wconf 88' lang='lat' dir='ltr'>diebus</span> <span class='ocrx_word' id='word_1_663' title='bbox 3389 2926 3518 2995; x_wconf 89' lang='lat' dir='ltr'>qui-</span> 
     </span>
    </p>
   </div>
   <div class='ocr_carea' id='block_1_89' title="bbox 1841 3013 3518 3084">
    <p class='ocr_par' dir='ltr' id='par_1_89' title="bbox 1841 3013 3518 3084">
     <span class='ocr_line' id='line_1_89' title="bbox 1841 3013 3518 3084; baseline 0 -17"><span class='ocrx_word' id='word_1_664' title='bbox 1841 3014 1955 3068; x_wconf 85' lang='lat' dir='ltr'>bus</span> <span class='ocrx_word' id='word_1_665' title='bbox 1972 3015 2286 3084; x_wconf 87' lang='lat' dir='ltr'>processio</span> <span class='ocrx_word' id='word_1_666' title='bbox 2317 3014 2493 3067; x_wconf 90' lang='lat' dir='ltr'>nudis</span> <span class='ocrx_word' id='word_1_667' title='bbox 2525 3014 2775 3083; x_wconf 88' lang='lat' dir='ltr'>pedibus</span> <span class='ocrx_word' id='word_1_668' title='bbox 2800 3015 2890 3066; x_wconf 89' lang='lat' dir='ltr'>est</span> <span class='ocrx_word' id='word_1_669' title='bbox 2909 3014 3161 3083; x_wconf 88' lang='lat' dir='ltr'>agenda,</span> <span class='ocrx_word' id='word_1_670' title='bbox 3184 3013 3518 3080; x_wconf 88' lang='lat' dir='ltr'>canales,in</span> 
     </span>
    </p>
   </div>
   <div class='ocr_carea' id='block_1_90' title="bbox 1839 3101 3517 3173">
    <p class='ocr_par' dir='ltr' id='par_1_90' title="bbox 1839 3101 3517 3173">
     <span class='ocr_line' id='line_1_90' title="bbox 1839 3101 3517 3173; baseline -0.001 -17"><span class='ocrx_word' id='word_1_671' title='bbox 1839 3104 2056 3173; x_wconf 90' lang='lat' dir='ltr'>quibus</span> <span class='ocrx_word' id='word_1_672' title='bbox 2076 3103 2288 3156; x_wconf 85' lang='lat' dir='ltr'>fratres</span> <span class='ocrx_word' id='word_1_673' title='bbox 2308 3102 2489 3172; x_wconf 85' lang='lat' dir='ltr'>pedes</span> <span class='ocrx_word' id='word_1_674' title='bbox 2508 3105 2645 3154; x_wconf 90' lang='lat' dir='ltr'>sunt</span> <span class='ocrx_word' id='word_1_675' title='bbox 2664 3101 2931 3169; x_wconf 91' lang='lat' dir='ltr'>lavaturi,</span> <span class='ocrx_word' id='word_1_676' title='bbox 2954 3102 3067 3171; x_wconf 90' lang='lat' dir='ltr'>ipsi</span> <span class='ocrx_word' id='word_1_677' title='bbox 3094 3102 3261 3169; x_wconf 86' lang='lat' dir='ltr'>prius</span> <span class='ocrx_word' id='word_1_678' title='bbox 3301 3116 3517 3170; x_wconf 86' lang='lat' dir='ltr'>expur-</span> 
     </span>
    </p>
   </div>
   <div class='ocr_carea' id='block_1_91' title="bbox 1841 3188 3516 3263">
    <p class='ocr_par' dir='ltr' id='par_1_91' title="bbox 1841 3188 3516 3263">
     <span class='ocr_line' id='line_1_91' title="bbox 1841 3188 3516 3263; baseline -0.001 -19"><span class='ocrx_word' id='word_1_679' title='bbox 1841 3196 1978 3263; x_wconf 86' lang='lat' dir='ltr'>gant</span> <span class='ocrx_word' id='word_1_680' title='bbox 2002 3191 2203 3260; x_wconf 89' lang='lat' dir='ltr'>scopis</span> <span class='ocrx_word' id='word_1_681' title='bbox 2223 3195 2277 3243; x_wconf 91' lang='lat' dir='ltr'>et</span> <span class='ocrx_word' id='word_1_682' title='bbox 2293 3207 2462 3260; x_wconf 89' lang='lat' dir='ltr'>aqua.</span> <span class='ocrx_word' id='word_1_683' title='bbox 2485 3190 2547 3243; x_wconf 89' lang='lat' dir='ltr'>Si</span> <span class='ocrx_word' id='word_1_684' title='bbox 2565 3190 2817 3242; x_wconf 90' lang='lat' dir='ltr'>domnus</span> <span class='ocrx_word' id='word_1_685' title='bbox 2829 3189 3016 3242; x_wconf 84' lang='lat' dir='ltr'>abbas</span> <span class='ocrx_word' id='word_1_686' title='bbox 3039 3190 3131 3242; x_wconf 90' lang='lat' dir='ltr'>vel</span> <span class='ocrx_word' id='word_1_687' title='bbox 3151 3189 3315 3257; x_wconf 90' lang='lat' dir='ltr'>prior</span> <span class='ocrx_word' id='word_1_688' title='bbox 3331 3188 3516 3257; x_wconf 88' lang='lat' dir='ltr'>impe-</span> 
     </span>
    </p>
   </div>
   <div class='ocr_carea' id='block_1_92' title="bbox 1839 3276 3512 3349">
    <p class='ocr_par' dir='ltr' id='par_1_92' title="bbox 1839 3276 3512 3349">
     <span class='ocr_line' id='line_1_92' title="bbox 1839 3276 3512 3349; baseline -0.001 -16"><span class='ocrx_word' id='word_1_689' title='bbox 1839 3280 2056 3334; x_wconf 85' lang='lat' dir='ltr'>raverit</span> <span class='ocrx_word' id='word_1_690' title='bbox 2093 3280 2344 3349; x_wconf 89' lang='lat' dir='ltr'>aliquem</span> <span class='ocrx_word' id='word_1_691' title='bbox 2390 3279 2683 3347; x_wconf 85' lang='lat' dir='ltr'>psalmum</span> <span class='ocrx_word' id='word_1_692' title='bbox 2731 3293 2836 3347; x_wconf 90' lang='lat' dir='ltr'>per</span> <span class='ocrx_word' id='word_1_693' title='bbox 2873 3278 3094 3347; x_wconf 90' lang='lat' dir='ltr'>aliquot</span> <span class='ocrx_word' id='word_1_694' title='bbox 3125 3277 3253 3329; x_wconf 88' lang='lat' dir='ltr'>dies</span> <span class='ocrx_word' id='word_1_695' title='bbox 3292 3276 3512 3331; x_wconf 90' lang='lat' dir='ltr'>decan-</span> 
     </span>
    </p>
   </div>
   <div class='ocr_carea' id='block_1_93' title="bbox 1837 3366 3514 3438">
    <p class='ocr_par' dir='ltr' id='par_1_93' title="bbox 1837 3366 3514 3438">
     <span class='ocr_line' id='line_1_93' title="bbox 1837 3366 3514 3438; baseline -0.001 -17"><span class='ocrx_word' id='word_1_696' title='bbox 1837 3369 1967 3435; x_wconf 88' lang='lat' dir='ltr'>tari,</span> <span class='ocrx_word' id='word_1_697' title='bbox 2003 3368 2115 3438; x_wconf 85' lang='lat' dir='ltr'>ipsi</span> <span class='ocrx_word' id='word_1_698' title='bbox 2151 3368 2457 3421; x_wconf 90' lang='lat' dir='ltr'>audientes</span> <span class='ocrx_word' id='word_1_699' title='bbox 2490 3367 2791 3433; x_wconf 88' lang='lat' dir='ltr'>inclinant,</span> <span class='ocrx_word' id='word_1_700' title='bbox 2833 3367 2970 3436; x_wconf 86' lang='lat' dir='ltr'>quia</span> <span class='ocrx_word' id='word_1_701' title='bbox 3009 3366 3070 3419; x_wconf 92' lang='lat' dir='ltr'>in</span> <span class='ocrx_word' id='word_1_702' title='bbox 3116 3380 3321 3419; x_wconf 90' lang='lat' dir='ltr'>eorum</span> <span class='ocrx_word' id='word_1_703' title='bbox 3359 3382 3514 3435; x_wconf 74' lang='lat' dir='ltr'>pra)-</span> 
     </span>
    </p>
   </div>
   <div class='ocr_carea' id='block_1_94' title="bbox 1838 3453 3513 3526">
    <p class='ocr_par' dir='ltr' id='par_1_94' title="bbox 1838 3453 3513 3526">
     <span class='ocr_line' id='line_1_94' title="bbox 1838 3453 3513 3526; baseline -0.002 -15"><span class='ocrx_word' id='word_1_704' title='bbox 1838 3458 2008 3526; x_wconf 90' lang='lat' dir='ltr'>cipue</span> <span class='ocrx_word' id='word_1_705' title='bbox 2057 3456 2231 3510; x_wconf 91' lang='lat' dir='ltr'>debet</span> <span class='ocrx_word' id='word_1_706' title='bbox 2275 3472 2413 3510; x_wconf 90' lang='lat' dir='ltr'>esse</span> <span class='ocrx_word' id='word_1_707' title='bbox 2458 3454 2857 3508; x_wconf 87' lang='lat' dir='ltr'>sollicitudine</span> <span class='ocrx_word' id='word_1_708' title='bbox 2901 3469 2974 3508; x_wconf 91' lang='lat' dir='ltr'>ne</span> <span class='ocrx_word' id='word_1_709' title='bbox 3024 3458 3383 3507; x_wconf 86' lang='lat' dir='ltr'>remaneant.</span> <span class='ocrx_word' id='word_1_710' title='bbox 3441 3453 3513 3508; x_wconf 88' lang='lat' dir='ltr'>Et</span> 
     </span>
    </p>
   </div>
   <div class='ocr_carea' id='block_1_95' title="bbox 1837 3542 3512 3616">
    <p class='ocr_par' dir='ltr' id='par_1_95' title="bbox 1837 3542 3512 3616">
     <span class='ocr_line' id='line_1_95' title="bbox 1837 3542 3512 3616; baseline -0.001 -17"><span class='ocrx_word' id='word_1_711' title='bbox 1837 3547 1972 3616; x_wconf 90' lang='lat' dir='ltr'>quia</span> <span class='ocrx_word' id='word_1_712' title='bbox 2002 3546 2114 3614; x_wconf 84' lang='lat' dir='ltr'>ipsi</span> <span class='ocrx_word' id='word_1_713' title='bbox 2146 3543 2628 3615; x_wconf 88' lang='lat' dir='ltr'>quotidielegunt</span> <span class='ocrx_word' id='word_1_714' title='bbox 2659 3543 3167 3613; x_wconf 79' lang='lat' dir='ltr'>Martyrologium,</span> <span class='ocrx_word' id='word_1_715' title='bbox 3190 3545 3245 3596; x_wconf 89' lang='lat' dir='ltr'>et</span> <span class='ocrx_word' id='word_1_716' title='bbox 3262 3542 3512 3597; x_wconf 86' lang='lat' dir='ltr'>fratrum</span> 
     </span>
    </p>
   </div>
   <div class='ocr_carea' id='block_1_96' title="bbox 1839 3631 3511 3703">
    <p class='ocr_par' dir='ltr' id='par_1_96' title="bbox 1839 3631 3511 3703">
     <span class='ocr_line' id='line_1_96' title="bbox 1839 3631 3511 3703; baseline -0.001 -16"><span class='ocrx_word' id='word_1_717' title='bbox 1839 3634 2197 3701; x_wconf 87' lang='lat' dir='ltr'>Memoriale,</span> <span class='ocrx_word' id='word_1_718' title='bbox 2234 3634 2306 3687; x_wconf 88' lang='lat' dir='ltr'>ab</span> <span class='ocrx_word' id='word_1_719' title='bbox 2351 3634 2502 3703; x_wconf 89' lang='lat' dir='ltr'>ipsis</span> <span class='ocrx_word' id='word_1_720' title='bbox 2561 3635 2652 3686; x_wconf 89' lang='lat' dir='ltr'>est</span> <span class='ocrx_word' id='word_1_721' title='bbox 2710 3632 3020 3687; x_wconf 91' lang='lat' dir='ltr'>sciendum</span> <span class='ocrx_word' id='word_1_722' title='bbox 3075 3635 3131 3686; x_wconf 93' lang='lat' dir='ltr'>et</span> <span class='ocrx_word' id='word_1_723' title='bbox 3189 3631 3511 3686; x_wconf 90' lang='lat' dir='ltr'>notandum</span> 
     </span>
    </p>
   </div>
   <div class='ocr_carea' id='block_1_97' title="bbox 1836 3720 3509 3795">
    <p class='ocr_par' dir='ltr' id='par_1_97' title="bbox 1836 3720 3509 3795">
     <span class='ocr_line' id='line_1_97' title="bbox 1836 3720 3509 3795; baseline -0.001 -18"><span class='ocrx_word' id='word_1_724' title='bbox 1836 3723 2069 3795; x_wconf 90' lang='lat' dir='ltr'>quando</span> <span class='ocrx_word' id='word_1_725' title='bbox 2102 3722 2449 3794; x_wconf 89' lang='lat' dir='ltr'>trigesimus</span> <span class='ocrx_word' id='word_1_726' title='bbox 2482 3720 2777 3791; x_wconf 79' lang='lat' dir='ltr'>cujusque</span> <span class='ocrx_word' id='word_1_727' title='bbox 2808 3720 3066 3775; x_wconf 80' lang='lat' dir='ltr'>defuncti</span> <span class='ocrx_word' id='word_1_728' title='bbox 3108 3721 3186 3775; x_wconf 87' lang='lat' dir='ltr'>sit</span> <span class='ocrx_word' id='word_1_729' title='bbox 3225 3736 3509 3775; x_wconf 88' lang='lat' dir='ltr'>consum-</span> 
     </span>
    </p>
   </div>
   <div class='ocr_carea' id='block_1_98' title="bbox 1836 3809 3507 3881">
    <p class='ocr_par' dir='ltr' id='par_1_98' title="bbox 1836 3809 3507 3881">
     <span class='ocr_line' id='line_1_98' title="bbox 1836 3809 3507 3881; baseline -0.001 -16"><span class='ocrx_word' id='word_1_730' title='bbox 1836 3816 2046 3879; x_wconf 86' lang='lat' dir='ltr'>matus,</span> <span class='ocrx_word' id='word_1_731' title='bbox 2066 3812 2138 3865; x_wconf 92' lang='lat' dir='ltr'>ab</span> <span class='ocrx_word' id='word_1_732' title='bbox 2159 3812 2308 3881; x_wconf 89' lang='lat' dir='ltr'>ipsis</span> <span class='ocrx_word' id='word_1_733' title='bbox 2323 3811 2791 3880; x_wconf 79' lang='lat' dir='ltr'>eleemesynario</span> <span class='ocrx_word' id='word_1_734' title='bbox 2812 3809 3302 3878; x_wconf 86' lang='lat' dir='ltr'>pronuntiandum</span> <span class='ocrx_word' id='word_1_735' title='bbox 3324 3825 3507 3881; x_wconf 86' lang='lat' dir='ltr'>quan-</span> 
     </span>
    </p>
   </div>
   <div class='ocr_carea' id='block_1_99' title="bbox 1834 3899 3507 3969">
    <p class='ocr_par' dir='ltr' id='par_1_99' title="bbox 1834 3899 3507 3969">
     <span class='ocr_line' id='line_1_99' title="bbox 1834 3899 3507 3969; baseline -0.001 -15"><span class='ocrx_word' id='word_1_736' title='bbox 1834 3904 2024 3955; x_wconf 88' lang='lat' dir='ltr'>torum</span> <span class='ocrx_word' id='word_1_737' title='bbox 2057 3902 2134 3955; x_wconf 87' lang='lat' dir='ltr'>sit</span> <span class='ocrx_word' id='word_1_738' title='bbox 2163 3901 2610 3954; x_wconf 86' lang='lat' dir='ltr'>anniversarius</span> <span class='ocrx_word' id='word_1_739' title='bbox 2642 3899 2909 3965; x_wconf 87' lang='lat' dir='ltr'>fratrum,</span> <span class='ocrx_word' id='word_1_740' title='bbox 2946 3902 3007 3951; x_wconf 93' lang='lat' dir='ltr'>ut</span> <span class='ocrx_word' id='word_1_741' title='bbox 3046 3902 3239 3953; x_wconf 89' lang='lat' dir='ltr'>tantas</span> <span class='ocrx_word' id='word_1_742' title='bbox 3271 3914 3507 3969; x_wconf 86' lang='lat' dir='ltr'>quoque</span> 
     </span>
    </p>
   </div>
   <div class='ocr_carea' id='block_1_100' title="bbox 1835 3987 3507 4059">
    <p class='ocr_par' dir='ltr' id='par_1_100' title="bbox 1835 3987 3507 4059">
     <span class='ocr_line' id='line_1_100' title="bbox 1835 3987 3507 4059; baseline -0.001 -16"><span class='ocrx_word' id='word_1_743' title='bbox 1835 3989 2081 4059; x_wconf 90' lang='lat' dir='ltr'>accipiat</span> <span class='ocrx_word' id='word_1_744' title='bbox 2138 3989 2511 4058; x_wconf 82' lang='lat' dir='ltr'>praebendas,</span> <span class='ocrx_word' id='word_1_745' title='bbox 2571 3991 2627 4042; x_wconf 89' lang='lat' dir='ltr'>et</span> <span class='ocrx_word' id='word_1_746' title='bbox 2671 3988 2902 4042; x_wconf 89' lang='lat' dir='ltr'>custodi</span> <span class='ocrx_word' id='word_1_747' title='bbox 2948 3987 3220 4042; x_wconf 83' lang='lat' dir='ltr'>ecclesiae</span> <span class='ocrx_word' id='word_1_748' title='bbox 3272 3987 3507 4058; x_wconf 89' lang='lat' dir='ltr'>quando</span> 
     </span>
    </p>
   </div>
   <div class='ocr_carea' id='block_1_101' title="bbox 1836 4075 3507 4147">
    <p class='ocr_par' dir='ltr' id='par_1_101' title="bbox 1836 4075 3507 4147">
     <span class='ocr_line' id='line_1_101' title="bbox 1836 4075 3507 4147; baseline 0.001 -16"><span class='ocrx_word' id='word_1_749' title='bbox 1836 4082 1971 4132; x_wconf 91' lang='lat' dir='ltr'>sunt</span> <span class='ocrx_word' id='word_1_750' title='bbox 1993 4078 2185 4131; x_wconf 89' lang='lat' dir='ltr'>omnia</span> <span class='ocrx_word' id='word_1_751' title='bbox 2217 4078 2388 4147; x_wconf 82' lang='lat' dir='ltr'>signa</span> <span class='ocrx_word' id='word_1_752' title='bbox 2428 4075 2714 4145; x_wconf 88' lang='lat' dir='ltr'>pulsanda</span> <span class='ocrx_word' id='word_1_753' title='bbox 2756 4092 2861 4144; x_wconf 88' lang='lat' dir='ltr'>pro</span> <span class='ocrx_word' id='word_1_754' title='bbox 2899 4076 3273 4130; x_wconf 89' lang='lat' dir='ltr'>annivesario</span> <span class='ocrx_word' id='word_1_755' title='bbox 3298 4076 3507 4147; x_wconf 80' lang='lat' dir='ltr'>cujus-</span> 
     </span>
    </p>
   </div>
   <div class='ocr_carea' id='block_1_102' title="bbox 1835 4164 3506 4237">
    <p class='ocr_par' dir='ltr' id='par_1_102' title="bbox 1835 4164 3506 4237">
     <span class='ocr_line' id='line_1_102' title="bbox 1835 4164 3506 4237; baseline -0.001 -16"><span class='ocrx_word' id='word_1_756' title='bbox 1835 4182 1968 4237; x_wconf 90' lang='lat' dir='ltr'>que,</span> <span class='ocrx_word' id='word_1_757' title='bbox 2017 4168 2173 4236; x_wconf 87' lang='lat' dir='ltr'>quod</span> <span class='ocrx_word' id='word_1_758' title='bbox 2213 4166 2362 4219; x_wconf 91' lang='lat' dir='ltr'>bene</span> <span class='ocrx_word' id='word_1_759' title='bbox 2408 4168 2666 4217; x_wconf 85' lang='lat' dir='ltr'>notatum</span> <span class='ocrx_word' id='word_1_760' title='bbox 2711 4168 2802 4218; x_wconf 91' lang='lat' dir='ltr'>est</span> <span class='ocrx_word' id='word_1_761' title='bbox 2837 4167 2893 4217; x_wconf 90' lang='lat' dir='ltr'>et</span> <span class='ocrx_word' id='word_1_762' title='bbox 2939 4164 3243 4234; x_wconf 83' lang='lat' dir='ltr'>sigillatim</span> <span class='ocrx_word' id='word_1_763' title='bbox 3282 4165 3341 4218; x_wconf 91' lang='lat' dir='ltr'>in</span> <span class='ocrx_word' id='word_1_764' title='bbox 3386 4165 3506 4220; x_wconf 89' lang='lat' dir='ltr'>Me-</span> 
     </span>
    </p>
   </div>
   <div class='ocr_carea' id='block_1_103' title="bbox 1834 4252 3498 4323">
    <p class='ocr_par' dir='ltr' id='par_1_103' title="bbox 1834 4252 3498 4323">
     <span class='ocr_line' id='line_1_103' title="bbox 1834 4252 3498 4323; baseline -0.001 -15"><span class='ocrx_word' id='word_1_765' title='bbox 1834 4256 2082 4309; x_wconf 87' lang='lat' dir='ltr'>moriali.</span> <span class='ocrx_word' id='word_1_766' title='bbox 2128 4255 2191 4308; x_wconf 88' lang='lat' dir='ltr'>In</span> <span class='ocrx_word' id='word_1_767' title='bbox 2233 4255 2391 4309; x_wconf 88' lang='lat' dir='ltr'>omni</span> <span class='ocrx_word' id='word_1_768' title='bbox 2436 4256 2640 4323; x_wconf 88' lang='lat' dir='ltr'>quarta</span> <span class='ocrx_word' id='word_1_769' title='bbox 2680 4252 2825 4306; x_wconf 89' lang='lat' dir='ltr'>feria</span> <span class='ocrx_word' id='word_1_770' title='bbox 2875 4253 2928 4304; x_wconf 91' lang='lat' dir='ltr'>si</span> <span class='ocrx_word' id='word_1_771' title='bbox 2955 4254 3047 4304; x_wconf 89' lang='lat' dir='ltr'>est</span> <span class='ocrx_word' id='word_1_772' title='bbox 3083 4252 3309 4320; x_wconf 88' lang='lat' dir='ltr'>privata</span> <span class='ocrx_word' id='word_1_773' title='bbox 3350 4253 3498 4318; x_wconf 86' lang='lat' dir='ltr'>dies,</span> 
     </span>
    </p>
   </div>
   <div class='ocr_carea' id='block_1_104' title="bbox 1834 4338 3502 4410">
    <p class='ocr_par' dir='ltr' id='par_1_104' title="bbox 1834 4338 3502 4410">
     <span class='ocr_line' id='line_1_104' title="bbox 1834 4338 3502 4410; baseline -0.001 -13"><span class='ocrx_word' id='word_1_774' title='bbox 1834 4347 1891 4397; x_wconf 92' lang='lat' dir='ltr'>et</span> <span class='ocrx_word' id='word_1_775' title='bbox 1920 4344 1979 4397; x_wconf 90' lang='lat' dir='ltr'>in</span> <span class='ocrx_word' id='word_1_776' title='bbox 2014 4344 2169 4397; x_wconf 92' lang='lat' dir='ltr'>omni</span> <span class='ocrx_word' id='word_1_777' title='bbox 2211 4338 2487 4410; x_wconf 83' lang='lat' dir='ltr'>Sabbato,</span> <span class='ocrx_word' id='word_1_778' title='bbox 2529 4342 2723 4394; x_wconf 87' lang='lat' dir='ltr'>lavant</span> <span class='ocrx_word' id='word_1_779' title='bbox 2763 4343 2897 4409; x_wconf 87' lang='lat' dir='ltr'>post</span> <span class='ocrx_word' id='word_1_780' title='bbox 2931 4355 3217 4409; x_wconf 89' lang='lat' dir='ltr'>vesperas</span> <span class='ocrx_word' id='word_1_781' title='bbox 3266 4341 3502 4397; x_wconf 90' lang='lat' dir='ltr'>calceos</span> 
     </span>
    </p>
   </div>
   <div class='ocr_carea' id='block_1_105' title="bbox 1836 4430 3504 4502">
    <p class='ocr_par' dir='ltr' id='par_1_105' title="bbox 1836 4430 3504 4502">
     <span class='ocr_line' id='line_1_105' title="bbox 1836 4430 3504 4502; baseline 0 -17"><span class='ocrx_word' id='word_1_782' title='bbox 1836 4448 1981 4487; x_wconf 91' lang='lat' dir='ltr'>suos</span> <span class='ocrx_word' id='word_1_783' title='bbox 2004 4450 2018 4501; x_wconf 82' lang='lat'><strong>;</strong></span> <span class='ocrx_word' id='word_1_784' title='bbox 2042 4433 2237 4486; x_wconf 88' lang='lat' dir='ltr'>lavant</span> <span class='ocrx_word' id='word_1_785' title='bbox 2258 4447 2492 4502; x_wconf 89' lang='lat' dir='ltr'>quoque</span> <span class='ocrx_word' id='word_1_786' title='bbox 2518 4446 2746 4499; x_wconf 90' lang='lat' dir='ltr'>pannos</span> <span class='ocrx_word' id='word_1_787' title='bbox 2769 4446 2915 4484; x_wconf 91' lang='lat' dir='ltr'>suos</span> <span class='ocrx_word' id='word_1_788' title='bbox 2939 4430 3504 4485; x_wconf 88' lang='lat' dir='ltr'>consuetudinaliter</span> 
     </span>
    </p>
   </div>
   <div class='ocr_carea' id='block_1_106' title="bbox 1835 4519 3499 4590">
    <p class='ocr_par' dir='ltr' id='par_1_106' title="bbox 1835 4519 3499 4590">
     <span class='ocr_line' id='line_1_106' title="bbox 1835 4519 3499 4590; baseline -0.001 -14"><span class='ocrx_word' id='word_1_789' title='bbox 1835 4526 1967 4577; x_wconf 90' lang='lat' dir='ltr'>ante</span> <span class='ocrx_word' id='word_1_790' title='bbox 2001 4522 2206 4575; x_wconf 87' lang='lat' dir='ltr'>Natale</span> <span class='ocrx_word' id='word_1_791' title='bbox 2241 4524 2583 4575; x_wconf 86' lang='lat' dir='ltr'>sanctorum</span> <span class='ocrx_word' id='word_1_792' title='bbox 2615 4520 3019 4588; x_wconf 89' lang='lat' dir='ltr'>apostolorum</span> <span class='ocrx_word' id='word_1_793' title='bbox 3046 4519 3204 4573; x_wconf 84' lang='lat' dir='ltr'>Petri</span> <span class='ocrx_word' id='word_1_794' title='bbox 3225 4522 3282 4573; x_wconf 89' lang='lat' dir='ltr'>et</span> <span class='ocrx_word' id='word_1_795' title='bbox 3314 4519 3499 4590; x_wconf 89' lang='lat' dir='ltr'>Pauli,</span> 
     </span>
    </p>
   </div>
   <div class='ocr_carea' id='block_1_107' title="bbox 1749 4600 3501 4677">
    <p class='ocr_par' dir='ltr' id='par_1_107' title="bbox 1749 4600 3501 4677">
     <span class='ocr_line' id='line_1_107' title="bbox 1749 4600 3501 4677; baseline 0.001 -15"><span class='ocrx_word' id='word_1_796' title='bbox 1749 4600 1801 4662; x_wconf 80' lang='grc' dir='ltr'><strong>Ι)</strong></span> <span class='ocrx_word' id='word_1_797' title='bbox 1834 4615 1966 4665; x_wconf 89' lang='lat' dir='ltr'>ante</span> <span class='ocrx_word' id='word_1_798' title='bbox 2005 4610 2474 4664; x_wconf 89' lang='lat' dir='ltr'>Translationem</span> <span class='ocrx_word' id='word_1_799' title='bbox 2516 4608 2576 4663; x_wconf 89' lang='lat' dir='ltr'>S.</span> <span class='ocrx_word' id='word_1_800' title='bbox 2615 4609 2937 4677; x_wconf 86' lang='lat' dir='ltr'>Benedicti,</span> <span class='ocrx_word' id='word_1_801' title='bbox 2988 4610 3046 4662; x_wconf 88' lang='lat' dir='ltr'>et</span> <span class='ocrx_word' id='word_1_802' title='bbox 3081 4612 3212 4663; x_wconf 87' lang='lat' dir='ltr'>ante</span> <span class='ocrx_word' id='word_1_803' title='bbox 3244 4610 3501 4663; x_wconf 85' lang='lat' dir='ltr'>Assum-</span> 
     </span>
    </p>
   </div>
   <div class='ocr_carea' id='block_1_108' title="bbox 1834 4698 3503 4770">
    <p class='ocr_par' dir='ltr' id='par_1_108' title="bbox 1834 4698 3503 4770">
     <span class='ocr_line' id='line_1_108' title="bbox 1834 4698 3503 4770; baseline -0.001 -17"><span class='ocrx_word' id='word_1_804' title='bbox 1834 4701 2089 4770; x_wconf 89' lang='lat' dir='ltr'>ptienem</span> <span class='ocrx_word' id='word_1_805' title='bbox 2119 4700 2179 4753; x_wconf 82' lang='lat' dir='ltr'>S.</span> <span class='ocrx_word' id='word_1_806' title='bbox 2217 4699 2439 4766; x_wconf 78' lang='lat' dir='ltr'>Mariae,</span> <span class='ocrx_word' id='word_1_807' title='bbox 2482 4714 2634 4769; x_wconf 92' lang='lat' dir='ltr'>quos</span> <span class='ocrx_word' id='word_1_808' title='bbox 2664 4702 2858 4752; x_wconf 85' lang='lat' dir='ltr'>tamen</span> <span class='ocrx_word' id='word_1_809' title='bbox 2886 4714 3003 4752; x_wconf 90' lang='lat' dir='ltr'>non</span> <span class='ocrx_word' id='word_1_810' title='bbox 3036 4698 3411 4768; x_wconf 90' lang='lat' dir='ltr'>suspendunt</span> <span class='ocrx_word' id='word_1_811' title='bbox 3426 4698 3503 4752; x_wconf 89' lang='lat' dir='ltr'>ad</span> 
     </span>
    </p>
   </div>
   <div class='ocr_carea' id='block_1_109' title="bbox 1834 4787 3500 4857">
    <p class='ocr_par' dir='ltr' id='par_1_109' title="bbox 1834 4787 3500 4857">
     <span class='ocr_line' id='line_1_109' title="bbox 1834 4787 3500 4857; baseline -0.001 -14"><span class='ocrx_word' id='word_1_812' title='bbox 1834 4789 2179 4843; x_wconf 84' lang='lat' dir='ltr'>siccandum</span> <span class='ocrx_word' id='word_1_813' title='bbox 2210 4789 2269 4842; x_wconf 88' lang='lat' dir='ltr'>in</span> <span class='ocrx_word' id='word_1_814' title='bbox 2296 4788 2480 4842; x_wconf 87' lang='lat' dir='ltr'>horda</span> <span class='ocrx_word' id='word_1_815' title='bbox 2507 4789 2660 4857; x_wconf 83' lang='lat' dir='ltr'>(sic),</span> <span class='ocrx_word' id='word_1_816' title='bbox 2689 4788 2865 4842; x_wconf 89' lang='lat' dir='ltr'>utalii</span> <span class='ocrx_word' id='word_1_817' title='bbox 2885 4787 3120 4855; x_wconf 88' lang='lat' dir='ltr'>fratres,</span> <span class='ocrx_word' id='word_1_818' title='bbox 3151 4787 3259 4841; x_wconf 90' lang='lat' dir='ltr'>sed</span> <span class='ocrx_word' id='word_1_819' title='bbox 3280 4790 3500 4842; x_wconf 88' lang='lat' dir='ltr'>tantum</span> 
     </span>
    </p>
   </div>
   <div class='ocr_carea' id='block_1_110' title="bbox 1834 4875 3500 4947">
    <p class='ocr_par' dir='ltr' id='par_1_110' title="bbox 1834 4875 3500 4947">
     <span class='ocr_line' id='line_1_110' title="bbox 1834 4875 3500 4947; baseline -0.001 -15"><span class='ocrx_word' id='word_1_820' title='bbox 1834 4878 2132 4946; x_wconf 87' lang='lat' dir='ltr'>deponunt</span> <span class='ocrx_word' id='word_1_821' title='bbox 2162 4877 2221 4931; x_wconf 91' lang='lat' dir='ltr'>in</span> <span class='ocrx_word' id='word_1_822' title='bbox 2265 4877 2539 4931; x_wconf 88' lang='lat' dir='ltr'>herbarie</span> <span class='ocrx_word' id='word_1_823' title='bbox 2582 4878 2844 4931; x_wconf 89' lang='lat' dir='ltr'>claustri.</span> <span class='ocrx_word' id='word_1_824' title='bbox 2887 4877 2976 4930; x_wconf 88' lang='lat' dir='ltr'>Ad</span> <span class='ocrx_word' id='word_1_825' title='bbox 3018 4876 3221 4930; x_wconf 90' lang='lat' dir='ltr'>horam</span> <span class='ocrx_word' id='word_1_826' title='bbox 3258 4875 3500 4947; x_wconf 86' lang='lat' dir='ltr'>regula-</span> 
     </span>
    </p>
   </div>
   <div class='ocr_carea' id='block_1_111' title="bbox 1832 4965 3501 5036">
    <p class='ocr_par' dir='ltr' id='par_1_111' title="bbox 1832 4965 3501 5036">
     <span class='ocr_line' id='line_1_111' title="bbox 1832 4965 3501 5036; baseline 0.001 -17"><span class='ocrx_word' id='word_1_827' title='bbox 1832 4982 1978 5033; x_wconf 90' lang='lat' dir='ltr'>rem,</span> <span class='ocrx_word' id='word_1_828' title='bbox 2005 4967 2076 5020; x_wconf 90' lang='lat' dir='ltr'>ad</span> <span class='ocrx_word' id='word_1_829' title='bbox 2107 4982 2281 5036; x_wconf 89' lang='lat' dir='ltr'>quam</span> <span class='ocrx_word' id='word_1_830' title='bbox 2302 4981 2417 5019; x_wconf 90' lang='lat' dir='ltr'>non</span> <span class='ocrx_word' id='word_1_831' title='bbox 2458 4965 2573 5019; x_wconf 90' lang='lat' dir='ltr'>nisi</span> <span class='ocrx_word' id='word_1_832' title='bbox 2615 4982 2793 5019; x_wconf 87' lang='lat' dir='ltr'>unum</span> <span class='ocrx_word' id='word_1_833' title='bbox 2835 4966 3074 5036; x_wconf 91' lang='lat' dir='ltr'>signum</span> <span class='ocrx_word' id='word_1_834' title='bbox 3113 4966 3402 5033; x_wconf 89' lang='lat' dir='ltr'>pulsatur,</span> <span class='ocrx_word' id='word_1_835' title='bbox 3437 4970 3501 5021; x_wconf 84' lang='lat' dir='ltr'>ut</span> 
     </span>
    </p>
   </div>
   <div class='ocr_carea' id='block_1_112' title="bbox 1830 5053 3499 5126">
    <p class='ocr_par' dir='ltr' id='par_1_112' title="bbox 1830 5053 3499 5126">
     <span class='ocr_line' id='line_1_112' title="bbox 1830 5053 3499 5126; baseline 0 -17"><span class='ocrx_word' id='word_1_836' title='bbox 1830 5058 1900 5111; x_wconf 93' lang='lat' dir='ltr'>ad</span> <span class='ocrx_word' id='word_1_837' title='bbox 1949 5056 2218 5126; x_wconf 90' lang='lat' dir='ltr'>primam,</span> <span class='ocrx_word' id='word_1_838' title='bbox 2266 5054 2487 5108; x_wconf 88' lang='lat' dir='ltr'>faciunt</span> <span class='ocrx_word' id='word_1_839' title='bbox 2546 5055 2865 5108; x_wconf 89' lang='lat' dir='ltr'>orationem</span> <span class='ocrx_word' id='word_1_840' title='bbox 2931 5053 2990 5106; x_wconf 90' lang='lat' dir='ltr'>in</span> <span class='ocrx_word' id='word_1_841' title='bbox 3038 5053 3218 5107; x_wconf 87' lang='lat' dir='ltr'>choro</span> <span class='ocrx_word' id='word_1_842' title='bbox 3266 5053 3342 5108; x_wconf 87' lang='lat' dir='ltr'>ad</span> <span class='ocrx_word' id='word_1_843' title='bbox 3369 5069 3499 5109; x_wconf 87' lang='lat' dir='ltr'>eam</span> 
     </span>
    </p>
   </div>
   <div class='ocr_carea' id='block_1_113' title="bbox 1829 5143 3209 5216">
    <p class='ocr_par' dir='ltr' id='par_1_113' title="bbox 1829 5143 3209 5216">
     <span class='ocr_line' id='line_1_113' title="bbox 1829 5143 3209 5216; baseline -0.001 -18"><span class='ocrx_word' id='word_1_844' title='bbox 1829 5147 1900 5199; x_wconf 90' lang='lat' dir='ltr'>ad</span> <span class='ocrx_word' id='word_1_845' title='bbox 1931 5162 2105 5216; x_wconf 90' lang='lat' dir='ltr'>quam</span> <span class='ocrx_word' id='word_1_846' title='bbox 2133 5145 2249 5200; x_wconf 89' lang='lat' dir='ltr'>duo</span> <span class='ocrx_word' id='word_1_847' title='bbox 2281 5145 2339 5198; x_wconf 91' lang='lat' dir='ltr'>in</span> <span class='ocrx_word' id='word_1_848' title='bbox 2370 5144 2735 5214; x_wconf 74' lang='lat' dir='ltr'>presbyterio</span> <span class='ocrx_word' id='word_1_849' title='bbox 2786 5158 2968 5214; x_wconf 88' lang='lat' dir='ltr'>prope</span> <span class='ocrx_word' id='word_1_850' title='bbox 3007 5143 3209 5196; x_wconf 89' lang='lat' dir='ltr'>altare.</span> 
     </span>
    </p>
   </div>
   <div class='ocr_carea' id='block_1_114' title="bbox 1904 5232 3498 5303">
    <p class='ocr_par' dir='ltr' id='par_1_114' title="bbox 1904 5232 3498 5303">
     <span class='ocr_line' id='line_1_114' title="bbox 1904 5232 3498 5303; baseline 0.001 -15"><span class='ocrx_word' id='word_1_851' title='bbox 1904 5235 2072 5288; x_wconf 86' lang='lat' dir='ltr'>Mane</span> <span class='ocrx_word' id='word_1_852' title='bbox 2099 5250 2230 5289; x_wconf 89' lang='lat' dir='ltr'>cum</span> <span class='ocrx_word' id='word_1_853' title='bbox 2263 5249 2329 5287; x_wconf 91' lang='lat' dir='ltr'>se</span> <span class='ocrx_word' id='word_1_854' title='bbox 2361 5234 2556 5287; x_wconf 88' lang='lat' dir='ltr'>levant</span> <span class='ocrx_word' id='word_1_855' title='bbox 2585 5233 2658 5287; x_wconf 91' lang='lat' dir='ltr'>ad</span> <span class='ocrx_word' id='word_1_856' title='bbox 2681 5232 2957 5300; x_wconf 90' lang='lat' dir='ltr'>sonitum,</span> <span class='ocrx_word' id='word_1_857' title='bbox 3011 5232 3104 5285; x_wconf 89' lang='lat' dir='ltr'>vel</span> <span class='ocrx_word' id='word_1_858' title='bbox 3143 5247 3277 5286; x_wconf 90' lang='lat' dir='ltr'>cum</span> <span class='ocrx_word' id='word_1_859' title='bbox 3307 5234 3498 5303; x_wconf 86' lang='lat' dir='ltr'>prima</span> 
     </span>
    </p>
   </div>
   <div class='ocr_carea' id='block_1_115' title="bbox 1834 5320 3494 5391">
    <p class='ocr_par' dir='ltr' id='par_1_115' title="bbox 1834 5320 3494 5391">
     <span class='ocr_line' id='line_1_115' title="bbox 1834 5320 3494 5391; baseline 0.001 -14"><span class='ocrx_word' id='word_1_860' title='bbox 1834 5326 2101 5377; x_wconf 87' lang='lat' dir='ltr'>cantatur</span> <span class='ocrx_word' id='word_1_861' title='bbox 2131 5338 2262 5376; x_wconf 89' lang='lat' dir='ltr'>cum</span> <span class='ocrx_word' id='word_1_862' title='bbox 2288 5337 2502 5375; x_wconf 89' lang='lat' dir='ltr'>aurora</span> <span class='ocrx_word' id='word_1_863' title='bbox 2532 5325 2866 5391; x_wconf 88' lang='lat' dir='ltr'>apparente,</span> <span class='ocrx_word' id='word_1_864' title='bbox 2903 5323 2963 5374; x_wconf 90' lang='lat' dir='ltr'>ut</span> <span class='ocrx_word' id='word_1_865' title='bbox 2992 5320 3051 5374; x_wconf 91' lang='lat' dir='ltr'>in</span> <span class='ocrx_word' id='word_1_866' title='bbox 3097 5322 3342 5390; x_wconf 89' lang='lat' dir='ltr'>privatis</span> <span class='ocrx_word' id='word_1_867' title='bbox 3375 5323 3494 5379; x_wconf 87' lang='lat' dir='ltr'>die-</span> 
     </span>
    </p>
   </div>
   <div class='ocr_carea' id='block_1_116' title="bbox 1828 5409 3495 5482">
    <p class='ocr_par' dir='ltr' id='par_1_116' title="bbox 1828 5409 3495 5482">
     <span class='ocr_line' id='line_1_116' title="bbox 1828 5409 3495 5482; baseline 0 -16"><span class='ocrx_word' id='word_1_868' title='bbox 1828 5413 1962 5466; x_wconf 89' lang='lat' dir='ltr'>bus.</span> <span class='ocrx_word' id='word_1_869' title='bbox 1998 5412 2044 5464; x_wconf 84' lang='grc' dir='ltr'><strong>Α</strong></span> <span class='ocrx_word' id='word_1_870' title='bbox 2080 5411 2206 5465; x_wconf 82' lang='lat' dir='ltr'>Kal.</span> <span class='ocrx_word' id='word_1_871' title='bbox 2238 5411 2511 5465; x_wconf 89' lang='lat' dir='ltr'>Octobris</span> <span class='ocrx_word' id='word_1_872' title='bbox 2542 5410 2613 5464; x_wconf 87' lang='lat' dir='ltr'>ad</span> <span class='ocrx_word' id='word_1_873' title='bbox 2652 5410 2779 5464; x_wconf 85' lang='lat' dir='ltr'>Kal.</span> <span class='ocrx_word' id='word_1_874' title='bbox 2830 5409 3117 5464; x_wconf 85' lang='lat' dir='ltr'>Novemb.</span> <span class='ocrx_word' id='word_1_875' title='bbox 3168 5426 3285 5465; x_wconf 91' lang='lat' dir='ltr'>non</span> <span class='ocrx_word' id='word_1_876' title='bbox 3322 5412 3495 5482; x_wconf 90' lang='lat' dir='ltr'>prius</span> 
     </span>
    </p>
   </div>
   <div class='ocr_carea' id='block_1_117' title="bbox 1828 5499 3558 5579">
    <p class='ocr_par' dir='ltr' id='par_1_117' title="bbox 1828 5499 3558 5579">
     <span class='ocr_line' id='line_1_117' title="bbox 1828 5499 3558 5579; baseline 0.002 -27"><span class='ocrx_word' id='word_1_877' title='bbox 1828 5502 2045 5553; x_wconf 87' lang='lat' dir='ltr'>vadunt</span> <span class='ocrx_word' id='word_1_878' title='bbox 2060 5501 2128 5553; x_wconf 88' lang='lat' dir='ltr'>ad</span> <span class='ocrx_word' id='word_1_879' title='bbox 2144 5500 2517 5554; x_wconf 86' lang='lat' dir='ltr'>necessarias</span> <span class='ocrx_word' id='word_1_880' title='bbox 2536 5515 2710 5569; x_wconf 88' lang='lat' dir='ltr'>quam</span> <span class='ocrx_word' id='word_1_881' title='bbox 2723 5499 2794 5552; x_wconf 90' lang='lat' dir='ltr'>ad</span> <span class='ocrx_word' id='word_1_882' title='bbox 2809 5499 3145 5567; x_wconf 83' lang='lat' dir='ltr'>ecclesiam,</span> <span class='ocrx_word' id='word_1_883' title='bbox 3168 5500 3271 5554; x_wconf 90' lang='lat' dir='ltr'>sed</span> <span class='ocrx_word' id='word_1_884' title='bbox 3290 5504 3496 5569; x_wconf 90' lang='lat' dir='ltr'>postea</span> <span class='ocrx_word' id='word_1_885' title='bbox 3551 5572 3558 5579; x_wconf 32' lang='grc' dir='ltr'>ι</span> 
     </span>
    </p>
   </div>
   <div class='ocr_carea' id='block_1_118' title="bbox 1826 5588 3493 5658">
    <p class='ocr_par' dir='ltr' id='par_1_118' title="bbox 1826 5588 3493 5658">
     <span class='ocr_line' id='line_1_118' title="bbox 1826 5588 3493 5658; baseline 0.001 -15"><span class='ocrx_word' id='word_1_886' title='bbox 1826 5590 1986 5643; x_wconf 81' lang='lat' dir='ltr'>finita</span> <span class='ocrx_word' id='word_1_887' title='bbox 2010 5591 2173 5658; x_wconf 89' lang='lat' dir='ltr'>hora,</span> <span class='ocrx_word' id='word_1_888' title='bbox 2208 5591 2260 5643; x_wconf 90' lang='lat' dir='ltr'>si</span> <span class='ocrx_word' id='word_1_889' title='bbox 2289 5589 2600 5657; x_wconf 86' lang='lat' dir='ltr'>voluerint,</span> <span class='ocrx_word' id='word_1_890' title='bbox 2638 5589 2731 5641; x_wconf 88' lang='lat' dir='ltr'>vel</span> <span class='ocrx_word' id='word_1_891' title='bbox 2758 5588 3126 5643; x_wconf 87' lang='lat' dir='ltr'>orationibus</span> <span class='ocrx_word' id='word_1_892' title='bbox 3150 5590 3345 5643; x_wconf 87' lang='lat' dir='ltr'>factis.</span> <span class='ocrx_word' id='word_1_893' title='bbox 3372 5590 3493 5644; x_wconf 89' lang='lat' dir='ltr'>Pes</span> 
     </span>
    </p>
   </div>
   <div class='ocr_carea' id='block_1_119' title="bbox 1825 5678 3492 5750">
    <p class='ocr_par' dir='ltr' id='par_1_119' title="bbox 1825 5678 3492 5750">
     <span class='ocr_line' id='line_1_119' title="bbox 1825 5678 3492 5750; baseline -0.001 -15"><span class='ocrx_word' id='word_1_894' title='bbox 1825 5679 2269 5749; x_wconf 86' lang='lat' dir='ltr'>completorium</span> <span class='ocrx_word' id='word_1_895' title='bbox 2309 5678 2530 5733; x_wconf 86' lang='lat' dir='ltr'>faciunt</span> <span class='ocrx_word' id='word_1_896' title='bbox 2583 5678 2882 5733; x_wconf 89' lang='lat' dir='ltr'>orationes</span> <span class='ocrx_word' id='word_1_897' title='bbox 2938 5678 3167 5750; x_wconf 88' lang='lat' dir='ltr'>absque</span> <span class='ocrx_word' id='word_1_898' title='bbox 3207 5682 3492 5734; x_wconf 91' lang='lat' dir='ltr'>conventa</span> 
     </span>
    </p>
   </div>
   <div class='ocr_carea' id='block_1_120' title="bbox 2821 5766 2889 5821">
    <p class='ocr_par' dir='ltr' id='par_1_120' title="bbox 2821 5766 2889 5821">
     <span class='ocr_line' id='line_1_120' title="bbox 2821 5766 2889 5821; baseline 0.015 -1"><span class='ocrx_word' id='word_1_899' title='bbox 2821 5766 2889 5821; x_wconf 72' lang='lat'>24</span> 
     </span>
    </p>
   </div>
  </div>
