3956 6176
456 320 574 382 747

1431 318 1839 382 UDALRICI
1888 317 2486 384 CLUNIACENSIS
2532 319 2922 384 MONACHI
3714 332 3804 394 748

457 520 513 573 et
541 520 852 589 antequam
897 521 1256 583 conventus;
1293 520 1348 570 et
1387 517 1458 572 de
1499 517 1861 572 necessariis
1907 502 2196 571 dobentl
2233 518 2548 588 opinionis,
2599 519 2838 574 minime
2885 522 3078 574 tamen
3128 521 3386 576 custodia
3437 529 3596 578 caret.
3642 526 3732 581 Sed
3767 535 3811 584 et

456 608 658 662 exisse
685 606 854 676 prius
885 623 1058 677 quam
1089 621 1156 660 eo
1206 607 1400 660 veniat
1447 610 1792 660 conventus.
1835 606 1957 659 Stat
1987 610 2120 658 ante

455 711 561 751 eos
577 711 710 750 cum
723 696 891 766 virga
905 694 1186 764 principal
1199 695 1245 748 is
1261 694 1545 766 magister
1558 710 1760 748 eorum
1776 709 1966 764 usque
1982 694 2118 747 dum

455 799 662 840 omnes
695 784 813 837 sint
847 783 1134 851 collocati,
1162 787 1216 836 et
1243 783 1405 852 ipsas
1438 783 1621 837 facies
1653 784 1803 836 bene
1836 785 2116 852 c00perti.

529 874 690 939 Item,
712 872 944 942 quando
964 887 1029 925 se
1059 873 1275 940 levant,
1292 873 1340 924 si
1363 872 1585 925 tardius
1605 872 1899 939 selevant,
1928 872 2115 925 conti-

456 977 573 1015 nuo
607 963 697 1014 est
727 961 895 1031 virga
927 975 1249 1030 supereos.
1277 959 1416 1013 Post
1458 960 1769 1013 matutinas
1801 961 2118 1028 laudes,eo

454 1053 718 1119 tempore
749 1065 863 1120 quo
896 1065 1108 1102 rursus
1141 1065 1346 1102 omnes
1371 1053 1508 1101 sunt
1531 1049 1855 1119 dormituri,
1891 1050 1939 1102 si
1977 1065 2118 1103 non-

457 1138 594 1192 dum
651 1153 861 1191 aurora
920 1138 1272 1207 apparuerit,
1344 1142 1481 1191 tunc
1536 1141 1770 1192 tenente
1831 1140 2118 1209 magistro

455 1228 686 1298 virgam
714 1227 770 1279 in
803 1226 1006 1280 dextra
1050 1243 1220 1279 manu
1267 1231 1322 1280 et
1366 1227 1667 1280 candelam
1709 1229 1766 1280 in
1807 1227 1976 1292 laeva,
2020 1243 2118 1280 ex-

458 1316 784 1386 spoliantur
811 1317 868 1368 et
897 1315 1012 1368 cito
1035 1315 1416 1369 collocantur.
1450 1315 1513 1369 Si
1532 1331 1673 1369 vero
1695 1315 2121 1386 aliquantulum

454 1420 666 1459 aurora
683 1403 982 1472 claruerit,
1005 1405 1280 1457 candelas
1308 1405 1762 1473 superlaternas
1787 1406 2037 1474 ﬁgentes
2053 1421 2120 1459 so

455 1494 736 1561 calceant,
771 1497 828 1546 et
855 1508 1036 1561 super
1066 1493 1314 1546 lectulos
1353 1494 1660 1562 reclinant,
1693 1496 1755 1547 ut
1775 1495 1846 1548 ad
1866 1494 2120 1548 sonitum

453 1583 681 1653 absque
702 1581 819 1635 ulla
852 1581 1127 1635 dilatione
1158 1586 1541 1653 consurgant,
1590 1583 1746 1653 quod
1796 1587 1954 1638 totus
1985 1600 2122 1638 con-

453 1675 667 1725 ventus
698 1670 905 1725 eodem
929 1671 1099 1724 modo
1134 1670 1329 1724 facere
1375 1671 1568 1726 debet.
1614 1673 1790 1725 Panis
1833 1688 2037 1726 eorum
2068 1675 2124 1727 et

454 1759 730 1830 generale
753 1775 868 1813 non
901 1762 1037 1812 sunt
1085 1759 1308 1812 minora
1355 1775 1529 1829 quam
1561 1760 1810 1814 aliorum
1853 1765 2121 1816 tratrum.

453 1847 671 1918 Siquis
712 1847 955 1900 fratrum
987 1847 1058 1900 de
1121 1847 1269 1900 foris
1315 1847 1560 1901 veniens
1605 1850 1909 1903 osculatus
1950 1849 2125 1904 fuerit

454 1952 662 1990 omnes
697 1936 932 2000 fratres,
968 1935 1204 1988 minime
1237 1939 1429 1990 tamen
1479 1936 1781 1991 osculatur
1811 1954 1937 2004 eos,
1972 1939 2127 1992 sicut

456 2025 629 2078 etiam
662 2039 770 2078 nec
794 2023 852 2076 in
882 2022 1134 2077 ecclesia
1165 2023 1236 2076 ad
1269 2040 1493 2093 pacem.
1529 2026 1615 2078 Ad
1651 2026 1986 2080 Mandatum
2009 2042 2126 2080 non

454 2113 724 2167 lavantur
753 2112 842 2166 eis
873 2112 1077 2180 pedes,
1103 2112 1255 2166 sicut
1281 2116 1388 2166 n'ee
1408 2113 1521 2184 ipsi
1547 2114 1775 2184 lavant;
1809 2115 2044 2185 quando
2065 2115 2123 2170 in

452 2203 703 2272 coquina
734 2201 1162 2270 obsequuntur,
1197 2203 1465 2273 magistri
1503 2218 1707 2256 eorum
1762 2205 2127 2274 solentpro-

449 2290 649 2344 videre
679 2292 740 2343 ut
770 2292 1096 2360 Opportune
1136 2291 1458 2344 accendant
1502 2291 1810 2346 luminaria
1839 2293 2126 2347 dormito-

451 2379 520 2433 rii
567 2382 625 2433 et
680 2378 1178 2447 necessariarum,
1231 2383 1287 2432 et
1335 2380 1406 2432 ad
1465 2385 1809 2448 nocturnos,
1858 2382 1915 2434 in
1973 2382 2124 2451 ipsis

450 2467 814 2523 necessariis
846 2466 992 2520 duas
1026 2467 1323 2536 candelas,
1356 2485 1489 2538 quae
1519 2469 1824 2523 sufﬁciunt
1856 2486 1868 2525 :
1905 2475 2126 2525 tantum

450 2572 641 2627 usque
682 2556 820 2610 dum
867 2559 1193 2609 conventus
1233 2558 1488 2610 recedat.
1550 2558 1609 2611 Si
1647 2559 1962 2630 aliquando
2007 2575 2126 2613 nox

449 2645 646 2713 fuerit,
681 2644 913 2714 quando
936 2647 1071 2714 post
1101 2661 1326 2697 omnem
1359 2646 1428 2699 de
1481 2646 1794 2701 refectorio
1846 2648 2128 2704 exierint.

447 2733 755 2788 venientes
787 2733 846 2785 in
868 2733 1112 2786 chorum
1128 2733 1199 2786 de
1220 2735 1460 2788 laternis
1483 2736 1797 2790 extrahunt
1819 2737 2124 2806 candelas,

451 2826 508 2877 et
536 2837 775 2875 sursum
802 2821 980 2874 altius
1005 2825 1199 2874 tenent
1221 2823 1477 2892 quandiu
1499 2825 1711 2878 suntin
1738 2825 1951 2894 choro;
1976 2841 2126 2895 opus

453 2910 744 2965 habentes
776 2909 1040 2963 codicem
1065 2911 1155 2963 vel
1184 2910 1372 2979 ipsam
1403 2911 1659 2965 tabulam
1693 2912 2015 2968 brevialem
2037 2931 2129 2969 ac-

452 3001 652 3069 cipere
681 2999 794 3052 alio
818 2999 946 3052 loco
978 3015 1150 3069 quam
1176 2999 1273 3052 ubi
1307 3000 1518 3054 sedere
1543 3001 1739 3055 solent
1761 3003 1817 3055 in
1837 3003 2128 3072 claustro,

454 3103 756 3159 nunquam
777 3087 1072 3157 accipiunt
1099 3088 1327 3157 absque
1374 3088 1606 3143 licentia
1650 3091 1939 3162 magistri.
1973 3092 2130 3145 Vici-

453 3179 568 3233 bus
601 3177 833 3230 duabus
856 3177 914 3230 in
945 3177 1271 3246 septimana
1301 3178 1630 3232 veniuntad
1660 3179 2124 3249 confessionem,

455 3283 629 3339 quam
675 3281 790 3320 non
840 3265 1047 3335 recipit
1090 3265 1206 3319 nisi
1265 3266 1516 3321 domnus
1559 3268 1767 3337 abbas,
1823 3270 1914 3323 vel
1966 3270 2130 3338 prior

456 3354 670 3428 major,
702 3355 795 3409 vel
819 3355 915 3410 ille
945 3355 1046 3425 qui
1074 3358 1230 3410 tenet
1261 3357 1560 3426 ordinem;
1593 3359 1804 3413 stando
1837 3360 2128 3414 conﬁten-

457 3449 573 3513 tur,
608 3444 744 3498 etsi
791 3443 954 3513 prior
981 3447 1074 3496 est
1105 3447 1473 3513 recepturus,
1528 3447 1656 3514 ipse
1683 3448 1754 3501 ad
1800 3464 1906 3502 eos
1945 3449 2126 3517 venit,

459 3534 737 3603 ducitque
766 3535 820 3586 et
845 3531 1088 3598 reducit,
1111 3534 1167 3586 et
1189 3548 1303 3586 uno
1341 3533 1674 3602 conﬁtente,
1715 3537 1866 3590 alter
1895 3536 2127 3590 interim

461 3621 649 3674 sedet.
680 3619 871 3688 Super
907 3622 1151 3672 truncos
1210 3636 1391 3689 super
1446 3638 1597 3692 quos
1650 3624 1860 3678 sedere
1913 3625 2126 3695 solent,

462 3708 661 3763 nullus
689 3707 841 3760 alius
873 3707 1332 3778 sedetunquam,
1367 3709 1460 3764 vel
1483 3710 1554 3764 de
1576 3711 1726 3780 ipsis
1757 3713 2127 3786 paedagogis.

462 3796 759 3851 Scrinium
799 3811 932 3849 cuin
982 3797 1251 3864 rasoriis,
1295 3799 1512 3868 quibus
1560 3801 1858 3871 radantur,
1910 3819 2014 3872 pro
2064 3819 2132 3858 se

463 3885 681 3940 habent
710 3885 1052 3955 separatim,
1083 3891 1140 3939 ot
1170 3901 1446 3941 seorsum
1469 3905 1535 3942 se
1554 3889 1765 3944 radunt
1799 3892 1967 3961 pueri
1997 3906 2130 3944 cum

463 3975 791 4046 magistris,
825 3978 880 4028 et
911 3973 1022 4042 ipsi
1073 3976 1361 4046 magistri,
1409 3981 1695 4048 quotquot
1740 3978 1974 4045 fuerint,
2025 3995 2132 4048 pro

465 4063 626 4118 nulla
671 4063 986 4118 occasione
1034 4065 1315 4119 recedunt
1370 4066 1443 4119 ab
1488 4067 1575 4120 eis
1631 4069 1856 4139 absque
1899 4069 2132 4122 licentia

465 4153 734 4225 magistri
763 4152 1139 4223 principalis;
1171 4154 1447 4226 nullaque
1496 4157 1623 4209 vice
1664 4157 1970 4210 dimittenti
1995 4159 2135 4211 sunt

467 4258 600 4297 cum
628 4258 744 4296 uno
775 4243 904 4298 solo
936 4243 1241 4315 magistro.
1279 4243 1494 4297 Eorum
1541 4245 1738 4298 sessio
1777 4245 1834 4299 in
1874 4247 2134 4301 claustro

468 4331 545 4385 ita
585 4335 678 4385 est
711 4331 974 4385 ordinata
1019 4335 1081 4385 ut
1119 4332 1285 4402 pueri
1342 4333 1587 4387 sedeant
1643 4349 1824 4404 prope
1882 4351 2132 4403 murum,

467 4420 734 4491 magistri
768 4421 828 4473 in
862 4420 1141 4474 cancellis
1173 4421 1436 4487 claustri,
1471 4427 1526 4476 et
1546 4422 1623 4475 ita
1669 4427 1729 4476 ut
1759 4425 1991 4493 possint
2028 4440 2134 4479 eos

457 4507 688 4580 jugiter
718 4508 952 4562 intueri.
987 4509 1101 4562 Per
1148 4508 1405 4562 medium
1435 4524 1638 4563 eorum
1675 4512 1872 4566 nullus
1905 4516 1996 4566 est
2035 4514 2134 4582 qui

465 4596 929 4651 audeatomnino
957 4597 1230 4650 transire.
1273 4598 1622 4668 Ubicunque
1663 4599 1902 4667 fuerint,
1945 4617 2135 4670 quan-
2172 4584 2224 4644 ι)

467 4685 754 4740 tumbibet
798 4684 966 4739 locus
1013 4685 1188 4739 fuerit
1222 4690 1534 4758 angustus,
1570 4691 1624 4740 et
1663 4689 2020 4758 quantalibet
2063 4690 2139 4744 sit

466 4773 710 4829 fratrum
742 4773 1069 4840 multitudo,
1104 4778 1294 4830 tamen
1327 4791 1533 4830 omnes
1569 4782 1776 4830 cavent
1806 4778 1880 4830 ita
1921 4794 2137 4848 appro-

466 4864 626 4934 piare
656 4865 719 4918 ut
747 4864 842 4918 vel
874 4866 1146 4934 tangatur
1174 4865 1247 4917 ab
1266 4863 1460 4934 aliquo
1493 4865 1680 4919 vestis
1719 4881 1944 4920 eorum.
1983 4866 2050 4920 Et
2072 4869 2134 4921 ut

467 4955 700 5008 tandem
730 4953 802 5008 de
832 4954 983 5023 ipsis
999 4953 1201 5023 pueris
1225 4953 1592 5021 concludam,
1617 4970 2025 5024 saepenumero
2046 4955 2137 5008 vi-

468 5043 617 5097 dens
657 5058 772 5114 quo
803 5042 998 5096 studio
1026 5042 1117 5096 die
1145 5047 1437 5112 noctuque
1478 5043 1904 5112 custodiantur,
1924 5044 2044 5098 dixi
2079 5045 2138 5098 in

469 5131 651 5184 corde
683 5146 814 5185 meo
844 5131 1084 5184 difﬁcile
1118 5131 1245 5185 ﬁeri
1278 5146 1457 5200 posse
1489 5135 1551 5185 ut
1587 5131 1744 5185 ullus
1784 5134 1948 5203 regis
1980 5133 2138 5186 ﬁlius

471 5218 696 5288 majore
725 5218 1026 5288 diligentia
1074 5221 1364 5273 nutriatur
1405 5221 1463 5273 in
1505 5220 1719 5289 palatio
1770 5237 1943 5291 quam
1992 5236 2141 5291 puer

470 5305 718 5377 quilibet
747 5306 1026 5361 minimus
1045 5307 1104 5361 in
1134 5308 1434 5363 Cluniaco.

1101 5397 1353 5450 CAPUT
1393 5397 1497 5452 1X.

985 5485 1074 5538 lJe
1112 5486 1375 5539 custodia
1401 5486 1708 5557 juvenem.

546 5573 744 5627 Frater
770 5572 869 5645 qui
903 5577 995 5627 est
1025 5573 1204 5643 hujus
1238 5575 1427 5630 aetatis
1471 5579 1532 5628 ut
1569 5575 1761 5629 adhuc
1813 5573 1890 5628 sit
1918 5574 2137 5629 imber-

471 5661 588 5734 bis,
622 5663 733 5720 etsi
764 5663 917 5718 ultro
947 5663 1170 5718 saeculo
1204 5664 1646 5733 renuntiaverit,
1699 5667 1755 5718 et
1799 5663 2032 5734 Optimae
2065 5663 2143 5719 sit

2168 3229 2219 3292 C

2232 607 2545 677 aliquando
2571 608 2651 660 illi
2674 609 2923 663 maxime
2942 609 3041 679 qui
3059 610 3256 664 nutriti
3279 615 3409 664 sunt
3424 612 3476 665 in
3497 618 3810 684 monasterio,

2233 696 2286 749 si
2315 697 2371 750 in
2404 697 2670 751 moribus
2701 697 2812 750 viri
2843 712 2982 751 esse
3011 699 3318 767 noluerint,
3352 700 3529 753 virilis
3557 707 3680 756 aetas
3703 705 3811 758 nihil

2234 785 2323 838 eis
2349 785 2639 853 profuerit
2685 788 2746 839 ut
2777 801 2806 838 a
2853 786 3119 840 custodia
3165 787 3477 842 solvantur.
3516 789 3572 842 In
3608 807 3701 861 qua
3739 795 3814 862 qui

2231 873 2464 944 positus
2501 873 2694 940 fuerit,
2728 874 2979 942 primum
3002 875 3060 929 in
3079 875 3414 930 dormitorio
3437 877 3605 932 lectus
3625 879 3735 948 ejus
3749 886 3818 934 est

2233 978 2414 1033 pr0pe
2446 963 2660 1016 lectum
2692 963 2958 1017 custodis
2992 964 3106 1032 sui,
3141 964 3210 1018 ad
3228 965 3615 1037 quemabsque
3646 968 3725 1022 illo
3740 985 3817 1022 nec

2233 1051 2461 1105 accedit
2508 1067 2764 1121 unquam
2807 1067 2918 1106 nec
2965 1053 3206 1107 recedit.
3252 1053 3315 1106 In
3355 1059 3516 1108 nocte
3550 1071 3671 1109 vero
3705 1071 3820 1126 quo-

2233 1155 2464 1210 cunque
2499 1139 2734 1209 incedit,
2782 1144 2974 1210 portat
3020 1146 3152 1195 ante
3198 1157 3264 1195 se
3301 1143 3585 1212 laternam,
3629 1145 3820 1199 custode

2234 1228 2580 1298 providente
2605 1232 2665 1282 ut
2713 1230 3015 1283 candelam
3062 1230 3273 1284 habeat
3316 1247 3636 1299 accensam;
3670 1234 3750 1302 qui
3786 1234 3823 1285 si

2235 1332 2366 1370 eum
2385 1317 2615 1371 duxerit
2631 1318 2703 1370 ad
2722 1318 3123 1386 necessarias,
3147 1323 3456 1390 postquam
3473 1320 3590 1390 ipse
3614 1336 3826 1375 surrexe

2234 1406 2327 1473 rit,
2357 1405 2583 1478 jugiter
2613 1421 2746 1460 eum
2785 1407 3061 1474 intuetur,
3103 1423 3434 1479 quanquam
3476 1411 3527 1462 et
3562 1411 3746 1464 laterna
3771 1410 3831 1462 sit

2232 1499 2364 1549 ante
2398 1511 2551 1548 eum.
2585 1495 2646 1549 Si
2673 1511 2815 1549 vero
2847 1496 2903 1548 in
2934 1499 3106 1550 nocte
3137 1513 3288 1566 opus
3331 1497 3585 1551 habuerit
3603 1513 3825 1570 surgere,

2233 1584 2486 1638 excitato
2519 1583 2782 1647 custode,
2809 1588 2865 1638 et
2883 1600 3135 1639 accensa
3183 1586 3407 1640 laterna
3440 1587 3619 1657 pergit
3658 1586 3720 1639 ad
3750 1603 3828 1640 ne-

2233 1673 2554 1739 cessarias,
2591 1689 2698 1726 nec
2730 1676 2864 1726 ante
2892 1690 2923 1726 a
2954 1675 3201 1728 custode
3251 1675 3630 1746 exstinguitur
3654 1675 3826 1729 laterna

2233 1779 2405 1834 quam
2440 1763 2535 1816 ille
2566 1762 2914 1832 collocetur;
2941 1763 3220 1818 custodes
3252 1780 3497 1834 namque
3535 1781 3626 1818 eas
3648 1781 3829 1833 semper

2233 1851 2511 1906 incedunt
2529 1854 2585 1905 et
2608 1852 3015 1922 exstinguunt.
3049 1851 3110 1906 Si
3141 1852 3199 1905 in
3221 1853 3529 1906 ecclesiam
3551 1867 3667 1906 eum
3693 1853 3832 1905 duxe-

2234 1941 2330 2008 rit,
2367 1956 2483 1994 non
2515 1955 2647 1994 eum
2673 1940 2894 1995 deserit
2924 1956 3115 2011 usque
3149 1941 3286 1994 dum
3335 1941 3622 2011 perveniat
3648 1942 3698 1994 in
3725 1941 3832 1994 cho-

2235 2044 2396 2097 rum;
2421 2031 2478 2082 et
2507 2028 2564 2082 in
2598 2027 2938 2098 refectorio,
2970 2045 3162 2100 usque
3191 2029 3333 2084 dum
3372 2030 3448 2083 sit
3490 2029 3626 2082 intra
3669 2029 3832 2083 ostium

2234 2117 2366 2172 etin
2395 2118 2712 2187 praesentia
2743 2121 3091 2172 conventus.
3125 2117 3186 2173 Si
3217 2121 3453 2173 notatus
3495 2118 3655 2172 fuerit
3684 2118 3743 2171 ad
3759 2133 3833 2171 co-

2235 2206 2494 2278 quinam,
2542 2209 2675 2260 ante
2724 2207 2981 2261 sonitum
3011 2222 3126 2260 non
3165 2208 3329 2261 venit
3356 2207 3426 2260 ad
3454 2223 3595 2262 eum.
3641 2206 3712 2260 Ad
3744 2211 3832 2259 tres

2237 2297 2535 2351 orationes
2565 2311 2714 2365 quas
2737 2295 2848 2349 rite
2879 2295 3101 2349 faciunt
3128 2298 3264 2350 ante
3292 2300 3621 2365 nocturnos,
3640 2296 3718 2349 vel
3736 2298 3834 2365 post

2237 2381 2706 2451 completorium,
2738 2396 2847 2435 seu
2879 2381 2937 2436 in
2967 2382 3060 2436 die
3091 2382 3163 2436 ad
3191 2382 3328 2437 illas
3347 2383 3605 2437 similiter
3619 2387 3721 2436 tres
3741 2397 3836 2452 quae

2239 2471 2382 2525 ﬁunt
2426 2471 2482 2524 in
2530 2470 2722 2524 hieme
2774 2472 2908 2523 ante
2966 2471 3220 2539 tertiam,
3264 2472 3360 2525 vel
3416 2473 3471 2524 in
3523 2473 3705 2526 aestate
3743 2474 3838 2540 post

2239 2561 2518 2628 sonitum,
2551 2574 2850 2630 nunquam
2873 2559 2944 2612 ab
2977 2559 3229 2614 invicem
3263 2564 3619 2631 separantur.
3650 2557 3835 2623 Quando

2238 2650 2578 2720 proceditur
2602 2649 2674 2702 ad
2704 2664 2916 2719 aquam
2936 2648 3334 2716 benedictam,
3391 2653 3447 2704 et
3487 2648 3835 2720 processiones

2239 2740 2408 2807 alias,
2434 2739 2484 2791 si
2517 2738 2741 2792 diversi
2772 2742 2913 2791 sunt
2942 2737 3001 2792 in
3031 2737 3238 2792 ordine
3271 2738 3644 2804 custodiendi,
3685 2750 3841 2790 ascen-

2239 2827 2382 2881 dunt
2412 2827 2504 2880 vel
2536 2827 2904 2880 descendunt
2932 2827 3004 2879 ad
3036 2827 3503 2895 custodientem;
3531 2829 3711 2879 custos
3737 2837 3839 2876 vero

2238 2932 2354 2970 non
2384 2919 2566 2970 mutat
2596 2915 2864 2969 ordinem
2887 2931 3082 2982 suum,
3116 2914 3235 2969 nisi
3268 2915 3419 2970 forte
3465 2918 3683 2985 propter
3723 2913 3839 2964 illum

2239 3005 2338 3075 qui
2370 3005 2429 3059 in
2461 3004 2629 3074 culpa
2665 3007 2792 3058 erat
2815 3004 3113 3076 graviore,
3138 3008 3213 3073 et,
3253 3005 3511 3059 fraterna
3534 3004 3771 3057 societate
3785 3014 3845 3052 re-

2239 3097 2428 3163 cepta,
2460 3094 2651 3147 adhuc
2680 3098 2870 3147 tamen
2903 3093 3162 3147 omnium
3187 3096 3283 3147 est
3308 3099 3623 3162 extremus,
3666 3090 3742 3144 vel
3776 3088 3843 3141 fu-

2239 3197 2384 3254 gere
2408 3182 2614 3236 volens
2643 3181 2721 3234 ita
2747 3182 2966 3236 invitus
2997 3186 3088 3236 est
3109 3186 3410 3237 retractus
3431 3187 3594 3254 atque
3621 3182 3844 3234 retentus.

2237 3271 2402 3336 Quod
2435 3271 2489 3324 si
2524 3272 2581 3324 in
2613 3270 2882 3325 custodia
2905 3274 2997 3325 est
3027 3270 3318 3325 diaconus
3351 3272 3443 3326 vel
3490 3269 3845 3332 subdiaconus,

2238 3361 2502 3416 lecturus
2534 3358 2924 3430 Evangeliuni
2953 3360 3044 3412 vel
3077 3359 3427 3429 Epistolam,
3462 3361 3511 3413 si
3542 3359 3646 3413 tale
3674 3354 3787 3426 quid
3813 3352 3849 3405 ei

2239 3449 2556 3521 contigerit
2605 3452 2668 3502 ut
2702 3447 2917 3520 legere.
2949 3464 3066 3503 non
3113 3450 3330 3518 possit,
3373 3453 3604 3519 prOpter
3632 3447 3727 3500 hoc
3765 3456 3842 3494 nec

2238 3539 2422 3593 verbo
2455 3553 2565 3592 nec
2596 3538 2772 3608 signo
2805 3553 3158 3608 quemquam
3207 3537 3306 3590 sui
3347 3538 3594 3592 similem
3630 3536 3679 3587 in
3712 3529 3846 3586 simili

2239 3627 2508 3682 custodia
2539 3627 2796 3696 positum
2827 3626 3098 3696 appellat,
3133 3631 3194 3680 ut
3226 3642 3341 3697 pro
3363 3642 3432 3680 se
3453 3627 3618 3697 legat,
3638 3622 3728 3678 sed
3747 3618 3845 3688 ejus

2239 3716 2492 3783 custodi,
2528 3731 2661 3769 cum
2693 3715 3028 3770 testimonio
3063 3715 3338 3770 custodis
3381 3715 3476 3770 sui
3517 3729 3632 3769 rem
3671 3713 3848 3764 innote-

2241 3805 2375 3872 scit,
2411 3806 2472 3858 ut
2503 3804 2668 3857 fratri
2688 3803 2957 3874 ejusdem
2985 3804 3211 3857 ordinis
3235 3809 3446 3858 custos
3467 3817 3683 3873 quoque
3699 3795 3848 3853 fratris

2246 3893 2520 3964 loquatur
2544 3907 2650 3962 pro
2681 3892 3092 3946 vicissitudine
3122 3892 3400 3963 legendi;
3432 3896 3528 3946 aut
3564 3891 3611 3945 si
3640 3884 3854 3943 maluerit

2246 3983 2346 4052 qui
2369 3981 2568 4052 legere
2599 3981 2792 4048 debet,
2827 3981 3367 4050 impossibilitatem
3399 3997 3564 4035 suam
3590 3978 3746 4033 refert
3786 3987 3849 4025 ar-

2247 4071 2430 4124 mario
2464 4069 2771 4136 maturius,
2806 4074 2869 4124 ut
2918 4071 3048 4139 ipse
3089 4072 3441 4138 tempestive
3475 4067 3747 4140 provideat
3785 4059 3853 4114 cui

2246 4159 2479 4231 legendi
2516 4175 2729 4212 munus
2762 4158 3050 4230 iniunget.
3076 4158 3308 4229 Singuli
3346 4163 3536 4212 autem
3563 4158 3712 4218 tales,
3733 4151 3790 4214 si,
3810 4150 3852 4199 ut

2246 4249 2426 4316 aiunt,
2442 4248 2783 4319 tergoribus
2796 4247 2926 4302 suis
2939 4247 3231 4302 voluerint
3249 4263 3392 4302 esse
3412 4246 3739 4305 consultum,
3754 4245 3853 4292 tunc

2247 4352 2621 4405 summopere
2652 4341 2859 4390 cavent
2889 4337 2948 4390 in
2979 4336 3137 4391 omni
3166 4336 3297 4391 loco
3322 4351 3396 4390 ne
3441 4336 3656 4403 absque
3697 4326 3857 4382 media-

2243 4429 2370 4480 tore
2401 4429 2557 4479 stent
2587 4425 2784 4491 simul,
2809 4431 2908 4478 aut
2940 4426 3112 4479 simul
3147 4426 3394 4480 sedeant
3445 4427 3497 4477 in
3541 4418 3781 4480 ecclesia,
3814 4413 3855 4463 in

2245 4515 2519 4584 capitulo,
2554 4514 2612 4566 in
2643 4515 2976 4583 refectorio,
3010 4515 3102 4568 vel
3136 4529 3202 4569 se
3225 4513 3297 4567 ad
3318 4514 3566 4567 invicem
3589 4505 3852 4577 impingam

2245 4603 2479 4674 quando
2539 4608 2867 4658 conventus
2911 4603 2986 4656 ita
3033 4603 3368 4657 cumulatim
3412 4615 3635 4672 quoque
3672 4589 3858 4652 incedit,

2246 4697 2308 4745 ut
2338 4691 2650 4762 aliquando
2682 4691 2997 4746 ecclesiam
3042 4691 3309 4745 intrando
3360 4693 3451 4744 vel
3495 4684 3756 4747 exeundo,
3791 4674 3854 4728 νει

2245 4781 2480 4854 quando
2514 4781 2699 4834 libros
2731 4781 2788 4834 in
2817 4781 3193 4834 armariolum
3219 4781 3378 4851 quod
3420 4784 3512 4833 est
3552 4778 3606 4830 in
3647 4772 3854 4828 claustro

2245 4874 2555 4940 reponunt.
2592 4869 2716 4922 Hoc
2733 4869 2906 4924 etiam.
2937 4885 3055 4922 non
3096 4869 3441 4939 negligitur,
3493 4867 3545 4920 si
3572 4866 3657 4919 est
3699 4868 3856 4913 eorum

2248 4963 2438 5013 status
2459 4958 2652 5011 adhuc
2683 4958 2741 5010 in
2773 4957 2962 5012 medio
2986 4957 3189 5023 choro,
3224 4961 3280 5011 et
3298 4971 3450 5011 unus
3483 4971 3554 5008 ex
3584 4967 3683 5005 una
3711 4947 3852 5016 parit.

2249 5048 2400 5100 alius
2417 5063 2490 5102 ex
2511 5046 2713 5114 altera,
2749 5054 2810 5099 ut
2837 5047 2915 5099 ita
2945 5047 3063 5099 sint
3103 5048 3326 5100 stantes
3373 5061 3445 5098 ne
3485 5044 3656 5096 dorsa
3693 5043 3853 5090 eorum

2249 5152 2281 5190 e
2305 5137 2549 5207 regione
2579 5135 2650 5189 ad
2683 5135 2934 5188 invicem
2967 5135 3085 5188 sint
3105 5149 3414 5188 conversa.

2899 5222 3153 5278 CAPUT
3194 5223 3266 5277 Χ.

2631 5312 2720 5367 De
2751 5320 3128 5382 praecentore
3169 5318 3227 5367 et
3267 5313 3543 5365 armario.
3828 5378 3834 5386 ι

2324 5404 2661 5457 Praecentor
2699 5405 2756 5455 et
2795 5401 3086 5454 armarius
3125 5399 3359 5454 armarit
3418 5409 3624 5451 nomen
3656 5383 3853 5445 obtinuit

2249 5507 2319 5546 eo
2351 5492 2506 5562 quod
2540 5492 2596 5544 in
2637 5489 2770 5559 ejus
2805 5506 2976 5543 manu
3001 5490 3152 5542 solet
3179 5504 3317 5543 esse
3356 5484 3710 5542 bibliotheca,
3751 5482 3850 5562 qua":

2247 5587 2303 5635 et
2334 5583 2391 5634 in
2441 5581 2553 5633 alio
2599 5581 2833 5634 nomine
2883 5579 3198 5633 armarium
3238 5576 3578 5648 appellatur.
3629 5568 3751 5623 Haec
3787 5559 3852 5656 .05.!

2248 5671 2580 5727 obcdientia
2638 5685 2811 5740 quam
2862 5684 2933 5722 ex
2983 5684 3144 5724 more
3203 5667 3396 5723 nullus
3459 5663 3713 5721 meretur,
3756 5660 3846 5703 11151
