4028 6176
166 345 266 406 749
723 339 1363 401 CLUNIACENSES
1422 338 2152 405 CONSUETUDINES.
2190 379 2260 389 —
2284 345 2546 407 LIBER
2572 347 2957 413 TERTIUS.
3456 360 3575 426 750

162 555 402 611 nutritus.
446 552 630 624 Igitur
660 553 790 622 iste,
824 552 895 607 de
925 568 1041 623 quo
1090 555 1303 625 agitur,
1354 554 1628 609 officialis
1676 557 1785 610 rite
1808 543 1863 604 Α
1895 561 1951 614 et
1982 560 2240 615 insinuet
2272 559 2321 614 si
2353 560 2493 630 quid
2525 562 2755 615 noverit
2781 578 2933 632 opus
2965 578 3102 618 esse
3129 568 3190 618 ut
3212 565 3566 623 insinuetur.

161 660 311 699 unum
354 641 519 696 habet
561 641 1022 714 suifraganeum,
1078 644 1177 712 qui
1222 646 1279 697 et
1326 644 1527 712 pueris
1573 649 1782 713 cantet,
1893 648 2175 704 Similiter
2209 650 2345 703 facit
2375 651 2847 721 quotiescunque
2882 654 3017 720 post
3038 654 3358 709 nocturnos
3377 655 3567 711 Evan-

158 739 203 787 et
228 735 446 785 brevem
477 730 649 784 faciat
678 730 749 784 de
781 731 1132 785 lectionibus
1165 737 1221 785 et
1268 734 1695 802 responsoriis,
1732 738 1789 789 et
1897 739 2120 807 gelium
2155 741 2246 791 est
2274 739 2610 809 legendum,
2644 740 2736 793 vel
2780 741 2831 792 si
2865 741 2964 809 qui
2996 741 3393 796 invitatorium
3426 760 3567 798 can-

157 822 267 875 aliis
293 819 609 889 obsequiis.
643 818 935 873 (laterum
963 822 1092 890 ipsa
1124 821 1372 876 fratrum
1413 823 1651 876 nomina
1684 824 1784 893 qui
1886 828 2060 880 laturi
2085 827 2394 880 suntalbis
2417 829 2753 882 vestiuntur
2784 829 2873 881 vel
2902 830 3125 899 cappis,
3152 831 3331 884 totius
3354 833 3440 885 rei
3469 836 3563 887 est

154 910 332 964 lecturi
377 912 508 961 sunt
556 908 968 977 et.cantaturi,
1023 910 1113 963 vel
1165 911 1320 964 aliud
1370 911 1509 980 quid
1552 914 1784 982 facturi,
1888 916 2227 986 praecipuus
2276 917 2595 970 ordinator.
2646 916 2707 970 Si
2753 917 2889 989 quis
2926 918 3107 974 frater
3147 919 3437 990 infirmus,
3470 923 3565 975 in-

153 1015 248 1053 non
273 999 414 1051 alius
443 1013 616 1067 quam
646 997 742 1051 ille
774 1000 954 1068 ponit,
989 999 1106 1051 nisi
1139 999 1288 1053 forte
1320 1004 1375 1054 et
1406 1001 1532 1070 ipse
1564 1002 1639 1055 ita
1675 1016 1782 1055 vo-
1891 1006 2193 1058 tirmorum
2223 1005 2351 1059 oleo
2374 1009 2465 1059 est
2496 1007 2833 1077 ungendus,
2870 1008 2984 1077 vel,
3018 1010 3069 1062 si
3100 1009 3331 1078 obierit,
3368 1009 3440 1064 ad
3469 1026 3565 1065 se-

149 1089 312 1155 luerit,
345 1087 590 1156 ejusque
613 1088 914 1141 secundus
947 1086 1130 1159 hujus
1152 1089 1228 1141 sit
1250 1088 1556 1143 industriae
1581 1090 1778 1160 hujus-
1890 1094 2184 1162 pulturam
2217 1093 2574 1164 efferendus,
2609 1096 2701 1149 vel
2729 1097 2781 1149 si
2805 1097 2940 1167 quis
2962 1098 3033 1151 de
3057 1098 3205 1152 foris
3238 1099 3447 1154 allatus
3471 1101 3564 1154 est

150 1193 243 1247 que
268 1192 497 1229 sensus.
534 1176 616 1229 De
640 1176 774 1246 ejus
800 1180 993 1230 autem
1016 1178 1291 1231 continua
1314 1179 1696 1247 occupatione
1721 1183 1781 1233 ut
1891 1183 2298 1252 recipiendus;
2332 1184 2444 1252 ipsi
2494 1187 2585 1237 est
2616 1200 2759 1238 cura
2802 1186 2899 1255 qui
2933 1187 3216 1240 sacerdos
3261 1188 3556 1259 induatur,

147 1267 307 1336 aliqua
330 1265 750 1336 perstringam,
777 1270 894 1320 tota
918 1266 1225 1320 servitutis
1250 1266 1465 1321 divinis
1490 1269 1776 1323 ordinatio
1887 1272 2180 1342 quomodo
2200 1287 2419 1341 corpus
2443 1273 2670 1326 Domini
2693 1278 3052 1345 apportatur,
3078 1277 3369 1345 quomodo
3392 1293 3558 1332 com-

143 1357 188 1408 in
212 1353 445 1408 ecclesia
477 1369 655 1422 super
689 1355 914 1409 nullum
946 1355 1159 1424 pendet
1179 1372 1353 1426 quam
1378 1371 1560 1426 super
1592 1357 1771 1421 illum,
1886 1361 2244 1426 municetur;
2292 1366 2349 1415 et
2396 1378 2528 1432 quae
2561 1363 2844 1431 collectae,
2894 1363 3030 1417 dum
3064 1364 3292 1435 obierit,
3327 1381 3359 1418 a
3389 1365 3555 1435 prio-

145 1458 230 1496 nec
257 1442 322 1495 de
352 1442 461 1495 hoc
508 1442 683 1497 habet
729 1443 984 1514 aliquem
1033 1445 1383 1515 magistrum
1414 1445 1529 1499 nisi
1582 1445 1776 1500 solum
1883 1466 1946 1504 re
1994 1465 2178 1519 super
2224 1465 2356 1504 eum
2406 1451 2692 1520 dicantur,
2729 1455 2785 1505 et
2829 1452 2967 1506 dum
3010 1453 3259 1522 lavatur,
3307 1456 3364 1509 et
3407 1454 3546 1509 dum

143 1533 381 1586 damnum
404 1532 698 1585 abbatem.
724 1532 891 1596 Quod
914 1533 1168 1587 voluerit
1196 1537 1253 1586 ut
1276 1536 1560 1602 cantetur,
1589 1537 1781 1588 canta-
1880 1540 2152 1608 vestitur,
2213 1542 2269 1593 et
2309 1543 2620 1610 antequam
2651 1542 2707 1594 in
2758 1543 3013 1595 ecclesia
3061 1545 3424 1613 apportetur,
3488 1548 3544 1598 et

142 1623 238 1685 tur;
266 1621 411 1691 quod
447 1622 699 1675 voluerit
745 1625 806 1675 ut
848 1622 1099 1693 legatur,
1134 1622 1354 1693 legitur
1398 1626 1454 1675 et
1482 1622 1543 1676 in
1576 1625 1772 1678 ecele-
1879 1628 2017 1698 quid
2073 1631 2354 1693 cantetur,
2390 1632 2445 1683 et
2488 1629 2780 1699 quomodo
2824 1631 3084 1685 tumulus
3129 1632 3543 1699 benedicatur;

140 1710 227 1773 sia,
279 1714 332 1763 et
386 1709 442 1763 in
505 1710 839 1777 refectorio,
901 1713 958 1764 et
1013 1711 1084 1765 ad
1145 1711 1545 1777 collationem;
1596 1717 1652 1767 et
1701 1713 1773 1769 ad
1877 1720 1935 1769 et
1965 1732 2097 1786 quae
2129 1716 2392 1771 collectae
2427 1716 2563 1770 dum
2596 1717 2980 1786 benedicitur,
3016 1722 3231 1790 etquae
3275 1721 3413 1779 dum
3443 1737 3544 1777 se-

140 1797 519 1868 hujuscemodi
542 1816 748 1854 omnes
767 1800 983 1854 debent
1004 1815 1244 1869 semper
1262 1801 1315 1854 ei
1338 1815 1476 1855 esse
1494 1801 1772 1856 obcdicn-
1874 1804 2108 1874 pelitur,
2133 1808 2190 1859 et
2212 1821 2344 1876 quae
2365 1809 2499 1874 post
2521 1808 2885 1877 sepulturam
2908 1808 3174 1862 dicendae
3208 1812 3373 1879 sunt;
3414 1826 3543 1865 om-

138 1890 227 1940 tes.
256 1887 309 1940 Si
340 1889 478 1958 quid
516 1892 705 1942 tamen
741 1892 942 1943 contra
987 1905 1162 1942 usum
1194 1892 1642 1959 praesumpserit
1680 1890 1773 1944 vel
1803 1893 2051 1979 Bnihus
2083 1894 2177 1948 his
2208 1894 2474 1948 intererit
2494 1894 2831 1965 praecipuus
2866 1900 3239 1952 monstrator.
3276 1896 3409 1969 Ipse
3441 1915 3543 1953 su-

137 1975 444 2046 neglexei-it,
482 1976 598 2030 hoc
620 1978 858 2032 omnino
881 1979 1114 2033 interim
1146 1978 1553 2031 dissimulatur
1582 1994 1770 2049 usque
1804 1975 1846 1979 '
1872 1983 2284 2052 pervenientes
2313 1984 2533 2038 breves
2577 1984 2821 2039 fratrum
2863 1984 3273 2040 defunctorum
3304 1987 3536 2057 accipit,

136 2067 243 2120 dum
272 2069 326 2120 in
357 2067 613 2135 capitulo
646 2067 1016 2121 reclamatur.
1058 2067 1147 2120 Ad
1179 2067 1404 2119 cantica
1435 2066 1764 2138 Evangelii,
1870 2075 1927 2125 et
1955 2071 2013 2125 in
2044 2072 2318 2143 analogio
2349 2076 2527 2140 notat,
2563 2073 3015 2145 descriptosque
3052 2074 3203 2130 alios
3237 2076 3539 2147 pergenti-

137 2156 206 2208 vel
222 2154 284 2208 ad
306 2156 621 2209 matutinas
639 2156 865 2225 laudes,
887 2156 980 2210 vel
1000 2156 1069 2210 ad
1089 2153 1373 2225 vesperas
1392 2155 1768 2226 antiphonam
1866 2161 1982 2215 bus
2014 2160 2264 2215 fratibus
2297 2177 2402 2231 per
2431 2162 2701 2216 diversas
2731 2165 3022 2217 terrarum
3053 2164 3391 2232 provincias
3423 2164 3543 2220 dis-

134 2243 358 2314 imponit,
394 2249 647 2314 excepto
680 2247 836 2315 quod
860 2245 1014 2299 dom.
1049 2246 1234 2299 abbas
1265 2245 1335 2298 ad
1359 2244 1767 2299 duodecimam
1867 2249 2085 2317 tribuit,
2123 2265 2233 2304 nec
2264 2249 2653 2319 obliviscitur,
2689 2252 2741 2304 si
2773 2252 2909 2322 quis
2936 2252 3116 2306 frater
3137 2253 3368 2319 finierit,
3394 2254 3537 2309 mis-

130 2333 397 2388 lectionem
447 2338 548 2387 est
596 2334 1000 2403 impositurus.
1052 2334 1161 2399 Qui
1220 2335 1391 2388 etiam
1450 2335 1762 2404 armarius,
1864 2354 2068 2392 sarum
2091 2355 2224 2409 quae
2249 2339 2355 2392 rite
2375 2356 2434 2391 v1
2458 2339 2740 2393 fratribus
2764 2339 3001 2411 triginta
3025 2342 3527 2397 commendantur.

129 2422 347 2492 quandiu
375 2430 467 2476 est
502 2422 566 2477 in
599 2430 912 2490 conventu,
950 2440 1064 2477 non
1089 2439 1155 2477 se
1186 2428 1347 2478 notat
1370 2423 1442 2477 ad
1472 2423 1648 2476 ullam
1680 2424 1760 2477 le-
1861 2427 2130 2491 Quinimo
2164 2428 2367 2481 nescio
2391 2429 2441 2481 si
2474 2429 2613 2497 quis
2645 2424 2959 2499 pluSquam
2990 2429 3086 2482 ille
3118 2429 3293 2483 faciat
3313 2430 3385 2484 ad
3408 2446 3528 2485 om-

130 2511 461 2581 ctionem,vel
480 2528 672 2582 resp.;
688 2518 766 2579 ut,
784 2513 1100 2566 sidomnus
1114 2512 1299 2567 abbas
1314 2513 1462 2566 forte
1477 2528 1592 2567 non
1608 2514 1764 2583 lcge-
1862 2532 1970 2571 nes
1993 2517 2435 2587 processiones,
2463 2518 2532 2571 ad
2554 2534 2701 2588 quas
2724 2517 2888 2588 nihil,
2910 2518 3193 2589 nisiquod
3209 2519 3533 2590 ipseimpo-

130 2599 202 2667 rit,
229 2601 345 2670 ipse
376 2618 484 2669 pro
522 2617 592 2655 eo
625 2602 703 2655 sit
735 2602 933 2671 legere
965 2605 1223 2671 paratus.
1266 2601 1429 2666 Quod
1462 2601 1513 2655 si
1551 2617 1667 2671 quo
1699 2602 1758 2655 in
1867 2606 2071 2673 suerit,
2106 2606 2342 2660 omnino
2377 2610 2659 2660 cantatur.
3137 2665 3142 2668 _

128 2693 237 2743 tono
276 2696 524 2758 erratur,
575 2690 794 2743 nullius
844 2690 1089 2743 scientia
1141 2689 1490 2761 prmjudicat
1544 2690 1647 2759 illi,
1694 2693 1757 2743 ut
1938 2694 2675 2766 Postremoquidquidtale
2694 2696 3099 2766 quasinovum
3118 2698 3532 2765 supervenerit

129 2792 220 2830 non
246 2793 367 2833 eum
398 2778 781 2849 potissimum
827 2793 1034 2832 omnes
1065 2779 1365 2833 attendant
1392 2783 1446 2833 et
1494 2794 1756 2850 sequan-
1864 2784 2211 2854 gerendum,
2237 2785 2309 2839 de
2333 2783 2445 2838 hoc
2474 2784 2571 2838 ille
2589 2785 2885 2853 praecipue
2910 2800 3150 2854 memor,
3184 2787 3241 2839 et
3271 2786 3528 2857 diligens

124 2870 214 2919 tur.
244 2867 406 2922 Solus
453 2869 562 2922 ille
599 2884 714 2921 non
762 2866 1230 2937 reprehenditur,
1280 2868 1332 2920 si
1383 2884 1558 2938 quam
1606 2868 1757 2921 anti-
1864 2887 2003 2927 esse
2050 2873 2241 2927 debet.
2276 2862 2533 2945 Loquor,
2565 2878 2626 2928 ut
2658 2877 2768 2942 est,
2804 2874 3037 2944 quando
3070 2874 3221 2928 fabis
3254 2875 3524 2946 novellae,

125 2954 341 3021 phonam
368 2957 459 3011 vel
500 2972 667 3026 resp.
716 2956 1102 3010 nominaverit
1131 2957 1359 3027 absque
1390 2957 1560 3028 libro,
1599 2948 1755 3009 indi-
1860 2962 1953 3016 vel
1976 2963 2248 3016 novellus
2272 2964 2461 3032 panis,
2486 2963 2615 3017 sive
2634 2966 2891 3016 mustum
2912 2963 3298 3018 inrefectorio
3318 2967 3409 3018 est
3424 2965 3527 3018 be-

125 3059 240 3097 cens
265 3046 429 3099 alicui
478 3046 653 3100 fratri
686 3049 746 3099 ut
776 3049 987 3099 cantet.
1021 3045 1239 3100 Omnes
1271 3062 1506 3116 quoque
1537 3061 1754 3101 versus
1859 3050 2271 3120 nedicendum;
2291 3052 2383 3105 vel
2403 3052 2452 3105 si
2474 3052 2606 3105 talis
2626 3051 2847 3120 hospes
2868 3052 3047 3122 hujus
3068 3053 3413 3106 reverentiae
3432 3052 3527 3106 ad-

125 3130 402 3188 oﬂ‘erendaa
435 3136 718 3204 imponit;
751 3136 1070 3206 quemlibet
1099 3141 1351 3203 cantum,
1396 3136 1754 3206 quantumli-
1857 3141 2106 3205 venerit,
2143 3144 2273 3195 ante
2303 3156 2476 3210 quem
2510 3143 2644 3209 post
2666 3143 2957 3209 peractam
2985 3140 3433 3210 processionem
3462 3141 3523 3196 in

123 3219 200 3274 bet
224 3222 517 3277 submissa
554 3239 700 3278 voce
730 3227 1017 3293 cantetur,
1049 3239 1220 3278 nemo
1250 3228 1444 3278 tamen
1470 3225 1623 3278 alius
1653 3242 1752 3280 au-
1791 3228 2087 3335 cprimis,
2108 3228 2280 3298 juxta
2310 3229 2464 3298 quod
2497 3228 2555 3280 in
2586 3227 2791 3298 regula
2811 3230 3060 3298 tenetur,
3094 3228 3265 3282 lectio
3299 3233 3390 3283 est
3421 3244 3521 3283 re-

125 3308 195 3335 A-t
224 3312 281 3335 -..1
333 3312 598 3335 -I.:-..-._
653 3328 852 3335 _----_.
889 3314 1083 3335 1----..Α
1142 3313 1305 3335 ΛῌΑι
1358 3313 1443 3335 ,ιε-
1496 3314 1743 3335 .ιξι-----ι-
1870 3317 1959 3335 -οι-
1992 3333 2001 3335 _
2033 3318 2077 3335 ι-
2136 3318 2222 3335 η-ι
2268 3332 2359 3335 κά-
2388 3332 2427 3335 γ-
2466 3332 2511 3335 μ-
2535 3332 2733 3335 κάκη--
2765 3316 2907 3335 ικμι-
2972 3317 3241 3335 mensura-,1
3267 3319 3359 3335 .__,-
3383 3333 3397 3335 _
3438 3333 3451 3335 _
3503 3321 3514 3335 ι

124 3308 198 3362 det
222 3312 284 3365 ad
332 3312 604 3366 altiorem
653 3328 857 3367 vocem
889 3314 1107 3367 levare.
1141 3313 1308 3366 Omni
1353 3313 1446 3368 die
1492 3314 1749 3369 diluculo
1791 3308 2109 3382 vcitanda;
2134 3318 2225 3371 vel
2257 3332 2435 3387 opere
2465 3332 2741 3370 manuum
2765 3316 2936 3386 facto,
2963 3317 3245 3388 quidquid
3266 3319 3406 3371 tunc
3428 3321 3522 3372 est

123 3404 542 3471 postquamth
566 3402 732 3471 pueri
754 3403 1037 3471 psalmos,
1064 3406 1126 3455 ut
1147 3403 1332 3456 moris
1355 3405 1465 3470 est,
1486 3403 1752 3475 perlege-
1856 3406 2194 3477 legendum,
2225 3407 2316 3461 vel
2351 3406 2403 3459 si
2438 3405 2790 3477 cujusquam
2822 3406 3024 3459 novitii
3048 3406 3117 3460 de
3142 3406 3521 3476 professione

121 3489 227 3555 rint,
270 3491 544 3545 continuo
581 3491 738 3544 venit
783 3490 853 3543 ad
884 3505 991 3545 eos
1034 3492 1096 3543 ut
1135 3493 1295 3560 pueri
1342 3492 1443 3562 qui
1486 3492 1748 3547 lecturus
1857 3495 2123 3565 populari
2153 3511 2318 3549 coma
2342 3497 2397 3549 et
2417 3496 2600 3549 barba
2617 3499 2707 3549 est
2730 3495 3039 3563 tondenda,
3064 3495 3136 3549 ad
3160 3495 3288 3550 haec
3311 3497 3520 3568 singu-

119 3577 264 3632 estin
292 3580 546 3650 capitulo
576 3579 770 3633 audiat
819 3579 1159 3648 lectionem;
1194 3581 1285 3635 vel
1318 3581 1490 3634 etiam
1532 3582 1659 3650 rite,
1695 3581 1746 3635 si
1855 3585 1909 3638 la
1940 3589 1995 3639 et
2028 3586 2236 3639 horum
2269 3585 2483 3638 similia
2513 3585 2727 3639 librum
2768 3588 3191 3654 competentem
3220 3585 3432 3656 accipit
3461 3589 3519 3640 et

119 3664 209 3731 ipsi
234 3669 419 3740 aliquo
450 3669 631 3723 modo
653 3670 819 3738 pueri
852 3668 1217 3738 offenderint,
1245 3670 1494 3723 maxime
1516 3675 1750 3725 cantan-
1856 3677 2099 3743 aportat,
2133 3678 2189 3728 et
2218 3674 2488 3744 providet
2515 3689 2588 3728 ne
2621 3673 2718 3727 fiat
2748 3673 3112 3745 negligentia
3150 3674 3244 3729 vel
3276 3674 3347 3729 de
3377 3690 3518 3744 per-

121 3752 192 3818 do,
217 3758 300 3810 vel
344 3758 605 3830 legendo
637 3757 1029 3829 negligenter,
1060 3758 1157 3811 vel
1189 3758 1243 3811 si
1272 3762 1504 3812 cantum
1550 3760 1747 3814 minus
1858 3779 2023 3832 sona,
2053 3765 2146 3817 vel
2196 3764 2267 3817 de
2298 3763 2409 3817 hoc
2453 3764 2609 3832 quod
2641 3778 2897 3832 persona
2927 3766 3020 3816 est
3065 3763 3312 3818 dictura.
3361 3763 3435 3818 Et
3463 3765 3518 3819 si

118 3840 392 3914 diligenter
431 3847 773 3915 addiscunt,
824 3847 1060 3917 dignam
1116 3848 1188 3900 ab
1248 3862 1316 3901 eo
1376 3847 1747 3918 disciplinam
1858 3851 2009 3906 forte
2039 3853 2356 3922 episcopus
2395 3852 2579 3905 aderit
2622 3851 2715 3904 vel
2748 3852 2935 3905 nostri
2975 3852 3220 3922 ordinis,
3255 3851 3349 3907 vel
3380 3852 3517 3908 talis

119 3934 478 4001 experiuntur.
544 3935 930 4004 Summopere
986 3938 1179 3989 tamen
1238 3936 1546 4005 observat,
1606 3940 1741 3999 tam,
1857 3941 2150 4009 opinionis
2193 3941 2264 3994 de
2315 3955 2431 4010 quo
2459 3940 2552 3993 vel
2601 3940 2813 3993 domno
2845 3941 3038 3994 abbati
3087 3943 3179 3996 vel
3211 3942 3395 4012 priori
3425 3943 3517 3997 vi-

116 4019 217 4087 ipse
243 4040 407 4093 quam
436 4025 565 4092 alii,
598 4023 830 4094 quando
853 4038 959 4078 eos
988 4025 1280 4094 verberat,
1309 4040 1425 4079 non
1448 4025 1745 4079 solum-ne
1855 4030 2061 4083 deatur
2089 4032 2152 4083 ut
2180 4029 2277 4083 det
2319 4028 2788 4082 benedictionem
2820 4030 2877 4083 in
2918 4030 3195 4098 ecclesia,
3227 4030 3356 4100 ipse
3387 4034 3516 4086 sto-

115 4110 316 4180 tangant
360 4128 604 4166 carnem
647 4127 851 4167 eorum
900 4128 1033 4166 cum
1068 4129 1260 4180 manu,
1296 4114 1403 4167 sed
1450 4115 1625 4168 etiam
1670 4130 1743 4169 ne
1854 4118 1988 4187 lam,
2021 4118 2237 4171 librum
2269 4120 2325 4171 et
2354 4117 2626 4170 baculum
2658 4118 2967 4187 ministrat,
3004 4121 3059 4172 et
3084 4118 3330 4189 imponit
3356 4120 3515 4175 hunc

116 4200 266 4253 vestis
307 4200 437 4274 ejus
489 4218 701 4255 eorum
749 4201 1049 4256 adhaereat
1093 4202 1392 4273 vestibus;
1442 4218 1739 4274 nunquam
1853 4223 2130 4261 versum:
2165 4206 2485 4260 Humiliate
2520 4221 2621 4259 vos
2651 4206 2724 4259 ad
2744 4205 3237 4261 benedictionem.
3261 4207 3325 4263 In
3347 4208 3518 4263 Nata-

118 4300 325 4357 namque
371 4305 506 4343 cum
540 4289 732 4359 palma
782 4306 984 4345 eorum
1028 4292 1436 4360 percutiuntur
1465 4292 1738 4360 maxilla,
1850 4295 1893 4350 li
1941 4296 2192 4365 Domini,
2243 4296 2301 4349 in
2333 4295 2563 4349 Pascha
2607 4297 2664 4348 et
2709 4295 3081 4363 Pentecoste,
3134 4296 3207 4348 ad
3252 4296 3513 4350 officium

114 4374 215 4442 sed,
241 4378 287 4429 si
319 4393 470 4448 opus
519 4379 717 4448 fuerit,
752 4380 1040 4451 magister
1069 4380 1256 4447 solus,
1292 4380 1390 4450 qui
1423 4396 1528 4435 eos
1560 4381 1738 4451 ducit,
1849 4385 2094 4456 majoris
2146 4384 2348 4439 missae
2399 4386 2455 4437 et
2497 4383 2810 4437 tenendum
2862 4382 3108 4437 chorum
3152 4387 3291 4438 sunt
3331 4385 3513 4439 notati

114 4467 272 4527 potest
297 4482 504 4521 eorum
524 4468 773 4537 capillos
800 4476 1097 4537 excutere;
1120 4470 1292 4535 alius,
1318 4486 1635 4540 nunquam.
1672 4471 1744 4524 Et
1849 4474 1921 4529 de
1954 4474 2295 4528 melioribus
2323 4473 2687 4539 cantoribus,
2734 4475 3015 4542 quantum
3059 4473 3310 4528 armario
3341 4473 3511 4528 vide-

114 4559 315 4621 propter
358 4557 493 4626 hoc,
544 4557 803 4627 quandiu
842 4558 969 4628 ipse
1016 4559 1108 4611 vel
1154 4557 1570 4631 sut’fraganeus
1607 4559 1740 4629 ejus
1777 4566 1962 4634 itur;
1995 4563 2306 4634 quitamen
2329 4577 2446 4616 non
2469 4563 2836 4630 praesumunt
2855 4576 2962 4630 per
2985 4576 3051 4615 se
3069 4562 3373 4633 accedere,
3394 4562 3513 4617 nisi

114 4646 331 4697 moratur
360 4646 516 4699 inter
546 4662 673 4713 cos,
711 4647 992 4718 magister
1022 4663 1340 4717 puerorum
1374 4648 1736 4719 principalis,
1775 4646 1978 4723 l’ipse
2011 4658 2183 4705 manu
2207 4666 2315 4705 sua
2336 4666 2553 4720 cappas
2570 4650 2914 4721 det,quaein
2933 4651 3120 4721 capite
3138 4651 3344 4706 formae
3363 4667 3512 4706 sem-

113 4727 255 4798 cujus
288 4736 571 4805 superius
603 4736 861 4804 memini,
894 4751 1009 4790 non
1041 4736 1204 4808 legit,
1238 4752 1346 4791 nec
1379 4738 1532 4792 aliud
1564 4739 1740 4809 quid-
1849 4741 2043 4812 perde
2061 4740 2455 4794 melioribusa
2479 4739 2783 4809 principali
2808 4739 3057 4794 sacrista
3080 4745 3506 4810 praeparantur.

110 4830 253 4884 quam
282 4822 435 4890 facit,
484 4825 606 4878 nisi
637 4825 791 4894 quod
827 4825 1141 4879 armarium
1174 4830 1230 4879 et
1258 4842 1479 4896 pueros
1514 4826 1741 4899 jugiter
1847 4831 2024 4885 Addit
2054 4831 2223 4884 etiam
2256 4830 2447 4883 adhuc
2480 4828 2595 4881 illis
2629 4829 2864 4882 statutis
2884 4844 2991 4898 per
3021 4830 3287 4884 ordinem
3319 4845 3510 4901 quan-

112 4903 348 4966 intuetur.
369 4912 531 4967 Inter
552 4928 704 4983 quos
736 4918 793 4967 et
822 4913 973 4968 liber
1002 4915 1059 4967 in
1091 4930 1206 4985 quo
1238 4916 1551 4987 lcgiturita
1584 4932 1738 4971 sem-
1847 4923 2177 4990 toscunque
2218 4933 2428 4988 capere
2473 4920 2667 4988 potest
2704 4920 2822 4972 tota
2867 4918 3033 4972 chori
3080 4918 3352 4984 latitudo;
3399 4934 3509 4973 nec

112 5008 194 5059 per
217 5001 447 5068 ponitur
479 5008 541 5057 ut
572 5019 679 5056 una
711 5004 783 5057 de
824 5004 1116 5058 columnis
1161 5005 1402 5060 claustri
1442 5005 1631 5060 media
1662 5007 1739 5061 sit
1849 5010 2160 5080 quisquam
2192 5023 2397 5062 eorum
2428 5008 2708 5061 recedere
2726 5007 3050 5076 praesumit,
3076 5008 3169 5062 vel
3201 5008 3271 5061 ad
3303 5023 3508 5078 pacem

112 5081 235 5139 inter
260 5092 588 5145 audientem
639 5096 696 5146 ct
724 5092 1070 5147 audiendos.
1114 5094 1450 5163 Lectiones,
1485 5111 1619 5166 quae
1648 5096 1737 5149 le-
1847 5098 2152 5167 accedere,
2184 5112 2291 5151 seu
2324 5096 2570 5150 missam
2602 5100 2855 5161 cantare,
2903 5096 2994 5148 vel
3028 5095 3100 5150 de
3130 5097 3259 5151 loco
3290 5099 3507 5152 statuto

112 5176 285 5239 gelidae
305 5186 440 5234 sunt
456 5181 530 5234 ad
548 5184 869 5236 nocturnos
884 5186 938 5236 et
956 5184 1356 5252 responsoria,
1374 5184 1482 5238 rite
1501 5185 1738 5239 audiun-
1847 5187 2149 5256 secedere,
2173 5185 2445 5257 quamvis
2468 5185 2584 5238 sint
2605 5184 2675 5238 de
2699 5183 3023 5253 majoribus
3045 5186 3344 5257 personis,
3365 5203 3510 5256 prae-

112 5262 185 5313 ιιιῐ·
208 5271 330 5333 post
358 5270 597 5336 nonam;
625 5274 684 5324 et
711 5271 769 5323 in
809 5270 1274 5344 Quadragesima
1305 5275 1440 5342 post
1473 5279 1731 5347 sextam;
1843 5280 1932 5331 ter
1962 5276 2096 5346 ejus
2126 5279 2349 5330 nutum.
2385 5274 2454 5327 Et
2486 5275 2539 5329 si
2568 5274 2645 5327 ita
2675 5273 2989 5344 contigerit
3019 5276 3078 5329 ut
3108 5276 3318 5330 neuter
3347 5277 3511 5347 prior

112 5359 216 5416 post
237 5356 530 5427 Vesperas
551 5375 691 5413 vero
712 5376 1031 5432 nunquam.
1057 5362 1316 5433 Quaeque
1340 5363 1523 5417 missa
1549 5364 1738 5435 major
1841 5382 1947 5419 nec
1970 5380 2173 5419 eorum
2192 5364 2451 5417 vicarius
2470 5363 2547 5417 sit
2568 5364 2625 5415 in
2645 5363 2846 5431 choro,
2872 5365 3032 5432 tunc,
3055 5364 3337 5420 sividerit
3355 5381 3507 5436 opus

113 5452 195 5491 seu
216 5448 563 5501 matutinalis
581 5446 755 5502 fuerit
772 5451 1078 5519 cantanda,
1099 5452 1196 5505 ubi
1215 5452 1498 5507 sacerdos
1519 5469 1584 5507 se
1602 5468 1735 5506 cum
1840 5470 1998 5522 esse,
2025 5456 2218 5524 potest
2246 5453 2374 5523 ipse
2402 5456 2627 5505 mutare
2647 5451 2859 5506 fratres
2881 5452 2953 5506 de
2977 5453 3158 5509 choro
3180 5455 3240 5508 in
3258 5454 3505 5510 chorum

110 5532 307 5587 caeteris
336 5536 760 5592 ministraturis
784 5540 1067 5609 vestierit,
1102 5541 1257 5595 nulla
1292 5541 1420 5595 vice
1443 5543 1732 5596 armarius
1840 5548 1895 5596 et
1925 5544 1977 5596 ei
2028 5543 2124 5614 qui
2159 5542 2465 5614 quiesierit
2496 5540 2747 5594 exeundi
2781 5541 3074 5596 licentiam
3107 5543 3278 5612 dare;
3307 5544 3501 5599 thuri-

112 5630 191 5680 ρει·
227 5616 705 5681 consuetudinem
735 5628 1015 5698 defuerit;
1066 5630 1318 5699 primum
1351 5635 1411 5684 ut
1454 5631 1648 5685 videat
1679 5632 1732 5684 si
1837 5631 2092 5687 buluma
2114 5646 2406 5686 converso
2430 5631 2545 5685 sibi
2567 5630 2838 5700 primitus
2863 5635 3222 5702 apportatur,
3246 5633 3362 5687 nisi
3384 5633 3504 5688 fue-

111 5712 294 5771 βαθεῑο
323 5712 443 5769 sint
471 5729 671 5771 omnes
699 5730 978 5788 personae
999 5733 1134 5790 quae
1165 5722 1302 5775 sunt
1331 5720 1730 5791 obsecuturae,
1836 5722 1914 5777 rit
1940 5721 2127 5776 abbas
2174 5722 2379 5777 noster
2407 5721 2500 5776 vel
2531 5719 2747 5793 aliquis
2798 5720 3117 5793 episcopus
3162 5736 3272 5778 seu
3316 5721 3499 5777 abbas
