  <div class='ocr_page' id='page_1' title='image "/cluster/home/n/w/nwhite01/storage/ocr_20150623/149/hvd.32044054760079/381.png"; bbox 0 0 4028 6176; ppageno 0'>
   <div class='ocr_carea' id='block_1_1' title="bbox 462 325 573 387">
    <p class='ocr_par' dir='ltr' id='par_1_1' title="bbox 462 325 573 387">
     <span class='ocr_line' id='line_1_1' title="bbox 462 325 573 387; baseline -0.018 0"><span class='ocrx_word' id='word_1_1' title='bbox 462 325 573 387; x_wconf 80' lang='grc'>’751</span> 
     </span>
    </p>
   </div>
   <div class='ocr_carea' id='block_1_2' title="bbox 1429 305 2934 390">
    <p class='ocr_par' dir='ltr' id='par_1_2' title="bbox 1429 305 2934 390">
     <span class='ocr_line' id='line_1_2' title="bbox 1429 305 2934 390; baseline 0.002 -3"><span class='ocrx_word' id='word_1_2' title='bbox 1429 324 1833 387; x_wconf 82' lang='lat' dir='ltr'>UDALRICI</span> <span class='ocrx_word' id='word_1_3' title='bbox 1879 305 2492 388; x_wconf 65' lang='lat' dir='ltr'>CLUNIACENSIS</span> <span class='ocrx_word' id='word_1_4' title='bbox 2540 327 2934 390; x_wconf 84' lang='lat' dir='ltr'><strong>MONACHI</strong></span> 
     </span>
    </p>
   </div>
   <div class='ocr_carea' id='block_1_3' title="bbox 3723 341 3816 404">
    <p class='ocr_par' dir='ltr' id='par_1_3' title="bbox 3723 341 3816 404">
     <span class='ocr_line' id='line_1_3' title="bbox 3723 341 3816 404; baseline 0.032 -3"><span class='ocrx_word' id='word_1_5' title='bbox 3723 341 3816 404; x_wconf 84' lang='lat'>752</span> 
     </span>
    </p>
   </div>
   <div class='ocr_carea' id='block_1_4' title="bbox 467 507 3821 606">
    <p class='ocr_par' dir='ltr' id='par_1_4' title="bbox 467 507 3821 606">
     <span class='ocr_line' id='line_1_4' title="bbox 467 507 3821 606; baseline 0.004 -28"><span class='ocrx_word' id='word_1_6' title='bbox 467 523 684 595; x_wconf 85' lang='lat' dir='ltr'>quibus</span> <span class='ocrx_word' id='word_1_7' title='bbox 703 539 810 593; x_wconf 89' lang='lat' dir='ltr'>pro</span> <span class='ocrx_word' id='word_1_8' title='bbox 833 524 1164 578; x_wconf 88' lang='lat' dir='ltr'>reverentia</span> <span class='ocrx_word' id='word_1_9' title='bbox 1183 524 1532 578; x_wconf 77' lang='lat' dir='ltr'>exhibentur</span> <span class='ocrx_word' id='word_1_10' title='bbox 1549 523 1795 577; x_wconf 76' lang='lat' dir='ltr'>ordinis.</span> <span class='ocrx_word' id='word_1_11' title='bbox 1815 525 1896 578; x_wconf 92' lang='lat' dir='ltr'>De</span> <span class='ocrx_word' id='word_1_12' title='bbox 1915 528 2128 579; x_wconf 66' lang='lat' dir='ltr'>caetero</span> <span class='ocrx_word' id='word_1_13' title='bbox 2158 507 2209 566; x_wconf 84' lang='grc' dir='ltr'><strong>Α</strong></span> <span class='ocrx_word' id='word_1_14' title='bbox 2241 529 2309 583; x_wconf 83' lang='lat' dir='ltr'>ad</span> <span class='ocrx_word' id='word_1_15' title='bbox 2331 531 2667 587; x_wconf 78' lang='lat' dir='ltr'>subsidium</span> <span class='ocrx_word' id='word_1_16' title='bbox 2685 531 2820 585; x_wconf 80' lang='lat' dir='ltr'>vitae</span> <span class='ocrx_word' id='word_1_17' title='bbox 2838 531 3198 601; x_wconf 73' lang='lat' dir='ltr'>temporalis,</span> <span class='ocrx_word' id='word_1_18' title='bbox 3225 534 3432 602; x_wconf 63' lang='lat' dir='ltr'>praeter</span> <span class='ocrx_word' id='word_1_19' title='bbox 3447 536 3588 606; x_wconf 90' lang='lat' dir='ltr'>quod</span> <span class='ocrx_word' id='word_1_20' title='bbox 3608 537 3668 592; x_wconf 90' lang='lat' dir='ltr'>de</span> <span class='ocrx_word' id='word_1_21' title='bbox 3687 537 3821 594; x_wconf 84' lang='lat' dir='ltr'>dena-</span> 
     </span>
    </p>
   </div>
   <div class='ocr_carea' id='block_1_5' title="bbox 467 613 2131 683">
    <p class='ocr_par' dir='ltr' id='par_1_5' title="bbox 467 613 2131 683">
     <span class='ocr_line' id='line_1_5' title="bbox 467 613 2131 683; baseline -0.001 -15"><span class='ocrx_word' id='word_1_22' title='bbox 467 613 880 683; x_wconf 72' lang='lat' dir='ltr'>Cujuscunque</span> <span class='ocrx_word' id='word_1_23' title='bbox 899 613 1122 667; x_wconf 77' lang='lat' dir='ltr'>ordinis</span> <span class='ocrx_word' id='word_1_24' title='bbox 1143 613 1521 682; x_wconf 87' lang='lat' dir='ltr'>supradictus</span> <span class='ocrx_word' id='word_1_25' title='bbox 1541 613 1940 682; x_wconf 86' lang='lat' dir='ltr'>sitarmarius,</span> <span class='ocrx_word' id='word_1_26' title='bbox 1960 629 2131 667; x_wconf 88' lang='lat' dir='ltr'>suum</span> 
     </span>
    </p>
   </div>
   <div class='ocr_carea' id='block_1_6' title="bbox 467 701 2133 772">
    <p class='ocr_par' dir='ltr' id='par_1_6' title="bbox 467 701 2133 772">
     <span class='ocr_line' id='line_1_6' title="bbox 467 701 2133 772; baseline 0.001 -17"><span class='ocrx_word' id='word_1_27' title='bbox 467 717 585 755; x_wconf 88' lang='lat' dir='ltr'>non</span> <span class='ocrx_word' id='word_1_28' title='bbox 639 701 846 755; x_wconf 88' lang='lat' dir='ltr'>amittit</span> <span class='ocrx_word' id='word_1_29' title='bbox 876 702 1283 771; x_wconf 75' lang='lat' dir='ltr'>principatum.</span> <span class='ocrx_word' id='word_1_30' title='bbox 1338 702 1469 755; x_wconf 86' lang='lat' dir='ltr'>Non</span> <span class='ocrx_word' id='word_1_31' title='bbox 1519 702 1745 756; x_wconf 82' lang='lat' dir='ltr'>accedit</span> <span class='ocrx_word' id='word_1_32' title='bbox 1785 704 1858 755; x_wconf 93' lang='lat' dir='ltr'>ad</span> <span class='ocrx_word' id='word_1_33' title='bbox 1906 719 2133 772; x_wconf 86' lang='lat' dir='ltr'>pacem,</span> 
     </span>
    </p>
   </div>
   <div class='ocr_carea' id='block_1_7' title="bbox 470 790 2134 861">
    <p class='ocr_par' dir='ltr' id='par_1_7' title="bbox 470 790 2134 861">
     <span class='ocr_line' id='line_1_7' title="bbox 470 790 2134 861; baseline 0.001 -17"><span class='ocrx_word' id='word_1_34' title='bbox 470 805 664 860; x_wconf 89' lang='lat' dir='ltr'>neque</span> <span class='ocrx_word' id='word_1_35' title='bbox 699 791 792 843; x_wconf 89' lang='lat' dir='ltr'>sui</span> <span class='ocrx_word' id='word_1_36' title='bbox 826 790 1204 861; x_wconf 77' lang='lat' dir='ltr'>sufi‘raganei,</span> <span class='ocrx_word' id='word_1_37' title='bbox 1233 791 1338 844; x_wconf 88' lang='lat' dir='ltr'>sed</span> <span class='ocrx_word' id='word_1_38' title='bbox 1361 792 1612 854; x_wconf 78' lang='lat' dir='ltr'>interim,</span> <span class='ocrx_word' id='word_1_39' title='bbox 1641 790 1776 844; x_wconf 88' lang='lat' dir='ltr'>dum</span> <span class='ocrx_word' id='word_1_40' title='bbox 1801 808 1913 860; x_wconf 85' lang='lat' dir='ltr'>pax</span> <span class='ocrx_word' id='word_1_41' title='bbox 1944 793 2134 859; x_wconf 87' lang='lat' dir='ltr'>datur,</span> 
     </span>
    </p>
   </div>
   <div class='ocr_carea' id='block_1_8' title="bbox 472 879 2138 951">
    <p class='ocr_par' dir='ltr' id='par_1_8' title="bbox 472 879 2138 951">
     <span class='ocr_line' id='line_1_8' title="bbox 472 879 2138 951; baseline 0.001 -19"><span class='ocrx_word' id='word_1_42' title='bbox 472 881 667 932; x_wconf 79' lang='lat' dir='ltr'>cantat</span> <span class='ocrx_word' id='word_1_43' title='bbox 694 879 904 947; x_wconf 80' lang='lat' dir='ltr'>Agnus</span> <span class='ocrx_word' id='word_1_44' title='bbox 937 879 1049 932; x_wconf 79' lang='lat' dir='ltr'>Dei</span> <span class='ocrx_word' id='word_1_45' title='bbox 1078 895 1209 932; x_wconf 88' lang='lat' dir='ltr'>cum</span> <span class='ocrx_word' id='word_1_46' title='bbox 1243 880 1521 933; x_wconf 83' lang='lat' dir='ltr'>versibus</span> <span class='ocrx_word' id='word_1_47' title='bbox 1553 880 1625 932; x_wconf 89' lang='lat' dir='ltr'>ad</span> <span class='ocrx_word' id='word_1_48' title='bbox 1659 881 1770 933; x_wconf 89' lang='lat' dir='ltr'>hoc</span> <span class='ocrx_word' id='word_1_49' title='bbox 1799 896 2138 951; x_wconf 86' lang='lat' dir='ltr'>congruen-</span> 
     </span>
    </p>
   </div>
   <div class='ocr_carea' id='block_1_9' title="bbox 470 967 2137 1038">
    <p class='ocr_par' dir='ltr' id='par_1_9' title="bbox 470 967 2137 1038">
     <span class='ocr_line' id='line_1_9' title="bbox 470 967 2137 1038; baseline 0.001 -18"><span class='ocrx_word' id='word_1_50' title='bbox 470 967 655 1021; x_wconf 85' lang='lat' dir='ltr'>tibus.</span> <span class='ocrx_word' id='word_1_51' title='bbox 703 967 828 1021; x_wconf 90' lang='lat' dir='ltr'>Nec</span> <span class='ocrx_word' id='word_1_52' title='bbox 859 967 930 1021; x_wconf 90' lang='lat' dir='ltr'>de</span> <span class='ocrx_word' id='word_1_53' title='bbox 963 968 1080 1020; x_wconf 90' lang='lat' dir='ltr'>illis</span> <span class='ocrx_word' id='word_1_54' title='bbox 1125 967 1223 1037; x_wconf 86' lang='lat' dir='ltr'>qui</span> <span class='ocrx_word' id='word_1_55' title='bbox 1260 967 1494 1021; x_wconf 80' lang='lat' dir='ltr'>fuerunt</span> <span class='ocrx_word' id='word_1_56' title='bbox 1537 968 1608 1021; x_wconf 88' lang='lat' dir='ltr'>ad</span> <span class='ocrx_word' id='word_1_57' title='bbox 1661 968 2000 1038; x_wconf 87' lang='lat' dir='ltr'>gradualem</span> <span class='ocrx_word' id='word_1_58' title='bbox 2046 970 2137 1023; x_wconf 86' lang='lat' dir='ltr'>vel</span> 
     </span>
    </p>
   </div>
   <div class='ocr_carea' id='block_1_10' title="bbox 470 1056 2139 1128">
    <p class='ocr_par' dir='ltr' id='par_1_10' title="bbox 470 1056 2139 1128">
     <span class='ocr_line' id='line_1_10' title="bbox 470 1056 2139 1128; baseline 0.002 -20"><span class='ocrx_word' id='word_1_59' title='bbox 470 1056 705 1110; x_wconf 86' lang='lat' dir='ltr'>alleluia</span> <span class='ocrx_word' id='word_1_60' title='bbox 736 1056 938 1126; x_wconf 84' lang='lat' dir='ltr'>notati,</span> <span class='ocrx_word' id='word_1_61' title='bbox 986 1056 1201 1126; x_wconf 82' lang='lat' dir='ltr'>aliquis</span> <span class='ocrx_word' id='word_1_62' title='bbox 1229 1072 1296 1110; x_wconf 89' lang='lat' dir='ltr'>se</span> <span class='ocrx_word' id='word_1_63' title='bbox 1330 1057 1678 1125; x_wconf 83' lang='lat' dir='ltr'>intromittit,</span> <span class='ocrx_word' id='word_1_64' title='bbox 1713 1057 1827 1110; x_wconf 87' lang='lat' dir='ltr'>nisi</span> <span class='ocrx_word' id='word_1_65' title='bbox 1860 1057 1972 1126; x_wconf 89' lang='lat' dir='ltr'>ipsi</span> <span class='ocrx_word' id='word_1_66' title='bbox 2005 1058 2139 1128; x_wconf 90' lang='lat' dir='ltr'>qui-</span> 
     </span>
    </p>
   </div>
   <div class='ocr_carea' id='block_1_11' title="bbox 469 1145 2140 1217">
    <p class='ocr_par' dir='ltr' id='par_1_11' title="bbox 469 1145 2140 1217">
     <span class='ocr_line' id='line_1_11' title="bbox 469 1145 2140 1217; baseline 0.001 -18"><span class='ocrx_word' id='word_1_67' title='bbox 469 1145 585 1199; x_wconf 91' lang='lat' dir='ltr'>bus</span> <span class='ocrx_word' id='word_1_68' title='bbox 618 1145 852 1198; x_wconf 86' lang='lat' dir='ltr'>libellos</span> <span class='ocrx_word' id='word_1_69' title='bbox 898 1145 1191 1198; x_wconf 84' lang='lat' dir='ltr'>innuendo</span> <span class='ocrx_word' id='word_1_70' title='bbox 1237 1146 1523 1199; x_wconf 85' lang='lat' dir='ltr'>tribuerit.</span> <span class='ocrx_word' id='word_1_71' title='bbox 1572 1147 1874 1200; x_wconf 80' lang='lat' dir='ltr'>Sacerdoti</span> <span class='ocrx_word' id='word_1_72' title='bbox 1905 1163 2140 1217; x_wconf 91' lang='lat' dir='ltr'>quoque</span> 
     </span>
    </p>
   </div>
   <div class='ocr_carea' id='block_1_12' title="bbox 471 1234 2138 1304">
    <p class='ocr_par' dir='ltr' id='par_1_12' title="bbox 471 1234 2138 1304">
     <span class='ocr_line' id='line_1_12' title="bbox 471 1234 2138 1304; baseline 0.002 -18"><span class='ocrx_word' id='word_1_73' title='bbox 471 1235 699 1287; x_wconf 88' lang='lat' dir='ltr'>intimat</span> <span class='ocrx_word' id='word_1_74' title='bbox 728 1249 842 1303; x_wconf 90' lang='lat' dir='ltr'>quo</span> <span class='ocrx_word' id='word_1_75' title='bbox 864 1236 1002 1288; x_wconf 88' lang='lat' dir='ltr'>tono</span> <span class='ocrx_word' id='word_1_76' title='bbox 1027 1234 1261 1302; x_wconf 81' lang='lat' dir='ltr'>incipiat</span> <span class='ocrx_word' id='word_1_77' title='bbox 1286 1234 1488 1288; x_wconf 77' lang='lat' dir='ltr'>Gloria</span> <span class='ocrx_word' id='word_1_78' title='bbox 1511 1237 1571 1288; x_wconf 84' lang='lat' dir='ltr'>in</span> <span class='ocrx_word' id='word_1_79' title='bbox 1605 1235 1864 1289; x_wconf 79' lang='lat' dir='ltr'>excelsis</span> <span class='ocrx_word' id='word_1_80' title='bbox 1890 1237 2030 1304; x_wconf 84' lang='lat' dir='ltr'>Deo,</span> <span class='ocrx_word' id='word_1_81' title='bbox 2063 1239 2138 1303; x_wconf 91' lang='lat' dir='ltr'>et,</span> 
     </span>
    </p>
   </div>
   <div class='ocr_carea' id='block_1_13' title="bbox 475 1322 2140 1391">
    <p class='ocr_par' dir='ltr' id='par_1_13' title="bbox 475 1322 2140 1391">
     <span class='ocr_line' id='line_1_13' title="bbox 475 1322 2140 1391; baseline 0.002 -16"><span class='ocrx_word' id='word_1_82' title='bbox 475 1323 528 1375; x_wconf 91' lang='lat' dir='ltr'>si</span> <span class='ocrx_word' id='word_1_83' title='bbox 559 1339 709 1391; x_wconf 91' lang='lat' dir='ltr'>opus</span> <span class='ocrx_word' id='word_1_84' title='bbox 739 1322 936 1391; x_wconf 88' lang='lat' dir='ltr'>fuerit,</span> <span class='ocrx_word' id='word_1_85' title='bbox 973 1322 1216 1376; x_wconf 86' lang='lat' dir='ltr'>diacono</span> <span class='ocrx_word' id='word_1_86' title='bbox 1251 1323 1341 1376; x_wconf 80' lang='grc' dir='ltr'>Ιιθ</span> <span class='ocrx_word' id='word_1_87' title='bbox 1370 1323 1560 1377; x_wconf 81' lang='lat' dir='ltr'>Missa</span> <span class='ocrx_word' id='word_1_88' title='bbox 1595 1330 1706 1378; x_wconf 83' lang='lat' dir='ltr'>est.</span> <span class='ocrx_word' id='word_1_89' title='bbox 1743 1325 1963 1378; x_wconf 88' lang='lat' dir='ltr'>Prosas</span> <span class='ocrx_word' id='word_1_90' title='bbox 1996 1341 2140 1378; x_wconf 91' lang='lat' dir='ltr'>can-</span> 
     </span>
    </p>
   </div>
   <div class='ocr_carea' id='block_1_14' title="bbox 470 1412 2140 1480">
    <p class='ocr_par' dir='ltr' id='par_1_14' title="bbox 470 1412 2140 1480">
     <span class='ocr_line' id='line_1_14' title="bbox 470 1412 2140 1480; baseline 0.002 -16"><span class='ocrx_word' id='word_1_91' title='bbox 470 1415 593 1464; x_wconf 84' lang='lat' dir='ltr'>tant</span> <span class='ocrx_word' id='word_1_92' title='bbox 623 1414 894 1480; x_wconf 82' lang='lat' dir='ltr'>quatuor,</span> <span class='ocrx_word' id='word_1_93' title='bbox 933 1412 1047 1465; x_wconf 91' lang='lat' dir='ltr'>duo</span> <span class='ocrx_word' id='word_1_94' title='bbox 1079 1412 1136 1464; x_wconf 93' lang='lat' dir='ltr'>in</span> <span class='ocrx_word' id='word_1_95' title='bbox 1172 1428 1283 1465; x_wconf 85' lang='lat' dir='ltr'>una</span> <span class='ocrx_word' id='word_1_96' title='bbox 1316 1416 1496 1480; x_wconf 89' lang='lat' dir='ltr'>parte,</span> <span class='ocrx_word' id='word_1_97' title='bbox 1532 1417 1586 1466; x_wconf 90' lang='lat' dir='ltr'>et</span> <span class='ocrx_word' id='word_1_98' title='bbox 1617 1413 1732 1468; x_wconf 90' lang='lat' dir='ltr'>duo</span> <span class='ocrx_word' id='word_1_99' title='bbox 1764 1414 1823 1467; x_wconf 90' lang='lat' dir='ltr'>in</span> <span class='ocrx_word' id='word_1_100' title='bbox 1855 1413 2056 1480; x_wconf 88' lang='lat' dir='ltr'>altera,</span> <span class='ocrx_word' id='word_1_101' title='bbox 2084 1414 2140 1468; x_wconf 89' lang='lat' dir='ltr'>id</span> 
     </span>
    </p>
   </div>
   <div class='ocr_carea' id='block_1_15' title="bbox 471 1500 2139 1572">
    <p class='ocr_par' dir='ltr' id='par_1_15' title="bbox 471 1500 2139 1572">
     <span class='ocr_line' id='line_1_15' title="bbox 471 1500 2139 1572; baseline 0.002 -19"><span class='ocrx_word' id='word_1_102' title='bbox 471 1503 562 1553; x_wconf 88' lang='lat' dir='ltr'>cst</span> <span class='ocrx_word' id='word_1_103' title='bbox 594 1500 838 1553; x_wconf 89' lang='lat' dir='ltr'>sinistra</span> <span class='ocrx_word' id='word_1_104' title='bbox 872 1503 928 1553; x_wconf 89' lang='lat' dir='ltr'>et</span> <span class='ocrx_word' id='word_1_105' title='bbox 972 1501 1150 1567; x_wconf 66' lang='lat' dir='ltr'>laeva;</span> <span class='ocrx_word' id='word_1_106' title='bbox 1183 1501 1416 1555; x_wconf 83' lang='lat' dir='ltr'>additur</span> <span class='ocrx_word' id='word_1_107' title='bbox 1447 1505 1503 1556; x_wconf 90' lang='lat' dir='ltr'>et</span> <span class='ocrx_word' id='word_1_108' title='bbox 1549 1503 1674 1572; x_wconf 90' lang='lat' dir='ltr'>ipse</span> <span class='ocrx_word' id='word_1_109' title='bbox 1720 1503 1982 1572; x_wconf 84' lang='lat' dir='ltr'>quintus,</span> <span class='ocrx_word' id='word_1_110' title='bbox 2016 1519 2139 1557; x_wconf 86' lang='lat' dir='ltr'>ma-</span> 
     </span>
    </p>
   </div>
   <div class='ocr_carea' id='block_1_16' title="bbox 472 1588 2142 1661">
    <p class='ocr_par' dir='ltr' id='par_1_16' title="bbox 472 1588 2142 1661">
     <span class='ocr_line' id='line_1_16' title="bbox 472 1588 2142 1661; baseline 0.002 -19"><span class='ocrx_word' id='word_1_111' title='bbox 472 1589 626 1642; x_wconf 81' lang='lat' dir='ltr'>xime</span> <span class='ocrx_word' id='word_1_112' title='bbox 659 1589 753 1642; x_wconf 90' lang='lat' dir='ltr'>his</span> <span class='ocrx_word' id='word_1_113' title='bbox 785 1588 1020 1643; x_wconf 89' lang='lat' dir='ltr'>duobus</span> <span class='ocrx_word' id='word_1_114' title='bbox 1050 1589 1148 1658; x_wconf 88' lang='lat' dir='ltr'>qui</span> <span class='ocrx_word' id='word_1_115' title='bbox 1173 1592 1309 1643; x_wconf 90' lang='lat' dir='ltr'>sunt</span> <span class='ocrx_word' id='word_1_116' title='bbox 1339 1590 1412 1643; x_wconf 90' lang='lat' dir='ltr'>ad</span> <span class='ocrx_word' id='word_1_117' title='bbox 1439 1590 1760 1659; x_wconf 80' lang='lat' dir='ltr'>dexteram,</span> <span class='ocrx_word' id='word_1_118' title='bbox 1780 1592 1881 1660; x_wconf 89' lang='lat' dir='ltr'>qui</span> <span class='ocrx_word' id='word_1_119' title='bbox 1903 1607 2142 1661; x_wconf 87' lang='lat' dir='ltr'>semper</span> 
     </span>
    </p>
   </div>
   <div class='ocr_carea' id='block_1_17' title="bbox 470 1678 2138 1748">
    <p class='ocr_par' dir='ltr' id='par_1_17' title="bbox 470 1678 2138 1748">
     <span class='ocr_line' id='line_1_17' title="bbox 470 1678 2138 1748; baseline 0.002 -18"><span class='ocrx_word' id='word_1_120' title='bbox 470 1679 724 1746; x_wconf 88' lang='lat' dir='ltr'>primum</span> <span class='ocrx_word' id='word_1_121' title='bbox 755 1693 997 1731; x_wconf 90' lang='lat' dir='ltr'>versum</span> <span class='ocrx_word' id='word_1_122' title='bbox 1029 1678 1394 1748; x_wconf 89' lang='lat' dir='ltr'>adoriuntur,</span> <span class='ocrx_word' id='word_1_123' title='bbox 1445 1681 1525 1745; x_wconf 91' lang='lat' dir='ltr'>ut,</span> <span class='ocrx_word' id='word_1_124' title='bbox 1561 1679 1613 1732; x_wconf 91' lang='lat' dir='ltr'>si</span> <span class='ocrx_word' id='word_1_125' title='bbox 1645 1678 1795 1733; x_wconf 87' lang='lat' dir='ltr'>forte</span> <span class='ocrx_word' id='word_1_126' title='bbox 1827 1680 2138 1734; x_wconf 89' lang='lat' dir='ltr'>discorda-</span> 
     </span>
    </p>
   </div>
   <div class='ocr_carea' id='block_1_18' title="bbox 472 1766 2135 1838">
    <p class='ocr_par' dir='ltr' id='par_1_18' title="bbox 472 1766 2135 1838">
     <span class='ocr_line' id='line_1_18' title="bbox 472 1766 2135 1838; baseline 0.003 -20"><span class='ocrx_word' id='word_1_127' title='bbox 472 1766 681 1833; x_wconf 91' lang='lat' dir='ltr'>verint,</span> <span class='ocrx_word' id='word_1_128' title='bbox 717 1766 845 1834; x_wconf 90' lang='lat' dir='ltr'>ipse</span> <span class='ocrx_word' id='word_1_129' title='bbox 874 1767 929 1818; x_wconf 92' lang='lat' dir='ltr'>in</span> <span class='ocrx_word' id='word_1_130' title='bbox 963 1770 1232 1836; x_wconf 88' lang='lat' dir='ltr'>promptu</span> <span class='ocrx_word' id='word_1_131' title='bbox 1257 1767 1333 1820; x_wconf 91' lang='lat' dir='ltr'>sit</span> <span class='ocrx_word' id='word_1_132' title='bbox 1365 1768 1437 1820; x_wconf 90' lang='lat' dir='ltr'>ad</span> <span class='ocrx_word' id='word_1_133' title='bbox 1469 1767 1934 1838; x_wconf 78' lang='lat' dir='ltr'>suffragandum.</span> <span class='ocrx_word' id='word_1_134' title='bbox 1971 1770 2135 1823; x_wconf 67' lang='lat' dir='ltr'>Prae-</span> 
     </span>
    </p>
   </div>
   <div class='ocr_carea' id='block_1_19' title="bbox 475 1856 2138 1928">
    <p class='ocr_par' dir='ltr' id='par_1_19' title="bbox 475 1856 2138 1928">
     <span class='ocr_line' id='line_1_19' title="bbox 475 1856 2138 1928; baseline 0.004 -24"><span class='ocrx_word' id='word_1_135' title='bbox 475 1856 632 1907; x_wconf 86' lang='lat' dir='ltr'>venit</span> <span class='ocrx_word' id='word_1_136' title='bbox 659 1871 892 1923; x_wconf 81' lang='lat' dir='ltr'>quoque</span> <span class='ocrx_word' id='word_1_137' title='bbox 925 1859 1177 1908; x_wconf 65' lang='lat' dir='ltr'>cwteros</span> <span class='ocrx_word' id='word_1_138' title='bbox 1209 1856 1585 1925; x_wconf 89' lang='lat' dir='ltr'>aliquandum</span> <span class='ocrx_word' id='word_1_139' title='bbox 1617 1856 1674 1910; x_wconf 88' lang='lat' dir='ltr'>in</span> <span class='ocrx_word' id='word_1_140' title='bbox 1703 1858 1971 1912; x_wconf 87' lang='lat' dir='ltr'>exuendo</span> <span class='ocrx_word' id='word_1_141' title='bbox 2004 1875 2138 1928; x_wconf 84' lang='lat' dir='ltr'>cap-</span> 
     </span>
    </p>
   </div>
   <div class='ocr_carea' id='block_1_20' title="bbox 475 1943 2139 2017">
    <p class='ocr_par' dir='ltr' id='par_1_20' title="bbox 475 1943 2139 2017">
     <span class='ocr_line' id='line_1_20' title="bbox 475 1943 2139 2017; baseline 0.004 -24"><span class='ocrx_word' id='word_1_142' title='bbox 475 1959 628 2010; x_wconf 89' lang='lat' dir='ltr'>pam,</span> <span class='ocrx_word' id='word_1_143' title='bbox 663 1946 719 1996; x_wconf 91' lang='lat' dir='ltr'>et</span> <span class='ocrx_word' id='word_1_144' title='bbox 769 1943 827 1995; x_wconf 91' lang='lat' dir='ltr'>in</span> <span class='ocrx_word' id='word_1_145' title='bbox 858 1944 1088 2012; x_wconf 78' lang='lat' dir='ltr'>agendo</span> <span class='ocrx_word' id='word_1_146' title='bbox 1122 1950 1251 1998; x_wconf 88' lang='lat' dir='ltr'>ante</span> <span class='ocrx_word' id='word_1_147' title='bbox 1283 1947 1337 1998; x_wconf 90' lang='lat' dir='ltr'>et</span> <span class='ocrx_word' id='word_1_148' title='bbox 1381 1947 1560 2013; x_wconf 87' lang='lat' dir='ltr'>retro,</span> <span class='ocrx_word' id='word_1_149' title='bbox 1597 1949 1659 1999; x_wconf 88' lang='lat' dir='ltr'>ut</span> <span class='ocrx_word' id='word_1_150' title='bbox 1688 1947 1924 2000; x_wconf 84' lang='lat' dir='ltr'>festinet</span> <span class='ocrx_word' id='word_1_151' title='bbox 1956 1946 2139 2017; x_wconf 87' lang='lat' dir='ltr'>depo-</span> 
     </span>
    </p>
   </div>
   <div class='ocr_carea' id='block_1_21' title="bbox 474 2031 2143 2105">
    <p class='ocr_par' dir='ltr' id='par_1_21' title="bbox 474 2031 2143 2105">
     <span class='ocr_line' id='line_1_21' title="bbox 474 2031 2143 2105; baseline 0.004 -21"><span class='ocrx_word' id='word_1_152' title='bbox 474 2046 616 2084; x_wconf 90' lang='lat' dir='ltr'>nere</span> <span class='ocrx_word' id='word_1_153' title='bbox 647 2031 1018 2101; x_wconf 83' lang='lat' dir='ltr'>singulorum</span> <span class='ocrx_word' id='word_1_154' title='bbox 1050 2037 1272 2099; x_wconf 90' lang='lat' dir='ltr'>vestes,</span> <span class='ocrx_word' id='word_1_155' title='bbox 1308 2037 1364 2086; x_wconf 89' lang='lat' dir='ltr'>et</span> <span class='ocrx_word' id='word_1_156' title='bbox 1387 2037 1447 2087; x_wconf 90' lang='lat' dir='ltr'>ut</span> <span class='ocrx_word' id='word_1_157' title='bbox 1468 2033 1596 2103; x_wconf 92' lang='lat' dir='ltr'>ipse</span> <span class='ocrx_word' id='word_1_158' title='bbox 1628 2035 1854 2104; x_wconf 89' lang='lat' dir='ltr'>primus</span> <span class='ocrx_word' id='word_1_159' title='bbox 1887 2036 2143 2105; x_wconf 85' lang='lat' dir='ltr'>imponat</span> 
     </span>
    </p>
   </div>
   <div class='ocr_carea' id='block_1_22' title="bbox 473 2120 2142 2189">
    <p class='ocr_par' dir='ltr' id='par_1_22' title="bbox 473 2120 2142 2189">
     <span class='ocr_line' id='line_1_22' title="bbox 473 2120 2142 2189; baseline 0.004 -18"><span class='ocrx_word' id='word_1_160' title='bbox 473 2135 713 2172; x_wconf 89' lang='lat' dir='ltr'>manum</span> <span class='ocrx_word' id='word_1_161' title='bbox 744 2120 817 2172; x_wconf 87' lang='lat' dir='ltr'>ad</span> <span class='ocrx_word' id='word_1_162' title='bbox 849 2122 1151 2174; x_wconf 89' lang='lat' dir='ltr'>senandas</span> <span class='ocrx_word' id='word_1_163' title='bbox 1185 2121 1408 2189; x_wconf 84' lang='lat' dir='ltr'>scillas,</span> <span class='ocrx_word' id='word_1_164' title='bbox 1440 2122 1596 2177; x_wconf 88' lang='lat' dir='ltr'>sicut</span> <span class='ocrx_word' id='word_1_165' title='bbox 1635 2127 1691 2178; x_wconf 89' lang='lat' dir='ltr'>et</span> <span class='ocrx_word' id='word_1_166' title='bbox 1721 2124 1858 2177; x_wconf 86' lang='lat' dir='ltr'>fecit</span> <span class='ocrx_word' id='word_1_167' title='bbox 1889 2125 1947 2178; x_wconf 88' lang='lat' dir='ltr'>in</span> <span class='ocrx_word' id='word_1_168' title='bbox 1977 2124 2142 2178; x_wconf 86' lang='lat' dir='ltr'>initio</span> 
     </span>
    </p>
   </div>
   <div class='ocr_carea' id='block_1_23' title="bbox 473 2208 2144 2284">
    <p class='ocr_par' dir='ltr' id='par_1_23' title="bbox 473 2208 2144 2284">
     <span class='ocr_line' id='line_1_23' title="bbox 473 2208 2144 2284; baseline 0.005 -24"><span class='ocrx_word' id='word_1_169' title='bbox 473 2209 700 2261; x_wconf 81' lang='lat' dir='ltr'>missae.</span> <span class='ocrx_word' id='word_1_170' title='bbox 735 2208 794 2261; x_wconf 87' lang='lat' dir='ltr'>Si</span> <span class='ocrx_word' id='word_1_171' title='bbox 829 2209 1062 2278; x_wconf 87' lang='lat' dir='ltr'>quando</span> <span class='ocrx_word' id='word_1_172' title='bbox 1093 2210 1229 2263; x_wconf 89' lang='lat' dir='ltr'>talis</span> <span class='ocrx_word' id='word_1_173' title='bbox 1253 2211 1601 2266; x_wconf 85' lang='lat' dir='ltr'>imbrcvatio</span> <span class='ocrx_word' id='word_1_174' title='bbox 1625 2215 1716 2267; x_wconf 88' lang='lat' dir='ltr'>est</span> <span class='ocrx_word' id='word_1_175' title='bbox 1743 2213 1994 2284; x_wconf 88' lang='lat' dir='ltr'>agenda,</span> <span class='ocrx_word' id='word_1_176' title='bbox 2027 2230 2144 2268; x_wconf 89' lang='lat' dir='ltr'>non</span> 
     </span>
    </p>
   </div>
   <div class='ocr_carea' id='block_1_24' title="bbox 473 2296 2146 2372">
    <p class='ocr_par' dir='ltr' id='par_1_24' title="bbox 473 2296 2146 2372">
     <span class='ocr_line' id='line_1_24' title="bbox 473 2296 2146 2372; baseline 0.003 -23"><span class='ocrx_word' id='word_1_177' title='bbox 473 2296 670 2367; x_wconf 86' lang='lat' dir='ltr'>agitur</span> <span class='ocrx_word' id='word_1_178' title='bbox 699 2296 759 2349; x_wconf 89' lang='lat' dir='ltr'>in</span> <span class='ocrx_word' id='word_1_179' title='bbox 790 2297 887 2350; x_wconf 90' lang='lat' dir='ltr'>illa</span> <span class='ocrx_word' id='word_1_180' title='bbox 910 2297 1103 2351; x_wconf 89' lang='lat' dir='ltr'>tabula</span> <span class='ocrx_word' id='word_1_181' title='bbox 1137 2300 1494 2369; x_wconf 85' lang='lat' dir='ltr'>quotidiana,</span> <span class='ocrx_word' id='word_1_182' title='bbox 1519 2302 1627 2356; x_wconf 88' lang='lat' dir='ltr'>sed</span> <span class='ocrx_word' id='word_1_183' title='bbox 1652 2302 1711 2355; x_wconf 91' lang='lat' dir='ltr'>in</span> <span class='ocrx_word' id='word_1_184' title='bbox 1734 2302 1864 2368; x_wconf 92' lang='lat' dir='ltr'>alia,</span> <span class='ocrx_word' id='word_1_185' title='bbox 1891 2318 2022 2372; x_wconf 72' lang='lat' dir='ltr'>qua:</span> <span class='ocrx_word' id='word_1_186' title='bbox 2045 2303 2146 2356; x_wconf 88' lang='lat' dir='ltr'>ali-</span> 
     </span>
    </p>
   </div>
   <div class='ocr_carea' id='block_1_25' title="bbox 473 2384 2146 2459">
    <p class='ocr_par' dir='ltr' id='par_1_25' title="bbox 473 2384 2146 2459">
     <span class='ocr_line' id='line_1_25' title="bbox 473 2384 2146 2459; baseline 0.005 -22"><span class='ocrx_word' id='word_1_187' title='bbox 473 2384 817 2455; x_wconf 89' lang='lat' dir='ltr'>quantulum</span> <span class='ocrx_word' id='word_1_188' title='bbox 848 2388 939 2438; x_wconf 89' lang='lat' dir='ltr'>est</span> <span class='ocrx_word' id='word_1_189' title='bbox 981 2386 1191 2456; x_wconf 80' lang='lat' dir='ltr'>major,</span> <span class='ocrx_word' id='word_1_190' title='bbox 1235 2391 1290 2440; x_wconf 91' lang='lat' dir='ltr'>et</span> <span class='ocrx_word' id='word_1_191' title='bbox 1336 2389 1570 2459; x_wconf 85' lang='lat' dir='ltr'>proprie</span> <span class='ocrx_word' id='word_1_192' title='bbox 1620 2390 1894 2459; x_wconf 89' lang='lat' dir='ltr'>deputata</span> <span class='ocrx_word' id='word_1_193' title='bbox 1938 2392 2007 2444; x_wconf 89' lang='lat' dir='ltr'>ad</span> <span class='ocrx_word' id='word_1_194' title='bbox 2059 2391 2146 2445; x_wconf 81' lang='lat' dir='ltr'>fe-</span> 
     </span>
    </p>
   </div>
   <div class='ocr_carea' id='block_1_26' title="bbox 474 2473 2146 2545">
    <p class='ocr_par' dir='ltr' id='par_1_26' title="bbox 474 2473 2146 2545">
     <span class='ocr_line' id='line_1_26' title="bbox 474 2473 2146 2545; baseline 0.004 -19"><span class='ocrx_word' id='word_1_195' title='bbox 474 2473 786 2528; x_wconf 86' lang='lat' dir='ltr'>stivitates.</span> <span class='ocrx_word' id='word_1_196' title='bbox 823 2473 981 2528; x_wconf 89' lang='lat' dir='ltr'>Solet</span> <span class='ocrx_word' id='word_1_197' title='bbox 1017 2475 1188 2528; x_wconf 90' lang='lat' dir='ltr'>etiam</span> <span class='ocrx_word' id='word_1_198' title='bbox 1220 2477 1374 2545; x_wconf 91' lang='lat' dir='ltr'>apud</span> <span class='ocrx_word' id='word_1_199' title='bbox 1408 2495 1518 2532; x_wconf 90' lang='lat' dir='ltr'>nos</span> <span class='ocrx_word' id='word_1_200' title='bbox 1553 2483 1605 2533; x_wconf 86' lang='lat' dir='ltr'>el</span> <span class='ocrx_word' id='word_1_201' title='bbox 1639 2480 1747 2532; x_wconf 89' lang='lat' dir='ltr'>alia</span> <span class='ocrx_word' id='word_1_202' title='bbox 1781 2480 2146 2534; x_wconf 88' lang='lat' dir='ltr'>imbrcviatio</span> 
     </span>
    </p>
   </div>
   <div class='ocr_carea' id='block_1_27' title="bbox 474 2562 2151 2635">
    <p class='ocr_par' dir='ltr' id='par_1_27' title="bbox 474 2562 2151 2635">
     <span class='ocr_line' id='line_1_27' title="bbox 474 2562 2151 2635; baseline 0.004 -20"><span class='ocrx_word' id='word_1_203' title='bbox 474 2578 592 2616; x_wconf 91' lang='lat' dir='ltr'>non</span> <span class='ocrx_word' id='word_1_204' title='bbox 623 2562 848 2615; x_wconf 88' lang='lat' dir='ltr'>inutilis</span> <span class='ocrx_word' id='word_1_205' title='bbox 881 2563 1028 2630; x_wconf 80' lang='lat' dir='ltr'>ﬁeri,</span> <span class='ocrx_word' id='word_1_206' title='bbox 1065 2565 1168 2618; x_wconf 88' lang='lat' dir='ltr'>sed</span> <span class='ocrx_word' id='word_1_207' title='bbox 1207 2567 1342 2635; x_wconf 87' lang='lat' dir='ltr'>quia</span> <span class='ocrx_word' id='word_1_208' title='bbox 1374 2568 1664 2621; x_wconf 89' lang='lat' dir='ltr'>armarius</span> <span class='ocrx_word' id='word_1_209' title='bbox 1701 2569 1847 2622; x_wconf 88' lang='lat' dir='ltr'>alias</span> <span class='ocrx_word' id='word_1_210' title='bbox 1881 2569 2026 2624; x_wconf 89' lang='lat' dir='ltr'>adeo</span> <span class='ocrx_word' id='word_1_211' title='bbox 2057 2573 2151 2623; x_wconf 90' lang='lat' dir='ltr'>est</span> 
     </span>
    </p>
   </div>
   <div class='ocr_carea' id='block_1_28' title="bbox 477 2653 2149 2725">
    <p class='ocr_par' dir='ltr' id='par_1_28' title="bbox 477 2653 2149 2725">
     <span class='ocr_line' id='line_1_28' title="bbox 477 2653 2149 2725; baseline 0.004 -20"><span class='ocrx_word' id='word_1_212' title='bbox 477 2653 821 2720; x_wconf 88' lang='lat' dir='ltr'>occupatus,</span> <span class='ocrx_word' id='word_1_213' title='bbox 857 2653 1236 2707; x_wconf 87' lang='lat' dir='ltr'>committitur</span> <span class='ocrx_word' id='word_1_214' title='bbox 1263 2655 1578 2725; x_wconf 88' lang='lat' dir='ltr'>aliquando</span> <span class='ocrx_word' id='word_1_215' title='bbox 1604 2657 1701 2709; x_wconf 88' lang='lat' dir='ltr'>alii</span> <span class='ocrx_word' id='word_1_216' title='bbox 1738 2657 1906 2710; x_wconf 78' lang='lat' dir='ltr'>fratri</span> <span class='ocrx_word' id='word_1_217' title='bbox 1939 2673 2149 2712; x_wconf 91' lang='lat' dir='ltr'>memo-</span> 
     </span>
    </p>
   </div>
   <div class='ocr_carea' id='block_1_29' title="bbox 476 2739 2149 2817">
    <p class='ocr_par' dir='ltr' id='par_1_29' title="bbox 476 2739 2149 2817">
     <span class='ocr_line' id='line_1_29' title="bbox 476 2739 2149 2817; baseline 0.004 -24"><span class='ocrx_word' id='word_1_218' title='bbox 476 2740 527 2793; x_wconf 90' lang='lat' dir='ltr'>ri</span> <span class='ocrx_word' id='word_1_219' title='bbox 560 2743 617 2794; x_wconf 89' lang='lat' dir='ltr'>et</span> <span class='ocrx_word' id='word_1_220' title='bbox 647 2739 936 2810; x_wconf 84' lang='lat' dir='ltr'>diligenti,</span> <span class='ocrx_word' id='word_1_221' title='bbox 971 2741 1198 2796; x_wconf 85' lang='lat' dir='ltr'>scilicet</span> <span class='ocrx_word' id='word_1_222' title='bbox 1231 2747 1292 2796; x_wconf 91' lang='lat' dir='ltr'>ut</span> <span class='ocrx_word' id='word_1_223' title='bbox 1323 2746 1421 2814; x_wconf 91' lang='lat' dir='ltr'>qui</span> <span class='ocrx_word' id='word_1_224' title='bbox 1462 2745 1779 2799; x_wconf 89' lang='lat' dir='ltr'>servierint</span> <span class='ocrx_word' id='word_1_225' title='bbox 1809 2746 1866 2798; x_wconf 93' lang='lat' dir='ltr'>in</span> <span class='ocrx_word' id='word_1_226' title='bbox 1899 2748 2149 2817; x_wconf 89' lang='lat' dir='ltr'>coquina</span> 
     </span>
    </p>
   </div>
   <div class='ocr_carea' id='block_1_30' title="bbox 478 2829 2149 2905">
    <p class='ocr_par' dir='ltr' id='par_1_30' title="bbox 478 2829 2149 2905">
     <span class='ocr_line' id='line_1_30' title="bbox 478 2829 2149 2905; baseline 0.004 -23"><span class='ocrx_word' id='word_1_227' title='bbox 478 2843 684 2883; x_wconf 90' lang='lat' dir='ltr'>omnes</span> <span class='ocrx_word' id='word_1_228' title='bbox 704 2844 812 2898; x_wconf 90' lang='lat' dir='ltr'>per</span> <span class='ocrx_word' id='word_1_229' title='bbox 831 2829 1095 2883; x_wconf 89' lang='lat' dir='ltr'>ordinem</span> <span class='ocrx_word' id='word_1_230' title='bbox 1120 2833 1588 2902; x_wconf 84' lang='lat' dir='ltr'>conscribentur,</span> <span class='ocrx_word' id='word_1_231' title='bbox 1610 2850 1681 2888; x_wconf 90' lang='lat' dir='ltr'>ne</span> <span class='ocrx_word' id='word_1_232' title='bbox 1705 2834 1855 2889; x_wconf 87' lang='lat' dir='ltr'>forte</span> <span class='ocrx_word' id='word_1_233' title='bbox 1877 2851 1983 2905; x_wconf 89' lang='lat' dir='ltr'>per</span> <span class='ocrx_word' id='word_1_234' title='bbox 2005 2835 2149 2890; x_wconf 86' lang='lat' dir='ltr'>obli-</span> 
     </span>
    </p>
   </div>
   <div class='ocr_carea' id='block_1_31' title="bbox 477 2917 2150 2997">
    <p class='ocr_par' dir='ltr' id='par_1_31' title="bbox 477 2917 2150 2997">
     <span class='ocr_line' id='line_1_31' title="bbox 477 2917 2150 2997; baseline 0.005 -27"><span class='ocrx_word' id='word_1_235' title='bbox 477 2917 712 2972; x_wconf 91' lang='lat' dir='ltr'>vionem</span> <span class='ocrx_word' id='word_1_236' title='bbox 761 2919 1064 2989; x_wconf 81' lang='lat' dir='ltr'>contingat</span> <span class='ocrx_word' id='word_1_237' title='bbox 1102 2924 1161 2974; x_wconf 91' lang='lat' dir='ltr'>ut</span> <span class='ocrx_word' id='word_1_238' title='bbox 1205 2921 1522 2992; x_wconf 89' lang='lat' dir='ltr'>quisquam</span> <span class='ocrx_word' id='word_1_239' title='bbox 1572 2923 1943 2994; x_wconf 86' lang='lat' dir='ltr'>frequentius</span> <span class='ocrx_word' id='word_1_240' title='bbox 1975 2941 2150 2997; x_wconf 90' lang='lat' dir='ltr'>quam</span> 
     </span>
    </p>
   </div>
   <div class='ocr_carea' id='block_1_32' title="bbox 477 3007 1333 3082">
    <p class='ocr_par' dir='ltr' id='par_1_32' title="bbox 477 3007 1333 3082">
     <span class='ocr_line' id='line_1_32' title="bbox 477 3007 1333 3082; baseline 0.005 -20"><span class='ocrx_word' id='word_1_241' title='bbox 477 3007 628 3062; x_wconf 88' lang='lat' dir='ltr'>alius</span> <span class='ocrx_word' id='word_1_242' title='bbox 660 3023 729 3063; x_wconf 89' lang='lat' dir='ltr'>eo</span> <span class='ocrx_word' id='word_1_243' title='bbox 757 3023 1000 3062; x_wconf 91' lang='lat' dir='ltr'>munere</span> <span class='ocrx_word' id='word_1_244' title='bbox 1032 3007 1333 3082; x_wconf 80' lang='lat' dir='ltr'>fungatur.</span> 
     </span>
    </p>
   </div>
   <div class='ocr_carea' id='block_1_33' title="bbox 1127 3100 1491 3155">
    <p class='ocr_par' dir='ltr' id='par_1_33' title="bbox 1127 3100 1491 3155">
     <span class='ocr_line' id='line_1_33' title="bbox 1127 3100 1491 3155; baseline 0.003 -1"><span class='ocrx_word' id='word_1_245' title='bbox 1127 3100 1378 3155; x_wconf 84' lang='lat' dir='ltr'>CAPUT</span> <span class='ocrx_word' id='word_1_246' title='bbox 1412 3101 1491 3155; x_wconf 87' lang='lat' dir='ltr'>XI</span> 
     </span>
    </p>
   </div>
   <div class='ocr_carea' id='block_1_34' title="bbox 1080 3189 1548 3244">
    <p class='ocr_par' dir='ltr' id='par_1_34' title="bbox 1080 3189 1548 3244">
     <span class='ocr_line' id='line_1_34' title="bbox 1080 3189 1548 3244; baseline 0.002 -1"><span class='ocrx_word' id='word_1_247' title='bbox 1080 3189 1168 3243; x_wconf 83' lang='lat' dir='ltr'>De</span> <span class='ocrx_word' id='word_1_248' title='bbox 1198 3191 1548 3244; x_wconf 84' lang='lat' dir='ltr'>camerario.</span> 
     </span>
    </p>
   </div>
   <div class='ocr_carea' id='block_1_35' title="bbox 549 3277 2148 3350">
    <p class='ocr_par' dir='ltr' id='par_1_35' title="bbox 549 3277 2148 3350">
     <span class='ocr_line' id='line_1_35' title="bbox 549 3277 2148 3350; baseline 0.003 -19"><span class='ocrx_word' id='word_1_249' title='bbox 549 3277 922 3332; x_wconf 86' lang='lat' dir='ltr'>Camerarius</span> <span class='ocrx_word' id='word_1_250' title='bbox 970 3281 1194 3346; x_wconf 88' lang='lat' dir='ltr'>noster,</span> <span class='ocrx_word' id='word_1_251' title='bbox 1229 3282 1509 3348; x_wconf 89' lang='lat' dir='ltr'>quantum</span> <span class='ocrx_word' id='word_1_252' title='bbox 1557 3279 1778 3335; x_wconf 89' lang='lat' dir='ltr'>habere</span> <span class='ocrx_word' id='word_1_253' title='bbox 1825 3296 2148 3350; x_wconf 83' lang='lat' dir='ltr'>possumus</span> 
     </span>
    </p>
   </div>
   <div class='ocr_carea' id='block_1_36' title="bbox 479 3364 2151 3441">
    <p class='ocr_par' dir='ltr' id='par_1_36' title="bbox 479 3364 2151 3441">
     <span class='ocr_line' id='line_1_36' title="bbox 479 3364 2151 3441; baseline 0.004 -23"><span class='ocrx_word' id='word_1_254' title='bbox 479 3364 858 3420; x_wconf 86' lang='lat' dir='ltr'>denariorum</span> <span class='ocrx_word' id='word_1_255' title='bbox 891 3381 964 3419; x_wconf 88' lang='lat' dir='ltr'>ex</span> <span class='ocrx_word' id='word_1_256' title='bbox 997 3366 1153 3420; x_wconf 90' lang='lat' dir='ltr'>villis</span> <span class='ocrx_word' id='word_1_257' title='bbox 1186 3367 1432 3434; x_wconf 85' lang='lat' dir='ltr'>nostris,</span> <span class='ocrx_word' id='word_1_258' title='bbox 1479 3367 1606 3436; x_wconf 87' lang='lat' dir='ltr'>ipse</span> <span class='ocrx_word' id='word_1_259' title='bbox 1636 3369 1829 3441; x_wconf 82' lang='lat' dir='ltr'>pergit</span> <span class='ocrx_word' id='word_1_260' title='bbox 1858 3373 1914 3424; x_wconf 92' lang='lat' dir='ltr'>et</span> <span class='ocrx_word' id='word_1_261' title='bbox 1941 3371 2151 3440; x_wconf 87' lang='lat' dir='ltr'>recipit</span> 
     </span>
    </p>
   </div>
   <div class='ocr_carea' id='block_1_37' title="bbox 480 3455 2150 3528">
    <p class='ocr_par' dir='ltr' id='par_1_37' title="bbox 480 3455 2150 3528">
     <span class='ocr_line' id='line_1_37' title="bbox 480 3455 2150 3528; baseline 0.004 -22"><span class='ocrx_word' id='word_1_262' title='bbox 480 3469 586 3507; x_wconf 90' lang='lat' dir='ltr'>eos</span> <span class='ocrx_word' id='word_1_263' title='bbox 615 3457 882 3524; x_wconf 89' lang='lat' dir='ltr'>tempore</span> <span class='ocrx_word' id='word_1_264' title='bbox 915 3470 1046 3522; x_wconf 91' lang='lat' dir='ltr'>suo,</span> <span class='ocrx_word' id='word_1_265' title='bbox 1083 3455 1154 3508; x_wconf 92' lang='lat' dir='ltr'>de</span> <span class='ocrx_word' id='word_1_266' title='bbox 1186 3455 1405 3525; x_wconf 86' lang='lat' dir='ltr'>quibus</span> <span class='ocrx_word' id='word_1_267' title='bbox 1436 3459 1629 3511; x_wconf 90' lang='lat' dir='ltr'>tamen</span> <span class='ocrx_word' id='word_1_268' title='bbox 1663 3458 1890 3511; x_wconf 89' lang='lat' dir='ltr'>tertiam</span> <span class='ocrx_word' id='word_1_269' title='bbox 1928 3463 2150 3528; x_wconf 86' lang='lat' dir='ltr'>partem</span> 
     </span>
    </p>
   </div>
   <div class='ocr_carea' id='block_1_38' title="bbox 480 3541 2151 3618">
    <p class='ocr_par' dir='ltr' id='par_1_38' title="bbox 480 3541 2151 3618">
     <span class='ocr_line' id='line_1_38' title="bbox 480 3541 2151 3618; baseline 0.004 -24"><span class='ocrx_word' id='word_1_270' title='bbox 480 3541 673 3594; x_wconf 86' lang='lat' dir='ltr'>reddit</span> <span class='ocrx_word' id='word_1_271' title='bbox 702 3542 964 3611; x_wconf 89' lang='lat' dir='ltr'>decanis,</span> <span class='ocrx_word' id='word_1_272' title='bbox 999 3558 1106 3611; x_wconf 89' lang='lat' dir='ltr'>pro</span> <span class='ocrx_word' id='word_1_273' title='bbox 1137 3558 1206 3596; x_wconf 90' lang='lat' dir='ltr'>eo</span> <span class='ocrx_word' id='word_1_274' title='bbox 1231 3544 1385 3613; x_wconf 88' lang='lat' dir='ltr'>quod</span> <span class='ocrx_word' id='word_1_275' title='bbox 1418 3549 1531 3598; x_wconf 87' lang='lat' dir='ltr'>tam</span> <span class='ocrx_word' id='word_1_276' title='bbox 1564 3546 1741 3599; x_wconf 90' lang='lat' dir='ltr'>multa</span> <span class='ocrx_word' id='word_1_277' title='bbox 1765 3549 1903 3600; x_wconf 89' lang='lat' dir='ltr'>sunt</span> <span class='ocrx_word' id='word_1_278' title='bbox 1933 3547 2151 3618; x_wconf 88' lang='lat' dir='ltr'>quibus</span> 
     </span>
    </p>
   </div>
   <div class='ocr_carea' id='block_1_39' title="bbox 483 3629 2152 3704">
    <p class='ocr_par' dir='ltr' id='par_1_39' title="bbox 483 3629 2152 3704">
     <span class='ocr_line' id='line_1_39' title="bbox 483 3629 2152 3704; baseline 0.005 -22"><span class='ocrx_word' id='word_1_279' title='bbox 483 3644 633 3697; x_wconf 91' lang='lat' dir='ltr'>opus</span> <span class='ocrx_word' id='word_1_280' title='bbox 650 3629 886 3697; x_wconf 87' lang='lat' dir='ltr'>habent,</span> <span class='ocrx_word' id='word_1_281' title='bbox 909 3646 1024 3683; x_wconf 88' lang='lat' dir='ltr'>non</span> <span class='ocrx_word' id='word_1_282' title='bbox 1044 3631 1235 3684; x_wconf 92' lang='lat' dir='ltr'>solum</span> <span class='ocrx_word' id='word_1_283' title='bbox 1260 3637 1498 3702; x_wconf 88' lang='lat' dir='ltr'>propter</span> <span class='ocrx_word' id='word_1_284' title='bbox 1515 3633 2022 3704; x_wconf 82' lang='lat' dir='ltr'>agricolationem,</span> <span class='ocrx_word' id='word_1_285' title='bbox 2045 3636 2152 3690; x_wconf 89' lang='lat' dir='ltr'>sed</span> 
     </span>
    </p>
   </div>
   <div class='ocr_carea' id='block_1_40' title="bbox 483 3717 2149 3795">
    <p class='ocr_par' dir='ltr' id='par_1_40' title="bbox 483 3717 2149 3795">
     <span class='ocr_line' id='line_1_40' title="bbox 483 3717 2149 3795; baseline 0.005 -24"><span class='ocrx_word' id='word_1_286' title='bbox 483 3717 656 3772; x_wconf 89' lang='lat' dir='ltr'>etiam</span> <span class='ocrx_word' id='word_1_287' title='bbox 675 3722 912 3788; x_wconf 91' lang='lat' dir='ltr'>propter</span> <span class='ocrx_word' id='word_1_288' title='bbox 929 3721 1307 3790; x_wconf 89' lang='lat' dir='ltr'>semetipsos,</span> <span class='ocrx_word' id='word_1_289' title='bbox 1331 3723 1466 3792; x_wconf 88' lang='lat' dir='ltr'>quia</span> <span class='ocrx_word' id='word_1_290' title='bbox 1486 3724 1710 3794; x_wconf 83' lang='lat' dir='ltr'>saepius</span> <span class='ocrx_word' id='word_1_291' title='bbox 1731 3723 1806 3777; x_wconf 91' lang='lat' dir='ltr'>ibi</span> <span class='ocrx_word' id='word_1_292' title='bbox 1828 3729 2149 3795; x_wconf 89' lang='lat' dir='ltr'>morantur,</span> 
     </span>
    </p>
   </div>
   <div class='ocr_carea' id='block_1_41' title="bbox 484 3807 2154 3881">
    <p class='ocr_par' dir='ltr' id='par_1_41' title="bbox 484 3807 2154 3881">
     <span class='ocr_line' id='line_1_41' title="bbox 484 3807 2154 3881; baseline 0.004 -22"><span class='ocrx_word' id='word_1_293' title='bbox 484 3808 541 3860; x_wconf 93' lang='lat' dir='ltr'>et</span> <span class='ocrx_word' id='word_1_294' title='bbox 571 3807 824 3861; x_wconf 86' lang='lat' dir='ltr'>maxime</span> <span class='ocrx_word' id='word_1_295' title='bbox 856 3811 1094 3877; x_wconf 88' lang='lat' dir='ltr'>prepter</span> <span class='ocrx_word' id='word_1_296' title='bbox 1139 3808 1424 3880; x_wconf 89' lang='lat' dir='ltr'>hospites,</span> <span class='ocrx_word' id='word_1_297' title='bbox 1478 3813 1576 3881; x_wconf 87' lang='lat' dir='ltr'>qui</span> <span class='ocrx_word' id='word_1_298' title='bbox 1628 3812 1902 3866; x_wconf 91' lang='lat' dir='ltr'>nimirum</span> <span class='ocrx_word' id='word_1_299' title='bbox 1953 3814 2004 3867; x_wconf 88' lang='lat' dir='ltr'>si</span> <span class='ocrx_word' id='word_1_300' title='bbox 2037 3829 2154 3868; x_wconf 91' lang='lat' dir='ltr'>non</span> 
     </span>
    </p>
   </div>
   <div class='ocr_carea' id='block_1_42' title="bbox 485 3895 2154 3965">
    <p class='ocr_par' dir='ltr' id='par_1_42' title="bbox 485 3895 2154 3965">
     <span class='ocr_line' id='line_1_42' title="bbox 485 3895 2154 3965; baseline 0.005 -17"><span class='ocrx_word' id='word_1_301' title='bbox 485 3895 892 3965; x_wconf 90' lang='lat' dir='ltr'>reciperentur</span> <span class='ocrx_word' id='word_1_302' title='bbox 914 3898 1148 3951; x_wconf 90' lang='lat' dir='ltr'>omnino</span> <span class='ocrx_word' id='word_1_303' title='bbox 1183 3901 1346 3952; x_wconf 89' lang='lat' dir='ltr'>esset</span> <span class='ocrx_word' id='word_1_304' title='bbox 1376 3898 1776 3954; x_wconf 89' lang='lat' dir='ltr'>inhumanum.</span> <span class='ocrx_word' id='word_1_305' title='bbox 1804 3901 1887 3956; x_wconf 92' lang='lat' dir='ltr'>De</span> <span class='ocrx_word' id='word_1_306' title='bbox 1919 3901 2014 3956; x_wconf 89' lang='lat' dir='ltr'>his</span> <span class='ocrx_word' id='word_1_307' title='bbox 2046 3918 2154 3956; x_wconf 88' lang='lat' dir='ltr'>au-</span> 
     </span>
    </p>
   </div>
   <div class='ocr_carea' id='block_1_43' title="bbox 483 3983 2155 4058">
    <p class='ocr_par' dir='ltr' id='par_1_43' title="bbox 483 3983 2155 4058">
     <span class='ocr_line' id='line_1_43' title="bbox 483 3983 2155 4058; baseline 0.005 -22"><span class='ocrx_word' id='word_1_308' title='bbox 483 3985 601 4037; x_wconf 87' lang='lat' dir='ltr'>tem</span> <span class='ocrx_word' id='word_1_309' title='bbox 631 3983 786 4038; x_wconf 86' lang='lat' dir='ltr'>villis</span> <span class='ocrx_word' id='word_1_310' title='bbox 815 4001 948 4056; x_wconf 86' lang='lat' dir='ltr'>quae</span> <span class='ocrx_word' id='word_1_311' title='bbox 979 3989 1093 4039; x_wconf 87' lang='lat' dir='ltr'>tam</span> <span class='ocrx_word' id='word_1_312' title='bbox 1123 3987 1298 4058; x_wconf 86' lang='lat' dir='ltr'>longe</span> <span class='ocrx_word' id='word_1_313' title='bbox 1329 3992 1465 4041; x_wconf 90' lang='lat' dir='ltr'>sunt</span> <span class='ocrx_word' id='word_1_314' title='bbox 1498 3989 1708 4057; x_wconf 65' lang='lat' dir='ltr'>positas</span> <span class='ocrx_word' id='word_1_315' title='bbox 1735 3993 1795 4043; x_wconf 90' lang='lat' dir='ltr'>ut</span> <span class='ocrx_word' id='word_1_316' title='bbox 1824 4006 1934 4045; x_wconf 88' lang='lat' dir='ltr'>nec</span> <span class='ocrx_word' id='word_1_317' title='bbox 1955 3991 2155 4047; x_wconf 91' lang='lat' dir='ltr'>vinum</span> 
     </span>
    </p>
   </div>
   <div class='ocr_carea' id='block_1_44' title="bbox 487 4074 2154 4149">
    <p class='ocr_par' dir='ltr' id='par_1_44' title="bbox 487 4074 2154 4149">
     <span class='ocr_line' id='line_1_44' title="bbox 487 4074 2154 4149; baseline 0.004 -23"><span class='ocrx_word' id='word_1_318' title='bbox 487 4086 596 4126; x_wconf 88' lang='lat' dir='ltr'>nec</span> <span class='ocrx_word' id='word_1_319' title='bbox 625 4087 856 4127; x_wconf 90' lang='lat' dir='ltr'>annona</span> <span class='ocrx_word' id='word_1_320' title='bbox 889 4089 1022 4144; x_wconf 68' lang='lat' dir='ltr'>qua:</span> <span class='ocrx_word' id='word_1_321' title='bbox 1062 4074 1140 4127; x_wconf 90' lang='lat' dir='ltr'>ibi</span> <span class='ocrx_word' id='word_1_322' title='bbox 1175 4075 1439 4128; x_wconf 86' lang='lat' dir='ltr'>nascitur</span> <span class='ocrx_word' id='word_1_323' title='bbox 1470 4078 1662 4146; x_wconf 89' lang='lat' dir='ltr'>possit</span> <span class='ocrx_word' id='word_1_324' title='bbox 1693 4078 1764 4130; x_wconf 89' lang='lat' dir='ltr'>ad</span> <span class='ocrx_word' id='word_1_325' title='bbox 1798 4094 1908 4132; x_wconf 90' lang='lat' dir='ltr'>nos</span> <span class='ocrx_word' id='word_1_326' title='bbox 1939 4094 2154 4149; x_wconf 87' lang='lat' dir='ltr'>perve-</span> 
     </span>
    </p>
   </div>
   <div class='ocr_carea' id='block_1_45' title="bbox 487 4161 2158 4234">
    <p class='ocr_par' dir='ltr' id='par_1_45' title="bbox 487 4161 2158 4234">
     <span class='ocr_line' id='line_1_45' title="bbox 487 4161 2158 4234; baseline 0.005 -20"><span class='ocrx_word' id='word_1_327' title='bbox 487 4161 634 4230; x_wconf 91' lang='lat' dir='ltr'>nire,</span> <span class='ocrx_word' id='word_1_328' title='bbox 667 4161 887 4216; x_wconf 90' lang='lat' dir='ltr'>ibidem</span> <span class='ocrx_word' id='word_1_329' title='bbox 918 4163 1211 4232; x_wconf 87' lang='lat' dir='ltr'>venditur,</span> <span class='ocrx_word' id='word_1_330' title='bbox 1247 4167 1301 4217; x_wconf 92' lang='lat' dir='ltr'>et</span> <span class='ocrx_word' id='word_1_331' title='bbox 1330 4165 1581 4234; x_wconf 90' lang='lat' dir='ltr'>pretium</span> <span class='ocrx_word' id='word_1_332' title='bbox 1606 4167 1933 4221; x_wconf 89' lang='lat' dir='ltr'>camerario</span> <span class='ocrx_word' id='word_1_333' title='bbox 1969 4168 2158 4222; x_wconf 84' lang='lat' dir='ltr'>defer-</span> 
     </span>
    </p>
   </div>
   <div class='ocr_carea' id='block_1_46' title="bbox 485 4251 2152 4326">
    <p class='ocr_par' dir='ltr' id='par_1_46' title="bbox 485 4251 2152 4326">
     <span class='ocr_line' id='line_1_46' title="bbox 485 4251 2152 4326; baseline 0.004 -22"><span class='ocrx_word' id='word_1_334' title='bbox 485 4253 600 4305; x_wconf 90' lang='lat' dir='ltr'>tur.</span> <span class='ocrx_word' id='word_1_335' title='bbox 631 4251 948 4305; x_wconf 90' lang='lat' dir='ltr'>Postremo</span> <span class='ocrx_word' id='word_1_336' title='bbox 979 4252 1262 4322; x_wconf 88' lang='lat' dir='ltr'>quidquid</span> <span class='ocrx_word' id='word_1_337' title='bbox 1287 4253 1414 4306; x_wconf 88' lang='lat' dir='ltr'>auri</span> <span class='ocrx_word' id='word_1_338' title='bbox 1444 4255 1534 4307; x_wconf 93' lang='lat' dir='ltr'>vel</span> <span class='ocrx_word' id='word_1_339' title='bbox 1559 4256 1788 4326; x_wconf 88' lang='lat' dir='ltr'>argenti</span> <span class='ocrx_word' id='word_1_340' title='bbox 1813 4256 1901 4310; x_wconf 88' lang='lat' dir='ltr'>vel</span> <span class='ocrx_word' id='word_1_341' title='bbox 1929 4256 2152 4310; x_wconf 91' lang='lat' dir='ltr'>bestia-</span> 
     </span>
    </p>
   </div>
   <div class='ocr_carea' id='block_1_47' title="bbox 488 4341 2149 4415">
    <p class='ocr_par' dir='ltr' id='par_1_47' title="bbox 488 4341 2149 4415">
     <span class='ocr_line' id='line_1_47' title="bbox 488 4341 2149 4415; baseline 0.002 -22"><span class='ocrx_word' id='word_1_342' title='bbox 488 4357 619 4394; x_wconf 91' lang='lat' dir='ltr'>rum</span> <span class='ocrx_word' id='word_1_343' title='bbox 640 4341 1031 4410; x_wconf 90' lang='lat' dir='ltr'>undecunque</span> <span class='ocrx_word' id='word_1_344' title='bbox 1051 4342 1302 4395; x_wconf 89' lang='lat' dir='ltr'>donatur</span> <span class='ocrx_word' id='word_1_345' title='bbox 1317 4343 1511 4410; x_wconf 92' lang='lat' dir='ltr'>nobis,</span> <span class='ocrx_word' id='word_1_346' title='bbox 1537 4347 1720 4397; x_wconf 88' lang='lat' dir='ltr'>totum</span> <span class='ocrx_word' id='word_1_347' title='bbox 1744 4345 1872 4414; x_wconf 91' lang='lat' dir='ltr'>ipse</span> <span class='ocrx_word' id='word_1_348' title='bbox 1893 4345 2149 4415; x_wconf 83' lang='lat' dir='ltr'>habebit,</span> 
     </span>
    </p>
   </div>
   <div class='ocr_carea' id='block_1_48' title="bbox 489 4431 2154 4504">
    <p class='ocr_par' dir='ltr' id='par_1_48' title="bbox 489 4431 2154 4504">
     <span class='ocr_line' id='line_1_48' title="bbox 489 4431 2154 4504; baseline 0.004 -22"><span class='ocrx_word' id='word_1_349' title='bbox 489 4433 734 4498; x_wconf 85' lang='lat' dir='ltr'>excepto</span> <span class='ocrx_word' id='word_1_350' title='bbox 767 4434 1047 4499; x_wconf 88' lang='lat' dir='ltr'>quantum</span> <span class='ocrx_word' id='word_1_351' title='bbox 1079 4447 1211 4484; x_wconf 91' lang='lat' dir='ltr'>sum</span> <span class='ocrx_word' id='word_1_352' title='bbox 1241 4431 1334 4484; x_wconf 89' lang='lat' dir='ltr'>hic</span> <span class='ocrx_word' id='word_1_353' title='bbox 1359 4433 1644 4486; x_wconf 88' lang='lat' dir='ltr'>dicturus.</span> <span class='ocrx_word' id='word_1_354' title='bbox 1678 4433 1740 4487; x_wconf 89' lang='lat' dir='ltr'>Si</span> <span class='ocrx_word' id='word_1_355' title='bbox 1762 4434 1896 4504; x_wconf 90' lang='lat' dir='ltr'>quis</span> <span class='ocrx_word' id='word_1_356' title='bbox 1929 4434 2154 4488; x_wconf 86' lang='lat' dir='ltr'>dederit</span> 
     </span>
    </p>
   </div>
   <div class='ocr_carea' id='block_1_49' title="bbox 2166 1817 2218 1877">
    <p class='ocr_par' dir='ltr' id='par_1_49' title="bbox 2166 1817 2218 1877">
     <span class='ocr_line' id='line_1_49' title="bbox 2166 1817 2218 1877; baseline 0 0"><span class='ocrx_word' id='word_1_357' title='bbox 2166 1817 2218 1877; x_wconf 84' lang='grc' dir='ltr'>Β</span> 
     </span>
    </p>
   </div>
   <div class='ocr_carea' id='block_1_50' title="bbox 2242 613 3822 692">
    <p class='ocr_par' dir='ltr' id='par_1_50' title="bbox 2242 613 3822 692">
     <span class='ocr_line' id='line_1_50' title="bbox 2242 613 3822 692; baseline 0.003 -17"><span class='ocrx_word' id='word_1_358' title='bbox 2242 621 2348 676; x_wconf 90' lang='lat' dir='ltr'>riis</span> <span class='ocrx_word' id='word_1_359' title='bbox 2381 625 2472 676; x_wconf 89' lang='lat' dir='ltr'>est</span> <span class='ocrx_word' id='word_1_360' title='bbox 2505 623 2932 691; x_wconf 87' lang='lat' dir='ltr'>comparatum;</span> <span class='ocrx_word' id='word_1_361' title='bbox 2965 613 3122 692; x_wconf 84' lang='lat' dir='ltr'>quod</span> <span class='ocrx_word' id='word_1_362' title='bbox 3153 637 3282 675; x_wconf 91' lang='lat' dir='ltr'>cum</span> <span class='ocrx_word' id='word_1_363' title='bbox 3325 639 3425 692; x_wconf 91' lang='lat' dir='ltr'>per</span> <span class='ocrx_word' id='word_1_364' title='bbox 3451 625 3599 678; x_wconf 87' lang='lat' dir='ltr'>vices</span> <span class='ocrx_word' id='word_1_365' title='bbox 3637 628 3822 682; x_wconf 88' lang='lat' dir='ltr'>eveniat</span> 
     </span>
    </p>
   </div>
   <div class='ocr_carea' id='block_1_51' title="bbox 2242 710 3822 782">
    <p class='ocr_par' dir='ltr' id='par_1_51' title="bbox 2242 710 3822 782">
     <span class='ocr_line' id='line_1_51' title="bbox 2242 710 3822 782; baseline 0.004 -18"><span class='ocrx_word' id='word_1_366' title='bbox 2242 711 2314 764; x_wconf 90' lang='lat' dir='ltr'>de</span> <span class='ocrx_word' id='word_1_367' title='bbox 2346 711 2525 776; x_wconf 78' lang='lat' dir='ltr'>victu,</span> <span class='ocrx_word' id='word_1_368' title='bbox 2575 710 2859 781; x_wconf 89' lang='lat' dir='ltr'>quidquid</span> <span class='ocrx_word' id='word_1_369' title='bbox 2890 710 2959 764; x_wconf 91' lang='lat' dir='ltr'>ad</span> <span class='ocrx_word' id='word_1_370' title='bbox 3005 711 3279 764; x_wconf 90' lang='lat' dir='ltr'>vestitum</span> <span class='ocrx_word' id='word_1_371' title='bbox 3307 713 3559 782; x_wconf 90' lang='lat' dir='ltr'>pertinet,</span> <span class='ocrx_word' id='word_1_372' title='bbox 3602 714 3696 768; x_wconf 88' lang='lat' dir='ltr'>hoc</span> <span class='ocrx_word' id='word_1_373' title='bbox 3733 732 3822 770; x_wconf 89' lang='lat' dir='ltr'>non</span> 
     </span>
    </p>
   </div>
   <div class='ocr_carea' id='block_1_52' title="bbox 2243 800 3824 873">
    <p class='ocr_par' dir='ltr' id='par_1_52' title="bbox 2243 800 3824 873">
     <span class='ocr_line' id='line_1_52' title="bbox 2243 800 3824 873; baseline 0.004 -19"><span class='ocrx_word' id='word_1_374' title='bbox 2243 815 2348 870; x_wconf 88' lang='lat' dir='ltr'>per</span> <span class='ocrx_word' id='word_1_375' title='bbox 2377 801 2564 868; x_wconf 89' lang='lat' dir='ltr'>vices,</span> <span class='ocrx_word' id='word_1_376' title='bbox 2599 800 2705 854; x_wconf 91' lang='lat' dir='ltr'>sed</span> <span class='ocrx_word' id='word_1_377' title='bbox 2753 813 2990 868; x_wconf 88' lang='lat' dir='ltr'>semper</span> <span class='ocrx_word' id='word_1_378' title='bbox 3035 801 3091 854; x_wconf 91' lang='lat' dir='ltr'>et</span> <span class='ocrx_word' id='word_1_379' title='bbox 3122 817 3197 854; x_wconf 81' lang='lat' dir='ltr'>ex</span> <span class='ocrx_word' id='word_1_380' title='bbox 3242 803 3358 855; x_wconf 91' lang='lat' dir='ltr'>toto</span> <span class='ocrx_word' id='word_1_381' title='bbox 3403 805 3489 855; x_wconf 90' lang='lat' dir='ltr'>est</span> <span class='ocrx_word' id='word_1_382' title='bbox 3533 818 3824 873; x_wconf 82' lang='lat' dir='ltr'>comparan-</span> 
     </span>
    </p>
   </div>
   <div class='ocr_carea' id='block_1_53' title="bbox 2244 889 3830 1032">
    <p class='ocr_par' dir='ltr' id='par_1_53' title="bbox 2244 889 3830 1032">
     <span class='ocr_line' id='line_1_53' title="bbox 2244 889 3830 1032; baseline 0.003 -20"><span class='ocrx_word' id='word_1_383' title='bbox 2244 889 2566 1014; x_wconf 52' lang='lat' dir='ltr'>dugluilibet</span> <span class='ocrx_word' id='word_1_384' title='bbox 2595 965 2788 1016; x_wconf 90' lang='lat' dir='ltr'>autem</span> <span class='ocrx_word' id='word_1_385' title='bbox 2820 960 2985 1016; x_wconf 83' lang='lat' dir='ltr'>fratri</span> <span class='ocrx_word' id='word_1_386' title='bbox 3016 976 3371 1032; x_wconf 88' lang='lat' dir='ltr'>unoquoque</span> <span class='ocrx_word' id='word_1_387' title='bbox 3391 961 3550 1016; x_wconf 89' lang='lat' dir='ltr'>datur</span> <span class='ocrx_word' id='word_1_388' title='bbox 3575 977 3705 1017; x_wconf 87' lang='lat' dir='ltr'>anno</span> <span class='ocrx_word' id='word_1_389' title='bbox 3734 963 3830 1017; x_wconf 85' lang='lat' dir='ltr'>fro-</span> 
     </span>
    </p>
   </div>
   <div class='ocr_carea' id='block_1_54' title="bbox 2245 1050 3832 1122">
    <p class='ocr_par' dir='ltr' id='par_1_54' title="bbox 2245 1050 3832 1122">
     <span class='ocr_line' id='line_1_54' title="bbox 2245 1050 3832 1122; baseline 0 -18"><span class='ocrx_word' id='word_1_390' title='bbox 2245 1066 2351 1104; x_wconf 92' lang='lat' dir='ltr'>cus</span> <span class='ocrx_word' id='word_1_391' title='bbox 2379 1065 2570 1104; x_wconf 91' lang='lat' dir='ltr'>novus</span> <span class='ocrx_word' id='word_1_392' title='bbox 2603 1053 2659 1104; x_wconf 90' lang='lat' dir='ltr'>et</span> <span class='ocrx_word' id='word_1_393' title='bbox 2689 1066 2840 1104; x_wconf 88' lang='lat' dir='ltr'>nova</span> <span class='ocrx_word' id='word_1_394' title='bbox 2874 1051 3124 1119; x_wconf 89' lang='lat' dir='ltr'>cuculla,</span> <span class='ocrx_word' id='word_1_395' title='bbox 3157 1051 3233 1104; x_wconf 91' lang='lat' dir='ltr'>ita</span> <span class='ocrx_word' id='word_1_396' title='bbox 3264 1055 3321 1104; x_wconf 87' lang='lat' dir='ltr'>ut</span> <span class='ocrx_word' id='word_1_397' title='bbox 3353 1050 3515 1105; x_wconf 80' lang='lat' dir='ltr'>ambo</span> <span class='ocrx_word' id='word_1_398' title='bbox 3543 1050 3726 1106; x_wconf 86' lang='lat' dir='ltr'>habeat</span> <span class='ocrx_word' id='word_1_399' title='bbox 3749 1068 3832 1122; x_wconf 87' lang='lat' dir='ltr'>pa-</span> 
     </span>
    </p>
   </div>
   <div class='ocr_carea' id='block_1_55' title="bbox 2245 1139 3832 1208">
    <p class='ocr_par' dir='ltr' id='par_1_55' title="bbox 2245 1139 3832 1208">
     <span class='ocr_line' id='line_1_55' title="bbox 2245 1139 3832 1208; baseline 0.001 -16"><span class='ocrx_word' id='word_1_400' title='bbox 2245 1143 2366 1192; x_wconf 86' lang='lat' dir='ltr'>rata</span> <span class='ocrx_word' id='word_1_401' title='bbox 2415 1144 2470 1194; x_wconf 93' lang='lat' dir='ltr'>et</span> <span class='ocrx_word' id='word_1_402' title='bbox 2501 1142 2746 1193; x_wconf 85' lang='lat' dir='ltr'>consuta</span> <span class='ocrx_word' id='word_1_403' title='bbox 2794 1143 2926 1194; x_wconf 86' lang='lat' dir='ltr'>ante</span> <span class='ocrx_word' id='word_1_404' title='bbox 2969 1139 3341 1194; x_wconf 89' lang='lat' dir='ltr'>Nativitatem</span> <span class='ocrx_word' id='word_1_405' title='bbox 3383 1140 3629 1208; x_wconf 81' lang='lat' dir='ltr'>Domini;</span> <span class='ocrx_word' id='word_1_406' title='bbox 3658 1157 3832 1194; x_wconf 89' lang='lat' dir='ltr'>novum</span> 
     </span>
    </p>
   </div>
   <div class='ocr_carea' id='block_1_56' title="bbox 2244 1227 3837 1298">
    <p class='ocr_par' dir='ltr' id='par_1_56' title="bbox 2244 1227 3837 1298">
     <span class='ocr_line' id='line_1_56' title="bbox 2244 1227 3837 1298; baseline 0 -18"><span class='ocrx_word' id='word_1_407' title='bbox 2244 1227 2540 1298; x_wconf 90' lang='lat' dir='ltr'>pellicium</span> <span class='ocrx_word' id='word_1_408' title='bbox 2565 1229 2826 1283; x_wconf 90' lang='lat' dir='ltr'>secundo</span> <span class='ocrx_word' id='word_1_409' title='bbox 2844 1229 3014 1282; x_wconf 89' lang='lat' dir='ltr'>datur</span> <span class='ocrx_word' id='word_1_410' title='bbox 3035 1245 3207 1298; x_wconf 89' lang='lat' dir='ltr'>anno,</span> <span class='ocrx_word' id='word_1_411' title='bbox 3232 1231 3287 1283; x_wconf 89' lang='lat' dir='ltr'>et</span> <span class='ocrx_word' id='word_1_412' title='bbox 3307 1229 3363 1282; x_wconf 92' lang='lat' dir='ltr'>in</span> <span class='ocrx_word' id='word_1_413' title='bbox 3381 1229 3668 1283; x_wconf 82' lang='lat' dir='ltr'>festivitate</span> <span class='ocrx_word' id='word_1_414' title='bbox 3682 1229 3733 1282; x_wconf 91' lang='lat' dir='ltr'>S.</span> <span class='ocrx_word' id='word_1_415' title='bbox 3753 1229 3837 1281; x_wconf 82' lang='lat' dir='ltr'>Mi-</span> 
     </span>
    </p>
   </div>
   <div class='ocr_carea' id='block_1_57' title="bbox 2246 1317 3837 1390">
    <p class='ocr_par' dir='ltr' id='par_1_57' title="bbox 2246 1317 3837 1390">
     <span class='ocr_line' id='line_1_57' title="bbox 2246 1317 3837 1390; baseline 0 -20"><span class='ocrx_word' id='word_1_416' title='bbox 2246 1317 2502 1385; x_wconf 89' lang='lat' dir='ltr'>chaelis;</span> <span class='ocrx_word' id='word_1_417' title='bbox 2526 1317 2781 1386; x_wconf 88' lang='lat' dir='ltr'>interim,</span> <span class='ocrx_word' id='word_1_418' title='bbox 2807 1317 2942 1371; x_wconf 91' lang='lat' dir='ltr'>dum</span> <span class='ocrx_word' id='word_1_419' title='bbox 2971 1322 3297 1372; x_wconf 88' lang='lat' dir='ltr'>conventus</span> <span class='ocrx_word' id='word_1_420' title='bbox 3320 1317 3488 1390; x_wconf 85' lang='lat' dir='ltr'>fuerit</span> <span class='ocrx_word' id='word_1_421' title='bbox 3509 1318 3562 1371; x_wconf 91' lang='lat' dir='ltr'>in</span> <span class='ocrx_word' id='word_1_422' title='bbox 3579 1318 3837 1372; x_wconf 79' lang='lat' dir='ltr'>refectorio</span> 
     </span>
    </p>
   </div>
   <div class='ocr_carea' id='block_1_58' title="bbox 2245 1405 3838 1476">
    <p class='ocr_par' dir='ltr' id='par_1_58' title="bbox 2245 1405 3838 1476">
     <span class='ocr_line' id='line_1_58' title="bbox 2245 1405 3838 1476; baseline -0.001 -17"><span class='ocrx_word' id='word_1_423' title='bbox 2245 1405 2316 1459; x_wconf 90' lang='lat' dir='ltr'>ad</span> <span class='ocrx_word' id='word_1_424' title='bbox 2353 1405 2682 1474; x_wconf 89' lang='lat' dir='ltr'>prandium,</span> <span class='ocrx_word' id='word_1_425' title='bbox 2727 1407 2964 1476; x_wconf 90' lang='lat' dir='ltr'>ponitur</span> <span class='ocrx_word' id='word_1_426' title='bbox 3008 1408 3066 1459; x_wconf 89' lang='lat' dir='ltr'>in</span> <span class='ocrx_word' id='word_1_427' title='bbox 3116 1405 3248 1476; x_wconf 85' lang='lat' dir='ltr'>ejus</span> <span class='ocrx_word' id='word_1_428' title='bbox 3299 1407 3522 1460; x_wconf 90' lang='lat' dir='ltr'>lectum.</span> <span class='ocrx_word' id='word_1_429' title='bbox 3571 1406 3755 1460; x_wconf 87' lang='lat' dir='ltr'>lterum</span> <span class='ocrx_word' id='word_1_430' title='bbox 3793 1407 3838 1459; x_wconf 89' lang='lat' dir='ltr'>in</span> 
     </span>
    </p>
   </div>
   <div class='ocr_carea' id='block_1_59' title="bbox 2247 1494 3838 1566">
    <p class='ocr_par' dir='ltr' id='par_1_59' title="bbox 2247 1494 3838 1566">
     <span class='ocr_line' id='line_1_59' title="bbox 2247 1494 3838 1566; baseline 0 -18"><span class='ocrx_word' id='word_1_431' title='bbox 2247 1494 2565 1549; x_wconf 88' lang='lat' dir='ltr'>festivitate</span> <span class='ocrx_word' id='word_1_432' title='bbox 2589 1495 2648 1550; x_wconf 89' lang='lat' dir='ltr'>S.</span> <span class='ocrx_word' id='word_1_433' title='bbox 2682 1495 2914 1549; x_wconf 87' lang='lat' dir='ltr'>Martini</span> <span class='ocrx_word' id='word_1_434' title='bbox 2936 1495 3213 1566; x_wconf 88' lang='lat' dir='ltr'>pedules;</span> <span class='ocrx_word' id='word_1_435' title='bbox 3247 1496 3318 1549; x_wconf 87' lang='lat' dir='ltr'>de</span> <span class='ocrx_word' id='word_1_436' title='bbox 3349 1496 3726 1549; x_wconf 74' lang='lat' dir='ltr'>calceamentis</span> <span class='ocrx_word' id='word_1_437' title='bbox 3751 1495 3838 1548; x_wconf 89' lang='lat' dir='ltr'>alio</span> 
     </span>
    </p>
   </div>
   <div class='ocr_carea' id='block_1_60' title="bbox 2245 1584 3840 1654">
    <p class='ocr_par' dir='ltr' id='par_1_60' title="bbox 2245 1584 3840 1654">
     <span class='ocr_line' id='line_1_60' title="bbox 2245 1584 3840 1654; baseline -0.001 -16"><span class='ocrx_word' id='word_1_438' title='bbox 2245 1584 2376 1639; x_wconf 92' lang='lat' dir='ltr'>loco</span> <span class='ocrx_word' id='word_1_439' title='bbox 2407 1585 2526 1638; x_wconf 83' lang='lat' dir='ltr'>dixi</span> <span class='ocrx_word' id='word_1_440' title='bbox 2557 1585 2850 1654; x_wconf 90' lang='lat' dir='ltr'>quomodo</span> <span class='ocrx_word' id='word_1_441' title='bbox 2882 1585 3094 1638; x_wconf 86' lang='lat' dir='ltr'>dantur</span> <span class='ocrx_word' id='word_1_442' title='bbox 3123 1585 3182 1638; x_wconf 91' lang='lat' dir='ltr'>in</span> <span class='ocrx_word' id='word_1_443' title='bbox 3199 1584 3377 1638; x_wconf 74' lang='lat' dir='ltr'>Coena</span> <span class='ocrx_word' id='word_1_444' title='bbox 3397 1584 3628 1652; x_wconf 90' lang='lat' dir='ltr'>Domini,</span> <span class='ocrx_word' id='word_1_445' title='bbox 3655 1584 3725 1637; x_wconf 90' lang='lat' dir='ltr'>De</span> <span class='ocrx_word' id='word_1_446' title='bbox 3743 1586 3840 1636; x_wconf 80' lang='lat' dir='ltr'>sta-</span> 
     </span>
    </p>
   </div>
   <div class='ocr_carea' id='block_1_61' title="bbox 2248 1671 3841 1744">
    <p class='ocr_par' dir='ltr' id='par_1_61' title="bbox 2248 1671 3841 1744">
     <span class='ocr_line' id='line_1_61' title="bbox 2248 1671 3841 1744; baseline -0.001 -18"><span class='ocrx_word' id='word_1_447' title='bbox 2248 1673 2460 1728; x_wconf 89' lang='lat' dir='ltr'>mineis</span> <span class='ocrx_word' id='word_1_448' title='bbox 2491 1677 2546 1728; x_wconf 91' lang='lat' dir='ltr'>et</span> <span class='ocrx_word' id='word_1_449' title='bbox 2578 1673 2983 1741; x_wconf 84' lang='lat' dir='ltr'>femoralibus,</span> <span class='ocrx_word' id='word_1_450' title='bbox 3015 1674 3110 1728; x_wconf 91' lang='lat' dir='ltr'>vel</span> <span class='ocrx_word' id='word_1_451' title='bbox 3142 1675 3194 1727; x_wconf 89' lang='lat' dir='ltr'>si</span> <span class='ocrx_word' id='word_1_452' title='bbox 3227 1690 3358 1744; x_wconf 84' lang='lat' dir='ltr'>quae</span> <span class='ocrx_word' id='word_1_453' title='bbox 3390 1677 3522 1727; x_wconf 91' lang='lat' dir='ltr'>sunt</span> <span class='ocrx_word' id='word_1_454' title='bbox 3549 1673 3647 1725; x_wconf 90' lang='lat' dir='ltr'>alia</span> <span class='ocrx_word' id='word_1_455' title='bbox 3668 1671 3841 1741; x_wconf 85' lang='lat' dir='ltr'>hujus-</span> 
     </span>
    </p>
   </div>
   <div class='ocr_carea' id='block_1_62' title="bbox 2249 1761 3842 1832">
    <p class='ocr_par' dir='ltr' id='par_1_62' title="bbox 2249 1761 3842 1832">
     <span class='ocr_line' id='line_1_62' title="bbox 2249 1761 3842 1832; baseline -0.002 -17"><span class='ocrx_word' id='word_1_456' title='bbox 2249 1763 2426 1829; x_wconf 90' lang='lat' dir='ltr'>modi,</span> <span class='ocrx_word' id='word_1_457' title='bbox 2466 1761 2609 1815; x_wconf 88' lang='lat' dir='ltr'>nihil</span> <span class='ocrx_word' id='word_1_458' title='bbox 2637 1761 2794 1815; x_wconf 89' lang='lat' dir='ltr'>aliud</span> <span class='ocrx_word' id='word_1_459' title='bbox 2826 1763 2918 1816; x_wconf 92' lang='lat' dir='ltr'>est</span> <span class='ocrx_word' id='word_1_460' title='bbox 2948 1762 3326 1817; x_wconf 90' lang='lat' dir='ltr'>constitutum</span> <span class='ocrx_word' id='word_1_461' title='bbox 3361 1778 3527 1832; x_wconf 90' lang='lat' dir='ltr'>quam</span> <span class='ocrx_word' id='word_1_462' title='bbox 3557 1761 3712 1830; x_wconf 88' lang='lat' dir='ltr'>quod,</span> <span class='ocrx_word' id='word_1_463' title='bbox 3741 1776 3842 1812; x_wconf 80' lang='lat' dir='ltr'>cum</span> 
     </span>
    </p>
   </div>
   <div class='ocr_carea' id='block_1_63' title="bbox 2249 1849 3845 1921">
    <p class='ocr_par' dir='ltr' id='par_1_63' title="bbox 2249 1849 3845 1921">
     <span class='ocr_line' id='line_1_63' title="bbox 2249 1849 3845 1921; baseline -0.001 -17"><span class='ocrx_word' id='word_1_464' title='bbox 2249 1851 2466 1905; x_wconf 88' lang='lat' dir='ltr'>fuerint</span> <span class='ocrx_word' id='word_1_465' title='bbox 2498 1851 2841 1918; x_wconf 88' lang='lat' dir='ltr'>inveterata,</span> <span class='ocrx_word' id='word_1_466' title='bbox 2891 1867 3002 1904; x_wconf 90' lang='lat' dir='ltr'>nec</span> <span class='ocrx_word' id='word_1_467' title='bbox 3035 1851 3227 1921; x_wconf 84' lang='lat' dir='ltr'>magis</span> <span class='ocrx_word' id='word_1_468' title='bbox 3257 1851 3532 1920; x_wconf 83' lang='lat' dir='ltr'>prollcua,</span> <span class='ocrx_word' id='word_1_469' title='bbox 3564 1851 3643 1904; x_wconf 88' lang='lat' dir='ltr'>eis</span> <span class='ocrx_word' id='word_1_470' title='bbox 3670 1849 3845 1902; x_wconf 82' lang='lat' dir='ltr'>ablatis</span> 
     </span>
    </p>
   </div>
   <div class='ocr_carea' id='block_1_64' title="bbox 2249 1937 3850 2010">
    <p class='ocr_par' dir='ltr' id='par_1_64' title="bbox 2249 1937 3850 2010">
     <span class='ocr_line' id='line_1_64' title="bbox 2249 1937 3850 2010; baseline -0.003 -16"><span class='ocrx_word' id='word_1_471' title='bbox 2249 1944 2304 1994; x_wconf 91' lang='lat' dir='ltr'>et</span> <span class='ocrx_word' id='word_1_472' title='bbox 2335 1955 2443 2010; x_wconf 90' lang='lat' dir='ltr'>per</span> <span class='ocrx_word' id='word_1_473' title='bbox 2474 1939 2637 2008; x_wconf 88' lang='lat' dir='ltr'>ipsos</span> <span class='ocrx_word' id='word_1_474' title='bbox 2659 1939 2876 1994; x_wconf 88' lang='lat' dir='ltr'>fratres</span> <span class='ocrx_word' id='word_1_475' title='bbox 2908 1939 2978 1993; x_wconf 89' lang='lat' dir='ltr'>ad</span> <span class='ocrx_word' id='word_1_476' title='bbox 3012 1955 3304 1993; x_wconf 87' lang='lat' dir='ltr'>cameram</span> <span class='ocrx_word' id='word_1_477' title='bbox 3336 1939 3590 2005; x_wconf 88' lang='lat' dir='ltr'>redditis,</span> <span class='ocrx_word' id='word_1_478' title='bbox 3619 1937 3716 1990; x_wconf 90' lang='lat' dir='ltr'>alia</span> <span class='ocrx_word' id='word_1_479' title='bbox 3741 1941 3850 1989; x_wconf 87' lang='lat' dir='ltr'>sunt</span> 
     </span>
    </p>
   </div>
   <div class='ocr_carea' id='block_1_65' title="bbox 2247 2025 3848 2098">
    <p class='ocr_par' dir='ltr' id='par_1_65' title="bbox 2247 2025 3848 2098">
     <span class='ocr_line' id='line_1_65' title="bbox 2247 2025 3848 2098; baseline -0.002 -16"><span class='ocrx_word' id='word_1_480' title='bbox 2247 2029 2579 2083; x_wconf 90' lang='lat' dir='ltr'>tribuenda.</span> <span class='ocrx_word' id='word_1_481' title='bbox 2637 2029 2708 2083; x_wconf 89' lang='lat' dir='ltr'>Et</span> <span class='ocrx_word' id='word_1_482' title='bbox 2763 2032 2824 2083; x_wconf 89' lang='lat' dir='ltr'>ut</span> <span class='ocrx_word' id='word_1_483' title='bbox 2877 2030 2988 2083; x_wconf 87' lang='lat' dir='ltr'>hoc</span> <span class='ocrx_word' id='word_1_484' title='bbox 3041 2029 3226 2083; x_wconf 90' lang='lat' dir='ltr'>semel</span> <span class='ocrx_word' id='word_1_485' title='bbox 3273 2029 3458 2082; x_wconf 90' lang='lat' dir='ltr'>dicam</span> <span class='ocrx_word' id='word_1_486' title='bbox 3507 2026 3756 2098; x_wconf 88' lang='lat' dir='ltr'>quidquid</span> <span class='ocrx_word' id='word_1_487' title='bbox 3794 2025 3848 2078; x_wconf 87' lang='lat' dir='ltr'>ad</span> 
     </span>
    </p>
   </div>
   <div class='ocr_carea' id='block_1_66' title="bbox 2248 2117 3846 2189">
    <p class='ocr_par' dir='ltr' id='par_1_66' title="bbox 2248 2117 3846 2189">
     <span class='ocr_line' id='line_1_66' title="bbox 2248 2117 3846 2189; baseline -0.003 -17"><span class='ocrx_word' id='word_1_488' title='bbox 2248 2119 2523 2172; x_wconf 89' lang='lat' dir='ltr'>amictum</span> <span class='ocrx_word' id='word_1_489' title='bbox 2559 2117 3036 2189; x_wconf 80' lang='lat' dir='ltr'>uniuscujusque</span> <span class='ocrx_word' id='word_1_490' title='bbox 3068 2117 3315 2172; x_wconf 86' lang='lat' dir='ltr'>fratrum</span> <span class='ocrx_word' id='word_1_491' title='bbox 3362 2117 3558 2172; x_wconf 89' lang='lat' dir='ltr'>haberi</span> <span class='ocrx_word' id='word_1_492' title='bbox 3587 2119 3752 2187; x_wconf 84' lang='lat' dir='ltr'>potest</span> <span class='ocrx_word' id='word_1_493' title='bbox 3774 2130 3846 2168; x_wconf 88' lang='lat' dir='ltr'>re-</span> 
     </span>
    </p>
   </div>
   <div class='ocr_carea' id='block_1_67' title="bbox 2250 2205 3851 2278">
    <p class='ocr_par' dir='ltr' id='par_1_67' title="bbox 2250 2205 3851 2278">
     <span class='ocr_line' id='line_1_67' title="bbox 2250 2205 3851 2278; baseline -0.004 -17"><span class='ocrx_word' id='word_1_494' title='bbox 2250 2207 2534 2278; x_wconf 85' lang='lat' dir='ltr'>gulariter</span> <span class='ocrx_word' id='word_1_495' title='bbox 2563 2211 2620 2260; x_wconf 90' lang='lat' dir='ltr'>et</span> <span class='ocrx_word' id='word_1_496' title='bbox 2649 2223 2754 2277; x_wconf 90' lang='lat' dir='ltr'>pro</span> <span class='ocrx_word' id='word_1_497' title='bbox 2777 2207 3206 2261; x_wconf 89' lang='lat' dir='ltr'>consuetudine</span> <span class='ocrx_word' id='word_1_498' title='bbox 3240 2206 3531 2277; x_wconf 83' lang='lat' dir='ltr'>generali:</span> <span class='ocrx_word' id='word_1_499' title='bbox 3557 2205 3723 2274; x_wconf 88' lang='lat' dir='ltr'>primo</span> <span class='ocrx_word' id='word_1_500' title='bbox 3743 2207 3851 2256; x_wconf 88' lang='lat' dir='ltr'>sunt</span> 
     </span>
    </p>
   </div>
   <div class='ocr_carea' id='block_1_68' title="bbox 2250 2293 3852 2363">
    <p class='ocr_par' dir='ltr' id='par_1_68' title="bbox 2250 2293 3852 2363">
     <span class='ocr_line' id='line_1_68' title="bbox 2250 2293 3852 2363; baseline -0.004 -13"><span class='ocrx_word' id='word_1_501' title='bbox 2250 2296 2366 2350; x_wconf 89' lang='lat' dir='ltr'>duo</span> <span class='ocrx_word' id='word_1_502' title='bbox 2386 2295 2558 2360; x_wconf 82' lang='lat' dir='ltr'>froci,</span> <span class='ocrx_word' id='word_1_503' title='bbox 2575 2300 2630 2350; x_wconf 91' lang='lat' dir='ltr'>et</span> <span class='ocrx_word' id='word_1_504' title='bbox 2649 2295 2780 2350; x_wconf 64' lang='lat' dir='ltr'>dum</span> <span class='ocrx_word' id='word_1_505' title='bbox 2801 2295 3070 2363; x_wconf 63' lang='lat' dir='ltr'>cucullis,</span> <span class='ocrx_word' id='word_1_506' title='bbox 3088 2296 3203 2350; x_wconf 93' lang='lat' dir='ltr'>duo</span> <span class='ocrx_word' id='word_1_507' title='bbox 3224 2295 3525 2361; x_wconf 86' lang='lat' dir='ltr'>staminea,</span> <span class='ocrx_word' id='word_1_508' title='bbox 3543 2293 3648 2347; x_wconf 90' lang='lat' dir='ltr'>duo</span> <span class='ocrx_word' id='word_1_509' title='bbox 3663 2306 3852 2362; x_wconf 84' lang='lat' dir='ltr'>quoque</span> 
     </span>
    </p>
   </div>
   <div class='ocr_carea' id='block_1_69' title="bbox 2251 2381 3850 2453">
    <p class='ocr_par' dir='ltr' id='par_1_69' title="bbox 2251 2381 3850 2453">
     <span class='ocr_line' id='line_1_69' title="bbox 2251 2381 3850 2453; baseline -0.004 -14"><span class='ocrx_word' id='word_1_510' title='bbox 2251 2385 2586 2453; x_wconf 88' lang='lat' dir='ltr'>femoralia;</span> <span class='ocrx_word' id='word_1_511' title='bbox 2635 2385 2752 2438; x_wconf 92' lang='lat' dir='ltr'>duo</span> <span class='ocrx_word' id='word_1_512' title='bbox 2803 2385 2965 2453; x_wconf 90' lang='lat' dir='ltr'>paria</span> <span class='ocrx_word' id='word_1_513' title='bbox 3015 2384 3351 2438; x_wconf 90' lang='lat' dir='ltr'>calceorum</span> <span class='ocrx_word' id='word_1_514' title='bbox 3400 2398 3528 2437; x_wconf 92' lang='lat' dir='ltr'>cum</span> <span class='ocrx_word' id='word_1_515' title='bbox 3576 2381 3850 2452; x_wconf 86' lang='lat' dir='ltr'>corrigiis:</span> 
     </span>
    </p>
   </div>
   <div class='ocr_carea' id='block_1_70' title="bbox 2251 2471 3853 2543">
    <p class='ocr_par' dir='ltr' id='par_1_70' title="bbox 2251 2471 3853 2543">
     <span class='ocr_line' id='line_1_70' title="bbox 2251 2471 3853 2543; baseline -0.006 -15"><span class='ocrx_word' id='word_1_516' title='bbox 2251 2490 2430 2528; x_wconf 91' lang='lat' dir='ltr'>unum</span> <span class='ocrx_word' id='word_1_517' title='bbox 2463 2491 2568 2543; x_wconf 90' lang='lat' dir='ltr'>par</span> <span class='ocrx_word' id='word_1_518' title='bbox 2613 2473 2929 2527; x_wconf 89' lang='lat' dir='ltr'>viltronum</span> <span class='ocrx_word' id='word_1_519' title='bbox 2961 2473 3033 2527; x_wconf 91' lang='lat' dir='ltr'>ad</span> <span class='ocrx_word' id='word_1_520' title='bbox 3066 2473 3321 2527; x_wconf 90' lang='lat' dir='ltr'>hiemem</span> <span class='ocrx_word' id='word_1_521' title='bbox 3351 2475 3408 2527; x_wconf 90' lang='lat' dir='ltr'>in</span> <span class='ocrx_word' id='word_1_522' title='bbox 3461 2474 3638 2538; x_wconf 89' lang='lat' dir='ltr'>nocte,</span> <span class='ocrx_word' id='word_1_523' title='bbox 3668 2472 3715 2524; x_wconf 91' lang='lat' dir='ltr'>et</span> <span class='ocrx_word' id='word_1_524' title='bbox 3740 2471 3853 2521; x_wconf 87' lang='lat' dir='ltr'>alte-</span> 
     </span>
    </p>
   </div>
   <div class='ocr_carea' id='block_1_71' title="bbox 2252 2557 3854 2629">
    <p class='ocr_par' dir='ltr' id='par_1_71' title="bbox 2252 2557 3854 2629">
     <span class='ocr_line' id='line_1_71' title="bbox 2252 2557 3854 2629; baseline -0.005 -13"><span class='ocrx_word' id='word_1_525' title='bbox 2252 2579 2382 2617; x_wconf 92' lang='lat' dir='ltr'>rum</span> <span class='ocrx_word' id='word_1_526' title='bbox 2413 2563 2541 2616; x_wconf 89' lang='lat' dir='ltr'>sine</span> <span class='ocrx_word' id='word_1_527' title='bbox 2573 2563 2823 2617; x_wconf 88' lang='lat' dir='ltr'>viltrono</span> <span class='ocrx_word' id='word_1_528' title='bbox 2856 2563 2928 2616; x_wconf 92' lang='lat' dir='ltr'>ad</span> <span class='ocrx_word' id='word_1_529' title='bbox 2959 2563 3201 2616; x_wconf 68' lang='lat' dir='ltr'>aestivas</span> <span class='ocrx_word' id='word_1_530' title='bbox 3234 2565 3462 2626; x_wconf 89' lang='lat' dir='ltr'>noctes;</span> <span class='ocrx_word' id='word_1_531' title='bbox 3493 2561 3600 2614; x_wconf 88' lang='lat' dir='ltr'>duo</span> <span class='ocrx_word' id='word_1_532' title='bbox 3627 2557 3766 2629; x_wconf 88' lang='lat' dir='ltr'>paria</span> <span class='ocrx_word' id='word_1_533' title='bbox 3784 2571 3854 2609; x_wconf 80' lang='lat' dir='ltr'>ca-</span> 
     </span>
    </p>
   </div>
   <div class='ocr_carea' id='block_1_72' title="bbox 2252 2647 3854 2722">
    <p class='ocr_par' dir='ltr' id='par_1_72' title="bbox 2252 2647 3854 2722">
     <span class='ocr_line' id='line_1_72' title="bbox 2252 2647 3854 2722; baseline -0.005 -17"><span class='ocrx_word' id='word_1_534' title='bbox 2252 2652 2528 2722; x_wconf 85' lang='lat' dir='ltr'>ligarum,</span> <span class='ocrx_word' id='word_1_535' title='bbox 2553 2653 2661 2705; x_wconf 91' lang='lat' dir='ltr'>tria</span> <span class='ocrx_word' id='word_1_536' title='bbox 2685 2651 2936 2720; x_wconf 87' lang='lat' dir='ltr'>pellicia,</span> <span class='ocrx_word' id='word_1_537' title='bbox 2967 2651 3059 2705; x_wconf 91' lang='lat' dir='ltr'>vel</span> <span class='ocrx_word' id='word_1_538' title='bbox 3082 2667 3256 2705; x_wconf 90' lang='lat' dir='ltr'>unam</span> <span class='ocrx_word' id='word_1_539' title='bbox 3281 2668 3387 2721; x_wconf 87' lang='lat' dir='ltr'>pro</span> <span class='ocrx_word' id='word_1_540' title='bbox 3412 2650 3574 2705; x_wconf 88' lang='lat' dir='ltr'>tertio</span> <span class='ocrx_word' id='word_1_541' title='bbox 3593 2647 3854 2719; x_wconf 85' lang='lat' dir='ltr'>gunellam,</span> 
     </span>
    </p>
   </div>
   <div class='ocr_carea' id='block_1_73' title="bbox 2255 2732 3855 2811">
    <p class='ocr_par' dir='ltr' id='par_1_73' title="bbox 2255 2732 3855 2811">
     <span class='ocr_line' id='line_1_73' title="bbox 2255 2732 3855 2811; baseline -0.006 -17"><span class='ocrx_word' id='word_1_542' title='bbox 2255 2741 2541 2810; x_wconf 79' lang='lat' dir='ltr'>capellam</span> <span class='ocrx_word' id='word_1_543' title='bbox 2573 2741 2644 2795; x_wconf 90' lang='lat' dir='ltr'>de</span> <span class='ocrx_word' id='word_1_544' title='bbox 2676 2740 2949 2809; x_wconf 88' lang='lat' dir='ltr'>pellibus,</span> <span class='ocrx_word' id='word_1_545' title='bbox 2985 2740 3245 2811; x_wconf 90' lang='lat' dir='ltr'>quinque</span> <span class='ocrx_word' id='word_1_546' title='bbox 3285 2740 3446 2810; x_wconf 89' lang='lat' dir='ltr'>paria</span> <span class='ocrx_word' id='word_1_547' title='bbox 3485 2737 3751 2809; x_wconf 85' lang='lat' dir='ltr'>pedulum.</span> <span class='ocrx_word' id='word_1_548' title='bbox 3790 2732 3855 2787; x_wconf 83' lang='lat' dir='ltr'>Ad</span> 
     </span>
    </p>
   </div>
   <div class='ocr_carea' id='block_1_74' title="bbox 2254 2826 3856 2899">
    <p class='ocr_par' dir='ltr' id='par_1_74' title="bbox 2254 2826 3856 2899">
     <span class='ocr_line' id='line_1_74' title="bbox 2254 2826 3856 2899; baseline -0.006 -14"><span class='ocrx_word' id='word_1_549' title='bbox 2254 2831 2469 2885; x_wconf 90' lang='lat' dir='ltr'>lectum</span> <span class='ocrx_word' id='word_1_550' title='bbox 2488 2830 2754 2898; x_wconf 89' lang='lat' dir='ltr'>capitale,</span> <span class='ocrx_word' id='word_1_551' title='bbox 2776 2829 3234 2899; x_wconf 86' lang='lat' dir='ltr'>coopertorium,</span> <span class='ocrx_word' id='word_1_552' title='bbox 3251 2832 3488 2895; x_wconf 88' lang='lat' dir='ltr'>cottum,</span> <span class='ocrx_word' id='word_1_553' title='bbox 3505 2826 3856 2897; x_wconf 85' lang='lat' dir='ltr'>stragulatum,</span> 
     </span>
    </p>
   </div>
   <div class='ocr_carea' id='block_1_75' title="bbox 2253 2910 3858 2989">
    <p class='ocr_par' dir='ltr' id='par_1_75' title="bbox 2253 2910 3858 2989">
     <span class='ocr_line' id='line_1_75' title="bbox 2253 2910 3858 2989; baseline -0.008 -15"><span class='ocrx_word' id='word_1_554' title='bbox 2253 2918 2723 2974; x_wconf 89' lang='lat' dir='ltr'>brachiolineum</span> <span class='ocrx_word' id='word_1_555' title='bbox 2741 2932 2857 2988; x_wconf 90' lang='lat' dir='ltr'>quo</span> <span class='ocrx_word' id='word_1_556' title='bbox 2876 2917 3177 2972; x_wconf 84' lang='lat' dir='ltr'>femoralia</span> <span class='ocrx_word' id='word_1_557' title='bbox 3196 2918 3636 2989; x_wconf 86' lang='lat' dir='ltr'>succinguntur,</span> <span class='ocrx_word' id='word_1_558' title='bbox 3651 2910 3858 2981; x_wconf 82' lang='lat' dir='ltr'>corrigia</span> 
     </span>
    </p>
   </div>
   <div class='ocr_carea' id='block_1_76' title="bbox 2257 2999 3861 3078">
    <p class='ocr_par' dir='ltr' id='par_1_76' title="bbox 2257 2999 3861 3078">
     <span class='ocr_line' id='line_1_76' title="bbox 2257 2999 3861 3078; baseline -0.007 -15"><span class='ocrx_word' id='word_1_559' title='bbox 2257 3008 2574 3075; x_wconf 87' lang='lat' dir='ltr'>cervicina,</span> <span class='ocrx_word' id='word_1_560' title='bbox 2608 3006 2764 3078; x_wconf 91' lang='lat' dir='ltr'>quod</span> <span class='ocrx_word' id='word_1_561' title='bbox 2799 3007 3168 3076; x_wconf 89' lang='lat' dir='ltr'>stamineum,</span> <span class='ocrx_word' id='word_1_562' title='bbox 3213 3009 3270 3061; x_wconf 89' lang='lat' dir='ltr'>et</span> <span class='ocrx_word' id='word_1_563' title='bbox 3302 3007 3361 3061; x_wconf 91' lang='lat' dir='ltr'>in</span> <span class='ocrx_word' id='word_1_564' title='bbox 3390 3022 3502 3077; x_wconf 92' lang='lat' dir='ltr'>quo</span> <span class='ocrx_word' id='word_1_565' title='bbox 3544 3003 3735 3075; x_wconf 88' lang='lat' dir='ltr'>pendet</span> <span class='ocrx_word' id='word_1_566' title='bbox 3761 2999 3861 3053; x_wconf 87' lang='lat' dir='ltr'>cul-</span> 
     </span>
    </p>
   </div>
   <div class='ocr_carea' id='block_1_77' title="bbox 2179 3093 3861 3186">
    <p class='ocr_par' dir='ltr' id='par_1_77' title="bbox 2179 3093 3861 3186">
     <span class='ocr_line' id='line_1_77' title="bbox 2179 3093 3861 3186; baseline -0.008 -34"><span class='ocrx_word' id='word_1_567' title='bbox 2179 3125 2230 3186; x_wconf 72' lang='grc' dir='ltr'><strong>Ο</strong></span> <span class='ocrx_word' id='word_1_568' title='bbox 2259 3098 2432 3152; x_wconf 89' lang='lat' dir='ltr'>tellus</span> <span class='ocrx_word' id='word_1_569' title='bbox 2458 3113 2592 3151; x_wconf 91' lang='lat' dir='ltr'>cum</span> <span class='ocrx_word' id='word_1_570' title='bbox 2615 3096 2848 3168; x_wconf 85' lang='lat' dir='ltr'>vagina,</span> <span class='ocrx_word' id='word_1_571' title='bbox 2877 3099 3085 3166; x_wconf 89' lang='lat' dir='ltr'>pecten</span> <span class='ocrx_word' id='word_1_572' title='bbox 3107 3095 3349 3166; x_wconf 88' lang='lat' dir='ltr'>ligneus</span> <span class='ocrx_word' id='word_1_573' title='bbox 3370 3112 3499 3150; x_wconf 91' lang='lat' dir='ltr'>cum</span> <span class='ocrx_word' id='word_1_574' title='bbox 3518 3093 3729 3164; x_wconf 86' lang='lat' dir='ltr'>vagina,</span> <span class='ocrx_word' id='word_1_575' title='bbox 3748 3101 3861 3142; x_wconf 90' lang='lat' dir='ltr'>acus</span> 
     </span>
    </p>
   </div>
   <div class='ocr_carea' id='block_1_78' title="bbox 2259 3181 3863 3256">
    <p class='ocr_par' dir='ltr' id='par_1_78' title="bbox 2259 3181 3863 3256">
     <span class='ocr_line' id='line_1_78' title="bbox 2259 3181 3863 3256; baseline -0.007 -16"><span class='ocrx_word' id='word_1_576' title='bbox 2259 3203 2389 3241; x_wconf 90' lang='lat' dir='ltr'>cum</span> <span class='ocrx_word' id='word_1_577' title='bbox 2419 3186 2515 3239; x_wconf 84' lang='lat' dir='ltr'>filo</span> <span class='ocrx_word' id='word_1_578' title='bbox 2539 3189 2595 3239; x_wconf 95' lang='lat' dir='ltr'>et</span> <span class='ocrx_word' id='word_1_579' title='bbox 2617 3185 2851 3256; x_wconf 86' lang='lat' dir='ltr'>vagina.</span> <span class='ocrx_word' id='word_1_580' title='bbox 2872 3184 3169 3238; x_wconf 88' lang='lat' dir='ltr'>Sacerdos</span> <span class='ocrx_word' id='word_1_581' title='bbox 3197 3188 3255 3238; x_wconf 91' lang='lat' dir='ltr'>et</span> <span class='ocrx_word' id='word_1_582' title='bbox 3279 3184 3561 3238; x_wconf 89' lang='lat' dir='ltr'>diaconus</span> <span class='ocrx_word' id='word_1_583' title='bbox 3581 3181 3772 3235; x_wconf 84' lang='lat' dir='ltr'>habere</span> <span class='ocrx_word' id='word_1_584' title='bbox 3789 3189 3863 3230; x_wconf 86' lang='lat' dir='ltr'>so-</span> 
     </span>
    </p>
   </div>
   <div class='ocr_carea' id='block_1_79' title="bbox 2257 3272 3862 3343">
    <p class='ocr_par' dir='ltr' id='par_1_79' title="bbox 2257 3272 3862 3343">
     <span class='ocr_line' id='line_1_79' title="bbox 2257 3272 3862 3343; baseline -0.008 -13"><span class='ocrx_word' id='word_1_585' title='bbox 2257 3276 2380 3330; x_wconf 90' lang='lat' dir='ltr'>lent</span> <span class='ocrx_word' id='word_1_586' title='bbox 2408 3275 2517 3329; x_wconf 92' lang='lat' dir='ltr'>tria</span> <span class='ocrx_word' id='word_1_587' title='bbox 2549 3274 2869 3338; x_wconf 86' lang='lat' dir='ltr'>femoralia,</span> <span class='ocrx_word' id='word_1_588' title='bbox 2902 3277 2964 3327; x_wconf 92' lang='lat' dir='ltr'>ut</span> <span class='ocrx_word' id='word_1_589' title='bbox 2994 3273 3046 3326; x_wconf 88' lang='lat' dir='ltr'>si</span> <span class='ocrx_word' id='word_1_590' title='bbox 3066 3273 3181 3327; x_wconf 86' lang='lat' dir='ltr'>tale</span> <span class='ocrx_word' id='word_1_591' title='bbox 3211 3274 3352 3343; x_wconf 87' lang='lat' dir='ltr'>quid</span> <span class='ocrx_word' id='word_1_592' title='bbox 3382 3274 3468 3327; x_wconf 90' lang='lat' dir='ltr'>eis</span> <span class='ocrx_word' id='word_1_593' title='bbox 3499 3272 3553 3324; x_wconf 92' lang='lat' dir='ltr'>in</span> <span class='ocrx_word' id='word_1_594' title='bbox 3576 3274 3725 3324; x_wconf 88' lang='lat' dir='ltr'>nocte</span> <span class='ocrx_word' id='word_1_595' title='bbox 3751 3281 3862 3320; x_wconf 89' lang='lat' dir='ltr'>con-</span> 
     </span>
    </p>
   </div>
   <div class='ocr_carea' id='block_1_80' title="bbox 2260 3353 3866 3436">
    <p class='ocr_par' dir='ltr' id='par_1_80' title="bbox 2260 3353 3866 3436">
     <span class='ocr_line' id='line_1_80' title="bbox 2260 3353 3866 3436; baseline -0.008 -18"><span class='ocrx_word' id='word_1_596' title='bbox 2260 3365 2480 3436; x_wconf 84' lang='lat' dir='ltr'>tigerit,</span> <span class='ocrx_word' id='word_1_597' title='bbox 2513 3364 2570 3417; x_wconf 92' lang='lat' dir='ltr'>in</span> <span class='ocrx_word' id='word_1_598' title='bbox 2601 3365 2873 3433; x_wconf 90' lang='lat' dir='ltr'>promptu</span> <span class='ocrx_word' id='word_1_599' title='bbox 2906 3363 2983 3417; x_wconf 91' lang='lat' dir='ltr'>sit</span> <span class='ocrx_word' id='word_1_600' title='bbox 3007 3379 3074 3418; x_wconf 92' lang='lat' dir='ltr'>ea</span> <span class='ocrx_word' id='word_1_601' title='bbox 3096 3365 3346 3417; x_wconf 88' lang='lat' dir='ltr'>mutare.</span> <span class='ocrx_word' id='word_1_602' title='bbox 3374 3362 3443 3415; x_wconf 85' lang='lat' dir='ltr'>Et</span> <span class='ocrx_word' id='word_1_603' title='bbox 3465 3358 3806 3422; x_wconf 87' lang='lat' dir='ltr'>camerarius,</span> <span class='ocrx_word' id='word_1_604' title='bbox 3827 3353 3866 3406; x_wconf 89' lang='lat' dir='ltr'>si</span> 
     </span>
    </p>
   </div>
   <div class='ocr_carea' id='block_1_81' title="bbox 2261 3442 3867 3522">
    <p class='ocr_par' dir='ltr' id='par_1_81' title="bbox 2261 3442 3867 3522">
     <span class='ocr_line' id='line_1_81' title="bbox 2261 3442 3867 3522; baseline -0.008 -14"><span class='ocrx_word' id='word_1_605' title='bbox 2261 3454 2352 3508; x_wconf 91' lang='lat' dir='ltr'>cui</span> <span class='ocrx_word' id='word_1_606' title='bbox 2379 3453 2614 3506; x_wconf 90' lang='lat' dir='ltr'>habenti</span> <span class='ocrx_word' id='word_1_607' title='bbox 2637 3453 2748 3506; x_wconf 87' lang='lat' dir='ltr'>tria</span> <span class='ocrx_word' id='word_1_608' title='bbox 2775 3452 3024 3522; x_wconf 77' lang='lat' dir='ltr'>pellicia,</span> <span class='ocrx_word' id='word_1_609' title='bbox 3049 3451 3241 3506; x_wconf 87' lang='lat' dir='ltr'>adhuc</span> <span class='ocrx_word' id='word_1_610' title='bbox 3266 3468 3374 3521; x_wconf 88' lang='lat' dir='ltr'>pro</span> <span class='ocrx_word' id='word_1_611' title='bbox 3397 3446 3770 3505; x_wconf 82' lang='lat' dir='ltr'>misericordia</span> <span class='ocrx_word' id='word_1_612' title='bbox 3788 3442 3867 3496; x_wconf 88' lang='lat' dir='ltr'>ad-</span> 
     </span>
    </p>
   </div>
   <div class='ocr_carea' id='block_1_82' title="bbox 2262 3536 3865 3612">
    <p class='ocr_par' dir='ltr' id='par_1_82' title="bbox 2262 3536 3865 3612">
     <span class='ocr_line' id='line_1_82' title="bbox 2262 3536 3865 3612; baseline -0.008 -16"><span class='ocrx_word' id='word_1_613' title='bbox 2262 3543 2345 3596; x_wconf 91' lang='lat' dir='ltr'>dit</span> <span class='ocrx_word' id='word_1_614' title='bbox 2376 3545 2432 3596; x_wconf 90' lang='lat' dir='ltr'>et</span> <span class='ocrx_word' id='word_1_615' title='bbox 2462 3542 2780 3612; x_wconf 87' lang='lat' dir='ltr'>guncllam,</span> <span class='ocrx_word' id='word_1_616' title='bbox 2814 3544 2870 3595; x_wconf 92' lang='lat' dir='ltr'>et</span> <span class='ocrx_word' id='word_1_617' title='bbox 2891 3541 2945 3594; x_wconf 91' lang='lat' dir='ltr'>si</span> <span class='ocrx_word' id='word_1_618' title='bbox 2966 3541 3059 3595; x_wconf 92' lang='lat' dir='ltr'>cui</span> <span class='ocrx_word' id='word_1_619' title='bbox 3082 3541 3241 3595; x_wconf 89' lang='lat' dir='ltr'>dedit</span> <span class='ocrx_word' id='word_1_620' title='bbox 3271 3557 3453 3595; x_wconf 90' lang='lat' dir='ltr'>unum</span> <span class='ocrx_word' id='word_1_621' title='bbox 3475 3555 3576 3610; x_wconf 86' lang='lat' dir='ltr'>par</span> <span class='ocrx_word' id='word_1_622' title='bbox 3599 3536 3865 3606; x_wconf 86' lang='lat' dir='ltr'>caligarum</span> 
     </span>
    </p>
   </div>
   <div class='ocr_carea' id='block_1_83' title="bbox 2263 3621 3867 3700">
    <p class='ocr_par' dir='ltr' id='par_1_83' title="bbox 2263 3621 3867 3700">
     <span class='ocr_line' id='line_1_83' title="bbox 2263 3621 3867 3700; baseline -0.008 -15"><span class='ocrx_word' id='word_1_623' title='bbox 2263 3632 2334 3686; x_wconf 89' lang='lat' dir='ltr'>de</span> <span class='ocrx_word' id='word_1_624' title='bbox 2363 3632 2619 3700; x_wconf 89' lang='lat' dir='ltr'>pellibus</span> <span class='ocrx_word' id='word_1_625' title='bbox 2647 3630 2862 3700; x_wconf 89' lang='lat' dir='ltr'>ovinis,</span> <span class='ocrx_word' id='word_1_626' title='bbox 2890 3633 2986 3684; x_wconf 89' lang='lat' dir='ltr'>aut</span> <span class='ocrx_word' id='word_1_627' title='bbox 3008 3629 3290 3684; x_wconf 86' lang='lat' dir='ltr'>fasciolas</span> <span class='ocrx_word' id='word_1_628' title='bbox 3314 3635 3550 3700; x_wconf 87' lang='lat' dir='ltr'>propter</span> <span class='ocrx_word' id='word_1_629' title='bbox 3572 3627 3727 3682; x_wconf 83' lang='lat' dir='ltr'>tibias</span> <span class='ocrx_word' id='word_1_630' title='bbox 3745 3621 3867 3675; x_wconf 81' lang='lat' dir='ltr'>infir-</span> 
     </span>
    </p>
   </div>
   <div class='ocr_carea' id='block_1_84' title="bbox 2264 3707 3870 3790">
    <p class='ocr_par' dir='ltr' id='par_1_84' title="bbox 2264 3707 3870 3790">
     <span class='ocr_line' id='line_1_84' title="bbox 2264 3707 3870 3790; baseline -0.006 -16"><span class='ocrx_word' id='word_1_631' title='bbox 2264 3724 2510 3788; x_wconf 89' lang='lat' dir='ltr'>mantes,</span> <span class='ocrx_word' id='word_1_632' title='bbox 2537 3724 2593 3774; x_wconf 90' lang='lat' dir='ltr'>et</span> <span class='ocrx_word' id='word_1_633' title='bbox 2623 3724 2863 3790; x_wconf 82' lang='lat' dir='ltr'>propter</span> <span class='ocrx_word' id='word_1_634' title='bbox 2889 3719 3002 3774; x_wconf 89' lang='lat' dir='ltr'>hoc</span> <span class='ocrx_word' id='word_1_635' title='bbox 3025 3735 3140 3774; x_wconf 92' lang='lat' dir='ltr'>non</span> <span class='ocrx_word' id='word_1_636' title='bbox 3172 3725 3436 3774; x_wconf 87' lang='lat' dir='ltr'>meretur</span> <span class='ocrx_word' id='word_1_637' title='bbox 3465 3723 3520 3773; x_wconf 90' lang='lat' dir='ltr'>ct</span> <span class='ocrx_word' id='word_1_638' title='bbox 3547 3716 3779 3788; x_wconf 83' lang='lat' dir='ltr'>largiens</span> <span class='ocrx_word' id='word_1_639' title='bbox 3799 3707 3870 3762; x_wconf 80' lang='lat' dir='ltr'>vel</span> 
     </span>
    </p>
   </div>
   <div class='ocr_carea' id='block_1_85' title="bbox 2264 3800 3872 3879">
    <p class='ocr_par' dir='ltr' id='par_1_85' title="bbox 2264 3800 3872 3879">
     <span class='ocr_line' id='line_1_85' title="bbox 2264 3800 3872 3879; baseline -0.008 -15"><span class='ocrx_word' id='word_1_640' title='bbox 2264 3809 2564 3879; x_wconf 90' lang='lat' dir='ltr'>accipiens</span> <span class='ocrx_word' id='word_1_641' title='bbox 2598 3809 2841 3862; x_wconf 88' lang='lat' dir='ltr'>multum</span> <span class='ocrx_word' id='word_1_642' title='bbox 2874 3807 3248 3876; x_wconf 87' lang='lat' dir='ltr'>reprehendi.</span> <span class='ocrx_word' id='word_1_643' title='bbox 3281 3808 3398 3862; x_wconf 91' lang='lat' dir='ltr'>Sed</span> <span class='ocrx_word' id='word_1_644' title='bbox 3433 3823 3608 3877; x_wconf 88' lang='lat' dir='ltr'>super</span> <span class='ocrx_word' id='word_1_645' title='bbox 3632 3806 3742 3858; x_wconf 66' lang='lat' dir='ltr'>haec</span> <span class='ocrx_word' id='word_1_646' title='bbox 3769 3800 3872 3870; x_wconf 83' lang='lat' dir='ltr'>qui-</span> 
     </span>
    </p>
   </div>
   <div class='ocr_carea' id='block_1_86' title="bbox 2266 3887 3872 3969">
    <p class='ocr_par' dir='ltr' id='par_1_86' title="bbox 2266 3887 3872 3969">
     <span class='ocr_line' id='line_1_86' title="bbox 2266 3887 3872 3969; baseline -0.008 -17"><span class='ocrx_word' id='word_1_647' title='bbox 2266 3914 2496 3969; x_wconf 87' lang='lat' dir='ltr'>cunque</span> <span class='ocrx_word' id='word_1_648' title='bbox 2521 3897 2773 3967; x_wconf 89' lang='lat' dir='ltr'>amplius</span> <span class='ocrx_word' id='word_1_649' title='bbox 2791 3896 2931 3967; x_wconf 91' lang='lat' dir='ltr'>quid</span> <span class='ocrx_word' id='word_1_650' title='bbox 2950 3897 3022 3950; x_wconf 89' lang='lat' dir='ltr'>de</span> <span class='ocrx_word' id='word_1_651' title='bbox 3041 3895 3152 3950; x_wconf 87' lang='lat' dir='ltr'>hoc</span> <span class='ocrx_word' id='word_1_652' title='bbox 3171 3912 3396 3967; x_wconf 84' lang='lat' dir='ltr'>genere</span> <span class='ocrx_word' id='word_1_653' title='bbox 3420 3897 3630 3950; x_wconf 89' lang='lat' dir='ltr'>habere</span> <span class='ocrx_word' id='word_1_654' title='bbox 3649 3887 3872 3952; x_wconf 84' lang='lat' dir='ltr'>voluerit,</span> 
     </span>
    </p>
   </div>
   <div class='ocr_carea' id='block_1_87' title="bbox 2267 3977 3872 4056">
    <p class='ocr_par' dir='ltr' id='par_1_87' title="bbox 2267 3977 3872 4056">
     <span class='ocr_line' id='line_1_87' title="bbox 2267 3977 3872 4056; baseline -0.009 -15"><span class='ocrx_word' id='word_1_655' title='bbox 2267 3987 2378 4041; x_wconf 91' lang='lat' dir='ltr'>hoc</span> <span class='ocrx_word' id='word_1_656' title='bbox 2409 3985 2673 4056; x_wconf 88' lang='lat' dir='ltr'>profecto</span> <span class='ocrx_word' id='word_1_657' title='bbox 2699 4001 2809 4040; x_wconf 91' lang='lat' dir='ltr'>nec</span> <span class='ocrx_word' id='word_1_658' title='bbox 2831 4001 2936 4054; x_wconf 91' lang='lat' dir='ltr'>pro</span> <span class='ocrx_word' id='word_1_659' title='bbox 2952 3985 3203 4055; x_wconf 76' lang='lat' dir='ltr'>justitia,</span> <span class='ocrx_word' id='word_1_660' title='bbox 3229 4001 3341 4039; x_wconf 91' lang='lat' dir='ltr'>nec</span> <span class='ocrx_word' id='word_1_661' title='bbox 3364 4002 3469 4056; x_wconf 90' lang='lat' dir='ltr'>pro</span> <span class='ocrx_word' id='word_1_662' title='bbox 3501 3977 3872 4037; x_wconf 88' lang='lat' dir='ltr'>misericordia,</span> 
     </span>
    </p>
   </div>
   <div class='ocr_carea' id='block_1_88' title="bbox 2268 4063 3876 4146">
    <p class='ocr_par' dir='ltr' id='par_1_88' title="bbox 2268 4063 3876 4146">
     <span class='ocr_line' id='line_1_88' title="bbox 2268 4063 3876 4146; baseline -0.01 -16"><span class='ocrx_word' id='word_1_663' title='bbox 2268 4077 2377 4130; x_wconf 89' lang='lat' dir='ltr'>sed</span> <span class='ocrx_word' id='word_1_664' title='bbox 2407 4091 2511 4145; x_wconf 89' lang='lat' dir='ltr'>pro</span> <span class='ocrx_word' id='word_1_665' title='bbox 2545 4091 2756 4146; x_wconf 88' lang='lat' dir='ltr'>magna</span> <span class='ocrx_word' id='word_1_666' title='bbox 2778 4078 3059 4128; x_wconf 89' lang='lat' dir='ltr'>censetur</span> <span class='ocrx_word' id='word_1_667' title='bbox 3086 4075 3512 4144; x_wconf 74' lang='lat' dir='ltr'>superfluitate.</span> <span class='ocrx_word' id='word_1_668' title='bbox 3537 4070 3724 4126; x_wconf 90' lang='lat' dir='ltr'>Omnia</span> <span class='ocrx_word' id='word_1_669' title='bbox 3749 4063 3876 4136; x_wconf 86' lang='lat' dir='ltr'>pelli-</span> 
     </span>
    </p>
   </div>
   <div class='ocr_carea' id='block_1_89' title="bbox 2269 4150 3878 4232">
    <p class='ocr_par' dir='ltr' id='par_1_89' title="bbox 2269 4150 3878 4232">
     <span class='ocr_line' id='line_1_89' title="bbox 2269 4150 3878 4232; baseline -0.006 -14"><span class='ocrx_word' id='word_1_670' title='bbox 2269 4166 2358 4219; x_wconf 88' lang='lat' dir='ltr'>cia</span> <span class='ocrx_word' id='word_1_671' title='bbox 2389 4169 2526 4218; x_wconf 91' lang='lat' dir='ltr'>sunt</span> <span class='ocrx_word' id='word_1_672' title='bbox 2560 4164 2800 4218; x_wconf 89' lang='lat' dir='ltr'>velleris</span> <span class='ocrx_word' id='word_1_673' title='bbox 2849 4163 3029 4230; x_wconf 90' lang='lat' dir='ltr'>ovini,</span> <span class='ocrx_word' id='word_1_674' title='bbox 3064 4163 3443 4232; x_wconf 90' lang='lat' dir='ltr'>coopertoria</span> <span class='ocrx_word' id='word_1_675' title='bbox 3481 4177 3616 4216; x_wconf 88' lang='lat' dir='ltr'>vero</span> <span class='ocrx_word' id='word_1_676' title='bbox 3645 4161 3730 4213; x_wconf 88' lang='lat' dir='ltr'>aut</span> <span class='ocrx_word' id='word_1_677' title='bbox 3756 4150 3878 4208; x_wconf 84' lang='lat' dir='ltr'>ovini</span> 
     </span>
    </p>
   </div>
   <div class='ocr_carea' id='block_1_90' title="bbox 2268 4248 3878 4321">
    <p class='ocr_par' dir='ltr' id='par_1_90' title="bbox 2268 4248 3878 4321">
     <span class='ocr_line' id='line_1_90' title="bbox 2268 4248 3878 4321; baseline -0.007 -14"><span class='ocrx_word' id='word_1_678' title='bbox 2268 4257 2366 4307; x_wconf 84' lang='lat' dir='ltr'>aut</span> <span class='ocrx_word' id='word_1_679' title='bbox 2397 4253 2568 4307; x_wconf 88' lang='lat' dir='ltr'>catini</span> <span class='ocrx_word' id='word_1_680' title='bbox 2600 4257 2698 4306; x_wconf 92' lang='lat' dir='ltr'>aut</span> <span class='ocrx_word' id='word_1_681' title='bbox 2738 4252 3004 4321; x_wconf 86' lang='lat' dir='ltr'>leporini,</span> <span class='ocrx_word' id='word_1_682' title='bbox 3033 4255 3088 4305; x_wconf 89' lang='lat' dir='ltr'>et</span> <span class='ocrx_word' id='word_1_683' title='bbox 3130 4267 3433 4321; x_wconf 84' lang='lat' dir='ltr'>nunquam</span> <span class='ocrx_word' id='word_1_684' title='bbox 3464 4251 3534 4303; x_wconf 89' lang='lat' dir='ltr'>de</span> <span class='ocrx_word' id='word_1_685' title='bbox 3567 4248 3674 4302; x_wconf 91' lang='lat' dir='ltr'>ullo</span> <span class='ocrx_word' id='word_1_686' title='bbox 3703 4252 3878 4316; x_wconf 82' lang='lat' dir='ltr'>genele</span> 
     </span>
    </p>
   </div>
   <div class='ocr_carea' id='block_1_91' title="bbox 2271 4329 3883 4412">
    <p class='ocr_par' dir='ltr' id='par_1_91' title="bbox 2271 4329 3883 4412">
     <span class='ocr_line' id='line_1_91' title="bbox 2271 4329 3883 4412; baseline -0.009 -16"><span class='ocrx_word' id='word_1_687' title='bbox 2271 4341 2516 4412; x_wconf 81' lang='lat' dir='ltr'>majoris</span> <span class='ocrx_word' id='word_1_688' title='bbox 2540 4341 2970 4408; x_wconf 84' lang='lat' dir='ltr'>aestimationis;</span> <span class='ocrx_word' id='word_1_689' title='bbox 2997 4340 3236 4394; x_wconf 81' lang='lat' dir='ltr'>froccus</span> <span class='ocrx_word' id='word_1_690' title='bbox 3260 4345 3316 4394; x_wconf 91' lang='lat' dir='ltr'>et</span> <span class='ocrx_word' id='word_1_691' title='bbox 3341 4339 3569 4394; x_wconf 86' lang='lat' dir='ltr'>cuculla</span> <span class='ocrx_word' id='word_1_692' title='bbox 3587 4338 3652 4392; x_wconf 89' lang='lat' dir='ltr'>de</span> <span class='ocrx_word' id='word_1_693' title='bbox 3673 4333 3756 4389; x_wconf 88' lang='lat' dir='ltr'>tali</span> <span class='ocrx_word' id='word_1_694' title='bbox 3777 4329 3883 4384; x_wconf 81' lang='lat' dir='ltr'>sunt</span> 
     </span>
    </p>
   </div>
   <div class='ocr_carea' id='block_1_92' title="bbox 2271 4425 3881 4501">
    <p class='ocr_par' dir='ltr' id='par_1_92' title="bbox 2271 4425 3881 4501">
     <span class='ocr_line' id='line_1_92' title="bbox 2271 4425 3881 4501; baseline -0.007 -17"><span class='ocrx_word' id='word_1_695' title='bbox 2271 4447 2464 4501; x_wconf 88' lang='lat' dir='ltr'>panno</span> <span class='ocrx_word' id='word_1_696' title='bbox 2497 4433 2557 4484; x_wconf 89' lang='lat' dir='ltr'>ut</span> <span class='ocrx_word' id='word_1_697' title='bbox 2587 4430 2758 4484; x_wconf 88' lang='lat' dir='ltr'>ambo</span> <span class='ocrx_word' id='word_1_698' title='bbox 2791 4446 2905 4484; x_wconf 89' lang='lat' dir='ltr'>non</span> <span class='ocrx_word' id='word_1_699' title='bbox 2960 4429 3152 4500; x_wconf 87' lang='lat' dir='ltr'>magis</span> <span class='ocrx_word' id='word_1_700' title='bbox 3185 4445 3359 4499; x_wconf 89' lang='lat' dir='ltr'>quam</span> <span class='ocrx_word' id='word_1_701' title='bbox 3394 4433 3525 4483; x_wconf 92' lang='lat' dir='ltr'>octo</span> <span class='ocrx_word' id='word_1_702' title='bbox 3571 4425 3773 4479; x_wconf 89' lang='lat' dir='ltr'>solidos</span> <span class='ocrx_word' id='word_1_703' title='bbox 3801 4432 3881 4468; x_wconf 70' lang='grc' dir='ltr'>γει-</span> 
     </span>
    </p>
   </div>
   <div class='ocr_carea' id='block_1_93' title="bbox 491 4495 3882 4592">
    <p class='ocr_par' dir='ltr' id='par_1_93' title="bbox 491 4495 3882 4592">
     <span class='ocr_line' id='line_1_93' title="bbox 491 4495 3882 4592; baseline -0.004 -20"><span class='ocrx_word' id='word_1_704' title='bbox 491 4518 663 4572; x_wconf 91' lang='lat' dir='ltr'>nobis</span> <span class='ocrx_word' id='word_1_705' title='bbox 678 4519 880 4572; x_wconf 90' lang='lat' dir='ltr'>decem</span> <span class='ocrx_word' id='word_1_706' title='bbox 895 4519 1121 4572; x_wconf 89' lang='lat' dir='ltr'>solidos</span> <span class='ocrx_word' id='word_1_707' title='bbox 1136 4521 2155 4592; x_wconf 84' lang='lat' dir='ltr'>autpauciores,hisempercellera-</span> <span class='ocrx_word' id='word_1_708' title='bbox 2189 4495 2239 4554; x_wconf 79' lang='lat' dir='ltr'><strong>D</strong></span> <span class='ocrx_word' id='word_1_709' title='bbox 2273 4522 2446 4589; x_wconf 88' lang='lat' dir='ltr'>leant,</span> <span class='ocrx_word' id='word_1_710' title='bbox 2482 4520 2613 4573; x_wconf 87' lang='lat' dir='ltr'>talis</span> <span class='ocrx_word' id='word_1_711' title='bbox 2647 4523 2892 4574; x_wconf 76' lang='lat' dir='ltr'>monetae</span> <span class='ocrx_word' id='word_1_712' title='bbox 2919 4535 3052 4589; x_wconf 86' lang='lat' dir='ltr'>quae</span> <span class='ocrx_word' id='word_1_713' title='bbox 3084 4519 3217 4588; x_wconf 85' lang='lat' dir='ltr'>plus</span> <span class='ocrx_word' id='word_1_714' title='bbox 3249 4519 3431 4572; x_wconf 85' lang='lat' dir='ltr'>habet</span> <span class='ocrx_word' id='word_1_715' title='bbox 3459 4516 3593 4571; x_wconf 77' lang='lat' dir='ltr'>aeris</span> <span class='ocrx_word' id='word_1_716' title='bbox 3623 4525 3778 4584; x_wconf 88' lang='lat' dir='ltr'>quam</span> <span class='ocrx_word' id='word_1_717' title='bbox 3804 4521 3882 4559; x_wconf 82' lang='lat' dir='ltr'>ar-</span> 
     </span>
    </p>
   </div>
   <div class='ocr_carea' id='block_1_94' title="bbox 489 4607 2155 4676">
    <p class='ocr_par' dir='ltr' id='par_1_94' title="bbox 489 4607 2155 4676">
     <span class='ocr_line' id='line_1_94' title="bbox 489 4607 2155 4676; baseline 0.002 -15"><span class='ocrx_word' id='word_1_718' title='bbox 489 4607 578 4662; x_wconf 91' lang='lat' dir='ltr'>rio</span> <span class='ocrx_word' id='word_1_719' title='bbox 609 4609 747 4660; x_wconf 87' lang='lat' dir='ltr'>sunt</span> <span class='ocrx_word' id='word_1_720' title='bbox 777 4607 1030 4676; x_wconf 90' lang='lat' dir='ltr'>deputati</span> <span class='ocrx_word' id='word_1_721' title='bbox 1057 4608 1125 4660; x_wconf 87' lang='lat' dir='ltr'>ad</span> <span class='ocrx_word' id='word_1_722' title='bbox 1175 4609 1286 4661; x_wconf 90' lang='lat' dir='ltr'>hoc</span> <span class='ocrx_word' id='word_1_723' title='bbox 1318 4613 1535 4662; x_wconf 88' lang='lat' dir='ltr'>tantum</span> <span class='ocrx_word' id='word_1_724' title='bbox 1569 4614 1628 4662; x_wconf 91' lang='lat' dir='ltr'>ut</span> <span class='ocrx_word' id='word_1_725' title='bbox 1664 4611 1948 4665; x_wconf 78' lang='lat' dir='ltr'>fratribus</span> <span class='ocrx_word' id='word_1_726' title='bbox 1985 4612 2155 4665; x_wconf 76' lang='lat' dir='ltr'>infir-</span> 
     </span>
    </p>
   </div>
   <div class='ocr_carea' id='block_1_95' title="bbox 491 4694 2162 4771">
    <p class='ocr_par' dir='ltr' id='par_1_95' title="bbox 491 4694 2162 4771">
     <span class='ocr_line' id='line_1_95' title="bbox 491 4694 2162 4771; baseline 0.004 -22"><span class='ocrx_word' id='word_1_727' title='bbox 491 4694 780 4750; x_wconf 88' lang='lat' dir='ltr'>mioribus</span> <span class='ocrx_word' id='word_1_728' title='bbox 803 4698 858 4750; x_wconf 92' lang='lat' dir='ltr'>et</span> <span class='ocrx_word' id='word_1_729' title='bbox 875 4695 1298 4766; x_wconf 87' lang='lat' dir='ltr'>aliquantulum</span> <span class='ocrx_word' id='word_1_730' title='bbox 1317 4697 1604 4766; x_wconf 89' lang='lat' dir='ltr'>delicatis,</span> <span class='ocrx_word' id='word_1_731' title='bbox 1625 4699 1852 4769; x_wconf 88' lang='lat' dir='ltr'>absque</span> <span class='ocrx_word' id='word_1_732' title='bbox 1877 4700 1986 4754; x_wconf 90' lang='lat' dir='ltr'>hoc</span> <span class='ocrx_word' id='word_1_733' title='bbox 2005 4701 2162 4771; x_wconf 88' lang='lat' dir='ltr'>quod</span> 
     </span>
    </p>
   </div>
   <div class='ocr_carea' id='block_1_96' title="bbox 494 4783 2162 4859">
    <p class='ocr_par' dir='ltr' id='par_1_96' title="bbox 494 4783 2162 4859">
     <span class='ocr_line' id='line_1_96' title="bbox 494 4783 2162 4859; baseline 0.002 -19"><span class='ocrx_word' id='word_1_734' title='bbox 494 4783 851 4856; x_wconf 83' lang='lat' dir='ltr'>generaliter</span> <span class='ocrx_word' id='word_1_735' title='bbox 880 4784 1152 4838; x_wconf 88' lang='lat' dir='ltr'>omnibus</span> <span class='ocrx_word' id='word_1_736' title='bbox 1176 4785 1363 4852; x_wconf 89' lang='lat' dir='ltr'>datur,</span> <span class='ocrx_word' id='word_1_737' title='bbox 1385 4786 1639 4857; x_wconf 88' lang='lat' dir='ltr'>aliquam</span> <span class='ocrx_word' id='word_1_738' title='bbox 1664 4787 2002 4857; x_wconf 88' lang='lat' dir='ltr'>impendere</span> <span class='ocrx_word' id='word_1_739' title='bbox 2025 4806 2162 4859; x_wconf 83' lang='lat' dir='ltr'>pos-</span> 
     </span>
    </p>
   </div>
   <div class='ocr_carea' id='block_1_97' title="bbox 493 4872 2162 4946">
    <p class='ocr_par' dir='ltr' id='par_1_97' title="bbox 493 4872 2162 4946">
     <span class='ocr_line' id='line_1_97' title="bbox 493 4872 2162 4946; baseline 0.004 -19"><span class='ocrx_word' id='word_1_740' title='bbox 493 4873 571 4928; x_wconf 88' lang='lat' dir='ltr'>sit</span> <span class='ocrx_word' id='word_1_741' title='bbox 603 4872 965 4927; x_wconf 88' lang='lat' dir='ltr'>cbaritatem.</span> <span class='ocrx_word' id='word_1_742' title='bbox 1000 4872 1070 4926; x_wconf 89' lang='lat' dir='ltr'>Et</span> <span class='ocrx_word' id='word_1_743' title='bbox 1101 4873 1155 4925; x_wconf 91' lang='lat' dir='ltr'>si</span> <span class='ocrx_word' id='word_1_744' title='bbox 1188 4875 1450 4928; x_wconf 90' lang='lat' dir='ltr'>evenerit</span> <span class='ocrx_word' id='word_1_745' title='bbox 1482 4879 1542 4929; x_wconf 92' lang='lat' dir='ltr'>ut</span> <span class='ocrx_word' id='word_1_746' title='bbox 1567 4875 1763 4946; x_wconf 90' lang='lat' dir='ltr'>aliqua</span> <span class='ocrx_word' id='word_1_747' title='bbox 1785 4893 1961 4931; x_wconf 89' lang='lat' dir='ltr'>vacca</span> <span class='ocrx_word' id='word_1_748' title='bbox 1985 4879 2162 4933; x_wconf 88' lang='lat' dir='ltr'>done-</span> 
     </span>
    </p>
   </div>
   <div class='ocr_carea' id='block_1_98' title="bbox 493 4961 2164 5033">
    <p class='ocr_par' dir='ltr' id='par_1_98' title="bbox 493 4961 2164 5033">
     <span class='ocr_line' id='line_1_98' title="bbox 493 4961 2164 5033; baseline 0.003 -17"><span class='ocrx_word' id='word_1_749' title='bbox 493 4966 590 5016; x_wconf 90' lang='lat' dir='ltr'>tur</span> <span class='ocrx_word' id='word_1_750' title='bbox 612 4961 809 5031; x_wconf 87' lang='lat' dir='ltr'>nobis,</span> <span class='ocrx_word' id='word_1_751' title='bbox 841 4961 991 5016; x_wconf 89' lang='lat' dir='ltr'>hanc</span> <span class='ocrx_word' id='word_1_752' title='bbox 1023 4977 1258 5033; x_wconf 89' lang='lat' dir='ltr'>quoque</span> <span class='ocrx_word' id='word_1_753' title='bbox 1286 4963 1526 5018; x_wconf 85' lang='lat' dir='ltr'>habebit</span> <span class='ocrx_word' id='word_1_754' title='bbox 1549 4965 1618 5016; x_wconf 81' lang='lat' dir='ltr'>ad</span> <span class='ocrx_word' id='word_1_755' title='bbox 1654 4965 1990 5021; x_wconf 89' lang='lat' dir='ltr'>subsidium</span> <span class='ocrx_word' id='word_1_756' title='bbox 2022 4983 2164 5021; x_wconf 86' lang='lat' dir='ltr'>vac-</span> 
     </span>
    </p>
   </div>
   <div class='ocr_carea' id='block_1_99' title="bbox 498 5051 2164 5122">
    <p class='ocr_par' dir='ltr' id='par_1_99' title="bbox 498 5051 2164 5122">
     <span class='ocr_line' id='line_1_99' title="bbox 498 5051 2164 5122; baseline 0.003 -17"><span class='ocrx_word' id='word_1_757' title='bbox 498 5051 673 5105; x_wconf 69' lang='lat' dir='ltr'>cariae</span> <span class='ocrx_word' id='word_1_758' title='bbox 702 5067 835 5122; x_wconf 63' lang='lat' dir='ltr'>quin</span> <span class='ocrx_word' id='word_1_759' title='bbox 865 5054 957 5106; x_wconf 91' lang='lat' dir='ltr'>est</span> <span class='ocrx_word' id='word_1_760' title='bbox 978 5051 1036 5105; x_wconf 93' lang='lat' dir='ltr'>in</span> <span class='ocrx_word' id='word_1_761' title='bbox 1059 5067 1232 5105; x_wconf 90' lang='lat' dir='ltr'>manu</span> <span class='ocrx_word' id='word_1_762' title='bbox 1257 5051 1389 5122; x_wconf 79' lang='lat' dir='ltr'>ejus</span> <span class='ocrx_word' id='word_1_763' title='bbox 1421 5068 1433 5108; x_wconf 89' lang='lat'>:</span> <span class='ocrx_word' id='word_1_764' title='bbox 1466 5069 1610 5107; x_wconf 89' lang='lat' dir='ltr'>oves</span> <span class='ocrx_word' id='word_1_765' title='bbox 1633 5058 1690 5107; x_wconf 90' lang='lat' dir='ltr'>et</span> <span class='ocrx_word' id='word_1_766' title='bbox 1710 5054 1816 5107; x_wconf 64' lang='lat' dir='ltr'>box</span> <span class='ocrx_word' id='word_1_767' title='bbox 1831 5071 1897 5109; x_wconf 89' lang='lat' dir='ltr'>es</span> <span class='ocrx_word' id='word_1_768' title='bbox 1922 5055 2164 5110; x_wconf 87' lang='lat' dir='ltr'>dccanis</span> 
     </span>
    </p>
   </div>
   <div class='ocr_carea' id='block_1_100' title="bbox 497 5139 2169 5212">
    <p class='ocr_par' dir='ltr' id='par_1_100' title="bbox 497 5139 2169 5212">
     <span class='ocr_line' id='line_1_100' title="bbox 497 5139 2169 5212; baseline 0.004 -20"><span class='ocrx_word' id='word_1_769' title='bbox 497 5139 690 5209; x_wconf 89' lang='lat' dir='ltr'>ipsius</span> <span class='ocrx_word' id='word_1_770' title='bbox 733 5140 917 5206; x_wconf 79' lang='lat' dir='ltr'>villae;</span> <span class='ocrx_word' id='word_1_771' title='bbox 970 5156 1136 5208; x_wconf 88' lang='lat' dir='ltr'>oves,</span> <span class='ocrx_word' id='word_1_772' title='bbox 1194 5146 1432 5210; x_wconf 85' lang='lat' dir='ltr'>prOptcr</span> <span class='ocrx_word' id='word_1_773' title='bbox 1463 5142 1662 5196; x_wconf 80' lang='lat' dir='ltr'>fimum</span> <span class='ocrx_word' id='word_1_774' title='bbox 1694 5159 1810 5212; x_wconf 92' lang='lat' dir='ltr'>quo</span> <span class='ocrx_word' id='word_1_775' title='bbox 1843 5160 1981 5197; x_wconf 88' lang='lat' dir='ltr'>arva</span> <span class='ocrx_word' id='word_1_776' title='bbox 2029 5148 2169 5199; x_wconf 86' lang='lat' dir='ltr'>sunt</span> 
     </span>
    </p>
   </div>
   <div class='ocr_carea' id='block_1_101' title="bbox 501 5228 2169 5299">
    <p class='ocr_par' dir='ltr' id='par_1_101' title="bbox 501 5228 2169 5299">
     <span class='ocr_line' id='line_1_101' title="bbox 501 5228 2169 5299; baseline 0.005 -18"><span class='ocrx_word' id='word_1_777' title='bbox 501 5228 858 5298; x_wconf 83' lang='lat' dir='ltr'>condienda;</span> <span class='ocrx_word' id='word_1_778' title='bbox 890 5228 1078 5283; x_wconf 91' lang='lat' dir='ltr'>boves</span> <span class='ocrx_word' id='word_1_779' title='bbox 1110 5229 1181 5282; x_wconf 91' lang='lat' dir='ltr'>ad</span> <span class='ocrx_word' id='word_1_780' title='bbox 1204 5231 1504 5284; x_wconf 90' lang='lat' dir='ltr'>arandum.</span> <span class='ocrx_word' id='word_1_781' title='bbox 1531 5230 1731 5299; x_wconf 82' lang='lat' dir='ltr'>Pallia,</span> <span class='ocrx_word' id='word_1_782' title='bbox 1757 5237 1813 5286; x_wconf 91' lang='lat' dir='ltr'>et</span> <span class='ocrx_word' id='word_1_783' title='bbox 1833 5249 1974 5286; x_wconf 90' lang='lat' dir='ltr'>vasa</span> <span class='ocrx_word' id='word_1_784' title='bbox 1993 5250 2169 5288; x_wconf 86' lang='lat' dir='ltr'>aurea</span> 
     </span>
    </p>
   </div>
   <div class='ocr_carea' id='block_1_102' title="bbox 500 5311 2167 5388">
    <p class='ocr_par' dir='ltr' id='par_1_102' title="bbox 500 5311 2167 5388">
     <span class='ocr_line' id='line_1_102' title="bbox 500 5311 2167 5388; baseline 0.004 -18"><span class='ocrx_word' id='word_1_785' title='bbox 500 5320 556 5370; x_wconf 91' lang='lat' dir='ltr'>et</span> <span class='ocrx_word' id='word_1_786' title='bbox 585 5311 883 5388; x_wconf 83' lang='lat' dir='ltr'>argentea,</span> <span class='ocrx_word' id='word_1_787' title='bbox 910 5333 1041 5386; x_wconf 73' lang='lat' dir='ltr'>quae</span> <span class='ocrx_word' id='word_1_788' title='bbox 1065 5334 1201 5373; x_wconf 91' lang='lat' dir='ltr'>esse</span> <span class='ocrx_word' id='word_1_789' title='bbox 1221 5323 1473 5387; x_wconf 87' lang='lat' dir='ltr'>possunt</span> <span class='ocrx_word' id='word_1_790' title='bbox 1496 5319 1566 5372; x_wconf 88' lang='lat' dir='ltr'>ad</span> <span class='ocrx_word' id='word_1_791' title='bbox 1587 5335 1758 5373; x_wconf 91' lang='lat' dir='ltr'>usum</span> <span class='ocrx_word' id='word_1_792' title='bbox 1784 5326 1838 5375; x_wconf 89' lang='lat' dir='ltr'>et</span> <span class='ocrx_word' id='word_1_793' title='bbox 1858 5337 2167 5376; x_wconf 89' lang='lat' dir='ltr'>ornamen-</span> 
     </span>
    </p>
   </div>
   <div class='ocr_carea' id='block_1_103' title="bbox 500 5404 2168 5479">
    <p class='ocr_par' dir='ltr' id='par_1_103' title="bbox 500 5404 2168 5479">
     <span class='ocr_line' id='line_1_103' title="bbox 500 5404 2168 5479; baseline 0.004 -19"><span class='ocrx_word' id='word_1_794' title='bbox 500 5409 622 5460; x_wconf 88' lang='lat' dir='ltr'>tum</span> <span class='ocrx_word' id='word_1_795' title='bbox 645 5404 916 5459; x_wconf 70' lang='lat' dir='ltr'>ecclesia:</span> <span class='ocrx_word' id='word_1_796' title='bbox 939 5405 1148 5475; x_wconf 88' lang='lat' dir='ltr'>accipit</span> <span class='ocrx_word' id='word_1_797' title='bbox 1167 5407 1437 5461; x_wconf 87' lang='lat' dir='ltr'>sacrista.</span> <span class='ocrx_word' id='word_1_798' title='bbox 1461 5408 1542 5462; x_wconf 90' lang='lat' dir='ltr'>De</span> <span class='ocrx_word' id='word_1_799' title='bbox 1561 5411 1800 5479; x_wconf 66' lang='lat' dir='ltr'>caetero,</span> <span class='ocrx_word' id='word_1_800' title='bbox 1822 5414 1882 5463; x_wconf 91' lang='lat' dir='ltr'>ut</span> <span class='ocrx_word' id='word_1_801' title='bbox 1900 5412 2168 5479; x_wconf 64' lang='lat' dir='ltr'>praemis-</span> 
     </span>
    </p>
   </div>
   <div class='ocr_carea' id='block_1_104' title="bbox 501 5493 2166 5564">
    <p class='ocr_par' dir='ltr' id='par_1_104' title="bbox 501 5493 2166 5564">
     <span class='ocr_line' id='line_1_104' title="bbox 501 5493 2166 5564; baseline 0.003 -14"><span class='ocrx_word' id='word_1_802' title='bbox 501 5511 633 5550; x_wconf 90' lang='lat' dir='ltr'>sum</span> <span class='ocrx_word' id='word_1_803' title='bbox 664 5496 774 5558; x_wconf 89' lang='lat' dir='ltr'>est,</span> <span class='ocrx_word' id='word_1_804' title='bbox 809 5493 998 5548; x_wconf 90' lang='lat' dir='ltr'>omnia</span> <span class='ocrx_word' id='word_1_805' title='bbox 1035 5495 1273 5548; x_wconf 79' lang='lat' dir='ltr'>veniunt</span> <span class='ocrx_word' id='word_1_806' title='bbox 1314 5495 1384 5549; x_wconf 85' lang='lat' dir='ltr'>ad</span> <span class='ocrx_word' id='word_1_807' title='bbox 1418 5513 1626 5550; x_wconf 88' lang='lat' dir='ltr'>manus</span> <span class='ocrx_word' id='word_1_808' title='bbox 1673 5500 2004 5564; x_wconf 85' lang='lat' dir='ltr'>camerarii,</span> <span class='ocrx_word' id='word_1_809' title='bbox 2060 5517 2166 5555; x_wconf 91' lang='lat' dir='ltr'>nec</span> 
     </span>
    </p>
   </div>
   <div class='ocr_carea' id='block_1_105' title="bbox 500 5582 2165 5653">
    <p class='ocr_par' dir='ltr' id='par_1_105' title="bbox 500 5582 2165 5653">
     <span class='ocr_line' id='line_1_105' title="bbox 500 5582 2165 5653; baseline 0.004 -16"><span class='ocrx_word' id='word_1_810' title='bbox 500 5582 815 5651; x_wconf 89' lang='lat' dir='ltr'>immerito,</span> <span class='ocrx_word' id='word_1_811' title='bbox 852 5583 987 5653; x_wconf 90' lang='lat' dir='ltr'>quia</span> <span class='ocrx_word' id='word_1_812' title='bbox 1033 5583 1371 5653; x_wconf 81' lang='lat' dir='ltr'>frequenter</span> <span class='ocrx_word' id='word_1_813' title='bbox 1398 5585 1610 5639; x_wconf 88' lang='lat' dir='ltr'>accidit</span> <span class='ocrx_word' id='word_1_814' title='bbox 1661 5591 1719 5639; x_wconf 90' lang='lat' dir='ltr'>ut</span> <span class='ocrx_word' id='word_1_815' title='bbox 1769 5586 1840 5640; x_wconf 90' lang='lat' dir='ltr'>dc</span> <span class='ocrx_word' id='word_1_816' title='bbox 1891 5589 2165 5644; x_wconf 89' lang='lat' dir='ltr'>omnibus</span> 
     </span>
    </p>
   </div>
   <div class='ocr_carea' id='block_1_106' title="bbox 505 5673 2166 5734">
    <p class='ocr_par' dir='ltr' id='par_1_106' title="bbox 505 5673 2166 5734">
     <span class='ocr_line' id='line_1_106' title="bbox 505 5673 2166 5734; baseline 0.002 -4"><span class='ocrx_word' id='word_1_817' title='bbox 505 5673 688 5730; x_wconf 88' lang='lat' dir='ltr'>rebus</span> <span class='ocrx_word' id='word_1_818' title='bbox 707 5673 1005 5731; x_wconf 85' lang='lat' dir='ltr'>annuatim</span> <span class='ocrx_word' id='word_1_819' title='bbox 1021 5674 1406 5730; x_wconf 87' lang='lat' dir='ltr'>nascentibus</span> <span class='ocrx_word' id='word_1_820' title='bbox 1423 5674 1564 5730; x_wconf 88' lang='lat' dir='ltr'>nihil</span> <span class='ocrx_word' id='word_1_821' title='bbox 1589 5676 1823 5732; x_wconf 91' lang='lat' dir='ltr'>omnino</span> <span class='ocrx_word' id='word_1_822' title='bbox 1844 5676 2166 5734; x_wconf 84' lang='lat' dir='ltr'>habeamus</span> 
     </span>
    </p>
   </div>
   <div class='ocr_carea' id='block_1_107' title="bbox 2273 4611 2454 4680">
    <p class='ocr_par' dir='ltr' id='par_1_107' title="bbox 2273 4611 2454 4680">
     <span class='ocr_line' id='line_1_107' title="bbox 2273 4611 2454 4680; baseline 0 -16"><span class='ocrx_word' id='word_1_823' title='bbox 2273 4611 2454 4680; x_wconf 81' lang='lat' dir='ltr'>genti.</span> 
     </span>
    </p>
   </div>
   <div class='ocr_carea' id='block_1_108' title="bbox 2342 4681 3885 4770">
    <p class='ocr_par' dir='ltr' id='par_1_108' title="bbox 2342 4681 3885 4770">
     <span class='ocr_line' id='line_1_108' title="bbox 2342 4681 3885 4770; baseline -0.014 -17"><span class='ocrx_word' id='word_1_824' title='bbox 2342 4699 2403 4754; x_wconf 89' lang='lat' dir='ltr'>Si</span> <span class='ocrx_word' id='word_1_825' title='bbox 2445 4698 2678 4770; x_wconf 88' lang='lat' dir='ltr'>quando</span> <span class='ocrx_word' id='word_1_826' title='bbox 2711 4697 2823 4752; x_wconf 86' lang='lat' dir='ltr'>tale</span> <span class='ocrx_word' id='word_1_827' title='bbox 2854 4697 2992 4767; x_wconf 91' lang='lat' dir='ltr'>quid</span> <span class='ocrx_word' id='word_1_828' title='bbox 3025 4697 3457 4766; x_wconf 85' lang='lat' dir='ltr'>comparaverit</span> <span class='ocrx_word' id='word_1_829' title='bbox 3485 4694 3575 4748; x_wconf 91' lang='lat' dir='ltr'>vel</span> <span class='ocrx_word' id='word_1_830' title='bbox 3607 4681 3885 4745; x_wconf 80' lang='lat' dir='ltr'>vendiderit</span> 
     </span>
    </p>
   </div>
   <div class='ocr_carea' id='block_1_109' title="bbox 2272 4783 3883 4857">
    <p class='ocr_par' dir='ltr' id='par_1_109' title="bbox 2272 4783 3883 4857">
     <span class='ocr_line' id='line_1_109' title="bbox 2272 4783 3883 4857; baseline -0.009 -15"><span class='ocrx_word' id='word_1_831' title='bbox 2272 4788 2654 4855; x_wconf 85' lang='lat' dir='ltr'>camerarius,</span> <span class='ocrx_word' id='word_1_832' title='bbox 2689 4785 3086 4857; x_wconf 86' lang='lat' dir='ltr'>negotiatione</span> <span class='ocrx_word' id='word_1_833' title='bbox 3117 4802 3222 4839; x_wconf 89' lang='lat' dir='ltr'>sua</span> <span class='ocrx_word' id='word_1_834' title='bbox 3246 4802 3320 4839; x_wconf 85' lang='lat' dir='ltr'>ex</span> <span class='ocrx_word' id='word_1_835' title='bbox 3342 4788 3463 4838; x_wconf 88' lang='lat' dir='ltr'>toto</span> <span class='ocrx_word' id='word_1_836' title='bbox 3490 4783 3728 4852; x_wconf 83' lang='lat' dir='ltr'>peracta,</span> <span class='ocrx_word' id='word_1_837' title='bbox 3759 4789 3883 4828; x_wconf 84' lang='lat' dir='ltr'>mer-</span> 
     </span>
    </p>
   </div>
   <div class='ocr_carea' id='block_1_110' title="bbox 2273 4863 3885 4946">
    <p class='ocr_par' dir='ltr' id='par_1_110' title="bbox 2273 4863 3885 4946">
     <span class='ocr_line' id='line_1_110' title="bbox 2273 4863 3885 4946; baseline -0.012 -15"><span class='ocrx_word' id='word_1_838' title='bbox 2273 4877 2454 4931; x_wconf 89' lang='lat' dir='ltr'>catori</span> <span class='ocrx_word' id='word_1_839' title='bbox 2489 4893 2620 4929; x_wconf 91' lang='lat' dir='ltr'>cum</span> <span class='ocrx_word' id='word_1_840' title='bbox 2651 4891 2768 4946; x_wconf 92' lang='lat' dir='ltr'>quo</span> <span class='ocrx_word' id='word_1_841' title='bbox 2799 4875 3134 4945; x_wconf 84' lang='lat' dir='ltr'>negotiatus</span> <span class='ocrx_word' id='word_1_842' title='bbox 3158 4879 3268 4940; x_wconf 90' lang='lat' dir='ltr'>est,</span> <span class='ocrx_word' id='word_1_843' title='bbox 3294 4872 3616 4928; x_wconf 89' lang='lat' dir='ltr'>secundum</span> <span class='ocrx_word' id='word_1_844' title='bbox 3647 4863 3784 4938; x_wconf 88' lang='lat' dir='ltr'>quod</span> <span class='ocrx_word' id='word_1_845' title='bbox 3805 4876 3885 4914; x_wconf 88' lang='lat' dir='ltr'>ne-</span> 
     </span>
    </p>
   </div>
   <div class='ocr_carea' id='block_1_111' title="bbox 2275 4945 3886 5037">
    <p class='ocr_par' dir='ltr' id='par_1_111' title="bbox 2275 4945 3886 5037">
     <span class='ocr_line' id='line_1_111' title="bbox 2275 4945 3886 5037; baseline -0.01 -18"><span class='ocrx_word' id='word_1_846' title='bbox 2275 4966 2497 5037; x_wconf 90' lang='lat' dir='ltr'>gotium</span> <span class='ocrx_word' id='word_1_847' title='bbox 2529 4968 2620 5018; x_wconf 87' lang='lat' dir='ltr'>est</span> <span class='ocrx_word' id='word_1_848' title='bbox 2648 4945 2705 5018; x_wconf 89' lang='lat' dir='ltr'>et</span> <span class='ocrx_word' id='word_1_849' title='bbox 2736 4979 3010 5032; x_wconf 88' lang='lat' dir='ltr'>persona,</span> <span class='ocrx_word' id='word_1_850' title='bbox 3046 4963 3378 5033; x_wconf 84' lang='lat' dir='ltr'>aliquantos</span> <span class='ocrx_word' id='word_1_851' title='bbox 3423 4961 3613 5014; x_wconf 87' lang='lat' dir='ltr'>adhuc</span> <span class='ocrx_word' id='word_1_852' title='bbox 3653 4955 3790 5009; x_wconf 86' lang='lat' dir='ltr'>addit</span> <span class='ocrx_word' id='word_1_853' title='bbox 3816 4945 3886 4999; x_wconf 72' lang='lat' dir='ltr'>vel</span> 
     </span>
    </p>
   </div>
   <div class='ocr_carea' id='block_1_112' title="bbox 2274 5042 3885 5122">
    <p class='ocr_par' dir='ltr' id='par_1_112' title="bbox 2274 5042 3885 5122">
     <span class='ocr_line' id='line_1_112' title="bbox 2274 5042 3885 5122; baseline -0.012 -14"><span class='ocrx_word' id='word_1_854' title='bbox 2274 5054 2468 5108; x_wconf 89' lang='lat' dir='ltr'>reddit</span> <span class='ocrx_word' id='word_1_855' title='bbox 2496 5070 2602 5108; x_wconf 91' lang='lat' dir='ltr'>sua</span> <span class='ocrx_word' id='word_1_856' title='bbox 2635 5055 2846 5122; x_wconf 89' lang='lat' dir='ltr'>sponte</span> <span class='ocrx_word' id='word_1_857' title='bbox 2876 5051 3171 5118; x_wconf 87' lang='lat' dir='ltr'>denarios,</span> <span class='ocrx_word' id='word_1_858' title='bbox 3208 5053 3450 5121; x_wconf 89' lang='lat' dir='ltr'>propter</span> <span class='ocrx_word' id='word_1_859' title='bbox 3481 5047 3616 5102; x_wconf 91' lang='lat' dir='ltr'>illud</span> <span class='ocrx_word' id='word_1_860' title='bbox 3647 5045 3702 5098; x_wconf 88' lang='lat' dir='ltr'>S.</span> <span class='ocrx_word' id='word_1_861' title='bbox 3733 5042 3885 5095; x_wconf 79' lang='lat' dir='ltr'>Bene-</span> 
     </span>
    </p>
   </div>
   <div class='ocr_carea' id='block_1_113' title="bbox 2275 5134 3886 5212">
    <p class='ocr_par' dir='ltr' id='par_1_113' title="bbox 2275 5134 3886 5212">
     <span class='ocr_line' id='line_1_113' title="bbox 2275 5134 3886 5212; baseline -0.014 -15"><span class='ocrx_word' id='word_1_862' title='bbox 2275 5143 2412 5197; x_wconf 87' lang='lat' dir='ltr'>dicti</span> <span class='ocrx_word' id='word_1_863' title='bbox 2440 5141 2838 5212; x_wconf 84' lang='lat' dir='ltr'>praecipientis</span> <span class='ocrx_word' id='word_1_864' title='bbox 2861 5145 2920 5194; x_wconf 89' lang='lat' dir='ltr'>ut</span> <span class='ocrx_word' id='word_1_865' title='bbox 2950 5155 3049 5194; x_wconf 89' lang='lat' dir='ltr'>res</span> <span class='ocrx_word' id='word_1_866' title='bbox 3080 5144 3282 5192; x_wconf 89' lang='lat' dir='ltr'>nostra</span> <span class='ocrx_word' id='word_1_867' title='bbox 3314 5153 3553 5207; x_wconf 87' lang='lat' dir='ltr'>semper</span> <span class='ocrx_word' id='word_1_868' title='bbox 3583 5134 3746 5188; x_wconf 82' lang='lat' dir='ltr'>vilius</span> <span class='ocrx_word' id='word_1_869' title='bbox 3774 5140 3886 5178; x_wconf 86' lang='lat' dir='ltr'>vcn-</span> 
     </span>
    </p>
   </div>
   <div class='ocr_carea' id='block_1_114' title="bbox 2275 5219 3888 5301">
    <p class='ocr_par' dir='ltr' id='par_1_114' title="bbox 2275 5219 3888 5301">
     <span class='ocr_line' id='line_1_114' title="bbox 2275 5219 3888 5301; baseline -0.008 -15"><span class='ocrx_word' id='word_1_870' title='bbox 2275 5233 2446 5287; x_wconf 89' lang='lat' dir='ltr'>datur</span> <span class='ocrx_word' id='word_1_871' title='bbox 2491 5247 2664 5301; x_wconf 88' lang='lat' dir='ltr'>quam</span> <span class='ocrx_word' id='word_1_872' title='bbox 2714 5229 2962 5284; x_wconf 88' lang='lat' dir='ltr'>aliorum</span> <span class='ocrx_word' id='word_1_873' title='bbox 2996 5229 3317 5282; x_wconf 91' lang='lat' dir='ltr'>hominum.</span> <span class='ocrx_word' id='word_1_874' title='bbox 3350 5226 3592 5291; x_wconf 88' lang='lat' dir='ltr'>Quoties</span> <span class='ocrx_word' id='word_1_875' title='bbox 3625 5219 3888 5291; x_wconf 70' lang='lat' dir='ltr'>loquuntur</span> 
     </span>
    </p>
   </div>
   <div class='ocr_carea' id='block_1_115' title="bbox 2275 5307 3888 5389">
    <p class='ocr_par' dir='ltr' id='par_1_115' title="bbox 2275 5307 3888 5389">
     <span class='ocr_line' id='line_1_115' title="bbox 2275 5307 3888 5389; baseline -0.011 -13"><span class='ocrx_word' id='word_1_876' title='bbox 2275 5323 2333 5376; x_wconf 90' lang='lat' dir='ltr'>in</span> <span class='ocrx_word' id='word_1_877' title='bbox 2366 5321 2643 5389; x_wconf 89' lang='lat' dir='ltr'>claustro,</span> <span class='ocrx_word' id='word_1_878' title='bbox 2677 5318 3040 5374; x_wconf 88' lang='lat' dir='ltr'>camerarius</span> <span class='ocrx_word' id='word_1_879' title='bbox 3072 5317 3163 5370; x_wconf 92' lang='lat' dir='ltr'>vcl</span> <span class='ocrx_word' id='word_1_880' title='bbox 3192 5316 3323 5388; x_wconf 79' lang='lat' dir='ltr'>ejus</span> <span class='ocrx_word' id='word_1_881' title='bbox 3351 5314 3558 5384; x_wconf 83' lang='lat' dir='ltr'>junior</span> <span class='ocrx_word' id='word_1_882' title='bbox 3583 5311 3676 5382; x_wconf 88' lang='lat' dir='ltr'>qui</span> <span class='ocrx_word' id='word_1_883' title='bbox 3707 5307 3888 5362; x_wconf 78' lang='lat' dir='ltr'>clavem</span> 
     </span>
    </p>
   </div>
   <div class='ocr_carea' id='block_1_116' title="bbox 2277 5390 3888 5479">
    <p class='ocr_par' dir='ltr' id='par_1_116' title="bbox 2277 5390 3888 5479">
     <span class='ocr_line' id='line_1_116' title="bbox 2277 5390 3888 5479; baseline -0.01 -13"><span class='ocrx_word' id='word_1_884' title='bbox 2277 5427 2528 5466; x_wconf 82' lang='lat' dir='ltr'>camerae</span> <span class='ocrx_word' id='word_1_885' title='bbox 2561 5413 2769 5479; x_wconf 90' lang='lat' dir='ltr'>portat,</span> <span class='ocrx_word' id='word_1_886' title='bbox 2804 5423 3103 5478; x_wconf 88' lang='lat' dir='ltr'>nunquam</span> <span class='ocrx_word' id='word_1_887' title='bbox 3134 5406 3306 5460; x_wconf 88' lang='lat' dir='ltr'>debet</span> <span class='ocrx_word' id='word_1_888' title='bbox 3333 5405 3580 5470; x_wconf 79' lang='lat' dir='ltr'>deesse;</span> <span class='ocrx_word' id='word_1_889' title='bbox 3612 5406 3740 5454; x_wconf 88' lang='lat' dir='ltr'>tunc</span> <span class='ocrx_word' id='word_1_890' title='bbox 3767 5390 3888 5447; x_wconf 77' lang='lat' dir='ltr'>enim</span> 
     </span>
    </p>
   </div>
   <div class='ocr_carea' id='block_1_117' title="bbox 2276 5479 3889 5570">
    <p class='ocr_par' dir='ltr' id='par_1_117' title="bbox 2276 5479 3889 5570">
     <span class='ocr_line' id='line_1_117' title="bbox 2276 5479 3889 5570; baseline -0.013 -16"><span class='ocrx_word' id='word_1_891' title='bbox 2276 5499 2582 5554; x_wconf 87' lang='lat' dir='ltr'>auditurus</span> <span class='ocrx_word' id='word_1_892' title='bbox 2603 5501 2692 5552; x_wconf 89' lang='lat' dir='ltr'>est</span> <span class='ocrx_word' id='word_1_893' title='bbox 2712 5515 2742 5550; x_wconf 91' lang='lat' dir='ltr'>a</span> <span class='ocrx_word' id='word_1_894' title='bbox 2765 5495 3022 5567; x_wconf 84' lang='lat' dir='ltr'>singulis</span> <span class='ocrx_word' id='word_1_895' title='bbox 3040 5494 3178 5565; x_wconf 90' lang='lat' dir='ltr'>quid</span> <span class='ocrx_word' id='word_1_896' title='bbox 3198 5495 3292 5547; x_wconf 90' lang='lat' dir='ltr'>ille</span> <span class='ocrx_word' id='word_1_897' title='bbox 3310 5497 3408 5546; x_wconf 89' lang='lat' dir='ltr'>aut</span> <span class='ocrx_word' id='word_1_898' title='bbox 3428 5493 3525 5545; x_wconf 90' lang='lat' dir='ltr'>ille</span> <span class='ocrx_word' id='word_1_899' title='bbox 3545 5503 3686 5558; x_wconf 88' lang='lat' dir='ltr'>opus</span> <span class='ocrx_word' id='word_1_900' title='bbox 3699 5479 3889 5570; x_wconf 51' lang='lat' dir='ltr'>habent,</span> 
     </span>
    </p>
   </div>
   <div class='ocr_carea' id='block_1_118' title="bbox 2277 5570 3892 5656">
    <p class='ocr_par' dir='ltr' id='par_1_118' title="bbox 2277 5570 3892 5656">
     <span class='ocr_line' id='line_1_118' title="bbox 2277 5570 3892 5656; baseline -0.002 -12"><span class='ocrx_word' id='word_1_901' title='bbox 2277 5594 2333 5644; x_wconf 88' lang='lat' dir='ltr'>et</span> <span class='ocrx_word' id='word_1_902' title='bbox 2361 5605 2470 5643; x_wconf 85' lang='lat' dir='ltr'>nec</span> <span class='ocrx_word' id='word_1_903' title='bbox 2493 5588 2562 5640; x_wconf 89' lang='lat' dir='ltr'>ad</span> <span class='ocrx_word' id='word_1_904' title='bbox 2597 5588 2762 5656; x_wconf 85' lang='lat' dir='ltr'>ipsos</span> <span class='ocrx_word' id='word_1_905' title='bbox 2795 5601 3014 5655; x_wconf 89' lang='lat' dir='ltr'>pueros</span> <span class='ocrx_word' id='word_1_906' title='bbox 3047 5585 3250 5638; x_wconf 88' lang='lat' dir='ltr'>venire</span> <span class='ocrx_word' id='word_1_907' title='bbox 3274 5582 3546 5652; x_wconf 84' lang='lat' dir='ltr'>negligit,</span> <span class='ocrx_word' id='word_1_908' title='bbox 3579 5581 3639 5632; x_wconf 71' lang='lat' dir='ltr'>ut</span> <span class='ocrx_word' id='word_1_909' title='bbox 3666 5575 3732 5628; x_wconf 73' lang='lat' dir='ltr'>ab</span> <span class='ocrx_word' id='word_1_910' title='bbox 3760 5570 3892 5656; x_wconf 14' lang='grc' dir='ltr'>είδμεέ</span> 
     </span>
    </p>
   </div>
   <div class='ocr_carea' id='block_1_119' title="bbox 2278 5654 3889 5753">
    <p class='ocr_par' dir='ltr' id='par_1_119' title="bbox 2278 5654 3889 5753">
     <span class='ocr_line' id='line_1_119' title="bbox 2278 5654 3889 5753; baseline -0.011 -22"><span class='ocrx_word' id='word_1_911' title='bbox 2278 5678 2415 5753; x_wconf 86' lang='lat' dir='ltr'>quid</span> <span class='ocrx_word' id='word_1_912' title='bbox 2449 5678 2526 5730; x_wconf 85' lang='lat' dir='ltr'>sit</span> <span class='ocrx_word' id='word_1_913' title='bbox 2552 5654 2667 5750; x_wconf 76' lang='lat' dir='ltr'>quo</span> <span class='ocrx_word' id='word_1_914' title='bbox 2699 5654 3000 5747; x_wconf 79' lang='lat' dir='ltr'>indigeant</span> <span class='ocrx_word' id='word_1_915' title='bbox 3021 5672 3375 5728; x_wconf 79' lang='lat' dir='ltr'>sciscitatur.</span> <span class='ocrx_word' id='word_1_916' title='bbox 3405 5669 3564 5742; x_wconf 85' lang='lat' dir='ltr'>Ergo</span> <span class='ocrx_word' id='word_1_917' title='bbox 3595 5681 3661 5720; x_wconf 90' lang='lat' dir='ltr'>ea</span> <span class='ocrx_word' id='word_1_918' title='bbox 3681 5663 3796 5716; x_wconf 85' lang='lat' dir='ltr'>vice</span> <span class='ocrx_word' id='word_1_919' title='bbox 3818 5654 3889 5709; x_wconf 66' lang='lat' dir='ltr'>dat</span> 
     </span>
    </p>
   </div>
  </div>
