3956 6176
151 297 240 358 753
684 289 1384 354 CONSUETUDINES
1432 293 2067 359 CLUNIACENSES.
2101 331 2176 344 —
2212 297 2461 358 LIBER
2499 299 2884 366 TERTIUS.

3391 309 3510 382 754

151 493 375 568 quidquid
403 492 484 545 est
511 488 783 559 dandum,
816 505 910 558 ne,
944 491 996 545 si
1029 490 1245 546 fratres
1293 492 1364 545 ab
1397 508 1466 546 eo
1515 492 1585 546 ad
1618 493 1728 546 ho-
1762 478 1896 548 Ain
1925 498 2098 550 nocte
2149 499 2434 566 cantatur,
2484 514 2722 570 semper
2767 517 2871 555 cas
2923 503 3160 574 claudit,
3209 509 3383 577 atque
3433 507 3512 562 ita

145 601 238 640 ram
263 583 427 649 aliam,
457 595 563 650 qua
609 579 908 634 silentium
959 585 1080 648 est,
1126 581 1492 651 quaesierint,
1543 582 1730 636 silen-

144 675 250 727 tium
277 676 446 725 tenere
467 684 576 723 non
596 669 846 739 possint.
865 669 1072 723 Frater
1101 669 1277 740 cujus
1301 671 1619 739 pellicium,
1635 672 1729 725 vel

141 761 277 831 cujus
305 757 651 822 stamineum,
668 758 760 812 vel
785 757 962 829 cujus
987 758 1287 812 femoralia
1306 760 1381 812 ita
1406 762 1545 813 sunt
1564 763 1730 829 rupta

140 855 184 904 ut
218 849 378 902 adhuc
423 847 645 901 valeant
695 847 1014 916 emendari,
1061 848 1299 902 diliculo
1349 849 1511 917 ponit
1553 863 1619 902 ea
1672 849 1730 901 in

140 954 276 992 unum
302 951 480 990 arcum
513 935 746 1006 capituli
770 935 839 989 ad
866 936 976 989 hoc
998 936 1356 1006 deputatum.
1388 937 1455 990 Et
1485 936 1729 990 veniens

131 1027 292 1097 junior
332 1024 622 1078 camerarii
679 1028 868 1094 portat
917 1025 1078 1078 foras
1127 1026 1197 1078 ad
1248 1031 1536 1080 sartores.
1590 1026 1734 1078 Post

137 1129 366 1184 vesperas
393 1116 691 1183 reportans
714 1114 877 1182 ponit
918 1114 975 1167 in
1008 1114 1279 1168 eumdem
1313 1115 1528 1183 locum,
1567 1118 1627 1168 ut
1656 1114 1734 1167 ab

135 1220 184 1257 co
208 1204 266 1256 ad
308 1217 464 1272 quem
504 1203 795 1270 pertinent
836 1202 1211 1272 recipiantur.
1246 1203 1385 1256 Item
1432 1203 1529 1272 qui
1581 1218 1730 1272 opus

134 1292 269 1346 habet
298 1296 350 1345 ut
379 1291 552 1345 calcei
571 1291 664 1345 sui
688 1295 1002 1362 uagantur,
1030 1293 1283 1361 primum
1305 1292 1432 1362 ipse
1455 1291 1729 1346 lavatcos

128 1397 244 1450 aqua
257 1396 346 1448 per
358 1380 613 1434 canalem
645 1381 714 1433 de
737 1397 906 1450 aquae
928 1381 1106 1435 ductu
1124 1381 1400 1446 dimissa;
1427 1397 1577 1451 quos
1598 1397 1728 1434 rur-

129 1485 210 1522 sus
232 1467 412 1538 junior
441 1469 750 1540 camerarii
785 1470 1105 1540 accipiens,
1140 1471 1296 1541 quod
1329 1470 1399 1524 dc
1431 1471 1582 1537 aliis,
1619 1469 1730 1524 hoc

126 1558 277 1627 ipsum
310 1557 442 1612 etde
464 1557 684 1612 calceis
703 1557 861 1612 facit.
879 1560 952 1612 At
971 1559 1024 1613 si
1045 1559 1230 1613 frater
1249 1561 1372 1614 vult
1397 1563 1506 1613 uta
1527 1559 1731 1630 seipse

126 1651 386 1716 uagantur,
417 1651 655 1716 accepta
687 1647 898 1718 sagina
930 1649 1097 1720 ungit
1129 1664 1234 1703 eos
1259 1650 1313 1702 in
1351 1649 1611 1720 regulari
1636 1663 1730 1702 eo-

124 1736 261 1804 quina
276 1739 396 1788 ante
425 1735 694 1804 primam,
729 1737 818 1791 vel
850 1737 902 1790 si
928 1739 1112 1806 prima
1136 1737 1312 1792 simul
1348 1753 1478 1791 eum
1513 1737 1736 1790 matuti-

1838 589 2183 654 permanent
2216 602 2408 658 usque
2438 588 2576 641 dum
2627 589 2795 643 scilla
2845 597 3092 647 sonetur
3136 595 3209 649 ad
3257 597 3508 651 tertiam.

1838 672 2145 745 Finitaque
2177 677 2360 729 missa
2394 678 2716 731 matutinali
2750 680 2988 749 claudit,
3008 682 3350 754 clausaeque
3374 702 3512 755 per-

1847 767 2080 816 manent.
2111 779 2301 829 usque
2331 765 2470 819 dum
2499 766 2668 820 scilla
2692 769 3051 836 pulsaturad
3077 775 3304 826 sextam
3332 790 3346 842 ;
3374 778 3512 829 tunc

1842 860 2202 920 aperniclur,
2232 860 2286 906 et
2319 854 2500 907 missa
2528 855 2682 908 ﬁnita
2718 871 2906 927 usque
2929 858 2999 911 ad
3036 875 3318 929 vesperas
3350 863 3514 916 clau-

1845 940 2080 993 duntur.
2099 941 2237 994 Post
2255 959 2538 1011 vesperas
2556 960 2693 997 vero
2712 947 3023 1016 regulares
3045 949 3420 1014 clauduntur,
3438 951 3514 1005 ita

1846 1043 2036 1098 usque
2067 1029 2134 1081 ad
2169 1033 2499 1084 nocturnos
2532 1048 2959 1100 permansurae.
2988 1037 3051 1089 In
3082 1041 3285 1092 aestate
3317 1042 3512 1094 autem

1844 1132 1975 1170 cum
2001 1117 2194 1170 statim
2228 1123 2363 1188 post
2394 1121 2707 1174 matutinas
2727 1124 3036 1193 regulares
3058 1126 3424 1198 claudantur,
3441 1129 3513 1183 ad

1844 1205 2090 1276 primam
2125 1207 2486 1278 aperiuntur,
2505 1213 2560 1263 et
2582 1225 2773 1280 usque
2793 1212 2926 1266 dum
2949 1214 3130 1268 missa
3155 1217 3514 1272 matutinalis

1846 1294 2321 1364 ﬁniaturpatent;
2345 1313 2476 1366 quae
2494 1301 2629 1352 tunc
2646 1301 2864 1354 clausze
2889 1302 2958 1355 ad
2980 1304 3223 1357 missam
3242 1307 3516 1374 aperiun-

1846 1384 1962 1449 tur,
1992 1387 2125 1451 post
2157 1400 2330 1453 quam
2356 1401 2546 1456 usque
2572 1388 2640 1441 ad
2677 1405 2958 1459 vesperas
2983 1393 3357 1464 obserantur,
3385 1397 3514 1466 qui-

1845 1469 1958 1524 bus
1992 1472 2172 1525 ﬁnitis
2206 1489 2394 1544 usque
2424 1476 2495 1528 ad
2527 1480 2851 1532 nocturnos
2876 1481 3111 1535 omnino
3136 1482 3509 1538 clauduntur.

1843 1559 1908 1614 In
1930 1561 2392 1632 Quadragesima
2411 1564 2660 1633 privatis
2683 1566 2894 1621 diebus
2916 1574 3050 1638 post
3067 1570 3311 1625 missam
3335 1576 3514 1628 matu-

1843 1647 2080 1702 tinalem
2113 1649 2482 1718 clauduntur,
2501 1656 2555 1706 et
2573 1657 2707 1722 post
2734 1659 2962 1710 sextam
2985 1674 3123 1712 mox
3146 1661 3206 1713 ut
3228 1661 3396 1714 scilla
3414 1677 3510 1716 so-

1843 1739 2070 1791 naverit
2101 1743 2464 1808 reserantur,
2501 1757 2608 1795 nec
2640 1742 2993 1798 clauduntur
3023 1762 3216 1817 usque
3250 1748 3389 1803 dum
3413 1766 3510 1804 vc-

123 1823 192 1875 nis
215 1823 461 1878 laudibus
491 1827 589 1878 est
619 1829 1020 1893 cantata,antc
1050 1827 1410 1895 tertiam,vel
1436 1829 1569 1897 post
1589 1825 1734 1880 refe-
1771 1851 1817 1910 Β
1846 1840 2040 1893 spersa
2059 1825 2352 1880 ﬁniantur.
2373 1827 2435 1881 In
2452 1845 2689 1883 xnvero
2709 1830 3215 1903 lectionibus,tam
3239 1835 3298 1890 in
3319 1837 3511 1893 hieme

123 1912 325 1966 ctionem
355 1912 620 1982 fratrum,
647 1913 880 1984 quando
913 1915 1098 1970 semel
1142 1915 1473 1969 comedunt.
1513 1919 1558 1969 Α
1607 1933 1731 1970 ma-

117 1999 308 2069 joribus
333 2003 554 2056 nostris
583 2007 674 2057 est
709 2003 982 2058 traditum
1018 2007 1079 2058 ut
1108 2004 1358 2059 intrante
1388 2003 1732 2076 Quadragc-

119 2090 235 2143 sima
256 2092 679 2162 quanticunque
711 2108 1003 2161 pauperes
1034 2095 1730 2163 supervenerint,omnes

119 2179 494 2250 eleemosynam
516 2184 576 2234 et
593 2180 1065 2236 benedictionem
1087 2181 1158 2236 de
1173 2197 1349 2236 carne
1371 2199 1734 2254 consequan-

118 2271 218 2335 tur;
261 2273 311 2322 et
363 2285 725 2324 camerarius
786 2273 1008 2340 praeter
1058 2271 1215 2325 illam
1275 2271 1733 2327 sollicitudinem

116 2372 252 2426 quam
281 2357 445 2412 habet
473 2375 586 2430 pro
617 2360 986 2414 vestimentis
1019 2359 1284 2429 fratrum,
1310 2376 1428 2416 non
1453 2364 1544 2415 est
1575 2362 1732 2432 quod

117 2447 268 2516 magis
288 2461 409 2500 eum
434 2447 716 2502 sollicitet
737 2465 911 2519 quam
936 2449 1064 2503 haec
1087 2449 1214 2518 ipsa
1230 2449 1634 2520 cleemosyna;
1661 2450 1729 2504 ad

114 2549 250 2602 quam
277 2537 544 2591 nimirum
580 2553 696 2592 non
727 2537 973 2592 multum
1022 2538 1160 2592 facit
1209 2540 1478 2608 porcaria
1529 2543 1733 2595 nostra

115 2622 183 2675 vel
206 2623 500 2680 lardarium
533 2629 828 2695 nostrum,
876 2627 976 2697 qui
1026 2643 1325 2698 nunquam
1375 2629 1450 2681 ita
1501 2633 1591 2682 est
1630 2645 1729 2683 re-

113 2711 304 2782 fertum,
336 2715 447 2770 nisi
478 2719 707 2769 tantum
741 2715 854 2770 soli
884 2717 1111 2771 denarii
1141 2722 1198 2770 et
1228 2716 1300 2771 de
1334 2734 1506 2770 manu
1539 2718 1730 2772 solius

113 2805 371 2856 camerarii
403 2805 696 2874 prodituri
717 2821 730 2873 ;
750 2809 811 2859 ut
832 2821 947 2860 non
977 2805 1134 2860 aliud
1162 2806 1352 2860 dicam
1382 2823 1554 2878 quam
1575 2808 1730 2878 quod

111 2891 311 2964 contigit
339 2893 447 2948 hoc
477 2895 616 2964 ipso
649 2911 832 2950 anno:
861 2895 941 2948 illi
963 2895 1060 2966 qui
1089 2911 1381 2966 pauperes
1413 2912 1732 2951 recensue-

110 2985 216 3033 runt
241 2985 418 3036 testati
449 2988 597 3038 sunt
627 2985 1047 3054 septemdecim
1074 2986 1248 3038 millia
1282 2986 1731 3056 fuisse,quibus

110 3073 151 3121 et
175 3070 221 3122 in
238 3071 442 3127 Christi
468 3074 713 3129 nomine
732 3074 967 3128 ducenti
990 3075 1415 3146 quinquaginta
1434 3075 1731 3131 baccones

109 3158 249 3212 divisi
274 3165 422 3218 sunt.
722 3178 729 3184 '

682 3252 934 3307 CAPUT
981 3253 1109 3309 XII.

631 3341 721 3396 De
748 3343 1160 3414 apocrisiario.

153 3427 570 3498 Apocrisiarius
589 3433 792 3502 estqui
806 3432 1060 3486 custodit
1077 3431 1348 3487 ecclesiae
1365 3432 1728 3500 thesaurum,

106 3519 146 3568 et
171 3517 218 3569 in
244 3519 408 3589 cujus
439 3536 625 3574 manu
657 3525 749 3574 est
777 3520 1058 3590 quidquid
1077 3537 1108 3573 a
1136 3521 1520 3591 pepularibus
1553 3521 1621 3574 ad
1641 3522 1728 3575 al-

107 3604 219 3657 taria
244 3606 503 3664 offertur.
537 3608 651 3673 Qui
670 3609 931 3663 ofﬁcium
953 3623 1126 3662 suum
1150 3609 1328 3681 digne
1348 3613 1408 3663 ut
1429 3610 1622 3680 possit
1639 3610 1730 3664 ad-

103 3691 339 3765 implere,
387 3698 754 3752 adhibentur
800 3699 854 3752 ei
881 3698 1313 3769 aliquantorum
1365 3699 1573 3753 solatia
1608 3699 1729 3753 fra-

105 3784 242 3852 trum,
258 3785 401 3840 inter
417 3803 579 3858 quos
609 3790 800 3842 tamen
820 3788 972 3842 solet
993 3804 1148 3842 unus
1172 3788 1550 3858 praestantior
1566 3804 1723 3856 esse,

102 3873 144 3923 et
181 3873 241 3926 ad
284 3891 456 3945 quem
511 3875 893 3946 potissimum
942 3876 1194 3946 pertinet
1237 3881 1300 3931 ut
1348 3878 1537 3932 vicem
1594 3876 1728 3948 ejus

103 3959 328 4017 absentis
356 3969 517 4035 agat,
542 3966 642 4020 vel
675 3969 838 4020 extra
856 3970 1208 4021 conventum
1229 3965 1386 4020 aliud
1401 3967 1540 4038 quid
1555 3983 1732 4038 agen-

100 4046 173 4102 tis.
203 4050 360 4108 Porta
391 4071 635 4126 quoque
665 4056 938 4111 ecclesiae
973 4057 1072 4110 uni
1093 4055 1433 4126 specialiter
1465 4057 1729 4110 commit-

100 4136 228 4208 titur,
257 4144 350 4212 qui
382 4160 515 4198 cam
559 4161 798 4216 semper
846 4145 1076 4201 claudat
1115 4148 1170 4200 et
1200 4145 1422 4216 aperiat
1466 4147 1729 4214 tempore

100 4239 221 4299 suo;
249 4235 301 4285 et
331 4233 424 4288 hic
456 4233 734 4290 studiose
763 4235 898 4290 talis
929 4235 1168 4305 eligitur
1196 4236 1296 4306 qui
1327 4235 1531 4306 gravis
1566 4235 1641 4288 sit
1671 4235 1729 4288 in

99 4321 346 4392 moribus,
373 4341 484 4380 nec
515 4325 594 4380 ad
626 4325 811 4379 risum
835 4324 1048 4393 facilis,
1074 4340 1146 4378 ne
1177 4339 1350 4396 quam
1385 4325 1442 4377 in
1476 4340 1546 4378 eo
1579 4323 1727 4377 levi-

101 4405 238 4463 tatem
267 4413 556 4469 intrantes
591 4414 682 4468 vel
715 4417 1002 4468 exeuntes
1025 4413 1465 4484 deprehendant
1492 4429 1505 4481 ;
1541 4412 1728 4467 ethoc

100 4499 170 4548 est
195 4501 243 4553 ei
262 4503 499 4557 omnino
523 4502 1175 4573 interdictum,quando
1199 4502 1415 4556 claudit
1440 4506 1498 4556 et
1516 4502 1726 4571 aperit,

1846 1929 2021 1984 quam
2051 1914 2110 1967 in
2143 1919 2364 1984 aestate,
2384 1916 2454 1969 ad
2487 1917 2737 1986 scillam,
2764 1936 2894 1989 quae
2913 1925 3050 1990 post
3071 1923 3390 1993 capitulum
3407 1942 3511 1981 so-

1846 2007 2035 2068 natur,
2071 2004 2452 2074 aperiuntur;
2489 2007 2754 2061 studiose
2788 2012 2976 2062 tamen
3012 2012 3138 2082 agit
3169 2016 3248 2082 ut,
3293 2016 3344 2067 si
3376 2015 3512 2084 quis

1847 2106 1948 2144 eas
1979 2093 2094 2144 tam
2126 2092 2185 2145 in
2214 2092 2307 2146 die
2339 2109 2515 2164 quam
2542 2094 2595 2149 in
2631 2099 2802 2150 nocte
2833 2101 3222 2170 percusserit,
3256 2103 3511 2171 paratis-

1846 2179 2036 2233 simus
2071 2180 2147 2234 sit
2178 2181 2248 2234 ad
2281 2182 2788 2251 aperiendum.Ac
2812 2201 2919 2256 per
2941 2187 3052 2241 hoc
3085 2195 3416 2245 conventus
3439 2193 3508 2246 ad

1844 2267 1903 2322 S.
1940 2269 2183 2322 Mariam
2216 2271 2503 2341 procedit,
2528 2272 2624 2326 ille
2647 2290 2885 2343 semper
2914 2276 2973 2329 in
3005 2278 3262 2331 ecclesia
3295 2284 3506 2348 manet,

1847 2372 1919 2411 ne
1951 2373 2021 2411 eo
2047 2359 2293 2412 absente
2323 2359 2517 2430 aliqua
2549 2361 2856 2416 intercidat
2887 2364 3269 2435 negligentia.
3295 2366 3510 2423 Caeteri

1846 2462 1990 2500 suas
2028 2448 2388 2516 septimanas
2414 2449 2747 2520 inqualibet
2767 2451 2840 2505 ad
2863 2457 3182 2509 nocturnos
3206 2455 3510 2511 Dominica
3597 2471 3618 2477 ·”

1847 2535 2212 2605 incipientes,
2247 2539 2514 2592 vicissim
2557 2539 2776 2594 faciunt
2817 2557 2886 2596 eo
2922 2543 3090 2597 modo
3139 2560 3256 2614 quo
3297 2545 3384 2599 eis
3417 2551 3511 2602 est

1847 2627 2290 2696 praeﬁnitum,ct
2322 2629 2732 2699 unusquisque
2764 2646 2914 2698 opus
2947 2631 3121 2686 habet
3159 2637 3221 2688 ut
3250 2635 3387 2704 quid
3419 2635 3508 2689 fa-

1848 2719 2052 2770 cturus
2087 2717 2161 2769 sit
2193 2715 2505 2788 diligenter
2534 2718 2812 2772 attendat.

1916 2805 2114 2858 Primo
2145 2821 2416 2874 namque,
2449 2810 2510 2858 ut
2539 2806 2680 2875 dixi,
2715 2807 2788 2860 ad
2817 2812 3142 2865 nocturnos
3195 2815 3510 2883 postquam

1845 2894 2218 2965 horologium
2235 2895 2533 2962 cecinerit,
2553 2895 2745 2964 pulsat
2763 2898 3014 2967 scillam,
3036 2903 3091 2953 et
3105 2902 3303 2954 tandiu
3319 2919 3509 2973 usque

1845 2984 1980 3037 dum
2013 2997 2231 3052 pueros
2253 2983 2709 3046 videritvenire;
2739 2983 2906 3038 factis
2932 2987 3122 3041 tribus
3142 2990 3508 3044 orationibus

1843 3072 2039 3142 pulsat
2062 3088 2238 3125 unum
2255 3071 2324 3125 de
2350 3073 2677 3142 majoribus
2701 3074 2895 3143 signis
2921 3091 3110 3145 usque
3125 3077 3195 3129 ad
3216 3079 3508 3146 psalmum

1847 3161 2105 3214 Lactatus
2125 3177 2270 3214 sum.
2302 3160 2575 3213 Secundo
2600 3162 2859 3231 signum,
2877 3165 3031 3233 quod
3057 3165 3250 3220 minus
3274 3170 3384 3235 est,
3405 3169 3506 3221 ali-

1843 3249 2186 3321 quantulum
2219 3248 2288 3302 ad
2319 3248 2532 3320 Ix'j'rie,
2567 3249 2814 3316 eleison,
2849 3267 3040 3322 usque
3070 3253 3208 3307 dum
3238 3256 3317 3308 sit
3347 3256 3507 3309 ﬁnita

1841 3339 2038 3392 Oratio
2087 3337 2389 3391 Dominica
2450 3354 2581 3391 eum
2631 3338 2895 3394 collecta.
2957 3341 3152 3396 Tertio
3211 3343 3502 3398 similiter.

1841 3428 2058 3492 Quarto
2105 3427 2418 3497 pulsantur
2459 3427 2653 3481 omnia
2698 3428 2891 3499 signa,
2927 3430 3016 3482 vel
3068 3431 3121 3484 si
3157 3435 3251 3486 est
3276 3434 3503 3502 privata

1843 3507 1993 3584 dies,
2029 3517 2142 3570 duo
2175 3516 2242 3569 ad
2279 3516 2536 3569 ultimam
2583 3517 2933 3571 incisionem
2966 3521 3328 3575 canticorum
3361 3538 3504 3593 gra-

1842 3606 2062 3673 duum;
2113 3605 2184 3658 ad
2235 3605 2615 3674 penultimum
2658 3606 2947 3674 psalmum
3006 3608 3505 3666 hebdomadarius

1841 3695 2108 3749 accendit
2123 3695 2273 3747 duos
2298 3709 2508 3748 cereos
2532 3695 2906 3750 candelabris
2925 3696 3137 3751 afﬁxos
3153 3704 3283 3752 ante
3297 3700 3502 3770 altare,

1843 3785 2074 3838 tertium
2121 3787 2254 3852 post
2304 3782 2463 3836 illum
2514 3783 2614 3853 qui
2665 3785 2827 3852 prius
2876 3786 3119 3839 ardebat
3157 3787 3214 3841 in
3256 3789 3503 3858 concha,

1842 3872 2341 3943 exslinguitJtem
2366 3871 2435 3925 ad
2456 3872 2740 3926 lectiones
2774 3874 3054 3928 observet
3085 3879 3145 3929 ut
3177 3877 3502 3948 candelam,

1843 3977 1976 4016 cum
2008 3977 2122 4031 qua
2151 3960 2466 4031 legendum
2495 3963 2604 4028 est,
2632 3976 2867 4030 semper
2885 3963 2952 4015 ad
2977 3964 3240 4018 ultimum
3271 3969 3506 4021 noctur-

1843 4067 2050 4105 norum
2081 4050 2380 4103 accendat.
2399 4048 2556 4120 Ergo
2572 4049 2641 4102 ad
2663 4066 2873 4104 nonam
2905 4051 3236 4123 lectionem,
3260 4071 3394 4126 quae
3413 4061 3506 4111 est

1841 4140 2270 4209 chvangclio,
2289 4139 2582 4192 estadhuc
2598 4143 2653 4192 et
2680 4140 2886 4192 tertius
2917 4145 3047 4194 ante
3073 4143 3252 4196 altare
3267 4159 3500 4214 cereus,

1841 4232 1897 4285 et
1928 4233 2061 4299 post
2091 4228 2271 4282 altare
2307 4227 2552 4281 alterum
2587 4228 3226 4300 acccndit;altarisque
3247 4232 3504 4286 tabulam

1841 4318 2061 4389 detegit
2091 4333 2328 4370 auream
2353 4316 2466 4370 huc
2485 4331 2673 4386 usque
2700 4332 2889 4384 panno
2911 4321 3266 4387 coepertam,
3291 4320 3505 4390 accipit

1839 4410 2058 4461 textum
2091 4407 2161 4459 dc
2192 4405 2353 4459 altari
2388 4407 2442 4458 et
2492 4408 2679 4474 portat
2711 4405 2782 4457 ad
2826 4407 3192 4487 vestiarium,
3229 4407 3500 4478 lectoque

1843 4495 2185 4567 Evangelio,
2207 4495 2342 4548 dum
2359 4493 2641 4547 sacerdos
2667 4495 2998 4562 revertitur,
3017 4495 3309 4566 accipitde
3329 4513 3504 4552 manu

99 4586 144 4637 ut
170 4602 259 4655 pro
287 4592 444 4647 nulla
477 4592 798 4647 occasione
817 4592 907 4646 vel
934 4592 1138 4661 pedem
1162 4596 1325 4645 extra
1352 4595 1576 4660 portam
1595 4606 1725 4660 ρον-
1755 4575 1807 4638 D
1843 4585 1998 4655 ejus,
2033 4588 2089 4638 et
2122 4583 2274 4637 unde
2306 4582 2473 4652 prius
2506 4583 2750 4653 accepit,
2800 4585 3046 4654 reponit.
3079 4584 3225 4639 Cum
3270 4586 3341 4640 ad
3391 4586 3504 4641 hoc

96 4675 276 4731 tendat.
298 4680 429 4747 Hie,
451 4697 593 4736 cum
617 4696 852 4749 semper
881 4680 941 4733 in
973 4679 1244 4735 ecclesiae
1267 4683 1528 4734 moratur
1545 4695 1728 4733 excu-

98 4762 207 4833 biis,
237 4767 311 4823 ibi
339 4770 562 4826 dormit
592 4774 650 4826 et
676 4770 853 4842 legit;
886 4785 952 4824 ac
986 4774 1200 4838 praeter
1230 4771 1478 4823 caeteros
1504 4768 1614 4824 hoc
1639 4771 1732 4822 est

97 4855 189 4908 soli
216 4858 544 4929 injunctum
577 4859 836 4915 ofﬁcium
867 4862 929 4913 ut
967 4858 1125 4913 omni
1156 4856 1410 4912 Sabbato
1443 4857 1725 4925 conchas,

99 4947 142 4995 et
166 4948 642 5004 candelabrorum
676 4952 931 5019 pateras,
964 4949 1025 5002 in
1072 4946 1289 5018 quibus
1339 4946 1599 5001 candelae
1630 4961 1730 5000 ar-

96 5034 225 5104 dent,
243 5038 564 5110 diligenter
591 5037 850 5105 abradat,
887 5052 960 5092 ne
993 5035 1215 5107 aliquid
1263 5035 1334 5090 de
1379 5036 1729 5090 decurrente

98 5137 209 5177 cera
226 5133 542 5184 remaneat.
561 5127 744 5182 Simili
763 5141 998 5198 quoque
1015 5125 1210 5180 studio
1229 5127 1409 5179 totum
1432 5124 1729 5193 pavimen-

97 5215 193 5267 tum
219 5217 368 5287 quod
400 5218 572 5292 circa
601 5215 796 5288 majus
827 5215 1006 5269 altare
1037 5217 1128 5268 est
1156 5216 1392 5285 purgat,
1435 5227 1544 5266 nec
1573 5227 1731 5281 prae-

98 5301 325 5359 termittit
344 5312 407 5361 ut
423 5306 702 5376 ejusdem
720 5309 777 5360 et
789 5308 1143 5358 eaaterorum
1157 5303 1424 5356 altarium
1437 5300 1734 5372 pavimen-

98 5392 193 5445 tum
222 5411 395 5465 Scopa
427 5395 725 5450 emundet.
768 5392 1000 5448 Claudit
1046 5406 1278 5462 quoque
1312 5394 1368 5445 et
1416 5389 1600 5459 aperit
1629 5405 1732 5444 ec-

97 5480 266 5537 clesia:
290 5485 453 5540 fores
473 5485 659 5538 variis
680 5483 872 5538 modis
893 5498 1000 5553 per
1019 5481 1257 5536 diversa
1279 5483 1569 5550 tempora;
1595 5495 1729 5532 nam

95 5581 205 5624 cum
229 5572 299 5627 ad
343 5577 673 5629 nocturnos
721 5576 839 5628 tam
881 5571 941 5626 in
970 5571 1163 5625 hieme
1212 5585 1386 5640 quam
1435 5568 1494 5622 iu
1525 5570 1730 5623 aastate

97 5671 304 5730 semper
331 5663 587 5734 aperiat,
602 5663 658 5716 in
685 5663 878 5718 hieme
911 5664 1105 5716 tamen
1125 5661 1263 5732 post
1287 5657 1552 5715 ofﬁcium
1574 5656 1730 5730 quod

1843 4677 2079 4728 ventum
2111 4672 2285 4726 fuerit
2315 4676 2374 4725 ut
2418 4673 2702 4726 sacerdos
2739 4673 3095 4728 matutinalis
3127 4675 3392 4730 dicturus
3427 4676 3506 4728 sit

1841 4763 2167 4829 collectam,
2186 4761 2320 4815 huic
2340 4762 2512 4815 etiam
2536 4761 2836 4815 candelam
2862 4763 3184 4831 providens
3215 4768 3500 4834 apportat,

1841 4867 1977 4906 mox
1995 4852 2187 4919 etiam,
2202 4851 2516 4904 exstinctis
2535 4851 2808 4904 omnibus
2833 4851 2949 4904 illis
2965 4851 3158 4905 cereis
3177 4853 3235 4906 in
3255 4852 3503 4907 circuitu

1842 4940 2066 5007 altaris,
2101 4955 2255 5007 eum,
2280 4939 2379 5008 qui
2413 4938 2578 5007 prius
2609 4939 2850 4992 ardebat
2869 4939 2922 4991 in
2949 4939 3192 5006 concha,
3225 4956 3501 4996 reaccen-

1843 5031 1944 5099 dit,
1982 5033 2098 5083 tam
2129 5028 2186 5081 in
2221 5027 2314 5080 die
2335 5042 2510 5097 quam
2542 5027 2600 5080 in
2632 5031 2799 5082 nocte
2821 5029 3505 5100 arsurum,nisipropter

1843 5119 1992 5174 alios
2023 5132 2314 5171 accensos
2345 5117 2779 5185 exstinguatur.
2809 5117 3090 5170 Accendit
3112 5121 3168 5171 et
3193 5118 3372 5173 alium
3402 5135 3504 5173 cc-

1843 5225 2006 5263 rcum
2026 5211 2082 5260 et
2102 5205 2290 5277 afﬁgit
2308 5204 2685 5272 candelabro,
2702 5207 2762 5257 ut
2783 5208 3049 5274 portetur
3069 5205 3141 5259 ad
3163 5208 3502 5276 processio-

1843 5314 1974 5352 nem
1989 5293 2509 5367 qumﬁerisoletad
2541 5292 2600 5347 S.
2617 5291 2863 5347 Crucem
2897 5294 3036 5348 etad
3056 5294 3116 5348 S.
3133 5295 3394 5350 Mariam.
3415 5296 3502 5350 Ad

1843 5386 1902 5442 S.
1949 5385 2200 5440 Crucem
2245 5382 2532 5453 praevenit
2575 5384 2949 5452 conventum,
3003 5386 3062 5436 ut
3111 5385 3184 5438 ad
3231 5385 3503 5458 singulas

1843 5477 2148 5530 columnas
2190 5471 2529 5527 eandelulas
2577 5470 2780 5542 afﬁgat
2827 5471 3102 5527 ardentes
3143 5489 3334 5544 usque
3365 5475 3502 5528 dum

1843 5561 2208 5618 abscesserit
2221 5559 2658 5616 conventus-Ad
2673 5560 2980 5614 SMariam
2993 5563 3501 5616 accenditeereum

1841 5655 1903 5708 in
1932 5651 2179 5723 concha,
2212 5653 2269 5707 et
2297 5648 2544 5704 alterum
2587 5649 2721 5705 ante
2752 5649 2917 5706 fores
2948 5649 3244 5706 ecclesiae.
3274 5650 3502 5704 Aurora
