4028 6176
468 294 587 357 ’755

1464 292 1872 355 UDALRICI
1915 292 2528 356 CLUNIACENSIS
2575 292 2967 356 MONACHI
3509 333 3535 364 ρ

3724 307 3815 368 756

468 497 790 567 apparente
814 494 1159 549 sacerdotes
1177 494 1436 563 privatas
1455 494 1675 548 missas
1694 494 1979 564 incipiunt
2000 510 2135 548 ean-
2174 477 2207 537 ὶ
2250 496 2386 564 vati,
2419 495 2547 549 sive
2578 496 2897 565 solemnes,
2930 512 3046 551 non
3068 496 3182 551 nisi
3208 501 3344 568 tres,
3378 502 3595 571 excepto
3622 506 3747 572 quod
3775 508 3818 560 in

464 587 613 653 tare,
630 585 703 639 ad
719 600 868 655 quas
893 584 1129 653 singula
1143 600 1274 654 qua:
1293 585 1634 637 necessaria
1659 587 1795 636 sunt
1817 583 2135 638 hebdoma-

469 674 673 729 darius
706 673 1058 744 providebit,
1092 674 1172 739 ut,
1209 688 1340 726 cum
1373 673 1621 741 primum
1658 672 1998 726 sacerdotes
2032 689 2133 726 ac-

474 764 787 829 cesserint,
822 761 1017 816 omnia
1046 761 1344 816 inveniant
1365 764 1586 831 parata.
1614 762 1948 815 Armarium
1972 777 2135 816 rese-

474 857 566 908 rat
580 851 736 922 quod
751 866 866 905 non
881 851 1090 905 minori
1104 850 1406 921 diligentia
1420 854 1511 904 est
1525 853 1931 904 constructum
1965 866 2137 921 quam

471 945 528 997 et
559 940 700 995 illud
732 940 887 1011 quod
921 944 1012 994 est
1044 944 1174 993 ante
1208 938 1452 1009 majoris
1487 938 1695 993 faciem
1712 940 1937 1007 altaris,
1962 939 2136 1009 cujus

471 1030 531 1084 in
567 1029 678 1083 alio
708 1030 839 1083 loco
870 1029 1134 1083 nonnihil
1166 1028 1432 1093 memini;
1458 1033 1512 1081 et
1545 1029 1601 1081 in
1635 1028 1747 1081 isto
1772 1028 1840 1081 ad
1876 1028 2135 1098 privatas

467 1119 692 1173 missas
725 1118 1355 1172 recondunturcalices
1388 1133 1520 1172 eum
1540 1117 1969 1186 corporalibus,
1996 1117 2131 1186 plus

469 1208 667 1262 minus
687 1210 913 1277 septem
936 1207 1167 1273 hostiae,
1191 1211 1245 1260 et
1265 1207 1546 1273 candelae,
1573 1207 1703 1260 sine
1728 1206 1945 1276 quibus
1977 1205 2135 1258 nulla

469 1296 656 1350 missa
685 1299 778 1351 est
810 1295 1129 1363 cantanda;
1155 1296 1425 1365 ampullas
1458 1294 1718 1366 majores
1751 1298 1807 1349 et
1838 1296 2132 1348 minores:

468 1383 729 1457 majores
761 1385 832 1438 ad
861 1385 1083 1451 vinum,
1107 1385 1372 1439 minores
1400 1384 1471 1437 ad
1500 1400 1709 1455 aquam
1731 1399 1745 1452 ;
1769 1386 1825 1437 et
1856 1383 2137 1451 amphora

469 1476 736 1542 stannea,
759 1490 888 1527 cum
904 1489 1018 1543 qua
1039 1473 1239 1526 vinum
1262 1473 1952 1543 apportaturforinsecus
1970 1488 1985 1540 ;
2005 1471 2137 1525 duae

470 1563 601 1618 alia:
651 1579 784 1617 cum
816 1578 985 1633 aqua,
1024 1565 1087 1616 ut
1118 1562 1187 1616 de
1219 1578 1335 1616 una
1362 1578 1572 1616 manus
1605 1563 1936 1631 abluantur,
1976 1563 2032 1614 et
2064 1560 2134 1615 de

470 1653 653 1707 altera
698 1652 936 1706 calices.
972 1651 1095 1705 Nec
1143 1651 1215 1705 de
1263 1650 1374 1704 alia
1426 1651 1690 1705 funditur
1735 1652 2016 1720 quantum
2065 1649 2135 1702 ad

469 1741 831 1796 sacrificium
864 1742 934 1795 de
966 1757 1116 1811 aqua
1150 1743 1241 1794 est
1272 1740 1656 1802 miscendum,
1690 1739 1762 1793 de
1792 1755 1907 1809 qua
1937 1741 1991 1792 et
2022 1737 2136 1791 illae

469 1830 731 1884 minores
777 1829 1048 1899 ampullas
1082 1832 1218 1883 sunt
1254 1829 1599 1899 implendas;
1635 1829 1836 1881 vinum
1854 1832 2045 1881 autem
2066 1827 2136 1881 de

468 1934 586 1990 quo
619 1918 973 1973 sumendum
1006 1922 1098 1971 est
1126 1918 1196 1971 ad
1217 1918 1595 1985 sacrificium,
1614 1934 1729 1971 non
1751 1917 1862 1971 alio
1883 1932 2055 1987 quam
2077 1916 2137 1969 in

470 2006 709 2061 cellario
744 2010 1037 2075 servatur,
1069 2006 1175 2060 sed
1204 2007 1262 2059 in
1301 2006 1396 2059 tali
1429 2022 1615 2075 cuppa
1652 2023 1783 2077 quae
1808 2008 1899 2060 est
1921 2008 2133 2068 serata,

470 2099 526 2151 et
557 2096 629 2150 de
659 2112 773 2165 qua
800 2095 943 2149 nihil
976 2095 1126 2148 trahi
1150 2098 1343 2164 potest
1372 2095 1489 2149 nisi
1518 2094 1681 2148 clave
1704 2097 2023 2149 reseretur.
2049 2094 2139 2147 Ad

472 2184 625 2238 hanc
649 2184 882 2255 quoties
915 2183 1414 2237 hebdomadarius
1446 2184 1799 2251 accesserit,
1822 2178 2141 2254 diligenter

468 2272 625 2327 lavat
653 2287 769 2326 non
799 2272 971 2326 modo
993 2288 1222 2340 manus,
1242 2273 1346 2326 sed
1367 2273 1539 2326 etiam
1563 2273 1791 2342 spinam
1815 2276 1869 2325 et
1894 2271 2137 2325 fundum

469 2376 677 2430 cuppae
710 2360 768 2413 in
802 2359 1048 2413 circuitu
1082 2361 1289 2430 spinae,
1325 2361 1670 2430 priusquam
1702 2360 1843 2429 quid
1891 2359 2140 2429 accipiat

472 2449 543 2504 de
573 2450 713 2503 vino
736 2465 750 2519 ;
783 2452 859 2518 et,
896 2450 1051 2503 sicut
1073 2449 1291 2513 dixi,in
1314 2465 1423 2503 sua
1445 2452 1536 2503 est
1558 2448 1921 2520 providentia
1953 2464 2025 2502 ne
2043 2447 2141 2501 ali-

471 2539 705 2610 quando
750 2538 844 2592 vel
887 2554 1037 2614 aqua
1084 2538 1180 2592 vel
1229 2538 1429 2592 vinum
1478 2538 1538 2592 in
1587 2538 1841 2592 ecclesia
1875 2538 2045 2601 desit,
2083 2541 2139 2591 et

466 2629 714 2698 propter
744 2627 856 2681 hoc
888 2627 946 2680 in
969 2630 1139 2681 nocte
1170 2630 1251 2694 ut,
1278 2626 1331 2680 si
1363 2627 1457 2679 cui
1490 2643 1639 2696 opus
1674 2626 1849 2680 fuerit
1879 2626 2135 2694 infirmo,

467 2716 528 2770 in
561 2719 833 2786 promptu
868 2717 964 2785 sit,
1000 2719 1062 2770 ut
1092 2718 1283 2785 possit
1325 2716 1778 2770 communicare.
1827 2715 1888 2768 Si
1937 2717 2028 2768 est
2069 2729 2138 2769 eo

474 2809 736 2875 tempore
752 2821 938 2876 eaque
957 2805 1050 2858 die
1071 2821 1184 2875 qua
1198 2805 1383 2873 prima
1404 2805 1685 2873 eumipsa
1709 2803 1801 2857 die
1825 2803 2138 2872 incipiente

467 2893 565 2948 vel
594 2896 726 2948 ante
759 2894 913 2948 diem
942 2896 1225 2964 cantatur,
1260 2896 1397 2946 tunc
1420 2908 1485 2947 se
1516 2893 1625 2947 rite
1664 2893 1733 2945 ad
1766 2909 1847 2944 vn
1875 2892 2139 2961 psalmos

472 2983 848 3038 diurnalibus
882 2985 1200 3052 calceat,ut
1220 2983 1347 3037 coci
1380 2997 1589 3035 manus
1614 2982 1941 3051 faciemque
1962 2981 2136 3049 lavat,

475 3076 531 3128 et
560 3088 844 3128 reversus
875 3072 945 3125 ad
979 3073 1239 3126 Iitaniam
1263 3088 1391 3125 cum
1412 3071 1691 3141 amphora
1713 3069 1937 3141 majore
1969 3069 2140 3139 plena

473 3177 665 3233 aquae,
681 3166 992 3233 antequam
1008 3162 1136 3231 ipsa
1159 3164 1277 3215 tota
1299 3160 1555 3227 ﬁniatur,
1576 3159 1732 3213 levat
1751 3175 1815 3213 se
1841 3159 2141 3213 etaecele-

474 3255 565 3306 rat
592 3252 793 3306 vinum
826 3255 881 3305 et
911 3266 1120 3320 aquam
1151 3253 1482 3320 apportare.
1508 3249 1729 3302 Altaris
1764 3247 2021 3301 tabulam
2044 3246 2141 3300 tali

475 3340 570 3395 die
596 3356 715 3395 non
745 3340 1123 3409 diseooperit,
1150 3354 1340 3409 usque
1362 3339 1498 3392 dum
1532 3337 1857 3406 pulsaverit
1887 3336 2137 3405 scillam,

477 3444 595 3499 qua
640 3429 879 3499 signum
930 3428 1100 3481 datur
1141 3427 1427 3480 fratribus
1477 3426 1550 3479 ad
1595 3425 1973 3479 caleeandum
2012 3443 2025 3490 ;
2083 3424 2140 3478 in

477 3517 701 3584 aestate,
738 3516 832 3570 vel
865 3516 1036 3570 etiam
1069 3515 1127 3569 in
1159 3515 1373 3583 hieme,
1395 3514 1558 3569 sibis
1582 3514 1926 3583 eomeditur,
1949 3512 2141 3567 differt

484 3619 679 3674 usque
708 3604 780 3657 ad
807 3604 1078 3673 primam.

547 3692 730 3763 Signa
756 3708 887 3762 qua:
904 3691 1196 3762 pulsanda
1215 3694 1351 3745 sunt
1371 3691 1439 3745 ad
1465 3690 1735 3763 singulas
1754 3690 1953 3760 horas,
1972 3690 2140 3745 solli—

478 3781 633 3836 citus
663 3785 757 3835 est
789 3790 850 3835 ut
898 3781 1092 3851 pulset
1133 3780 1499 3850 tempestive,
1535 3779 1609 3833 ita
1660 3783 1853 3833 tamen
1891 3783 1953 3833 ut
1995 3779 2140 3833 nihil

474 3873 798 3941 praesumat
826 3871 943 3923 nisi
969 3868 1184 3940 jussus
1214 3885 1246 3922 ει
1278 3867 1521 3939 majore,
1555 3871 1610 3922 ct
1640 3868 1965 3922 secundum
1984 3868 2141 3939 quod

475 3976 585 4030 per
612 3975 788 4014 usum
821 3962 913 4014 est
946 3959 1345 4013 constitutum.
1378 3957 1621 4022 Quando
1672 3957 1845 4012 fuerit
1888 3958 2035 4012 hora
2082 3960 2143 4010 ut

477 4048 694 4103 fratres
727 4052 858 4102 ante
892 4047 1120 4101 tertiam
1155 4048 1246 4101 vel
1276 4063 1486 4101 nonam
1505 4047 1756 4101 laverint
1780 4048 2142 4115 manus,stat

477 4136 607 4206 ipse
633 4135 799 4206 juxta
830 4136 1128 4190 introitum
1158 4136 1451 4202 ecclesiae,
1470 4140 1525 4189 et
1549 4151 1680 4189 cum
1699 4134 2055 4205 puerosjam
2073 4150 2139 4188 se

474 4225 692 4279 viderit
721 4226 979 4294 lavassc,
1000 4225 1240 4295 pulsare
1264 4225 1502 4295 signum
1519 4225 1772 4294 amplius
1795 4240 1911 4277 non
1929 4225 2136 4277 tardat.

478 4314 701 4369 Eodem
736 4315 908 4369 modo
940 4314 1172 4384 quoties
1200 4317 1335 4382 post
1367 4315 1608 4367 missam
1643 4316 1699 4366 et
1746 4316 1877 4367 ante
1911 4316 2140 4366 sextam

477 4405 718 4472 accepto
746 4402 869 4472 jam
890 4403 1066 4456 misto
1087 4401 1338 4455 audierit
1357 4417 1461 4455 eos
1487 4401 1777 4472 legentes.
1795 4401 1877 4455 De
1904 4401 2138 4455 caeteris

477 4491 644 4546 horis
675 4491 1086 4561 significandis
1119 4506 1236 4543 non
1267 4506 1333 4543 se
1362 4490 1709 4557 intromittit,
1731 4490 1849 4543 nisi
1882 4490 1939 4542 in
1958 4506 2138 4559 quan-

2248 584 2367 637 illis
2399 584 2729 655 majoribus
2763 585 2954 654 festis,
2991 590 3051 639 ut
3082 589 3173 640 est
3211 586 3484 641 festivitas
3528 590 3580 642 S.
3624 592 3817 648 Joannis

2254 671 2554 741 Baptistae,
2572 674 2913 743 providetur
2940 688 2969 726 a
2991 674 3187 743 priore
3217 677 3277 727 ut
3304 677 3466 729 tantm
3496 676 3746 733 mittantur
3767 697 3822 734 ex

2251 760 2469 830 quibus
2495 777 2700 816 omnes
2723 763 2956 831 possint
2970 764 3415 817 communicare.
3434 764 3490 817 In
3509 766 3718 834 privatis
3737 769 3824 823 dic-

2247 849 2362 903 bus
2393 850 2463 903 ad
2499 852 2742 904 missam
2789 852 3208 921 matutinalcm,
3243 853 3373 922 quia
3404 854 3580 907 cuncti
3608 853 3826 923 offerunt,

2252 944 2416 993 curat
2447 940 2865 994 bebdomarius
2899 944 2959 994 ut
2996 942 3150 995 inter
3199 941 3409 995 calices
3452 943 3739 997 mediocres
3773 946 3826 999 ad

2252 1029 2362 1082 hoc
2392 1029 2579 1083 solum
2598 1028 2806 1097 factos,
2828 1034 2883 1083 et
2901 1029 3051 1083 inter
3070 1029 3354 1099 ampullas
3379 1046 3500 1084 cum
3522 1030 3644 1086 vino
3665 1032 3830 1087 habeat

2223 1115 2532 1189 'quinque,
2551 1122 2605 1172 et
2638 1119 2873 1172 totidem
2897 1122 3139 1187 patenas
3173 1134 3304 1172 cum
3324 1119 3540 1188 hostiis,
3559 1136 3687 1190 quas
3711 1123 3834 1175 ordi-

2252 1206 2432 1259 natim
2449 1207 2611 1276 ponit
2629 1206 2969 1261 forinsecus
2993 1222 3173 1276 prope
3197 1206 3431 1261 chorum
3452 1223 3615 1277 super
3632 1209 3835 1263 tabulam

2251 1294 2508 1362 desuper
2533 1298 3157 1363 eoopertam,otpanno
3176 1294 3528 1349 intrinsecus
3541 1297 3837 1365 amictam,ut

2249 1382 2383 1436 inde
2418 1382 2634 1436 fratres
2666 1398 2768 1437 eas
2795 1384 3251 1453 accipiant;cum
3286 1383 3583 1439 olfertoriis
3612 1383 3830 1438 oblaturi.

2251 1471 2338 1523 Ad
2366 1470 2653 1541 majorem
2675 1472 3097 1542 missam,quia
3127 1488 3243 1526 non
3270 1472 3501 1527 offertur
3527 1474 3631 1527 nisi
3668 1475 3728 1527 ab
3750 1490 3838 1527 uno

2252 1559 2454 1629 choro,
2470 1562 2691 1614 tantum
2706 1563 2828 1614 tres
2844 1560 3059 1614 calices
3074 1576 3180 1615 seu
3200 1561 3465 1631 ampullas
3477 1567 3836 1631 praeparantur,

2249 1652 2306 1702 et
2338 1648 2835 1703 hebdomadarius
2869 1652 2983 1703 stat
3013 1650 3073 1703 in
3118 1650 3299 1705 choro
3341 1651 3570 1705 sinistro
3599 1654 3774 1705 tenens
3799 1652 3842 1704 in

2252 1754 2425 1791 manu
2456 1754 2690 1793 auream
2725 1742 3016 1808 patenam,
3047 1741 3103 1793 et
3131 1738 3468 1809 ampliorem
3495 1739 3685 1793 hostiis
3707 1738 3844 1793 refer-

2170 1855 2210 1912 Β
2247 1830 2543 1898 tam,quas
2557 1843 2688 1882 cum
2704 1842 2882 1881 aureo
2903 1827 3196 1881 cochleari
3212 1826 3582 1882 offerentibus
3595 1827 3841 1881 distribuit

2252 1916 2576 1987 sigillatim.
2599 1916 2745 1969 Cum
2777 1917 3060 1971 sacerdos
3083 1919 3139 1971 et
3156 1917 3442 1971 diaconus
3466 1918 3746 1987 czeterique
3765 1916 3845 1968 mi-

2249 2005 2422 2058 nistri
2454 2004 2510 2057 in
2544 2005 2823 2058 vestiario
2856 2005 3215 2059 conveniunt
3241 2010 3303 2059 ut
3334 2008 3586 2060 cantetur
3605 2003 3843 2057 missavel

2249 2092 2543 2164 majorvel
2559 2094 2769 2162 minor,
2789 2095 2915 2164 ipse
2932 2098 3467 2165 semperpraeparat
3481 2098 3678 2148 textum
3700 2093 3844 2146 Evan-

2248 2182 2406 2255 gelii,
2424 2199 2595 2253 quem
2629 2184 3031 2238 subdiaconus
3057 2187 3245 2252 portat
3264 2184 3419 2238 inter
3440 2181 3836 2253 procedendum.

2250 2271 2395 2324 Cum
2425 2272 2651 2326 venerit
2679 2271 2821 2326 hora
2851 2271 3218 2341 refectionis,
3256 2276 3319 2325 ut
3348 2288 3461 2326 non
3499 2271 3724 2341 amplius
3758 2268 3848 2323 ulla

2255 2360 2437 2413 missa
2472 2363 2738 2414 cantetur
2764 2361 2822 2412 in
2846 2359 2946 2414 illo
2980 2360 3094 2429 die,
3111 2364 3385 2415 recenset
3405 2360 3611 2415 calices
3623 2360 3669 2413 si
3684 2358 3848 2411 habeat

2252 2465 2493 2515 omnes;
2528 2452 2800 2503 recenset
2829 2449 3005 2503 etiam
3034 2449 3313 2504 missales
3335 2449 3606 2518 libros,et
3627 2445 3851 2502 sacerdo-

2249 2537 2386 2591 talia
2426 2538 2776 2592 vestimenta
2827 2553 2958 2608 quae
3004 2540 3244 2593 econtra
3292 2538 3350 2591 in
3397 2536 3635 2592 armario
3675 2535 3848 2606 jacent.

2249 2626 2449 2679 Portat
2477 2626 2750 2697 pyxidem
2778 2642 2910 2680 cum
2941 2627 3156 2680 hostiis
3186 2642 3306 2681 non
3325 2626 3642 2681 conseratis
3670 2624 3722 2677 in
3738 2621 3851 2676 reie-

2253 2714 2522 2783 ctorium,
2548 2715 2619 2767 de
2648 2714 2865 2784 quibus
2893 2714 3171 2786 singulis,
3198 2718 3259 2768 ut
3284 2714 3558 2784 superius
3584 2712 3711 2779 dixi,
3732 2725 3851 2779 pra:-

2248 2800 2433 2855 libant
2450 2802 2548 2871 qui
2562 2801 2875 2855 noluerunt
2888 2804 2987 2856 aut
2999 2817 3116 2856 non
3130 2805 3447 2873 potuerunt
3461 2799 3852 2856 communicare.

2255 2891 2600 2944 Refectione
2628 2894 2944 2959 transacta,
2964 2906 3097 2944 cum
3125 2891 3252 2959 ipsa
3285 2891 3498 2961 pyxide
3528 2890 3582 2944 in
3608 2886 3785 2959 primis
3803 2885 3855 2937 de

2251 2978 2566 3033 refectorio
2590 2980 2728 3044 exit,
2751 2984 2811 3033 ut
2830 2980 3058 3033 scillam
3079 2980 3276 3050 pulset
3297 2980 3358 3033 in
3378 2979 3573 3033 choro.
3590 2977 3668 3032 Ad
3690 2988 3859 3044 vespe-

2252 3083 2351 3121 ras
2381 3068 2649 3122 accendit
2684 3068 2963 3122 candelas
3001 3069 3157 3123 sicut
3198 3069 3269 3123 ad
3305 3073 3655 3135 nocturnos;
3684 3065 3858 3136 quibus

2257 3156 2438 3210 finitis
2454 3174 2583 3210 cum
2601 3157 2851 3227 primum
2871 3158 3089 3212 fratres
3108 3158 3378 3226 exierint,
3396 3173 3509 3212 uno
3527 3157 3594 3211 de
3606 3153 3859 3209 sodalibus

2256 3247 2385 3301 suis
2417 3249 2743 3316 assumpto,
2774 3261 3010 3300 auream
3038 3246 3243 3301 altaris
3278 3248 3538 3302 tabulam
3569 3261 3688 3299 cum
3713 3255 3864 3312 panno

2254 3335 2533 3405 contegit.
2568 3334 2629 3388 Si
2662 3335 2895 3404 quando
2924 3335 3155 3389 collatio
3181 3337 3299 3389 tam
3317 3351 3456 3390 sera
3477 3334 3641 3389 fuerit
3666 3336 3718 3385 ut
3743 3343 3859 3397 opus

2253 3423 2330 3476 sit
2362 3423 2540 3493 ignis,
2575 3426 2765 3492 portat
2805 3423 2875 3476 ad
2908 3438 3035 3476 eam
3081 3427 3205 3477 tres
3255 3439 3467 3479 cereos
3517 3435 3793 3484 accensos,
3820 3421 3862 3469 et

2252 3512 2422 3564 mittit
2452 3512 2511 3565 in
2538 3511 2799 3566 conchas
2830 3515 3072 3581 propter
3100 3513 3214 3567 hoc
3239 3513 3321 3567 ibi
3356 3526 3711 3583 suspensas;
3739 3510 3786 3560 et
3808 3503 3861 3557 ad

2252 3600 2585 3654 Mandatum
2618 3617 2914 3672 nunquam
2963 3602 3172 3656 omittit
3218 3605 3279 3656 ut
3310 3619 3430 3657 non
3473 3616 3641 3656 unum
3672 3608 3864 3652 cereum

2252 3693 2523 3760 apportet
2550 3691 2871 3745 ardentem.
2891 3692 3033 3745 Post
3051 3691 3521 3761 completorium,
3539 3704 3661 3744 cum
3677 3682 3863 3748 circuit,

2252 3780 2510 3833 omnium
2548 3780 2879 3851 signorum,
2909 3796 3041 3851 quae
3074 3779 3145 3833 ad
3173 3784 3502 3835 nocturnos
3534 3780 3737 3833 tantum
3762 3769 3867 3843 pul-

2254 3868 2437 3922 sanda
2472 3871 2628 3936 sunt,
2662 3869 2924 3923 circulos
2955 3869 3219 3923 ordinate
3245 3870 3305 3922 in
3338 3870 3519 3922 imum
3544 3867 3755 3920 dentem
3774 3857 3865 3913 col-

2250 3956 2401 4029 ligit,
2436 3960 2497 4010 ut
2526 3957 2597 4010 ad
2629 3962 2952 4011 nocturnos
2988 3973 3105 4011 non
3138 3959 3331 4028 possit
3378 3972 3578 4012 errare
3617 3950 3756 4007 aliud
3781 3961 3862 4018 pro

2250 4045 2364 4098 alio
2395 4044 2749 4114 arripiendo.
2793 4045 2855 4098 In
2887 4062 2945 4099 iv
2995 4044 3137 4099 feria
3167 4048 3222 4098 et
3265 4045 3525 4100 Sabbato
3555 4055 3743 4096 omnes
3770 4050 3868 4089 am-

2250 4134 2443 4204 pullas
2474 4133 2733 4205 majores
2763 4138 2823 4188 et
2853 4136 3118 4188 minores
3156 4138 3351 4205 portat
3378 4135 3451 4188 ad
3484 4130 3867 4203 aquaeductum,

2251 4228 2306 4277 et
2337 4223 2792 4294 diligentissime
2836 4223 3009 4292 lavat,
3044 4238 3160 4276 uno
3207 4223 3384 4277 etiam
3431 4222 3530 4277 tali
3562 4214 3868 4274 ferramento

2250 4313 2322 4365 ad
2356 4312 2469 4366 hoc
2504 4312 2767 4383 proviso,
2800 4327 2931 4365 cum
2968 4327 3082 4382 quo
3123 4311 3317 4382 possit
3346 4325 3449 4365 eas
3485 4312 3543 4364 in
3574 4309 3694 4379 ipso
3722 4298 3869 4357 fundo

2250 4400 2490 4454 fricare.

2321 4490 2506 4557 Tunc,
2550 4490 2609 4542 ut
2633 4489 2704 4543 de
2736 4488 2868 4559 ipso
2905 4488 3287 4557 apocrisiario
3321 4487 3544 4559 aliquid
3592 4485 3781 4549 dicam,
3816 4476 3873 4529 de

475 4583 599 4635 tum
631 4580 705 4649 ei,
732 4580 1187 4650 utpraemissum
1213 4582 1324 4647 est,
1355 4579 1693 4648 imperatur.
1723 4578 1808 4630 Ad
1832 4582 2139 4648 utramque
2162 4574 2207 4634 D
2250 4577 2363 4633 hoc
2390 4578 2546 4647 quod
2578 4593 2611 4631 a
2642 4578 2859 4647 populo
2886 4576 3129 4631 offertur
3150 4577 3219 4631 ad
3250 4577 3479 4645 altaria,
3504 4573 3775 4630 decimum
3797 4566 3875 4619 de-

475 4671 725 4724 missam
757 4668 1012 4740 singula,
1061 4667 1282 4738 quibus
1314 4683 1463 4736 opus
1493 4667 1686 4734 fuerit,
1722 4667 2055 4736 providebit
2084 4668 2142 4720 et

477 4758 806 4828 apportabit
832 4772 845 4826 ;
880 4759 936 4810 et
966 4756 1153 4826 primo
1175 4755 1410 4824 quidem
1442 4754 1683 4808 calicem
1714 4770 1976 4821 aureum,
2004 4771 2137 4808 cum

479 4863 596 4919 quo
619 4845 908 4901 sacerdos
940 4847 1032 4898 est
1054 4844 1384 4912 oblaturus,
1400 4842 1573 4911 lavat,
1591 4842 1767 4913 cujus
1786 4844 1845 4896 in
1864 4844 1975 4898 alio
2008 4845 2136 4899 loco

470 4935 599 5006 jam
631 4934 890 4990 memini.
925 4934 987 4986 In
1018 4933 1110 4987 die
1144 4932 1467 4997 Dominiea,
1511 4930 1604 4985 vel
1654 4932 1712 4984 in
1741 4932 1849 4985 alia
1879 4932 2140 5002 qualibet

477 5023 816 5092 festivitate,
849 5024 986 5095 quia
1018 5022 1088 5075 ad
1111 5021 1316 5075 ambas
1351 5020 1569 5074 missas
1601 5036 1718 5074 non
1748 5019 1987 5074 affertur
2020 5021 2135 5075 nisi

478 5111 552 5165 ab
584 5127 721 5179 uno,
752 5112 823 5165 ad
856 5112 966 5165 hoc
985 5111 1157 5165 etiam
1178 5125 1291 5164 non
1313 5108 1565 5177 amplius
1590 5124 1763 5179 quam
1783 5125 1957 5163 unam
1975 5113 2129 5178 pate-

478 5213 633 5266 nam,
659 5204 714 5252 et
746 5214 919 5252 unum
953 5214 1084 5252 cum
1117 5198 1252 5252 vino
1284 5200 1549 5266 apportat
1577 5198 1908 5266 ampullam,
1936 5214 2131 5268 quam,

478 5286 630 5341 lecto
662 5285 1006 5357 Evangelia,
1040 5287 1213 5350 levat,
1249 5289 1305 5340 et
1332 5285 1512 5354 priori
1564 5286 1660 5339 dat
1710 5286 1768 5338 in
1817 5301 2028 5339 manus
2077 5287 2139 5339 ut

480 5373 689 5429 offerat
718 5375 1042 5428 accedenti.
1066 5375 1281 5428 Verum
1305 5373 1375 5427 ad
1399 5373 1682 5444 majorem
1700 5374 1946 5427 missam
1979 5375 2139 5443 prior

477 5464 667 5517 innuit
696 5462 790 5516 his
821 5462 920 5532 qui
952 5466 1088 5516 sunt
1120 5462 1394 5530 albati,ut
1422 5478 1527 5532 pro
1559 5477 1626 5515 se
1657 5460 1921 5531 offerant,
1939 5466 2138 5531 etpro-

477 5559 609 5624 pter
637 5567 742 5606 eos
769 5550 988 5624 quibus
1009 5551 1246 5604 libuerit
1276 5550 1727 5619 communicare,
1754 5552 2061 5605 mittuntur
2081 5551 2138 5604 in

478 5640 572 5698 die
606 5641 907 5697 Dominiea
924 5640 1133 5696 hostiae
1151 5640 1410 5713 quinque
1434 5654 1449 5710 ;
1479 5639 1536 5692 in
1560 5639 1695 5693 aliis
1717 5639 1847 5693 sive
1879 5641 1994 5694 sint
2016 5640 2138 5711 pri-

2253 4667 2487 4720 narium
2517 4669 2573 4721 et
2601 4682 2809 4736 panem
2838 4670 3022 4721 totum
3051 4667 3522 4738 eleemosynario
3557 4665 3667 4732 dat,
3699 4668 3874 4714 caseos

2249 4759 2424 4810 etova
2439 4756 2762 4810 cellerario.
2791 4755 2894 4809 Est
2915 4756 3085 4809 etiam
3108 4755 3169 4809 ei
3193 4757 3582 4810 commissum
3612 4748 3874 4817 utaliquos

2248 4844 2691 4897 anniversarios
2706 4842 2879 4897 faciat
2908 4846 2987 4911 ut,
3004 4844 3171 4898 verbi
3185 4844 3396 4915 gratia,
3414 4841 3652 4898 Henriei
3664 4840 3875 4905 impera‘

2248 4932 2419 4987 toris.
2451 4932 2696 5003 Talique
2729 4931 2822 4987 die
2854 4932 3120 5002 providet
3164 4936 3225 4986 ut
3255 4933 3478 4988 fratres
3513 4933 3575 4986 in
3602 4918 3874 4984 refectorio

2248 5020 2467 5075 bonum
2485 5022 2821 5092 generalem
2837 5022 3107 5090 habeant,
3126 5021 3402 5090 maxime,
3419 5023 3473 5074 si
3488 5013 3878 5091 potueritinve-

2252 5110 2396 5181 nire,
2442 5110 2711 5180 piscibus
2748 5110 2897 5164 bene
2946 5111 3247 5180 piperatis,
3289 5113 3346 5164 et
3395 5110 3768 5181 pigmentum.
3812 5102 3878 5156 De

2252 5203 2470 5253 caetero
2488 5193 2857 5269 quaecunque
2875 5198 2944 5252 ad
2962 5215 3171 5253 manus
3188 5198 3322 5269 ejus
3336 5199 3626 5263 venerint,
3643 5188 3878 5264 expendit

2251 5286 2549 5356 praecipue
2579 5286 2650 5339 ad
2683 5290 2840 5340 sarta
2878 5289 3028 5340 tecta
3060 5286 3335 5340 ecclesiae
3385 5282 3776 5348 instauranda,
3817 5289 3875 5331 ne

2249 5376 2446 5445 aliquo
2481 5374 2650 5428 modo
2678 5375 3101 5443 dilabantur,et
3129 5375 3199 5428 ad
3232 5374 3568 5441 luminaria,
3602 5378 3658 5427 et
3698 5369 3761 5424 ad
3808 5380 3879 5418 re-

2248 5462 2498 5533 liqua,si
2530 5478 2664 5534 quae
2697 5466 2835 5517 sunt
2860 5464 3134 5517 ecclesiae
3165 5462 3513 5517 necessaria
3544 5463 3601 5515 et
3629 5450 3875 5514 utilia.Ad

2248 5551 2629 5606 refectorium
2661 5552 2756 5606 dat
2789 5552 3087 5621 candelas,
3108 5554 3164 5606 et
3193 5551 3266 5605 ad
3297 5551 3877 5617 inﬁrmariam,quan-

2232 5644 2370 5700 tum
2399 5639 2577 5695 fuerit
2607 5644 2850 5711 opus,et
2871 5641 3195 5696 eamerario
3224 5643 3282 5696 et
3306 5638 3551 5703 custodi
3589 5635 3876 5708 hospitum»
