3956 6176
159 301 247 364 757

157 503 339 559 domino
370 516 579 573 quoque
635 501 862 571 abbati,
906 507 965 560 et
1001 505 1203 576 priori,
1251 509 1530 577 quantum
1580 522 1729 576 opus
1763 491 1805 550 Α

154 594 301 661 fuerit,
326 591 410 661 qui
428 605 715 661 nunquam
746 592 875 646 sine
895 593 1114 649 lumine
1144 594 1458 649 dormiunt.
1492 596 1580 649 Ad
1601 596 1729 649 haec

153 681 297 735 omnia
329 695 391 733 ne
430 679 733 750 aliquando
764 680 1013 736 facultas
1047 682 1300 751 deficiat,
1347 684 1522 738 habet
1551 684 1725 738 etiam

149 770 264 824 idem
287 767 673 839 apocrisiarius
697 784 871 824 unam
912 770 1107 825 villam
1140 772 1288 826 satis
1318 773 1554 842 bonam,
1588 788 1721 827 cum

155 856 366 924 decimis,
393 856 570 911 vineis
601 861 657 912 et
685 859 873 930 agris.

667 963 919 1020 CAPUT
944 965 1095 1021 XIII.

481 1069 570 1125 De
599 1071 816 1126 hostiis
845 1071 1123 1145 quomodo
1151 1072 1314 1129 ﬁant.

191 1173 323 1239 Quod
348 1176 581 1245 pertinet
597 1177 669 1231 ad
698 1178 1117 1234 eucharistiam
1136 1181 1274 1234 etad
1293 1196 1512 1250 corpus
1530 1181 1726 1236 Domi-

144 1264 203 1331 ni,
228 1264 339 1333 quia
364 1263 596 1335 dignum
629 1269 722 1319 est
760 1269 821 1320 ut
849 1283 982 1320 cum
1016 1283 1247 1323 summa
1289 1269 1620 1324 reverentia
1670 1274 1726 1325 et

141 1351 384 1422 diligentia
410 1355 670 1424 geratur,
719 1355 955 1426 expedit
988 1358 1049 1410 ut
1076 1357 1207 1426 ipse
1238 1358 1450 1413 modus
1481 1358 1724 1429 gerendi

137 1455 221 1493 non
246 1444 489 1495 taceatur.
524 1441 723 1496 Primo
743 1443 822 1514 (9)
852 1445 1321 1517 quotiescunque
1342 1446 1471 1502 fieri
1496 1447 1725 1502 hostias

134 1543 331 1584 necesse
356 1529 545 1599 fuerit,
577 1532 875 1602 prmeipue
905 1536 1099 1588 tamen
1119 1539 1250 1589 ante
1282 1535 1511 1590 Domini
1551 1535 1723 1591 Nata-

134 1618 534 1687 lem,velsanctze
556 1621 1035 1677 Resurrectionis
1049 1623 1200 1678 diem
1222 1624 1346 1679 fieri
1364 1624 1724 1680 solent.Cum

132 1706 248 1760 enim
286 1706 517 1762 brumali
565 1709 623 1762 in
654 1714 916 1781 tempore
946 1711 1302 1782 prolixiores
1346 1714 1466 1768 sint
1494 1718 1721 1784 noctes,

131 1794 231 1851 licet
254 1799 367 1850 ante
387 1798 692 1868 prandium
721 1799 1006 1855 fratribus
1038 1803 1267 1872 operari
1299 1803 1569 1873 amplius;
1591 1820 1724 1858 nam

128 1886 230 1953 post
246 1864 528 1955 prandium
580 1888 921 1960 hujusmodi
962 1864 1112 1960 opus
1159 1907 1369 1964 gerere
1395 1864 1516 1948 non
1554 1864 1722 1949 ilicet.
1762 1864 1811 1927 Β

129 1971 464 2045 Frumentum,
480 1977 556 2032 de
574 1993 691 2049 quo
706 1979 990 2034 facienda)
1003 1983 1143 2035 sunt
1155 1980 1387 2049 hostiae,
1407 1986 1726 2052 quantum-

127 2059 233 2115 libet
250 2062 443 2119 honum
464 2066 543 2119 sit
567 2068 910 2123 naturaliter
931 2074 986 2123 et
1016 2085 1248 2140 purum,
1283 2073 1477 2125 tamen
1508 2086 1727 2143 grana-

126 2149 201 2203 tim
218 2151 426 2223 cligitur
452 2156 755 2210 etlavatur
777 2158 1065 2225 studiose,
1098 2174 1208 2213 nec
1237 2173 1343 2229 per
1356 2159 1502 2213 alias
1523 2175 1725 2228 perso-

124 2253 204 2290 nas
227 2254 378 2310 quam
399 2258 502 2311 per
520 2243 691 2314 ipsos
708 2243 941 2301 fratres.
961 2245 1272 2319 Colligitur
1292 2248 1504 2302 deinde
1519 2248 1577 2302 in
1592 2264 1723 2302 sac-

122 2342 221 2380 cum
244 2345 345 2383 non
372 2334 861 2406 qualemcunque,
908 2335 1017 2390 sed
1046 2336 1145 2406 qui
1176 2336 1250 2390 ad
1282 2336 1394 2391 hoc
1426 2338 1621 2391 solum
1652 2336 1725 2391 de

122 2413 237 2470 bono
263 2434 435 2487 panno
457 2427 750 2477 consutus
780 2428 870 2478 est
892 2427 945 2479 et
975 2429 1350 2496 reservatus;
1384 2425 1443 2480 in
1474 2441 1592 2497 quo
1615 2425 1728 2480 eol-

121 2502 313 2574 ligatum
341 2512 787 2567 commendatur
808 2512 907 2567 uni
937 2512 1155 2568 famulo
1184 2530 1300 2569 non
1330 2514 1557 2569 lascivo
1583 2532 1598 2579 ;
1624 2513 1724 2585 qui

121 2598 312 2660 portans
332 2598 464 2653 illud
494 2601 574 2655 ad
608 2601 1027 2671 molendinum,
1061 2602 1273 2658 molam
1314 2603 1469 2657 lavat
1500 2604 1725 2657 utram-

119 2697 221 2751 que,
248 2689 537 2760 aperitque
574 2705 818 2744 sursum
840 2694 896 2745 et
926 2692 1206 2746 deorsum
1237 2691 1503 2761 cortinis,
1539 2707 1605 2745 se
1635 2691 1725 2761 ip-

122 2786 220 2825 sum
239 2773 407 2830 induit
447 2778 609 2848 alba,
654 2782 710 2833 et
749 2794 931 2850 super
970 2784 1143 2851 caput
1183 2781 1391 2851 mittit,
1424 2785 1481 2835 et
1523 2781 1726 2852 alligat

118 2862 573 2935 superhumerale,
626 2866 684 2922 id
724 2871 816 2922 est
858 2869 1155 2939 amictum,
1190 2873 1251 2923 ut
1279 2868 1424 2925 nihil
1460 2869 1531 2923 de
1575 2869 1725 2924 facie

117 2955 285 3015 praeter
311 2955 507 3010 oculos
533 2956 731 3025 possit
764 2972 1066 3027 apparere.
1102 2957 1185 3012 Ita
1213 2974 1360 3030 ergo
1411 2958 1593 3028 molit,
1646 2959 1722 3013 ita

116 3034 314 3095 farinam
366 3044 616 3114 cribrat,
675 3046 864 3115 primo
896 3047 1092 3102 cribro
1131 3062 1366 3119 quoque
1409 3048 1725 3119 diligenter

114 3123 285 3181 ablato.
316 3130 500 3203 Major
520 3133 802 3188 ecclesia:
835 3137 1060 3204 custos,
1086 3135 1141 3188 si
1162 3151 1278 3189 non
1313 3138 1406 3191 est
1436 3136 1722 3190 sacerdos

691 289 1390 358 CONSUETUDINES
1418 297 2045 363 CLUNIACENCES
2099 333 2172 347 -—
2205 302 2453 365 LIBER
2480 304 2866 371 TERTIUS.

3394 317 3512 381 758

1844 506 2059 560 cadunt
2091 508 2149 561 in
2200 508 2367 564 disco
2413 510 2692 565 deorsum
2752 513 2808 566 in
2855 514 3046 569 tabula
3094 517 3391 588 imposito,
3451 523 3508 576 et

1842 593 2021 650 linteo
2034 596 2571 669 jugitercooperto,
2589 600 2704 654 nisi
2723 602 2955 672 quando
2980 604 3505 664 lxostiaaahradun-

1843 684 1959 737 tur.

1916 771 2145 827 Canunt
2167 773 2553 842 psalmodiam
2567 791 2700 847 quae
2715 778 3014 844 remansit,
3037 784 3092 835 et
3114 782 3165 835 si
3182 783 3500 853 voluerint,

1844 860 2023 915 horas
2047 862 2116 915 «ιυ
2161 862 2221 917 S.
2260 863 2462 919 Maria.
2494 866 2583 920 Ad
2624 866 2770 920 alias
2820 869 3055 923 omnino
3087 869 3268 925 horas
3307 875 3506 929 tenent

1844 949 2163 1016 silentium,
2187 955 2243 1006 ct
2261 969 2635 1024 summopere
2654 961 2861 1011 cavent
2883 960 2945 1011 ut
2975 974 3089 1012 non
3105 960 3276 1015 modo
3295 962 3502 1017 saliva.

1846 1039 1954 1094 sed
1978 1054 2088 1095 nec
2103 1040 2279 1096 ﬂatus
2298 1057 2499 1096 eorum
2529 1043 2725 1115 aliquo
2756 1047 2926 1101 modo
2948 1048 3017 1101 ad
3039 1048 3264 1104 hostias
3283 1051 3504 1120 pertin-

1846 1143 1991 1199 gere
2015 1130 2230 1199 possit.
2265 1130 2441 1185 Solus
2465 1148 2818 1202 conversus,
2854 1135 2906 1188 si
2935 1136 3075 1207 quid
3116 1153 3266 1207 opus
3296 1138 3497 1209 fuerit,

1842 1216 2102 1272 breviter
2131 1219 2367 1274 famulis
2400 1221 2732 1291 innotescit,
2766 1225 2867 1293 qui
2908 1224 3128 1279 faciunt
3163 1226 3361 1281 focum
3385 1243 3502 1282 non

1844 1306 1970 1361 nisi
1993 1307 2065 1362 de
2088 1308 2271 1362 aridis
2302 1309 2503 1381 lignis,
2537 1313 2593 1364 et
2615 1311 2688 1365 ad
2720 1312 2832 1366 hoc
2862 1312 2937 1366 de
2968 1314 3258 1369 industria
3279 1332 3506 1386 praepa-

1842 1395 2008 1449 ratis.
2031 1396 2148 1466 Ipsi
2180 1401 2372 1452 autem
2406 1398 2733 1455 hostiarum
2756 1402 3008 1471 Operarii
3029 1417 3098 1457 eo
3121 1403 3215 1457 die
3232 1419 3351 1458 non
3369 1420 3501 1459 cum

1840 1485 2146 1554 fratribus,
2176 1487 2283 1539 sed
2313 1488 2508 1557 potius
2537 1504 2671 1542 cum
2701 1490 3097 1545 servitoribus
3117 1492 3420 1563 reﬁciunt;
3444 1497 3502 1548 et

1839 1588 1945 1643 pro
1977 1574 2118 1627 tanti
2146 1574 2366 1629 laboris
2387 1575 2675 1631 levamine
2706 1577 3004 1634 habentde
3022 1580 3405 1652 apocrisiaria
3426 1581 3500 1635 ad

1837 1661 2149 1730 prandium
2165 1663 2463 1733 pitantiam
2481 1667 2538 1720 et
2552 1666 2934 1737 pigmentum.

2468 1768 2719 1825 CAPUT
2751 1772 2902 1827 XIV.

2233 1856 2314 1912 Ce
2335 1857 2745 1928 corporalibus
2772 1859 3105 1915 abluendis.

1908 1960 2242 2034 Corporalia
2278 1963 2641 2019 sacrosancti
2685 1965 2995 2020 ministerii
3025 1964 3500 2040 quotiescunque

1837 2050 2131 2106 abluenda
2170 2056 2307 2106 sunt
2343 2068 2412 2107 eo
2460 2053 2655 2108 studio
2686 2054 3008 2126 eademque
3048 2055 3351 2128 diligentia
3382 2074 3498 2130 qua

1841 2140 2125 2211 superius
2156 2141 2458 2196 definitum
2477 2146 2567 2197 est
2597 2142 2928 2198 oblationes
2959 2144 3085 2198 fieri
3117 2145 3354 2217 debere,
3393 2162 3501 2218 per

1841 2230 2219 2283 sacerdotum
2250 2229 2343 2284 vel
2369 2230 2706 2285 Levitarum
2730 2232 3052 2287 ministeria
3085 2235 3340 2289 maximo
3365 2250 3498 2291 cum

1840 2317 2065 2373 honore
2101 2318 2391 2372 lavantur.
2424 2318 2513 2372 Ad
2554 2317 2735 2390 hujus
2758 2320 2930 2375 etiam
2960 2322 3046 2374 rei
3078 2322 3339 2377 officium
3386 2324 3497 2379 rite

1838 2406 2190 2477 explendum
2210 2407 2447 2462 vernale
2479 2411 2711 2478 tempus
2734 2408 2861 2463 sive
2879 2410 3213 2466 autumnale
3235 2411 3493 2484 eligitur,

1837 2512 1905 2550 eo
1929 2496 2082 2567 quod
2107 2496 2331 2551 vernali
2362 2499 2621 2566 tempore
2653 2501 2873 2552 remota
2896 2498 3130 2552 hiemali
3153 2501 3493 2573 asperitate,

1836 2600 1938 2639 aer
1958 2584 2081 2655 jam
2138 2585 2340 2656 purior
2383 2585 2688 2641 habeatur.
2732 2587 3067 2641 Autumnali
3107 2603 3269 2659 vero,
3309 2589 3369 2644 id
3407 2592 3500 2646 est

1835 2674 2123 2745 postldus
2142 2673 2529 2748 Septembris,
2551 2675 2687 2747 quia
2709 2674 2830 2746 jam
2850 2692 3188 2731 muscarum
3206 2681 3361 2732 tanta
3380 2694 3498 2735 non

1835 2767 1927 2819 cst
1955 2763 2286 2832 insolentia,
2322 2767 2383 2817 ut
2415 2764 2469 2818 in
2510 2768 2771 2835 tempore
2804 2765 3049 2834 mstatis,
3085 2781 3334 2837 quarum
3365 2783 3493 2823 ma-

1837 2853 1986 2907 culae
2004 2852 2659 2908 difficiliusabluuntur.
2699 2854 2780 2907 Ad
2802 2852 2912 2908 hoc
2933 2870 3076 2909 sane
3095 2856 3493 2913 ministerium

1835 2942 2126 2997 habentur
2157 2959 2299 2996 vasa
2332 2959 2493 2997 {enea
2527 2942 2838 3011 altissima,
2876 2945 3052 2998 nullis
3097 2945 3230 2999 aliis
3278 2945 3494 3001 usibus

1834 3031 2046 3096 dedita,
2067 3032 2120 3085 in
2146 3031 2362 3102 quibus
2387 3035 2518 3101 post
2535 3031 2892 3100 vesperasin
2908 3032 3495 3104 ccclesiabiscorpo-

1833 3121 1977 3175 ralia
2009 3120 2560 3190 intinguntur-aquae
2584 3119 2837 3190 frigidm,
2863 3124 2917 3173 et
2934 3122 3273 3175 terunturin
3306 3122 3497 3176 mani-

114 3212 183 3266 vel
207 3214 486 3290 diaconus,
520 3221 815 3276 vicarium
836 3222 951 3277 sibi
969 3223 1180 3294 quaerit
1200 3224 1397 3279 adhoc
1427 3240 1577 3295 opus
1597 3240 1725 3294 per—
1759 3215 1813 3283 Ο
1835 3210 1982 3275 bus;
2013 3208 2225 3263 iterum
2257 3224 2405 3279 aqua
2438 3207 2609 3262 ίονίίο
2641 3207 2989 3279 infunditur:
3021 3209 3096 3263 ita
3125 3224 3232 3279 Per
3260 3213 3494 3265 Ποθίθῐη

113 3300 392 3362 ﬁciendum.
410 3309 581 3365 Duos
616 3311 790 3365 etiam
806 3311 956 3366 alios
992 3311 1172 3368 dehis
1194 3313 1501 3368 ordinibus
1540 3313 1724 3384 hujus

112 3389 177 3443 rei
214 3408 411 3463 gnaros
440 3399 756 3470 perquirit,
798 3405 1037 3469 accepta
1070 3401 1303 3457 licentia
1347 3418 1380 3456 a
1412 3403 1626 3473 priore,
1670 3406 1727 3458 et

110 3493 250 3537 unum
260 3500 631 3543 conversum.
643 3488 715 3543 Hi
732 3492 984 3561 quatuor
999 3490 1179 3545 finitis
1201 3491 1602 3561 nocturnis,se
1615 3491 1726 3546 cal-

111 3575 258 3639 ceant,
279 3572 451 3631 facies
476 3593 813 3649 manusque
826 3578 1040 3644 lavant,
1063 3582 1119 3634 et
1139 3580 1323 3650 capita
1346 3585 1584 3650 pexunt.
1613 3580 1724 3634 Se-

108 3657 279 3714 cedunt
306 3662 515 3720 deinde
540 3666 615 3720 ad
646 3666 831 3721 altare
875 3667 935 3723 S.
957 3668 1280 3738 Benedicti,
1303 3672 1358 3723 et
1389 3669 1467 3724 ibi
1491 3673 1725 3732 cantant

107 3749 372 3806 matutinas
400 3753 637 3820 laudes;
661 3756 907 3826 primam
927 3772 1165 3828 quoque
1188 3757 1386 3825 simul,
1407 3761 1463 3812 et
1496 3761 1723 3828 septem

106 3834 322 3900 psalmos
343 3857 476 3897 cum
500 3843 727 3914 litania,
745 3845 969 3918 reliqua
987 3846 1557 3917 psalmodiainterim
1580 3846 1724 3901 dila-

105 3922 163 3975 ta.
176 3923 372 3984 Deinde
395 3932 479 3985 illi
500 3936 631 3987 tres
654 3933 754 4004 qui
769 3942 908 3989 sunt
928 3934 1187 4006 alicujus
1210 3935 1458 4004 ordinis,
1477 3935 1725 3989 induunt

104 4013 806 4093 sealbisethumeralibus,
831 4026 893 4078 ut
907 4039 1087 4094 supra
1110 4024 1328 4079 dictum
1345 4025 1520 4079 estde
1539 4024 1723 4078 famu-

105 4097 298 4169 |0(sunt
315 4109 467 4165 enim
488 4111 647 4166 albae
672 4114 731 4167 et
757 4113 1008 4167 amictus
1032 4113 1271 4183 quidam
1293 4113 1429 4168 huic
1452 4113 1582 4169 solo
1616 4129 1722 4168 ne-

102 4190 229 4257 gotio
246 4194 539 4271 deputati),
578 4216 831 4272 quorum
851 4218 1006 4256 unus
1025 4201 1274 4257 farinam
1294 4202 1639 4274 conspergit
1668 4204 1726 4257 et

102 4278 584 4344 vehementissime
607 4290 970 4363 compinguit
991 4292 1123 4362 (sic)
1142 4307 1324 4362 super
1339 4290 1595 4346 tabulam
1630 4292 1723 4345 ni-

101 4364 408 4430 tidissimam
424 4377 744 4434 habentem
761 4378 1004 4434 limbum
1025 4379 1084 4434 in
1107 4380 1376 4450 circuitu,
1395 4380 1725 4452 aliquantu-

99 4452 252 4514 lamin
274 4465 523 4521 circuitu
548 4468 927 4537 superficiem
942 4468 1229 4538 altiorem,
1252 4484 1325 4524 ne
1347 4484 1498 4540 aqua
1520 4470 1721 4523 efﬂue-

1833 3314 2108 3353 mansura
2132 3312 2145 3366 ;
2179 3312 2347 3350 mane
2371 3311 2514 3350 vero
2545 3295 2869 3349 infunditur
2885 3295 3038 3350 sicut
3061 3299 3118 3350 et
3141 3297 3390 3367 priuan
3407 3298 3495 3368 pi-

1834 3387 2060 3444 scinam
2092 3402 2275 3457 super
2295 3400 2468 3457 quam
2487 3384 3496 3442 caliceslavantur-.Portanturdein-

1834 3478 1904 3533 de
1920 3478 2070 3532 foris
2087 3476 2159 3529 ad
2174 3475 2470 3531 ofﬁcinam
2492 3474 2889 3543 secretariiﬁn
2902 3490 3016 3545 qua
3034 3477 3171 3529 sunt
3182 3474 3493 3540 abluenda;

1835 3567 1915 3622 ibi
1938 3580 2188 3637 namque
2211 3563 2842 3631 famulilexiviam(sic)
2858 3566 3182 3633 temperant
3199 3563 3495 3633 limpidis-

1837 3657 2046 3711 simam
2064 3658 2120 3710 et
2137 3653 2593 3726 diligentissime
2610 3652 2823 3721 colant,
2840 3654 2895 3706 et
2915 3655 3108 3706 tamen
3126 3667 3498 3725 nequaquam

1837 3745 2176 3815 effunditur,
2197 3744 2313 3797 nisi
2343 3743 2508 3813 prius
2539 3742 2597 3795 in
2623 3741 2937 3811 superficie
2964 3757 3157 3812 panno
3175 3741 3295 3796 sint
3324 3742 3497 3797 invo-

1835 3836 1955 3890 luta
1985 3850 2056 3889 ne
2100 3834 2152 3888 si
2189 3832 2327 3905 quid
2361 3831 2472 3886 tale
2518 3831 2575 3884 in
2621 3829 2837 3885 lcxivia
2867 3831 3168 3899 remansit,
3201 3831 3274 3884 ad
3316 3846 3493 3887 sacra

1835 3925 2128 3994 pertingat
2154 3921 2462 3976 velamina.
2495 3919 2636 3984 Quae
2669 3922 2980 3990 postquam
3010 3919 3161 3974 bene
3206 3920 3325 3974 lota
3362 3918 3496 3975 fue-

1839 4012 1974 4082 rint,
2019 4015 2076 4066 ct
2102 4010 2522 4082 aliquantulum
2556 4008 2795 4074 siccata,
2826 4024 3042 4062 rursus
3084 4008 3500 4080 intinguuntur

1836 4100 2171 4171 aspcrsioni
2200 4116 2334 4169 quae
2364 4098 2598 4153 ﬁtclara
2617 4100 2673 4151 et
2692 4097 2909 4168 liquida
2942 4096 3012 4151 de
3037 4098 3253 4167 optima
3285 4096 3495 4168 farina,

1836 4194 1893 4246 et
1924 4192 2001 4245 ita
2031 4189 2334 4243 siccantur
2354 4187 2424 4241 ad
2442 4187 2786 4257 perfectum.
2809 4185 3049 4239 Interim
3092 4200 3236 4240 vero
3259 4185 3497 4240 minime

1836 4281 2036 4335 carent
2074 4277 2340 4347 custode,
2373 4276 2623 4330 maxime
2650 4274 2750 4346 qui
2786 4289 3024 4328 muscas
3048 4276 3103 4328 ct
3134 4272 3497 4328 vermiculos

1834 4368 2163 4424 insidentes
2225 4366 2297 4420 ab
2345 4366 2435 4419 eis
2492 4364 2714 4435 abigat.
2744 4363 2997 4432 Chorda,
3041 4363 3097 4416 in
3128 4378 3244 4433 qua
3290 4365 3495 4416 exten-

1835 4458 2051 4512 duntur
2095 4456 2164 4509 ad
2214 4453 2581 4523 siccandum,
2633 4468 2750 4508 non
2772 4451 3096 4523 negligitur
3136 4454 3200 4505 ut
3243 4450 3321 4505 sit
3356 4450 3496 4521 lota,

101 4556 150 4640 ςθ
172 4551 363 4616 possit.
395 4555 818 4628 Conspergunt
847 4572 981 4612 cum
1010 4574 1160 4630 aqua
1189 4558 1568 4630 frigida,quia
1588 4558 1723 4612 inde
1755 4564 1970 4640 aqua?
2027 4546 2199 4601 etiam
2241 4545 2302 4640 iit
2336 4544 2648 4640 marfupio‘
2680 4542 2752 4595 ml
2796 4540 3311 4640 hocsolummodo
3347 4554 3497 4640 opus

99 4629 214 4690 ﬁunt
245 4638 454 4698 hostia
496 4624 898 4700 candidiores.
929 4647 981 4701 Α
1011 4624 1246 4701 duobus
1272 4624 1721 4717 vvere-reliquis
1756 4624 2059 4708 —Jugit9t’
2110 4636 2401 4689 servatum
2447 4630 2689 4696 Quando
2722 4646 2865 4684 νθιό
2924 4629 3264 4701 Ιθνῑεειιιῑιιν
3293 4624 3499 4717 eadem

103 4716 277 4781 hostiae
306 4729 655 4799 formantur;
687 4748 837 4805 aqua
858 4749 1003 4789 vero
1026 4750 1143 4789 non
1172 4735 1231 4789 in
1253 4734 1516 4790 aliovase
1538 4716 1724 4790 defer-

97 4809 171 4864 tur
193 4830 353 4886 quam
373 4820 571 4891 inquo
600 4822 754 4878 solet
778 4823 851 4877 ad
865 4823 1086 4878 missas
1116 4823 1358 4878 deferri.
1384 4823 1720 4879 Ferramen-

105 4900 218 4971 tum,
247 4904 304 4958 in
350 4922 470 4978 quo
503 4912 645 4964 sunt
684 4911 1029 4981 coquenda,
1080 4910 1539 4966 charactetatum
1565 4916 1722 4967 tenet

97 5000 410 5067 conversus,
430 5013 767 5070 manusque
796 4999 982 5055 induit
1012 4999 1396 5056 chirothecis.
1430 5002 1493 5056 In
1529 5002 1721 5057 ferra-

98 5085 258 5160 mento
285 5090 542 5153 possunt
579 5088 755 5143 simul
798 5088 1010 5144 hostire
1057 5106 1117 5144 vx
1156 5090 1326 5160 poni;
1377 5090 1531 5145 unde
1567 5091 1722 5147 inter

95 5158 317 5236 baiulum
348 5174 694 5232 ferramenti
725 5180 782 5233 et
813 5158 1175 5234 formatores
1194 5179 1519 5234 hostiarum
1549 5180 1719 5250 poni-
1806 5198 1815 5209 ί

96 5251 168 5306 tur
194 5259 396 5331 tabula,
413 5267 472 5317 et
502 5280 689 5335 super
709 5266 859 5321 hanc
881 5266 997 5321 duo
1027 5271 1167 5323 sunt
1197 5268 1312 5338 pali
1344 5267 1507 5322 inﬁxi
1536 5285 1722 5340 super

96 5352 218 5409 quos
259 5346 487 5429 lignum
536 5351 785 5410 habetur
841 5359 1273 5427 transversum,
1332 5371 1515 5427 super
1569 5374 1721 5429 quos

96 5425 296 5516 ponitur
359 5438 783 5498 ferramentum
858 5444 932 5498 ad
1008 5425 1264 5500 hostias
1312 5425 1720 5516 imponendae.

94 5512 210 5581 Qua!
262 5540 377 5582 non
430 5528 674 5586 fuerunt
721 5535 927 5604 cocta,
966 5533 1201 5590 cultello
1236 5512 1619 5605 abraduntur,
1669 5540 1725 5591 et

1840 4724 2166 4796 corporalia
2215 4738 2348 4776 cum
2378 4721 2563 4776 vitreo
2594 4718 3031 4790 hemisphaerio,
3067 4734 3222 4785 unus
3241 4717 3330 4771 eis
3362 4716 3501 4772 sub-

1838 4814 2122 4870 sternitur
2158 4826 2411 4881 pannus,
2447 4824 2556 4864 nec
2577 4811 2871 4879 ponuntur
2904 4820 3162 4877 unquam
3199 4820 3383 4876 super
3422 4804 3497 4859 li-

1841 4921 2024 4976 gnum
2055 4903 2296 4959 nudum.

2449 5004 2701 5061 CAPUT
2739 5002 2869 5058 XV.

1843 5104 1932 5160 De
1950 5100 2222 5174 reliquiis
2241 5103 2577 5153 sanctorum
2593 5110 2609 5176 ς
2629 5091 2906 5217 quattuodo
2914 5093 3353 5162 prosequantur
3365 5089 3500 5147 sive

2474 5181 2741 5217 1³8010ιᾶ1]
2775 5178 2862 5217 ur.

2474 5178 2862 5236 recipiantur.

1912 5262 2153 5330 Quoties
2175 5260 2367 5331 aliqua
2399 5258 2646 5328 urgente
2678 5252 3030 5308 necessitate
3060 5250 3327 5323 reliquiae
3357 5266 3500 5306 san-

1843 5358 2070 5410 ctorum
2116 5352 2280 5405 extra
2320 5344 2742 5401 monasterium
2798 5340 3014 5395 alicubi
3063 5340 3182 5395 sint
3215 5339 3497 5411 ferendae,

1842 5439 2184 5515 hujusmodi
2202 5436 2417 5493 officiis
2431 5437 2568 5489 sunt
2584 5430 3038 5504 prosequendae.
3057 5430 3325 5485 Primum
3347 5428 3501 5484 deni-

1841 5549 1956 5606 que
1985 5529 2237 5586 sacrista
2264 5528 2323 5581 in
2354 5526 2558 5580 ornato
2598 5536 2700 5576 eas
2740 5520 2956 5576 feretro
3003 5520 3321 5589 componit.
3381 5518 3500 5573 De-

148 5715 452 5787 (9)Primo.
485 5725 630 5792 Quae
658 5733 989 5803 sequuntur
1007 5734 1064 5787 et
1086 5732 1201 5788 duo
1229 5733 1497 5804 proxima
1534 5733 1724 5805 capita
1744 5747 1819 5790 ex
1856 5732 1971 5788 alio
1998 5728 2131 5784 cod.
2164 5742 2279 5782 ms.
2310 5721 2607 5792 descripta
2637 5720 2794 5773 sunt.
