3956 6176
493 302 612 387 759

1451 296 1859 361 UDALRICI
1915 294 2528 358 CLUNIACENSIS
2585 295 2977 358 MONACHI

3733 306 3823 368 760

487 501 632 555 inde
664 498 832 553 fratri
876 498 949 551 ad
994 496 1169 568 cujus
1220 496 1612 551 obedientiam
1652 497 1789 549 sunt
1830 494 2151 565 portandis,
2187 476 2245 537 Α
2273 494 2460 558 radit;
2496 496 2594 566 qui
2640 495 2866 549 raditur
2914 496 2969 549 in
3017 496 3180 550 froco
3226 511 3350 566 suo,
3400 500 3649 554 cucullam
3687 506 3823 572 exuit,

492 592 592 646 alii
623 591 797 644 etiam
829 588 1075 656 seniori,
1102 586 1193 640 cui
1224 604 1255 640 a
1289 588 1482 656 priore
1505 587 1845 640 earumdem
1886 585 2153 639 custodia

490 680 874 751 reliquiarum
917 676 1256 746 specialiter
1286 676 1681 741 committitur,
1717 675 1908 727 omnia
1940 689 2153 727 neces-

489 770 672 836 saria,
707 768 762 821 id
788 771 897 835 est,
929 765 1281 820 candelabra
1314 766 1449 828 duo,
1476 780 1731 831 crucem,
1768 763 2149 831 tliuribulum,

488 858 796 912 urceolum
824 872 994 926 aqua}
1026 854 1369 922 benedictae,
1408 853 1617 907 vexilla
1673 852 1804 919 tria,
1864 854 2151 906 cortinam

487 962 746 1018 quoque,
793 951 849 999 et
895 943 1347 998 tintinnabulum
1395 942 1551 1013 quod
1601 958 1634 995 a
1678 941 1909 995 duobus
1968 942 2153 994 fertur

490 1036 853 1103 hominibus,
894 1035 1328 1100 vestimentum,
1363 1035 1420 1085 et
1450 1030 1673 1101 reliqua
1721 1030 2150 1084 ecclesiasticis

485 1125 701 1179 usibus
751 1122 1127 1177 accommoda
1162 1120 1407 1190 praebet.
1441 1118 1585 1173 Cum
1618 1120 1687 1172 ad
1722 1118 1976 1173 ecclesia
2018 1118 2149 1171 fue-

484 1213 603 1268 rint
630 1211 1051 1283 producendae,
1073 1224 1278 1263 omnes
1327 1208 1478 1262 albis
1528 1209 1887 1273 induuntur;
1935 1206 2148 1260 deinde

485 1306 753 1356 sanctum
805 1316 1022 1369 corpus
1062 1316 1093 1351 a
1124 1299 1323 1368 priore
1372 1298 1741 1351 incensatum
1788 1295 2024 1350 duobus
2060 1294 2147 1348 al-

483 1390 639 1445 batis
670 1389 1014 1444 cantoribus
1046 1387 1425 1440 committitur
1466 1401 1657 1456 usque
1692 1385 1763 1438 ad
1796 1388 1995 1453 portas
2048 1400 2147 1438 ca-

486 1479 642 1533 stelli
666 1479 992 1532 ferendum.
1026 1475 1231 1531 Omnia
1262 1475 1433 1545 signa
1452 1474 1794 1544 pulsantur;
1828 1488 2149 1542 responso-

485 1569 642 1623 rium
685 1570 1026 1635 competens
1060 1582 1092 1617 a
1136 1566 1373 1618 cantore
1418 1563 1714 1631 incipitur.
1766 1563 2148 1617 I‘raacedcnte

478 1657 866 1728 processione
900 1656 1229 1723 sequuntur
1243 1651 1426 1723 bajuli
1444 1652 1713 1721 pignoris
1737 1652 1913 1719 sacri,
1939 1650 2149 1704 deinde

479 1747 757 1813 infantes,
802 1746 1104 1814 postremo
1155 1745 1448 1805 cantores,
1481 1740 1553 1792 ad
1594 1740 1859 1793 ultimum
1893 1754 2147 1792 conver-

488 1836 560 1890 si.
599 1834 742 1887 Cum
776 1836 1015 1886 ventum
1061 1830 1235 1883 fuerit
1266 1830 1338 1881 ad
1388 1834 1609 1898 portas,
1648 1829 1783 1882 laici
1814 1828 2148 1897 suscipiunt

489 1922 955 1978 commendatum
980 1936 992 1982 ;
1020 1918 1297 1987 finitoque
1320 1918 1724 1986 responsorio;
1747 1921 1801 1970 et
1833 1918 2146 1985 incipiente

487 2013 684 2083 priore
715 2010 1003 2079 psalmum
1029 2006 1125 2059 Ad
1156 2006 1469 2071 dominum,
1491 2022 1616 2058 cum
1638 2004 1987 2071 tribularer,
2012 2022 2145 2074 pro-

490 2099 687 2155 cessio
712 2099 917 2151 eodem
962 2096 1279 2149 revertitur
1310 2095 1537 2148 ordine.
1590 2094 1731 2147 Item
1764 2095 1996 2164 quando
2048 2111 2144 2148 re-

452 2184 453 2187 l
488 2189 740 2256 ducitur,
774 2186 1023 2256 primum
1058 2185 1249 2237 cuncti
1275 2184 1487 2236 fratres
1528 2183 1680 2236 albis
1714 2184 2055 2252 induuntur,
2091 2186 2146 2237 et

486 2280 601 2332 duo
635 2278 805 2348 signa
824 2274 1050 2345 majora
1072 2273 1397 2342 pulsantur,
1432 2288 1499 2325 ae
1533 2272 1741 2325 deinde
1775 2272 2145 2341 praecedente

483 2366 893 2438 processione,
955 2364 1012 2416 id
1072 2365 1182 2431 est,
1225 2378 1376 2432 aqua
1436 2361 1765 2427 benedicta,
1819 2361 2141 2431 thuribulo,

486 2472 661 2510 cruce
695 2458 751 2509 et
781 2452 1174 2521 eaudelabris,
1197 2451 1371 2503 simili
1405 2467 1509 2520 per
1530 2452 1719 2503 omnia
1755 2451 1926 2504 modo
1956 2467 2144 2521 usque

485 2546 556 2598 ad
577 2548 777 2614 portas
810 2541 1037 2596 castelli
1056 2557 1189 2594 cum
1213 2540 1370 2593 omni
1394 2539 1628 2593 silentio
1662 2540 2141 2610 progrediuntur.

484 2632 838 2702 lbidenique
851 2631 1014 2699 prior
1034 2631 1272 2699 accepto
1294 2628 1590 2682 thurihulo
1614 2632 1852 2681 sanctas
1877 2628 2147 2682 incensat

483 2721 787 2791 reliquias,
821 2719 1212 2789 impositoque
1236 2734 1267 2771 a
1287 2720 1523 2770 cantorc
1552 2716 1957 2784 responsorio,
1995 2732 2144 2769 cun-

485 2810 715 2879 ctisque
764 2807 1180 2862 resonantibus
1228 2807 1443 2877 signis,
1497 2805 1701 2859 eodem
1753 2821 1868 2874 quo
1921 2805 2144 2859 exierat

485 2898 810 2967 suscipitur
840 2896 1032 2950 modo.
1068 2895 1265 2966 Imago
1308 2897 1497 2948 autem
1538 2893 1692 2947 beati
1720 2892 1878 2947 Petri
1910 2893 2143 2965 quando

485 2987 827 3057 suscipitur,
861 2984 1174 3056 antiphona
1208 2984 1479 3054 primum,
1532 2983 1589 3036 id
1634 2985 1744 3051 est,
1791 2981 1870 3035 Tu
1901 2999 1967 3036 es
2020 2981 2144 3037 Pa-

482 3083 612 3132 stor
641 3077 855 3143 ovium,
897 3092 931 3129 a
970 3078 1207 3128 cantore
1252 3072 1549 3143 incipitur,
1584 3071 1657 3124 ad
1706 3069 1882 3142 cujus
1915 3070 2143 3125 initium

482 3167 675 3222 omnis
708 3168 1054 3233 conventus,
1080 3162 1403 3217 submissis
1425 3176 1615 3231 usque
1634 3160 1704 3212 ad
1729 3164 1942 3214 terram
1961 3160 2143 3213 mani-

480 3255 617 3323 bus,
634 3254 807 3308 altius
836 3252 1094 3319 inclinat,
1122 3250 1330 3305 deinde
1354 3251 1426 3305 ab
1443 3250 1651 3302 abbate
1671 3249 1761 3302 vel
1783 3249 1977 3317 priore
2002 3265 2141 3301 ver-

480 3342 730 3411 siculus,
764 3342 1049 3396 Exn/tant
1070 3357 1194 3394 eum
1210 3340 1270 3392 in
1292 3338 1566 3391 Ecclesia
1586 3337 1782 3408 plebis
1805 3338 2140 3405 pronuntia-

478 3437 595 3501 tur,
629 3438 685 3486 et
716 3433 1151 3501 subsoquenter
1183 3428 1424 3482 collecta
1448 3426 1626 3495 Deus,
1653 3425 2025 3497 quiapostolo
2048 3431 2143 3479 tuo

2272 587 2327 637 et
2368 600 2552 654 prope
2583 601 2649 640 se
2694 587 2873 655 ponit.
2906 585 3073 649 Quod
3110 586 3159 640 si
3193 586 3335 642 forte
3381 604 3478 657 pro
3521 605 3648 660 aqua
3687 595 3826 646 calida

2272 675 2634 742 apportanda
2666 676 3017 744 perrexerit,
3067 676 3254 744 ipsam
3301 677 3563 731 cucullam
3612 680 3827 734 decenter

2270 763 2675 832 complicatam
2712 780 2915 818 secum
2940 763 2999 818 in
3020 764 3258 819 brachio
3288 769 3483 834 portat.
3517 768 3646 821 Inter
3666 770 3829 824 xaden-

2268 853 2406 906 dum
2456 858 2721 908 cantatur
2770 854 3117 923 psalmodia,
3184 854 3366 909 Verba
3411 871 3545 923 mea,
3583 858 3829 925 prmmissa

2268 942 2473 995 eodem
2508 943 2677 996 modo
2710 960 2827 1013 quo
2860 944 2918 998 in
2976 944 3245 1013 coquina,
3305 947 3358 997 et
3395 944 3617 1015 insuper
3653 947 3699 998 in
3728 946 3829 1015 tiae,

2266 1032 2476 1101 psalmi
2511 1032 2831 1085 familiares
2856 1048 3044 1104 usque
3076 1033 3146 1086 ad
3196 1047 3504 1102 vesperas;
3533 1036 3619 1103 qui
3645 1038 3756 1088 sunt
3778 1036 3829 1087 de

2265 1122 2558 1189 vesperis,
2612 1121 2671 1174 hi
2702 1138 2816 1174 non
2850 1125 3177 1176 cantantur.
3228 1123 3505 1176 Caeterum
3535 1138 3698 1193 usque
3730 1123 3832 1177 dum

2268 1209 2593 1279 psalmodia
2625 1210 2701 1263 sit
2732 1214 3155 1278 consummata,
3205 1211 3347 1263 alias
3390 1226 3652 1264 summum
3695 1211 3832 1265 silen-

2264 1300 2409 1353 tium
2441 1302 2532 1352 est
2561 1298 2678 1351 nisi
2710 1299 2810 1369 qui
2858 1300 3009 1352 radit
3068 1299 3127 1352 in
3158 1299 3365 1368 primis
3395 1299 3524 1353 dicit
3552 1299 3833 1353 Benedicitc

2265 1387 2438 1440 Prius
2470 1403 2703 1458 quoque
2749 1388 2994 1457 capillos
3039 1403 3210 1442 nemo
3240 1404 3369 1441 cum
3409 1387 3611 1457 forcipe
3645 1389 3832 1442 tondere

2263 1477 2589 1546 praesumit,
2617 1491 2723 1529 nec
2757 1477 2884 1529 sine
2917 1476 3144 1529 cuculla
3169 1477 3447 1531 reindula.
3473 1477 3832 1547 Priusquamex

2263 1569 2381 1619 toto
2415 1565 2491 1618 sit
2523 1580 2719 1632 rasus,
2753 1565 2803 1617 si
2835 1565 2904 1618 ad
2938 1564 3194 1635 aliquam
3229 1566 3426 1619 horam
3458 1566 3668 1636 signum
3705 1565 3834 1619 fuerit

2260 1655 2577 1723 pulsatum,
2615 1653 2902 1706 cucullam
2935 1653 3120 1707 induit
3163 1670 3341 1722 super
3372 1654 3599 1722 frocum,
3653 1654 3833 1708 induto-

2261 1759 2373 1813 que
2405 1743 2628 1811 eapello
2658 1743 2853 1812 pergit
2883 1742 2952 1795 ad
2978 1743 3311 1811 ecclesiam,
3345 1760 3456 1797 non
3485 1746 3655 1797 tamen
3684 1744 3834 1813 ingre-

2261 1833 2416 1885 ditur
2446 1832 2711 1899 ehorum,
2748 1831 2853 1885 sed
2884 1835 2997 1885 stat
3028 1848 3323 1886 seorsum.
3357 1832 3417 1886 Si
3460 1833 3583 1903 quis
3610 1834 3720 1900 post
3755 1831 3834 1883 ho-

2262 1937 2386 1975 ram
2419 1920 2660 1973 radendi
2694 1921 3122 1990 supervenerit,
3160 1937 3276 1975 non
3308 1921 3522 1975 raditur
3540 1921 3641 1973 nisi
3669 1936 3773 1973 cum
3794 1919 3841 1972 li-

2264 2011 2451 2064 centia
2481 2010 2724 2078 prioris,
2774 2009 2864 2062 vel
2913 2013 3045 2079 post
3086 2026 3299 2064 nonam
3348 2009 3566 2079 quando
3586 2009 3835 2078 loquuntur

2262 2100 2319 2152 in
2359 2099 2638 2167 claustro,
2674 2104 2730 2152 et
2759 2114 2875 2152 non
2907 2100 3023 2152 nisi
3050 2099 3105 2152 in
3140 2099 3529 2167 ealefaetorio,
3560 2097 3648 2152 ubi
3672 2101 3832 2163 tamen,

2261 2189 2416 2244 sicut
2454 2188 2510 2240 in
2553 2189 2831 2253 claustro,
2869 2187 3083 2241 infirmi
3115 2190 3284 2257 prius
3332 2204 3441 2241 uno
3490 2187 3576 2240 die
3616 2186 3836 2240 raduntur

2256 2293 2429 2347 quam
2496 2281 2851 2330 conventus.
2914 2276 3091 2331 Viees
3169 2277 3417 2331 radendi
3471 2276 3557 2330 hae
3605 2277 3721 2328 sunt
3762 2288 3837 2343 per

2255 2382 2471 2419 annum
2513 2382 2523 2419 :
2586 2383 2621 2433 ι,
2664 2369 2796 2418 ante
2856 2365 3119 2435 vigiliam
3189 2365 3418 2420 Natalis
3464 2364 3687 2429 Domini,
3728 2361 3837 2414 inter

2256 2471 2429 2525 quem
2462 2458 2517 2508 et
2548 2453 3077 2525 Septuagesimam,
3112 2455 3251 2525 quia
3270 2454 3505 2508 diverso
3527 2452 3677 2507 modo
3693 2450 3830 2520 septi-

2255 2560 2443 2597 manae
2476 2546 2614 2597 sunt
2656 2558 2809 2596 nunc
2844 2543 3070 2612 plures,
3109 2559 3270 2597 nunc
3307 2544 3622 2614 pauciores,
3653 2541 3719 2593 ibi
3743 2537 3834 2592 nul-

2256 2631 2348 2685 lus
2382 2633 2667 2686 terminus
2712 2635 2803 2685 est
2833 2632 3135 2701 praefixas,
3170 2632 3289 2686 nisi
3320 2632 3481 2701 prior
3522 2627 3706 2682 viderit
3727 2641 3837 2697 quo-

2255 2722 2427 2775 modo
2461 2720 2908 2775 convenientius
2942 2719 3069 2773 fieri
3099 2721 3331 2790 possit;
3363 2719 3617 2774 veniente
3645 2717 3836 2785 Septua-

2257 2810 2503 2881 gesima,
2540 2811 2611 2863 de
2644 2810 2771 2863 vice
2802 2808 2873 2862 ad
2911 2810 3101 2863 vicem
3133 2812 3261 2863 tres
3294 2810 3620 2878 septimanis
3658 2818 3837 2873 semper

2255 2898 2748 2963 intermittuntur;
2774 2901 2906 2951 ante
2937 2897 3187 2966 Pascha,
3225 2898 3285 2952 in
3330 2899 3425 2952 illa
3456 2897 3612 2951 tertia
3632 2895 3750 2949 feria
3774 2894 3838 2945 est

2253 2987 2596 3056 radendum,
2633 2988 2882 3039 maxime
2923 2985 3058 3057 quia
3101 3001 3170 3040 eo
3203 2985 3300 3041 die
3350 2987 3406 3039 in
3438 2985 3671 3039 claustro
3697 2982 3836 3034 licen-

2252 3076 2389 3129 tiam
2422 3074 2947 3153 habentloquendi;
2975 3079 3110 3145 post
3130 3074 3386 3143 Pascha,
3420 3074 3490 3129 ad
3519 3072 3659 3127 illam
3686 3068 3837 3124 Domi—

2252 3165 2463 3233 nicam,
2494 3164 2956 3219 Misericordias
2985 3163 3249 3231 Domini;
3282 3169 3415 3218 ante
3447 3162 3779 3233 Rogationes,
3797 3156 3839 3208 in

2251 3253 2349 3307 illa
2383 3254 2528 3308 feria
2559 3254 2777 3323 quinta,
2815 3252 2867 3306 si
2897 3255 3090 3306 tamen
3123 3252 3288 3307 nulla
3316 3253 3617 3318 festivitate
3645 3250 3839 3302 interve-

2251 3342 2792 3411 nienteimpeditur;
2815 3344 2947 3395 ante
2970 3342 3384 3408 Pentecosten,
3411 3341 3480 3395 de
3493 3356 3600 3412 quo
3625 3334 3836 3405 die,quia

2252 3447 2466 3485 rursus
2489 3431 2743 3485 diversae
2775 3434 2911 3484 sunt
2943 3430 3290 3500 septimanae
3321 3445 3507 3501 usque
3536 3428 3600 3482 ad
3618 3421 3839 3480 solemni-

478 3521 669 3575 Petro
724 3520 974 3587 dicitur;
1014 3535 1127 3589 qua
1188 3516 1474 3585 completa
1500 3556 1514 3579 ,
1551 3515 1861 3584 incipiente
1900 3518 2140 3569 cantore
2172 3554 2221 3615 Ο
2250 3522 2423 3572 tatem
2446 3518 2548 3573 SS.
2586 3519 2740 3573 Petri
2771 3524 2823 3573 et
2849 3519 3030 3585 Pauli,
3062 3534 3280 3574 rursus
3305 3534 3535 3591 quoque
3551 3530 3730 3571 rasura
3747 3526 3840 3582 per-

479 3609 949 3679 responsorium,
975 3624 1043 3661 eo
1059 3623 1173 3677 quo
1198 3605 1600 3675 supradictum
1620 3606 1711 3658 est
1732 3604 1937 3658 ordine
1956 3604 2141 3658 defer-

479 3702 576 3753 tur
596 3698 665 3752 ad
698 3696 1035 3752 ecclesiam.

1082 3800 1332 3855 CAPUT
1374 3800 1530 3854 XVI.

994 3906 1083 3962 De
1106 3923 1318 3962 rasura
1343 3907 1617 3962 fratrum.

550 4035 706 4089 Inter
755 4035 967 4087 caetera
999 4049 1129 4103 quae
1161 4032 1524 4086 camerarius
1573 4031 1751 4085 habet
1782 4045 2010 4099 curare,
2047 4034 2138 4084 est

480 4140 673 4196 operte
707 4123 954 4193 pretium
988 4125 1048 4175 ut
1084 4138 1201 4176 non
1232 4121 1618 4175 obliviscatur
1648 4135 1882 4189 quoque
1940 4119 2136 4188 provi-

478 4213 806 4269 dendorum
850 4211 1232 4279 rasoriorum,
1295 4209 1512 4279 quibus
1546 4225 1611 4263 se
1644 4209 1861 4261 fratres
1908 4208 2133 4261 radant.

474 4302 634 4374 Ergo
660 4302 733 4355 ad
765 4301 891 4354 haec
924 4300 1216 4354 servanda
1249 4298 1749 4366 spceialiterunus
1773 4295 2135 4350 fraterordi-

473 4394 663 4460 natur,
697 4390 796 4460 qui
829 4391 1027 4442 servat
1059 4402 1124 4440 ea
1155 4388 1213 4439 in
1237 4386 1456 4438 scrinio
1477 4386 1704 4437 modico
1724 4389 1778 4437 ct
1801 4388 2134 4454 scrato,po-

473 4481 705 4550 sitoque
738 4494 917 4531 secus
956 4477 1251 4529 introitum
1285 4473 1612 4527 dormitorii
1656 4488 1936 4535 sursum;
1978 4473 2132 4542 quod

470 4584 605 4624 eum
634 4565 904 4633 voluerit,
939 4567 995 4619 et
1033 4580 1182 4633 opus
1214 4578 1350 4616 esse
1393 4562 1626 4627 viderit,
1661 4565 1850 4630 portat
1879 4561 1935 4613 in
1969 4562 2134 4614 clau-

467 4662 679 4725 strum,
714 4658 769 4708 et
796 4657 990 4707 tamen
1025 4654 1080 4705 in
1112 4668 1224 4705 una
1272 4654 1433 4720 parte
1466 4650 1633 4704 sedet
1666 4654 1828 4703 extra
1872 4665 2133 4703 conven-

464 4751 587 4799 tum
618 4744 747 4813 ipsa
772 4743 996 4796 rasoria
1021 4740 1285 4794 acnendo
1315 4744 1370 4793 et
1395 4739 1769 4809 propriando.
1797 4737 1867 4792 Et
1896 4739 1967 4791 ad
1993 4737 2127 4807 hoc,

464 4837 680 4902 praeter
711 4833 855 4886 alias
886 4832 1065 4885 horas
1098 4829 1314 4899 quibus
1338 4832 1666 4882 conventus
1686 4828 1931 4881 sedctin
1964 4827 2128 4881 clau-

462 4925 586 4976 stro
618 4922 685 4975 ad
714 4922 931 4974 missas
955 4923 1009 4974 et
1044 4920 1115 4972 ad
1140 4918 1419 4984 officium,
1445 4917 1579 4970 licet
1603 4916 1657 4969 ei
1706 4932 1939 4970 vacare.
1980 4916 2126 4969 Cum

2251 3609 2497 3661 mittitur
2514 3608 2570 3661 in
2590 3609 3010 3663 deliberatione
3028 3609 3270 3679 prioris.
3301 3609 3511 3663 Postea
3530 3621 3636 3660 non
3662 3603 3840 3657 erratur

2248 3697 2319 3751 de
2351 3697 2466 3751 ulla
2496 3698 2625 3751 vice
2665 3698 2800 3767 quia
2833 3698 2905 3751 ita
2938 3701 3029 3751 est
3058 3698 3618 3752 consuetudinaliter
3655 3692 3839 3746 ordina-

2249 3787 2366 3838 tum
2398 3789 2459 3839 ut
2489 3802 2726 3855 semper
2757 3802 2823 3840 se
2855 3786 3062 3840 radant
3103 3786 3177 3840 ad
3216 3785 3670 3841 Translationem
3697 3775 3838 3834 sancti

2249 3873 2572 3943 Benedicti,
2605 3875 2675 3928 ad
2710 3875 2953 3928 Vincula
2992 3875 3180 3929 sancti
3209 3875 3391 3945 Petri,
3417 3874 3489 3929 ad
3530 3865 3839 3937 Assumptio-

2252 3978 2383 4017 nem
2408 3964 2466 4018 S.
2504 3963 2723 4032 Mariae,
2754 3964 2822 4017 ad
2855 3962 2989 4033 ejus
3022 3963 3421 4033 Nativitatem,
3453 3962 3523 4016 ad
3551 3956 3837 4014 festivitates

2251 4052 2311 4107 S.
2346 4053 2673 4122 Michaelis,
2705 4052 2763 4107 S.
2799 4053 2976 4107 Luca:
3008 4053 3418 4123 evangelistaa,
3451 4051 3510 4107 S.
3546 4044 3763 4109 Martini,
3788 4038 3839 4093 ad

2248 4144 2579 4197 Adventum
2608 4142 2859 4197 Domini.

2842 4231 3094 4287 CAPUT
3128 4231 3310 4287 XVII.

2882 4305 2970 4359 De
2999 4304 3255 4359 balneis.

2318 4394 2443 4447 Hoc
2458 4394 2732 4448 omnibus
2754 4396 2847 4447 est
2876 4393 3183 4460 familiare,
3207 4395 3524 4463 postquam
3550 4402 3614 4443 se
3634 4379 3837 4440 raserint

2242 4484 2516 4536 continuo
2561 4483 2735 4536 etiam
2761 4482 3059 4536 balneare.
3119 4481 3235 4536 Sed
3281 4482 3356 4535 de
3404 4477 3620 4534 nostris
3659 4466 3839 4527 balneis

2240 4587 2356 4625 non
2388 4575 2479 4625 est
2503 4572 2747 4626 multum
2778 4572 2934 4642 quod
2964 4571 3292 4642 loquamur.
3330 4569 3568 4624 Duabus
3595 4562 3730 4618 enim
3752 4560 3843 4610 tan-

2240 4664 2360 4714 tum
2392 4660 2623 4715 vicibus
2656 4662 2713 4714 in
2747 4676 2898 4715 anno
2946 4660 3293 4714 balneamus
3330 4674 3343 4713 :
3373 4675 3411 4726 ι,
3459 4658 3586 4711 ante
3624 4648 3838 4706 Natalem

2240 4749 2492 4815 Domini,
2510 4753 2564 4803 et
2593 4754 2725 4804 ante
2756 4749 3006 4803 Pascha.
3025 4748 3114 4802 Ad
3135 4750 3293 4819 quod
3317 4747 3578 4801 deeanus
3599 4740 3737 4795 villa)
3760 4746 3838 4803 Ρθτ

2239 4841 2414 4891 totam
2447 4838 2601 4891 illam
2638 4838 3071 4908 praecedentem
3103 4836 3490 4906 septimanam
3534 4829 3758 4886 famulos
3795 4822 3835 4873 et

2238 4927 2397 4998 ligna
2432 4926 2860 4992 subministrat,
2890 4931 2950 4981 ut
2973 4926 3388 4996 unusquisque
3410 4924 3562 4977 lavet
3589 4920 3644 4972 in
3670 4923 3835 4982 cupi”.

461 5012 531 5065 ad
565 5012 675 5065 hoc
724 5015 961 5064 ventum
1006 5009 1181 5062 fuerit
1214 5011 1273 5060 ut
1310 5022 1517 5059 rasura
1566 5005 1863 5075 generalis
1900 5005 1975 5058 sit
2014 5021 2122 5076 ge-
2153 5006 2206 5066 D
2238 5016 2331 5071 vel
2388 5018 2517 5070 sine
2574 5032 2763 5086 cuppa
2804 5032 2933 5070 cum
2978 5030 3129 5086 aqua
3162 5013 3368 5067 calida,
3412 5012 3502 5067 Ad
3552 5007 3839 5086 alterutrum

457 5100 661 5165 renda,
709 5100 928 5154 faciunt
978 5097 1194 5151 fratres
1239 5096 1408 5165 quasi
1450 5094 1598 5147 duas
1631 5094 1818 5147 lineas
1850 5094 2117 5159 sedendi,

458 5188 685 5242 scilicet
717 5189 769 5241 in
824 5186 1103 5241 cancellis
1162 5183 1399 5237 claustri
1446 5186 1501 5236 et
1556 5198 1737 5251 prope
1771 5199 2020 5235 murum.
2058 5182 2120 5236 In

455 5292 570 5330 una
600 5276 751 5331 linea
771 5275 1016 5338 rasoria,
1037 5276 1091 5326 in
1106 5272 1285 5325 altera
1305 5271 1956 5341 pereleemosynarium
1981 5287 2118 5324 scu-

454 5365 606 5419 tellie
638 5363 892 5433 singulis
926 5363 1156 5424 dantur,
1183 5377 1212 5413 a
1246 5362 1374 5414 leco
1404 5378 1468 5413 se
1495 5375 1730 5413 movere
1750 5376 2118 5429 nequaquam

454 5451 938 5521 audentibus,sed
956 5467 1085 5504 cum
1103 5449 1411 5519 disciplina
1429 5448 1909 5518 praestolantibus
1929 5464 2118 5517 usque

454 5539 591 5593 dum
622 5540 695 5595 ad
745 5555 811 5595 se
846 5540 1042 5593 veniat
1082 5540 1179 5608 qui
1230 5539 1509 5592 scutellas
1550 5542 1607 5591 et
1647 5538 1874 5591 rasoria
1905 5539 2116 5605 portat.

447 5625 733 5702 Quisquis
764 5628 916 5684 radit
946 5628 1213 5698 alterum,
1240 5628 1468 5689 froeum
1500 5625 1681 5697 exuit,
1716 5628 1773 5680 et
1798 5626 1857 5679 in
1889 5625 2117 5680 cuculla

2239 5104 2395 5175 quod
2428 5084 2708 5160 maluerit
2744 5104 2993 5158 facultas
3032 5084 3221 5157 datur.
3272 5102 3363 5156 Ad
3417 5113 3623 5156 sonum
3652 5088 3782 5161 signi
3800 5084 3837 5136 si

2218 5193 2508 5247 “balneum
2533 5194 2660 5265 jam
2691 5194 2942 5260 intravit,
2987 5195 3043 5246 et
3060 5196 3298 5261 propter
3327 5192 3442 5245 hoc
3470 5201 3639 5243 unam
3673 5182 3837 5236 horam

2214 5284 2572 5354 'regularem
2604 5283 2891 5349 omiserit,
2922 5297 3038 5335 non
3070 5282 3408 5349 imputatur.

2824 5369 3075 5424 CAPUT
3109 5369 3315 5423 XVIII.

2836 5442 2925 5495 De
2954 5440 3290 5495 cellerario.

2309 5532 2666 5588 Cellerarius
2697 5531 2901 5586 eadem
2939 5528 3347 5584 benedictione
3401 5520 3682 5597 quaprior
3706 5508 3835 5569 ordi-

2231 5628 2402 5679 natur
2432 5626 2489 5677 et
2518 5620 2867 5676 absolvitur.
2905 5618 3224 5673 Ordinatus
3269 5615 3425 5672 scire
3456 5612 3626 5669 debet
3665 5601 3838 5678 quanla
