3956 6176
201 275 307 340 761

840 272 1514 338 CONSUETUDINES
1560 268 2201 335 CLUNIACENSES.
2237 302 2312 313 --
2342 267 2595 328 LIBER
2632 268 3015 331 TERTIUS.

3524 267 3644 332 762

202 478 549 533 diversitate
578 477 638 533 in
670 476 984 531 refectorio
1017 477 1094 530 sit
1137 475 1424 529 fratribus
1464 471 1865 528 serviendum.
1897 451 1953 510 Α
1983 487 2087 540 per
2116 471 2309 525 omnia
2339 470 2504 523 vices
2536 468 2658 541 agit
2688 468 2822 539 ejus
2854 469 3149 540 absentis,
3184 475 3238 526 et
3266 473 3338 526 de
3368 472 3647 527 omnibus

203 569 281 622 De
314 584 454 637 quo,
492 571 552 620 ut
584 582 699 620 non
738 571 957 619 taceam
990 567 1269 634 quantum
1300 581 1331 616 a
1367 579 1455 617 me
1490 563 1627 616 sciri
1664 562 1866 630 potuit,

206 658 410 710 omitto
455 655 594 724 quid
635 654 859 708 referre
909 656 980 707 de
1028 654 1183 707 fabis
1226 652 1486 721 quotidie
1535 650 1766 717 dandis,
1818 652 1874 703 et

206 762 321 798 non
355 746 489 797 sine
520 744 710 813 adipe,
744 745 797 795 si
829 760 942 797 non
975 747 1065 797 est
1086 743 1215 796 dies
1241 741 1485 811 jejunii,
1518 756 1624 794 seu
1648 740 1718 794 de
1749 739 1873 793 ole—

204 834 376 887 ribus
410 833 786 887 comminutis
818 836 874 886 et
914 833 1099 886 coctis
1147 847 1301 902 quae,
1353 830 1681 885 secundum
1720 827 1876 899 quod

205 923 413 977 haberi
439 922 751 991 potuerint,
785 921 1014 975 dantur.
1049 922 1273 993 Praeter
1304 920 1431 975 haec
1462 920 1520 972 in
1551 918 1878 988 septimana

206 1016 331 1066 tres
360 1011 520 1077 dies,
545 1028 605 1078 ii,
637 1027 695 1063 iv
715 1013 772 1065 et
802 1027 860 1063 vx
893 1010 1059 1078 feria,
1085 1025 1202 1064 non
1234 1010 1346 1063 nisi
1381 1009 1680 1078 pitantiam
1698 1006 1878 1059 habe-

205 1116 361 1166 mus,
399 1099 551 1154 alios
581 1104 832 1170 quatuor
861 1099 1160 1169 generale,
1195 1101 1253 1151 et
1301 1098 1414 1152 hoc
1444 1097 1600 1167 quod
1634 1095 1726 1149 die
1760 1096 1879 1149 Do-

207 1188 429 1242 minica
460 1191 516 1243 et
545 1205 582 1240 v
612 1187 756 1242 feria
796 1192 888 1243 est
927 1188 999 1241 de
1042 1187 1312 1257 piscibus
1334 1228 1347 1254 ,
1398 1186 1453 1240 si
1482 1189 1677 1240 tamen
1708 1198 1881 1253 teque

210 1279 407 1348 pretio
441 1276 689 1330 inveniri
720 1277 971 1345 possint.
998 1276 1069 1329 Et
1098 1276 1147 1330 si
1168 1292 1283 1330 non
1317 1279 1454 1328 sunt
1484 1274 1667 1341 olera,
1693 1272 1884 1327 couti-

208 1365 495 1420 nuabitur
547 1364 847 1436 generale.
899 1364 1041 1418 Item
1087 1364 1558 1434 quotiescunque
1608 1362 1753 1415 fiunt
1803 1377 1886 1414 xu

203 1455 520 1523 lectiones,
556 1453 851 1525 generale.
879 1453 941 1506 In
965 1447 1180 1507 talibus
1200 1452 1643 1519 festivitatibus,
1678 1453 1740 1504 ut
1771 1452 1884 1519 est,

205 1543 379 1598 verbi
421 1543 630 1614 gratia,
650 1541 982 1596 Translatio
1019 1542 1207 1595 sancti
1230 1540 1553 1607 Benedicti,
1576 1542 1888 1608 utrumque

206 1636 263 1687 et
322 1630 628 1702 generale,
669 1634 727 1684 et
772 1629 1094 1700 pitantiam,
1146 1633 1203 1684 et
1233 1630 1425 1683 adhuc
1474 1628 1736 1682 etiamin
1768 1627 1889 1684 illis

207 1719 642 1789 principalibus
663 1736 698 1770 γ
718 1718 889 1772 festis
915 1718 1066 1772 fabae
1089 1718 1275 1788 sepiis
1295 1721 1395 1771 aut
1416 1717 1748 1771 ﬂadonibus
1768 1732 1891 1769 mu-

1983 560 2298 629 respondet
2329 559 2399 611 de
2431 559 2648 629 quibus
2680 558 2831 612 solet
2862 561 2917 611 et
2965 560 3094 628 ipse
3125 561 3509 630 respondere.
3543 561 3646 616 Se-

1982 650 2211 702 cundus
2244 652 2335 702 est
2365 649 2465 718 qui
2494 664 2784 701 annonam
2815 649 3041 716 recipit,
3079 665 3250 718 quem
3283 654 3338 703 et
3372 653 3648 721 granata-

1982 738 2129 790 rium
2163 752 2466 790 vocamus.
2520 737 2689 803 Huic,
2725 738 2956 808 quando
2990 738 3210 791 messis
3256 741 3347 792 est
3377 742 3492 792 tota
3523 738 3650 792 col-

1981 825 2329 894 lecta,prior
2358 826 2672 879 iunotescit
2693 827 2890 896 quanti
2923 827 3101 881 modii
3134 828 3205 881 de
3236 827 3334 880 illa
3367 831 3419 881 et
3451 828 3521 881 de
3553 829 3650 883 illa

1983 914 2313 968 obedientia
2344 918 2480 967 sunt
2499 915 2748 983 venturi,
2774 918 2830 969 et
2858 916 3015 986 quod
3046 917 3229 970 semel
3256 916 3433 985 audit,
3459 932 3652 988 usque

1983 1003 2119 1056 dum
2151 1004 2227 1056 sit
2256 1003 2566 1071 redditum,
2602 1004 2660 1058 in
2694 1008 2964 1074 computo
2987 1021 3096 1059 suo
3116 1006 3355 1060 tenebit.
3378 1006 3650 1061 Pistores

1984 1095 2122 1145 sunt
2153 1091 2266 1145 sub
2299 1091 2433 1162 ejus
2457 1108 2632 1147 manu
2659 1110 2671 1158 ;
2706 1093 2826 1163 qui,
2862 1109 2992 1147 cum
3030 1094 3385 1149 frumentum
3408 1110 3651 1164 accepe-

1983 1181 2120 1249 rint,
2155 1181 2302 1235 duas
2334 1181 2568 1249 species
2599 1182 2768 1251 panis
2791 1186 2931 1237 sunt
2953 1183 3342 1251 red«lituri,'ut
3362 1184 3648 1254 quidquid

1986 1271 2064 1324 sit
2094 1271 2164 1323 de
2198 1271 2312 1325 alio
2350 1271 2662 1335 conducta,
2710 1273 2881 1340 panis
2921 1276 3113 1328 tamen
3162 1273 3262 1343 qui
3291 1272 3524 1327 dandus
3556 1276 3652 1328 est

1988 1359 2270 1413 fratribus
2301 1361 2494 1428 possit
2524 1361 2781 1429 Optimus
2806 1377 2963 1416 esse.
2991 1361 3146 1434 Ergo
3168 1362 3238 1415 de
3264 1361 3456 1417 modio
3481 1362 3653 1432 panis

1988 1447 2331 1518 hujusmodi
2363 1448 2506 1502 fiunt
2549 1465 2666 1503 cxx
2707 1450 2910 1517 libra»,
2962 1450 3269 1521 sequentis
3299 1468 3351 1505 L.
3386 1450 3444 1504 Si
3479 1467 3655 1522 quam

1988 1537 2409 1607 negligentiam
2428 1537 2544 1607 ipsi
2564 1538 2818 1608 pistores
2839 1540 3261 1607 commiserint,
3278 1540 3372 1595 vel
3403 1556 3658 1595 consue-

1992 1628 2112 1679 tum
2146 1616 2453 1680 numerum
2501 1626 2782 1682 librarum
2814 1644 2930 1683 non
2977 1630 3298 1696 reddendo,
3334 1630 3428 1684 vel
3459 1630 3657 1699 ipsum

1996 1729 2207 1781 panem
2253 1731 2371 1768 non
2420 1718 2537 1768 tam
2575 1716 2792 1771 bonum
2841 1733 3017 1788 quam
3065 1722 3296 1788 Oportet
3357 1719 3655 1788 faciendo,

212 1812 434 1863 tantur.
487 1808 549 1862 In
583 1808 802 1878 quibus
851 1810 907 1861 et
936 1810 1152 1876 praeter
1188 1823 1396 1876 panem
1446 1806 1681 1860 solitum
1704 1847 1718 1874 ,
1764 1803 1891 1858 dari
1917 1795 1972 1860 Β
1997 1804 2280 1873 priefatus
2304 1804 2803 1874 magistereorum
2827 1806 3062 1861 adducit
3083 1823 3188 1862 eos
3203 1808 3258 1861 in
3281 1808 3660 1877 praesentiam

213 1898 413 1954 solent
459 1913 575 1951 una
622 1896 834 1951 tortula
882 1895 954 1950 de
1009 1896 1141 1950 ovis
1188 1896 1492 1965 farinaque
1541 1909 1887 1963 conspersa.

212 1986 362 2041 Sunt
385 1991 445 2041 et
473 1985 739 2055 plerique
762 1984 1172 2046 anniversarii,
1209 1985 1306 2054 qui
1338 1985 1390 2037 si
1422 1984 1478 2037 in
1512 1982 1608 2037 tali
1641 1983 1734 2037 die
1756 1997 1891 2036 eve-

216 2075 413 2129 nerint
444 2089 564 2144 quo
594 2089 671 2128 ex
692 2089 854 2128 more
878 2073 1048 2127 datur
1067 2073 1337 2141 pitaneia,
1362 2075 1603 2142 prepter
1626 2087 1730 2125 eos
1749 2087 1893 2141 quo-

217 2179 331 2234 que
362 2165 629 2217 mutatur
650 2178 782 2216 cum
806 2150 1089 2233 generali.
1114 2161 1286 2216 Tales
1309 2162 1438 2215 dies
1460 2161 1636 2214 habet
1650 2160 1894 2214 cellera-

216 2251 515 2320 riasapud
540 2267 606 2305 se
629 2250 1035 2318 imbreviatos,
1052 2249 1327 2320 omnique
1351 2249 1609 2304 Sabbato
1632 2250 1896 2304 collatio-

216 2356 350 2396 nem
370 2339 518 2393 facit
549 2355 679 2393 cum
705 2340 901 2408 priore
932 2341 990 2392 et
1020 2339 1363 2401 camerario,
1398 2338 1491 2392 vel
1524 2352 1655 2392 cum
1688 2352 1893 2391 eorum

218 2429 486 2494 vicariis,
511 2428 584 2482 de
609 2427 869 2498 singulis
886 2426 1098 2481 diebus
1124 2426 1415 2481 venientis
1449 2427 1815 2495 septimanae,
1833 2428 1896 2479 ut

222 2516 512 2588 quidquid
544 2516 602 2570 in
631 2516 731 2570 illo
763 2519 820 2570 et
849 2515 911 2569 in
940 2515 1039 2569 illo
1071 2516 1165 2569 die
1189 2514 1315 2569 dari
1343 2514 1633 2582 debuerit,
1669 2517 1896 2583 tempe-

221 2608 374 2661 stive
424 2604 829 2675 provideatar.
872 2604 1015 2682 Item
1075 2604 1134 2657 in
1199 2604 1371 2658 brevi
1408 2606 1567 2658 notat
1604 2617 1896 2657 summam

220 2710 542 2766 porcorum
586 2696 641 2748 et
681 2694 932 2748 arietum
961 2693 1063 2763 qui
1107 2692 1395 2747 debentur
1425 2693 1497 2747 de
1542 2692 1895 2747 obedientiis

222 2785 479 2845 nostris,
514 2786 577 2837 ut
595 2781 908 2837 confestim
938 2781 1008 2835 de
1042 2781 1137 2834 bis
1161 2781 1552 2852 quaestionem
1592 2782 1825 2835 moveat
1846 2779 1900 2833 si

226 2872 363 2943 quid
387 2872 466 2926 de
497 2886 727 2925 summa
761 2886 870 2940 per
890 2870 1176 2924 incuriam
1216 2869 1513 2940 cujusque
1540 2869 1902 2924 obedientia-

224 2962 299 3016 rii
327 2960 607 3027 decedat;
632 2960 702 3014 ad
721 2959 911 3029 ipsam
928 2974 1163 3030 quoque
1181 2956 1474 3013 cellerarii
1506 2957 1903 3013 obedientiam

224 3049 487 3121 pendent
523 3048 738 3118 aliquae
771 3047 992 3101 villulae
1024 3046 1084 3100 in
1124 3046 1318 3101 vicino
1349 3047 1657 3117 apposita.
1692 3046 1774 3101 De
1807 3045 1902 3099 bis

1996 1894 2213 1962 prioris
2243 1895 2298 1947 et
2325 1893 2620 1948 cellerarii
2646 1913 2659 1958 ;
2694 1894 2871 1965 cujus
2893 1895 3139 1964 imperio
3169 1895 3368 1950 nudati
3392 1895 3660 1950 verberi-

1996 1982 2111 2037 bus
2142 1982 2546 2054 emendantur,
2582 1983 2905 2054 eodemque
2937 1987 3228 2039 momento
3261 2000 3408 2053 pane
3439 1987 3496 2039 et
3523 1984 3661 2039 vino

1994 2070 2660 2142 reficiuntur.Quodque
2684 2073 2793 2126 alio
2818 2073 2937 2127 dixi
2969 2073 3098 2128 loco
3133 2073 3205 2128 de
3235 2073 3481 2143 decano,
3506 2089 3662 2128 sem-

1994 2176 2103 2230 per
2131 2163 2360 2214 tenetar
2389 2160 2461 2213 ab
2494 2160 2790 2228 omnibus,
2822 2163 2884 2214 ut
2915 2177 3211 2231 nunquam
3234 2161 3551 2231 disciplina
3566 2162 3664 2215 fiat

1997 2265 2180 2319 super
2216 2263 2568 2319 quamquam
2613 2249 2964 2304 famulorum
3003 2249 3119 2304 nisi
3165 2252 3298 2305 ante
3330 2249 3660 2320 prandium.

1998 2337 2113 2392 Sed
2144 2338 2347 2391 eodem
2381 2338 2552 2392 modo
2583 2339 2954 2409 granatarius
2996 2341 3215 2408 praeest
3245 2342 3302 2393 et
3336 2338 3664 2394 fullonibus

1999 2441 2227 2495 pannos
2264 2425 2508 2479 fratrum
2553 2426 2833 2481 lavaturis
2857 2444 2872 2492 ;
2915 2442 3065 2498 quos
3116 2427 3272 2481 omni
3319 2426 3487 2482 tertia
3515 2425 3666 2481 feria

2002 2515 2153 2569 lecto
2185 2514 2388 2568 missaa
2412 2516 2708 2569 matutinae
2731 2515 3054 2587 Evangelio
3077 2516 3238 2571 ducit
3259 2517 3319 2571 in
3341 2515 3666 2571 claustrum

2004 2604 2076 2657 ad
2106 2618 2300 2657 arcam
2330 2603 2388 2655 in
2422 2619 2615 2673 quam,
2638 2602 2921 2658 foramine
2950 2605 3212 2674 desuper
3232 2608 3455 2675 aperto,
3489 2602 3668 2675 panni

2005 2693 2263 2762 desuper
2292 2692 2661 2763 ingeruntur.
2685 2692 2953 2747 Occurrit
2983 2693 3036 2747 ei
3068 2698 3124 2748 et
3154 2694 3306 2748 alius
3339 2694 3540 2763 frater,
3574 2692 3673 2747 cui

2006 2782 2395 2836 commissum
2424 2784 2514 2835 est
2546 2784 2607 2835 ut
2632 2781 2826 2837 videat
2857 2782 2987 2837 etin
3006 2783 3286 2838 memoria
3316 2785 3512 2838 teneat
3531 2781 3671 2852 quid

2005 2870 2088 2923 illi
2140 2869 2393 2923 fullones
2431 2870 2750 2939 accipiant,
2790 2870 2882 2926 vel
2925 2871 3065 2941 quid
3109 2872 3317 2926 iterum
3362 2871 3672 2926 venientes

2006 2958 2260 3013 Sabbato
2290 2960 2425 3028 post
2451 2973 2664 3012 nonam
2698 2959 2960 3027 reddant,
2991 2960 3083 3015 vel
3118 2960 3173 3014 in
3204 2958 3673 3030 Quadragesima

2007 3051 2138 3116 post
2172 3062 2419 3102 cumam.
2458 3047 2800 3117 Ibidemque
2846 3064 3061 3104 rursus
3093 3049 3261 3103 sedet
3289 3052 3351 3103 ut
3378 3049 3676 3102 intueatur

230 3138 421 3208 pascit
452 3136 800 3191 cellerarius
825 3135 1086 3190 caballos
1104 3151 1284 3205 suos;
1308 3135 1392 3190 ibi
1423 3139 1683 3190 moratur
1702 3135 1903 3205 pisces
1931 3150 1984 3214 ο
2009 3152 2081 3189 ne
2129 3136 2264 3207 quis
2315 3134 2590 3204 fratrum,
2624 3139 2681 3191 et
2710 3137 2963 3191 maxime
3013 3136 3228 3207 aliquis
3257 3136 3455 3203 idiota,
3489 3135 3567 3189 ita
3600 3135 3677 3190 sit

233 3228 709 3296 comparaturus,
740 3224 836 3278 vel
882 3224 1119 3296 ingenia
1149 3226 1489 3279 structuras
1537 3224 1756 3294 quibus
1785 3224 1905 3292 pis-

232 3331 336 3370 ces
359 3314 694 3384 capiuntur.
725 3312 787 3368 Si
818 3313 953 3384 quis
977 3312 1221 3367 fratrum
1255 3313 1402 3368 adeo
1433 3315 1527 3367 est
1553 3312 1823 3367 infirmus
1846 3313 1908 3366 at

236 3403 306 3458 de
318 3404 477 3458 lecto
494 3417 750 3475 surgere
765 3418 882 3457 non
898 3402 1109 3472 possit,
1132 3401 1375 3455 adhunc
1398 3401 1659 3472 quotidie
1676 3416 1907 3456 summo

236 3491 497 3547 diluculo
530 3491 707 3548 simul
760 3507 892 3545 cum
940 3489 1262 3545 infirmario
1304 3491 1482 3557 venit,
1519 3492 1576 3544 et
1622 3490 1695 3545 de
1725 3489 1911 3545 omni-

238 3580 351 3636 bus
382 3596 516 3652 quze
549 3579 768 3634 habere
817 3582 1012 3650 potest
1053 3579 1394 3633 sciscitatur
1437 3579 1511 3634 ab
1543 3594 1612 3634 eo
1660 3579 1802 3650 quid
1834 3579 1913 3634 sit

240 3670 399 3742 quod
429 3668 546 3724 sibi
577 3668 864 3735 videatur,
892 3670 954 3722 at
992 3670 1286 3738 prmparet
1316 3668 1386 3722 ad
1421 3667 1556 3739 ejus
1586 3668 1912 3724 recreatio-

243 3775 399 3815 nem.
431 3758 676 3823 Quoties
708 3757 986 3828 generale
1025 3756 1278 3824 piscium
1309 3756 1500 3819 datur.
1553 3758 1747 3811 statim
1778 3760 1915 3827 post

246 3851 498 3917 sextam,
532 3846 625 3901 vel
648 3846 700 3900 si
732 3846 930 3900 tandiu
956 3843 1280 3916 jejunatur,
1304 3848 1440 3915 post
1460 3862 1695 3911 nonam,
1727 3849 1914 3900 totum

242 3952 384 3993 esse
413 3936 588 3991 debet
617 3935 971 4005 dispositam
1000 3936 1058 3989 et
1087 3934 1420 3988 ordinatam
1440 3934 1501 3989 in
1533 3934 1801 3989 scutellis
1815 3950 1914 3989 su-

234 4042 349 4098 per
378 4023 578 4079 tabula
618 4038 752 4094 qua;
794 4026 887 4078 est
923 4022 984 4078 in
1012 4022 1310 4077 vestibulo
1348 4023 1600 4091 cellarii,
1657 4025 1721 4078 ut
1750 4022 1918 4092 prior

234 4113 495 4169 veniens
516 4114 831 4182 antequam
862 4111 1170 4166 consideat
1191 4111 1262 4165 ad
1283 4111 1535 4179 scillam,
1562 4110 1765 4165 videre
1778 4127 1918 4181 pos-

233 4205 320 4259 sit
346 4201 508 4273 quod
530 4202 624 4255 est
644 4201 704 4254 in
729 4199 987 4272 singulis
1010 4199 1302 4267 scutellis,
1322 4199 1376 4254 si
1399 4202 1493 4255 est
1520 4199 1746 4271 aequale
1768 4202 1826 4255 et
1842 4201 1919 4254 ita

233 4292 503 4348 divisum
538 4292 601 4343 ut
631 4288 930 4360 prioribus
977 4304 1097 4344 non
1124 4288 1362 4343 veniant
1404 4287 1666 4360 majores
1706 4291 1764 4343 et
1793 4304 1915 4343 me-

230 4382 429 4437 liores
450 4381 674 4450 partes,
698 4377 1062 4448 multumque
1080 4378 1139 4431 in
1157 4377 1268 4431 hoc
1283 4392 1502 4449 genere
1523 4392 1915 4446 personarum

239 4468 517 4537 acceptio
549 4469 808 4521 cavetur.
835 4464 919 4520 Eo
951 4465 1045 4519 die
1073 4481 1189 4535 quo
1220 4465 1811 4520 sententiacellerarii
1836 4467 1914 4521 le-

239 4560 413 4631 gitur
443 4557 504 4610 in
532 4555 807 4626 capitulo,
841 4553 1060 4608 habent
1087 4553 1160 4608 de
1191 4554 1291 4608 illo
1322 4554 1534 4609 fratres
1566 4554 1786 4608 bonum
1815 4570 1919 4625 ge-

239 4644 474 4712 nerale,
510 4645 611 4697 aut
639 4642 939 4713 pitantiam
962 4643 1018 4694 et
1046 4640 1406 4712 pigmentum
1429 4682 1442 4708 ,
1476 4641 1578 4695 ubi
1607 4641 1744 4695 dum
1773 4640 1919 4712 legi-

238 4738 367 4802 tur,
400 4746 642 4800 semper
668 4733 888 4799 praesto
920 4743 1058 4783 esse
1089 4729 1280 4784 debet.
1302 4729 1368 4782 lu
1398 4732 1685 4800 sequente
1708 4745 1921 4784 rursus

241 4820 511 4891 capitulo
543 4819 777 4873 veniam
806 4818 968 4887 petit,
1001 4832 1186 4887 seque
1218 4833 1385 4872 reum
1416 4817 1487 4872 de
1512 4818 1711 4873 multis
1736 4817 1924 4890 negli-

239 4909 476 4983 gentiis
506 4923 613 4978 per
644 4905 1020 4961 occasionem
1050 4905 1399 4960 obedientiae
1432 4907 1764 4961 confitetar.
1799 4907 1924 4962 Ad-

238 4997 435 5053 solvit
464 5011 599 5050 eum
630 4996 812 5065 prior,
837 4998 893 5049 et
922 4994 1169 5056 imperat
1201 4998 1259 5048 ut
1290 4995 1557 5065 psalmus
1589 5013 1624 5049 L
1654 5011 1786 5051 cum
1809 4995 1928 5050 col-

237 5088 405 5145 lecta
434 5100 544 5157 pro
593 5100 663 5139 eo
717 5083 789 5138 ad
830 5086 1094 5138 sanctam
1139 5082 1383 5138 Mariam
1434 5085 1825 5140 communiter
1854 5084 1927 5138 ab

241 5175 538 5231 omnibus
572 5175 857 5227 cantetur.
889 5171 953 5227 Si
990 5170 1140 5226 forte
1183 5173 1499 5245 contigerit
1527 5174 1684 5244 quod
1715 5173 1787 5227 ad
1818 5173 1929 5227 ho-

241 5278 386 5320 ram
416 5260 764 5316 refectionis
796 5263 857 5315 at
885 5261 1058 5331 panis
1088 5261 1181 5315 vel
1210 5260 1371 5316 aliud
1408 5261 1549 5332 quid
1579 5277 1691 5316 non
1726 5262 1803 5316 sit
1833 5277 1931 5316 co-

242 5355 456 5420 ctum,
502 5349 756 5421 pertinet
803 5363 1040 5421 quoque
1084 5342 1154 5403 ad
1198 5350 1568 5405 cellerarium
1615 5352 1678 5405 ut
1705 5350 1934 5406 auferat

241 5441 537 5497 malleum
577 5456 649 5494 ne
696 5439 1028 5509 cymbalum
1072 5438 1297 5507 percuti
1345 5439 1556 5510 possit,
1596 5442 1653 5494 et
1699 5440 1934 5494 interim

238 5529 482 5584 fratres
514 5527 722 5581 sedent
753 5527 813 5581 in
835 5526 1017 5582 choro
1039 5526 1113 5581 ad
1142 5526 1474 5583 lectionem.
1493 5527 1565 5581 Hi
1584 5530 1723 5582 sunt
1742 5530 1936 5583 autem

238 5631 420 5694 quos
467 5615 813 5672 cellerarius
850 5614 1264 5688 sutfraganeos
1315 5616 1510 5672 habet.
1567 5616 1806 5673 Primus
1835 5617 1937 5690 qui

2009 3227 2323 3298 negligens
2346 3229 2409 3280 at
2437 3226 2685 3296 accipiat
2714 3226 2863 3280 alios
2885 3241 3114 3296 pannos
3136 3241 3311 3297 quam
3338 3224 3557 3296 quibus
3572 3240 3676 3280 no-

2008 3331 2142 3369 men
2172 3330 2347 3369 suum
2378 3314 2728 3384 inscriptum
2752 3317 2872 3382 est;
2904 3331 3039 3369 nam
3071 3318 3127 3369 et
3156 3314 3269 3369 hoc
3300 3317 3393 3368 est
3421 3313 3677 3370 edictam

2007 3405 2249 3458 Patrum
2272 3405 2630 3469 nostrorum,
2665 3405 2727 3455 ut
2755 3401 2957 3457 nullus
2988 3402 3211 3458 omittat
3242 3402 3530 3457 staminea
3564 3416 3675 3456 suo

1960 3548 1969 3551 _
2010 3509 2184 3549 suam
2214 3507 2429 3547 nomen
2461 3508 2590 3547 cum
2610 3492 2877 3546 incausto
2909 3491 3176 3561 inscribi,
3202 3495 3259 3546 et
3289 3490 3675 3546 femoralibus

2011 3598 2144 3638 cum
2176 3583 2292 3637 filo.
2340 3582 2550 3636 Adhuc
2579 3584 2773 3635 autem
2818 3581 2932 3636 sub
2973 3597 3148 3636 manu
3190 3579 3508 3652 granatarii
3541 3581 3682 3634 sunt

2011 3675 2068 3728 et
2094 3671 2355 3743 lignarii,
2389 3671 2489 3741 qui
2518 3687 2650 3725 cum
2697 3671 2886 3725 asinis
2928 3669 3446 3741 atferantlignade
3480 3668 3678 3738 silvis,

2010 3777 2129 3816 non
2178 3762 2369 3816 solum
2414 3761 2487 3814 ad
2526 3760 2795 3828 furnum,
2838 3759 2947 3814 sed
2994 3760 3167 3815 etiam
3222 3760 3296 3813 ad
3344 3758 3677 3829 coquinam.

2012 3849 2281 3915 Quotidie
2310 3865 2545 3920 quoque
2576 3842 2712 3918 poet
2742 3849 3061 3918 capitulum
3087 3852 3332 3904 sonatur
3360 3845 3681 3918 scilla,vel,

2015 3939 2066 3993 si
2095 3953 2211 3993 non
2251 3938 2367 3992 nisi
2398 3937 2585 3993 semel
2625 3938 2973 4007 comeditur,
3006 3940 3143 4006 post
3173 3941 3425 4007 sextam,
3458 3940 3517 3991 et
3547 3939 3687 3990 tunc

1990 4028 2352 4098 quicunque
2375 4027 2445 4080 de
2476 4026 2694 4081 familia
2724 4041 2935 4095 panem
2967 4030 3107 4080 sunt
3128 4027 3446 4096 accepturi,
3473 4039 3682 4080 omnes

2015 4117 2086 4172 ad
2131 4115 2530 4187 granatariam
2575 4118 2911 4170 occurrunt.
2975 4115 3076 4170 Ille
3126 4131 3361 4185 quoque
3413 4117 3581 4169 curat
3611 4129 3686 4168 ne

2018 4205 2291 4261 deficiant
2333 4203 2505 4259 fabae.
2542 4203 2675 4258 Non
2710 4204 2768 4257 in
2798 4203 3161 4272 dormitorio,
3200 4204 3308 4257 sed
3338 4203 3396 4257 in
3426 4202 3686 4257 infirma-

2019 4294 2298 4366 riajacet,
2331 4295 2468 4364 quia
2499 4293 2844 4363 frequenter
2864 4293 2917 4346 ei
2940 4291 3226 4363 contingit
3256 4294 3318 4346 ut
3339 4290 3686 4346 necessario

2021 4384 2247 4439 tardius
2278 4398 2346 4437 se
2386 4381 2635 4437 collocet
2683 4397 2858 4451 quam
2890 4380 3007 4435 alii.
3058 4382 3222 4449 Item,
3257 4380 3408 4435 solet
3438 4379 3516 4433 ibi
3549 4379 3689 4434 dor-

2024 4474 2171 4528 mire
2203 4472 2383 4527 frater
2420 4471 2516 4525 ille
2548 4471 2650 4541 qui
2689 4486 2822 4525 cum
2852 4470 3039 4525 asinis
3071 4469 3230 4525 vadit
3260 4485 3366 4541 per
3398 4469 3684 4525 obedien-

2026 4563 2160 4631 tias,
2192 4564 2256 4618 ut
2283 4561 2522 4632 colligat
2550 4563 2606 4615 et
2636 4560 2885 4614 adducat
2914 4576 3226 4615 annonam.

2632 4702 2884 4758 CAPUT
2928 4703 3087 4757 XIX.

2599 4792 2687 4846 De
2713 4792 2956 4847 custode
2986 4792 3127 4846 vini.

2103 4899 2341 4954 Tertius
2372 4901 2462 4954 est
2501 4897 2915 4971 suifraganeus
2948 4897 3219 4969 ejusdem
3250 4894 3562 4967 cellerarii,
3596 4893 3702 4967 qui

2033 4988 2235 5043 vinum
2264 4988 2473 5058 recipit
2512 4992 2567 5043 ct
2597 4987 2871 5042 custodit.
2926 4986 3233 5042 Vindemia
3272 4988 3697 5052 consummata,

2037 5078 2192 5133 sicut
2220 5078 2553 5150 granatario
2586 5077 2658 5132 de
2693 5092 2957 5143 annona,
2991 5076 3045 5130 ei
3075 5090 3311 5146 quoque
3340 5074 3634 5130 indicatur
3670 5090 3705 5128 a

2035 5169 2235 5239 priore
2279 5168 2527 5238 quantas
2575 5165 2696 5219 vini
2727 5169 2988 5220 carratas
3027 5165 3099 5220 de
3140 5164 3238 5217 illo
3279 5166 3337 5219 et
3364 5163 3435 5218 de
3468 5163 3567 5219 illo
3596 5162 3707 5218 de-

2036 5258 2170 5312 beat
2198 5260 2564 5325 exspectare.
2597 5253 2840 5319 Quando
2863 5253 3227 5325 pigmentum
3247 5252 3461 5307 fratres
3482 5252 3706 5308 habere

2040 5346 2273 5414 debent,
2308 5345 2436 5415 ipse
2468 5360 2601 5415 qua:
2632 5343 2703 5398 ad
2746 5343 2857 5397 hoc
2886 5343 3231 5397 necessaria
3263 5346 3420 5412 sunt,
3456 5360 3490 5396 a
3515 5356 3711 5396 came-

2039 5435 2197 5491 rario
2242 5433 2453 5505 quierit
2494 5436 2551 5487 et
2596 5432 2823 5502 recipit,
2868 5432 3220 5503 speciesque
3276 5431 3547 5504 singulas
3578 5431 3710 5500 ipse

2046 5523 2270 5580 conteri
2291 5526 2347 5579 et
2379 5521 2749 5578 commisceri
2784 5521 2941 5576 facit.
2964 5520 3029 5576 In
3060 5522 3302 5577 cellario
3332 5520 3547 5576 dormit
3576 5533 3711 5572 cum

2048 5614 2373 5685 cetlerario,
2417 5614 2473 5668 et
2501 5626 2799 5684 nunquam
2830 5611 2960 5668 sine
2990 5611 3253 5682 lacerna,
3287 5611 3361 5667 ad
3396 5624 3572 5686 quam
3604 5622 3704 5664 ca-
