3956 6176
441 282 558 346 763

1455 286 1839 352 UDALRICI
1889 289 2487 356 CLUNIACENSIS
2532 295 2910 362 MONACHI

3715 311 3805 374 764

446 485 736 538 merarius
788 484 884 537 dat
913 485 1162 554 adipem,
1207 485 1361 538 sicut
1395 486 1646 541 etiamin
1681 486 2024 542 dormitorio
2057 491 2112 542 et
2143 471 2199 533 Α
2229 507 2451 546 mensae
2479 509 2684 548 omnes
2715 495 3012 551 refectorii
3059 514 3131 552 ex
3163 501 3279 554 toto
3312 505 3444 555 sunt
3472 518 3591 557 cum
3619 521 3805 562 mensa-

445 572 499 624 in
533 573 705 628 domo
737 574 1124 628 inﬁrmorum.

1076 663 1328 716 CAPUT
1361 664 1488 716 XX.

1033 751 1121 804 De
1186 751 1517 806 liortulano.

515 838 586 892 Et
615 838 965 892 hortulanus
998 839 1172 892 debet
1193 839 1498 894 cellerario
1517 856 1656 894 esse
1689 840 2025 910 subjectus,
2052 847 2113 896 ut

443 927 497 980 si
525 927 663 997 quid
699 925 874 981 fuerit
903 927 961 981 in
993 927 1160 981 horto
1186 929 1342 998 quod
1373 929 1501 998 ipse
1531 929 1804 997 voluerit,
1840 933 1897 984 et
1926 946 2109 1000 expe-

445 1015 572 1070 dire
600 1017 830 1070 noverit
860 1017 932 1070 ad
965 1017 1276 1070 servitium
1321 1017 1596 1086 fratrum,
1632 1018 1973 1073 obedienter
2003 1020 2110 1072 ha-

446 1105 579 1158 beat
611 1105 681 1157 ab
715 1105 814 1160 illo
836 1147 849 1173 ,
885 1110 939 1159 et
969 1106 1097 1159 sine
1146 1122 1328 1159 mora.
1372 1106 1478 1159 Cui
1529 1107 1701 1159 etiam
1751 1107 1906 1160 nullo
1939 1109 2109 1161 modo

445 1197 538 1247 est
571 1209 924 1247 concessum
968 1197 1264 1264 utcunque
1299 1194 1681 1248 meridianam
1713 1211 1968 1266 unquam
2001 1197 2110 1251 ho-

447 1297 571 1334 ram
602 1282 933 1353 regularem
966 1283 1176 1336 audeat
1209 1283 1624 1352 supersedere,
1653 1285 1767 1337 nisi
1798 1285 2109 1354 aliqu-mdo

448 1371 507 1424 in
541 1385 654 1424 uno
690 1370 782 1423 die
831 1370 885 1424 ei
926 1370 1060 1424 talis
1107 1371 1440 1426 necessitas
1488 1373 1869 1437 remanendi;
1911 1379 2048 1428 tunc
2076 1389 2109 1427 a

444 1459 640 1528 priore
672 1459 966 1513 licentiam
999 1461 1230 1530 quaerit.

1075 1548 1326 1602 CAPUT
1359 1549 1517 1603 XXI.

1005 1655 1092 1708 De
1114 1654 1528 1709 refectorario.

2225 580 2382 634 libus
2442 584 2877 652 coeperiendae,
2927 589 2984 640 et
3032 586 3145 641 hoc
3191 595 3279 643 est
3339 593 3557 660 quoties
3601 597 3807 650 universi

2226 668 2445 724 fratres
2493 672 2566 725 ad
2631 673 2917 743 majorem
2969 675 3211 730 missam
3256 678 3404 732 albis
3448 680 3742 750 induuntur,
3768 691 3810 738 et

2222 757 2282 811 in
2333 759 2593 830 quinque
2626 761 2950 817 Dominicis
2992 764 3277 835 (exceptis
3317 784 3462 837 quas
3498 768 3607 840 jam
3643 772 3690 826 in
3726 774 3810 826 alio

2221 846 2352 900 loco
2384 850 2704 918 nominavi)
2754 856 2808 904 et
2854 852 2912 905 in
2944 853 3166 923 vigiliis
3198 855 3450 926 quinque
3471 859 3811 929 principalium

2221 935 2627 1008 festivitatum,
2663 939 2717 992 in
2753 940 2969 1010 quibus
3002 946 3057 995 et
3107 957 3342 1013 semper
3379 947 3633 1016 generale
3661 949 3811 1004 datur.

2220 1023 2282 1077 ln
2317 1026 2449 1078 aliis
2466 1041 2612 1080 vero
2645 1027 2855 1082 diebus
2888 1045 3003 1083 non
3039 1030 3153 1082 nisi
3186 1031 3438 1087 dimidia;
3468 1039 3664 1103 praeter
3690 1053 3811 1090 men-

2217 1127 2344 1166 sam
2377 1114 2761 1184 principalem
2813 1119 3248 1186 cooperiuntur,
3299 1127 3355 1175 et
3393 1123 3464 1174 ita
3497 1129 3554 1176 ut
3590 1139 3682 1178 nec
3705 1139 3815 1180 scu-

2223 1201 2374 1256 tellae
2401 1218 2510 1257 nec
2539 1202 2790 1273 iustitiae
2813 1221 2996 1276 super
3015 1209 3299 1262 mensalia
3323 1214 3614 1280 ponantur.

2820 1330 3070 1386 CAPUT
3119 1333 3279 1387 XXII

2718 1435 2806 1491 De
2836 1438 3078 1493 custode
3117 1439 3384 1512 hospitii.

2290 1556 2573 1626 Hospites
2607 1559 2706 1628 qui
2743 1565 2882 1614 sunt
2908 1564 3226 1634 peregrini,
3254 1565 3346 1618 vel
3369 1565 3468 1636 qui
3491 1582 3597 1620 non
3619 1584 3706 1635 pro
3733 1568 3815 1620 alia

2217 1660 2396 1699 causa
2430 1663 2602 1716 quam
2650 1649 2974 1704 animarum
3015 1666 3254 1706 suarum
3290 1653 3612 1721 adveniunt,
3653 1660 3814 1708 custos

509 1742 597 1796 Ad
628 1741 1004 1796 refectorium
1034 1747 1170 1796 sunt
1210 1743 1341 1797 dum
1373 1744 1592 1812 claves,
1627 1759 1874 1813 quarum
1925 1759 2099 1799 unam
2138 1727 2186 1788 Β
2217 1734 2455 1804 hospitii
2489 1751 2620 1789 cum
2652 1739 2806 1791 omni
2843 1740 3049 1808 recipit
3071 1739 3454 1812 benignitate.
3476 1742 3733 1813 Quidquid
3752 1746 3816 1797 eis

438 1846 679 1901 semper
709 1831 884 1884 habet
917 1831 1285 1900 cellerarius,
1322 1836 1403 1900 ut,
1441 1831 1492 1883 si
1519 1832 1670 1886 forte
1703 1833 2016 1904 contigerit
2046 1836 2107 1888 ut

440 1920 654 1989 aliquis
703 1920 882 1972 frater
926 1919 997 1971 ad
1045 1920 1429 1973 meridianam
1480 1921 1571 1974 vel
1612 1924 1745 1990 post
1785 1923 2106 1991 completo-

441 2008 596 2061 rium
629 2008 1032 2077 superveniat,
1069 2010 1261 2076 possit
1291 2010 1342 2062 ei
1361 2009 1778 2063 humanitatem
1803 2011 2103 2066 exhibere.

441 2095 584 2150 Item
617 2100 930 2166 postquam
963 2100 1128 2166 prior
1157 2101 1214 2152 et
1242 2114 1446 2152 omnes
1480 2115 1546 2152 se
1579 2099 2015 2168 collocaverint,
2053 2101 2102 2154 si

437 2185 573 2255 quis
605 2201 710 2254 pro
741 2185 936 2255 aliqua
967 2201 1146 2240 causa
1184 2188 1628 2257 completorium
1666 2189 1924 2242 nondum
1960 2205 2103 2243 can-

436 2273 597 2340 tavit,
628 2272 920 2344 talemque
943 2274 1098 2328 sitim
1126 2290 1452 2345 perpessus
1475 2277 1668 2344 fuerit,
1705 2293 1836 2331 cum
1870 2277 2104 2331 licentia

436 2363 725 2416 cellerarii
759 2363 962 2417 bibere
995 2367 1298 2433 potestgat
1329 2367 1379 2418 si
1415 2368 1538 2418 erat
1580 2366 1730 2419 infra
1769 2369 1934 2435 septa
1975 2383 2102 2421 mo-

435 2452 700 2521 nasterii,
747 2453 819 2505 ad
850 2468 1136 2522 vesperas
1167 2453 1347 2523 bibat,
1382 2459 1444 2508 ut
1473 2455 1689 2509 dictum
1721 2458 1831 2523 est,
1867 2457 1920 2509 si
1953 2472 2103 2525 opus

435 2539 705 2594 habuerit
735 2557 748 2608 ;
781 2541 886 2595 sed
919 2546 980 2595 ut
1021 2541 1159 2611 quid
1193 2544 1460 2597 comedat
1493 2548 1627 2612 post
1659 2545 2102 2614 completorium

436 2627 595 2681 nulla
637 2644 894 2698 unquam
941 2630 1164 2684 ratione
1215 2631 1490 2701 cuiquam
1538 2631 1699 2686 fratri
1749 2634 2104 2702 permittitur

433 2716 733 2770 incolumi.

508 2805 953 2860 Refectorarius
977 2822 1118 2860 vero
1143 2807 1317 2861 habet
1339 2809 1451 2862 sub
1476 2825 1542 2863 se
1565 2812 1684 2863 tres
1700 2810 1848 2863 alios
1864 2810 2096 2879 fratres,

431 2892 533 2963 qui
566 2895 821 2962 primum
872 2896 1026 2949 omni
1061 2896 1154 2949 die
1184 2900 1318 2966 post
1349 2897 1662 2967 capitulum
1695 2899 1889 2952 statim
1931 2914 2100 2951 men-

2216 1839 2367 1892 opus
2401 1825 2578 1878 fuerit
2623 1843 2654 1878 a
2708 1827 3014 1882 cellerario
3059 1831 3298 1899 quaerit,
3350 1836 3406 1884 et
3450 1832 3499 1885 si
3532 1832 3816 1886 cellerarius

2215 1912 2366 1966 forte
2389 1928 2502 1965 non
2519 1913 2806 1981 habuerit,
2825 1918 3078 1986 quaerita
3095 1920 3423 1973 camerario
3437 1920 3815 1990 utabsqueom-

2214 2000 2665 2057 niexcusatione
2688 2009 3075 2073 comparetur.
3097 2006 3234 2075 Sed,
3258 2012 3321 2062 ut
3343 2009 3584 2078 primum
3597 2009 3815 2062 dicamde

2212 2090 2487 2159 personis
2512 2091 2693 2161 hujus
2708 2092 2844 2146 vitae
2859 2093 3212 2166 habitusque
3236 2097 3446 2165 nostri,
3469 2099 3517 2150 si
3536 2097 3723 2169 aliquis
3737 2098 3815 2151 ab-

2211 2178 2319 2232 bas
2351 2179 2443 2233 vel
2476 2180 2649 2233 etiam
2668 2181 2934 2250 privatus
2957 2185 3286 2239 monachus
3309 2187 3384 2239 de
3407 2186 3704 2258 longinquo
3720 2187 3815 2240 loco

2211 2268 2533 2337 advenerit,
2559 2273 2743 2323 etnon
2765 2270 2916 2325 bene
2930 2273 3091 2326 novit
3113 2273 3381 2328 ordinem
3407 2280 3676 2344 nostrum,
3698 2275 3816 2328 hunc

2210 2356 2433 2410 inducit
2457 2358 2514 2411 in
2539 2358 2891 2428 claustrum;
2916 2362 3020 2414 sed
3045 2362 3211 2430 prius
3235 2364 3289 2416 ei
3311 2363 3600 2418 humiliter
3614 2364 3817 2418 ostendit

2211 2445 2281 2498 dc
2315 2447 2742 2502 consuetudine
2765 2452 2995 2519 nostra,
3022 2451 3251 2506 scilicet
3282 2456 3365 2521 ut,
3398 2455 3449 2506 si
3480 2454 3531 2507 ei
3561 2454 3736 2522 placet,
3753 2451 3816 2504 in-

2210 2537 2472 2588 traturus
2495 2536 2808 2591 ecclesiam
2829 2537 2900 2592 ad
2917 2539 3091 2594 limen
3104 2542 3339 2595 veniam
3353 2545 3524 2612 petat,
3547 2546 3600 2596 et
3617 2545 3816 2611 proster-

2209 2624 2307 2675 nat
2338 2637 2405 2676 se
2435 2624 2506 2677 ad
2531 2626 2874 2694 orationem,
2899 2627 3065 2680 etiam
3083 2628 3147 2691 ,εἰ
3173 2629 3304 2683 dies
3329 2635 3421 2684 est
3443 2628 3816 2684 festus.Adhze-

2208 2715 2296 2765 ret
2327 2713 2376 2766 ei
2397 2712 2646 2784 jugiter,
2679 2719 2737 2769 et
2784 2719 3070 2770 monstrat
3098 2717 3155 2769 in
3205 2719 3431 2788 quibus
3483 2720 3622 2774 locis
3651 2718 3813 2771 debeat

2209 2815 2400 2865 orare;
2426 2802 2612 2872 primo
2627 2804 2696 2857 ad
2721 2804 2991 2858 Sanctam
3023 2804 3296 2874 Crucem,
3320 2809 3374 2860 in
3411 2807 3656 2862 choroad
3676 2806 3812 2858 altare

2206 2890 2547 2960 principale,
2581 2893 2651 2946 ad
2671 2891 2941 2948 Sanctam
2965 2894 3240 2959 Mariam;
3264 2901 3386 2962 aut,
3404 2897 3457 2950 si
3487 2896 3713 2950 ecclesia
3727 2909 3813 2948 non

430 2983 577 3036 salia
608 2987 849 3052 ponunt.
903 2985 1134 3038 Ponant
1165 2985 1498 3040 cochlearia
1547 2991 1602 3041 et
1633 3001 1844 3057 panes,
1880 2987 2009 3058 qui,
2046 2987 2098 3040 si
2130 2995 2179 3056 ο
2207 2982 2299 3032 est
2327 2979 2548 3045 clausa,
2586 2986 2640 3034 et
2679 2981 2836 3036 intus
2869 2987 3007 3036 sunt
3047 2983 3223 3054 aliqui
3270 2987 3611 3055 populares,
3641 2986 3813 3036 tantum

428 3072 548 3125 sint
577 3072 1001 3142 aliquantulum
1035 3075 1309 3141 ambusti,
1338 3076 1407 3128 ad
1441 3076 1553 3129 hoc
1578 3075 1794 3129 habent
1825 3077 2096 3131 cultellos

427 3161 646 3230 quibus
677 3177 781 3216 eos
815 3163 1038 3229 radant,
1076 3167 1131 3217 et
1162 3164 1232 3218 ad
1266 3164 1377 3218 hoc
1406 3166 1712 3235 mappulas
1746 3181 1893 3236 quas
1931 3167 2096 3235 prius

425 3250 497 3303 ad
532 3250 748 3304 collum
762 3253 1236 3322 suspendunt,ut
1263 3254 1522 3307 radendo
1553 3255 1721 3324 ipsos
1755 3270 1937 3324 panes
1966 3270 2097 3323 pos-

425 3339 543 3392 sint
573 3339 822 3394 honeste
860 3346 1061 3396 contra
1093 3347 1302 3410 pectus
1333 3343 1642 3396 reclinare.
1678 3343 1858 3397 Lecto
1890 3344 2094 3398 missa)

423 3425 670 3496 majoris
698 3427 1022 3500 Evangelio
1054 3434 1362 3498 apportant
1392 3431 1592 3483 vinum
1614 3433 1672 3483 ut
1694 3446 1802 3499 per
1822 3431 2092 3500 justitias

423 3513 534 3582 (10)
581 3517 941 3584 partiuntur;
1008 3532 1216 3570 verum
1272 3518 1557 3588 quidquid
1615 3520 2088 3590 apportaverint,

423 3602 704 3673 quidquid
739 3605 853 3658 tale
884 3605 1152 3673 fecerint,
1186 3620 1423 3675 semper
1471 3610 1664 3660 tamen
1697 3608 1752 3660 id
1785 3612 1994 3662 cavent
2027 3613 2088 3662 ut

422 3690 622 3743 nullus
655 3691 910 3747 famulus
942 3693 1298 3763 proillorum
1330 3696 1670 3761 invitatione
1693 3695 1749 3748 in
1776 3697 2087 3750 refectorio

421 3786 776 3849 compareat.
805 3781 968 3845 Quod
989 3783 1039 3836 si
1075 3783 1304 3837 duabus
1323 3785 1555 3838 vicibus
1585 3785 1929 3855 comeditur,
1954 3790 2087 3856 post

420 3884 707 3938 vesperas
738 3871 840 3940 qui
873 3871 1081 3925 libram
1111 3887 1277 3925 suam
1311 3876 1487 3926 totam
1522 3874 1894 3928 manducavit
1924 3878 1980 3928 et
2009 3875 2088 3928 vi-

421 3974 560 4012 num
600 3961 976 4029 compotavit,
1013 3961 1066 4014 ei
1097 3966 1234 4015 tunc
1274 3963 1586 4032 apponitur
1623 3963 1860 4016 dimidia
1893 3964 2083 4034 libra;

418 4046 524 4100 sed
558 4045 629 4100 de
653 4045 884 4117 justitia
916 4047 1059 4101 nihil
1092 4050 1390 4117 minuitur,
1422 4066 1554 4121 quae
1586 4053 1642 4104 et
1671 4066 1739 4104 ea
1768 4051 1896 4106 vice
1929 4067 2082 4105 sem-

418 4149 528 4203 per
557 4137 649 4189 est
680 4135 888 4189 danda.
922 4136 1087 4201 Quod
1135 4138 1186 4190 si
1225 4137 1538 4209 aliquando
1570 4139 1762 4193 denuo
1793 4155 1910 4194 non
1941 4139 2081 4193 reﬂ-

415 4223 594 4293 ciunt,
621 4228 812 4279 tamen
845 4226 1035 4280 denuo
1069 4227 1272 4282 bibere
1305 4244 1604 4298 nunquam
1637 4229 1925 4282 omittunt.
1954 4228 2079 4282 Hoc

2207 3067 2278 3121 ad
2312 3068 2491 3122 altare
2522 3069 2582 3123 S.
2635 3070 2904 3139 Joannis,
2940 3072 3092 3142 quod
3145 3078 3236 3127 est
3282 3075 3340 3128 in
3377 3075 3626 3129 membro
3655 3073 3815 3126 dextro

2206 3156 2500 3226 ecclesiae,
2537 3160 2594 3211 et
2637 3159 2708 3212 ad
2742 3159 2801 3214 S.
2837 3160 3100 3215 Mariam.
3151 3163 3298 3216 Cum
3332 3167 3564 3217 ventum
3594 3161 3740 3216 fuerit
3762 3158 3812 3211 ad

2205 3244 2410 3300 horam
2441 3247 2764 3317 reficiendi,
2799 3249 3167 3304 abbassedet
3188 3251 3258 3304 ad
3293 3268 3556 3306 mensam
3580 3250 3814 3322 principa-

2202 3335 2336 3404 lem,
2359 3339 2683 3390 nontamen
2699 3337 2769 3390 ad
2786 3339 3035 3407 scillam,
3052 3354 3156 3408 pro
3172 3355 3240 3394 eo
3260 3342 3444 3411 quod,
3467 3345 3527 3395 ut
3548 3356 3705 3409 supra
3725 3353 3811 3391 mc-

2200 3426 2362 3494 mini,
2395 3442 2510 3479 non
2558 3429 2650 3480 est
2684 3427 2950 3481 eruditus
2993 3429 3181 3482 nostri
3213 3431 3467 3484 ordinis.
3518 3429 3576 3482 ln
3607 3425 3811 3482 ecclesia

2200 3530 2339 3567 vero
2389 3513 2652 3568 defertur
2691 3516 2744 3568 ei
2778 3519 2838 3568 ut
2869 3515 2965 3569 det
2993 3516 3240 3571 lecturis
3269 3517 3737 3581 benedictionem,
3772 3518 3813 3566 et

2197 3607 2372 3671 ponat
2403 3604 2711 3658 incensum
2741 3604 2798 3656 in
2830 3604 3150 3659 thuribulo.
3178 3607 3312 3659 Atsi
3349 3623 3420 3661 ea
3453 3602 3812 3677 supervenerit

2198 3691 2467 3762 hora'qua
2483 3692 2938 3763 servitoresjam
2953 3694 3023 3746 ad
3039 3693 3427 3750 reficiendum
3447 3695 3809 3752 consederunt,

2197 3785 2334 3835 tunc
2367 3797 2482 3835 non
2513 3780 2680 3835 sedet
2711 3782 2781 3834 ad
2815 3797 3076 3836 mensam
3110 3783 3520 3853 principalem,
3545 3799 3644 3837 nec
3661 3787 3809 3834 tamen

2193 3871 2336 3940 petit
2367 3870 2658 3924 licentiam
2674 3871 3002 3924 comedenti
3024 3870 3097 3924 ad
3122 3873 3375 3942 gradum
3398 3873 3470 3926 ab
3494 3889 3559 3927 eo
3581 3871 3667 3943 qui
3683 3867 3810 3923 sedet

2193 3959 2262 4012 ad
2288 3959 2540 4027 scillam,
2568 3959 2722 4013 sicut
2743 3960 2859 4028 alii,
2891 3960 2996 4013 sed
3033 3963 3253 4014 tantum
3290 3961 3433 4016 dicit
3463 3975 3684 4016 versum
3709 3959 3809 4010 ante

2192 4048 2448 4102 tabulam
2480 4048 2552 4101 ad
2583 4064 2755 4118 quam
2789 4051 2880 4102 est
2902 4063 3212 4103 sessurus.
3246 4049 3317 4104 Et
3349 4051 3486 4122 quia
3504 4049 3710 4104 tardius
3736 4059 3808 4097 ve-

2193 4136 2294 4203 nit,
2328 4137 2723 4191 servitoribus
2753 4138 3169 4192 recedentibus
3203 4140 3331 4208 ipse
3361 4143 3635 4204 remanet,
3669 4139 3714 4190 et
3738 4147 3808 4186 se-

2193 4226 2448 4279 cundum
2466 4241 2708 4280 versum
2733 4227 2857 4280 finit
2875 4227 3111 4280 ibidem.
3143 4227 3203 4281 Si
3225 4229 3569 4283 societatem
3594 4227 3807 4280 nostram

413 4318 506 4367 est
535 4289 729 4368 autem
773 4315 929 4385 quod
960 4316 1300 4384 specialiter
1347 4289 1597 4386 pertinet
1635 4317 1708 4370 ad
1754 4317 2076 4371 refectora-
2107 4289 2160 4349 D
2194 4314 2528 4384 quaesierit,
2569 4319 2878 4385 postquam
2913 4316 3271 4386 disputatum
3304 4317 3479 4372 fuerit
3516 4319 3568 4370 in
3599 4309 3806 4382 capitulo

411 4403 565 4456 rium
599 4403 904 4474 majorem.
936 4404 1177 4468 Quoties
1211 4406 1574 4476 pigmentum
1606 4406 1794 4475 datur,
1817 4405 2080 4476 ipseme-

384 4491 587 4545 -diolis
621 4491 892 4560 infundit,
926 4493 1054 4562 ipse
1088 4493 1315 4547 scillam
1345 4494 1560 4562 pulsat,
1586 4510 1717 4564 quae
1749 4494 1817 4547 ad
1852 4494 1964 4548 hoc
1983 4510 2080 4548 so-

414 4580 531 4633 lum
561 4581 619 4634 in
651 4582 1018 4635 extremitate
1059 4581 1359 4636 refectorii
1405 4583 1647 4652 pendet,
1681 4599 1814 4653 qum
1845 4584 2078 4637 etiamsi

411 4669 686 4738 pulsatur
719 4669 789 4723 ad
824 4669 1290 4724 benedictionem
1323 4670 1607 4741 pigmenti
1629 4671 1685 4724 in
1717 4672 1974 4741 qualibet
1997 4671 2079 4725 fe-

411 4758 666 4812 stivitate
714 4765 770 4812 et
820 4758 878 4811 in
928 4759 1190 4829 quolibet
1238 4759 1666 4828 anniversario,
1698 4763 1836 4813 tunc
1883 4763 2077 4814 tamen

409 4861 525 4901 non
559 4847 847 4918 pulsatur,
883 4848 934 4902 si
971 4848 1335 4919 pigmentum
1367 4848 1565 4916 datur,
1599 4848 1690 4902 vel
1723 4864 1829 4918 pro
1861 4849 2076 4904 domno

408 4936 618 4991 abbate
648 4937 719 4990 de
753 4936 844 4989 via
875 4920 1297 5005 veniente,'vel
1327 4935 1398 4991 de
1433 4937 1604 4990 domo
1631 4937 2074 4993 inﬁrmorumin

407 5029 761 5080 conventum
791 5027 1094 5093 redeunte,
1129 5028 1220 5080 vel
1267 5041 1372 5096 pro
1413 5025 1665 5080 adventu
1709 5027 1946 5096 prioris,
1981 5028 2073 5081 vel

405 5128 512 5184 pro
545 5116 836 5169 sententia
868 5115 1179 5185 cellerarii,
1214 5115 1306 5170 vel
1340 5117 1392 5169 si
1423 5116 1558 5186 quis
1581 5116 1733 5169 alius
1765 5116 2072 5171 familiaris

409 5204 688 5271 impendit
719 5205 806 5258 eis
853 5206 1215 5260 charitatem.
1270 5207 1411 5260 Item
1444 5207 1514 5259 ad
1564 5222 1697 5260 cum
1728 5207 1979 5276 pertinet
2012 5210 2072 5260 ut

409 5291 564 5344 omni
599 5292 692 5346 die
725 5293 1047 5364 Dominica,
1082 5299 1138 5349 et
1167 5295 1323 5350 omni
1357 5312 1392 5348 v
1423 5295 1588 5363 feria,
1620 5298 1800 5348 mutet
1832 5295 1928 5347 illa
1959 5296 2069 5348 tria

408 5381 794 5451 manutergia,
847 5397 979 5451 quae
1028 5385 1086 5436 in
1131 5384 1389 5438 claustro
1425 5383 1654 5454 jugiter
1697 5383 1954 5452 pendent
1996 5383 2067 5436 ad

405 5468 724 5539 tergendas
760 5485 988 5522 manus.
1033 5471 1173 5526 Item
1222 5476 1283 5526 ut
1315 5473 1462 5526 sciat
1495 5473 1552 5526 in
1587 5473 1804 5543 quibus
1855 5471 2066 5526 diebus

475 5611 587 5681 (t0)
609 5609 737 5665 Per
753 5609 1030 5680 justitias
1046 5611 1270 5680 justitia
1299 5615 1394 5668 hic
1427 5615 1680 5668 sumitur
1697 5629 1801 5682 pro
1820 5615 2063 5668 vasculo

405 5683 534 5739 sive
559 5683 772 5757 poculo
806 5682 1134 5740 continente
1176 5701 1516 5740 mensuram
1557 5684 1874 5757 unicuique
1906 5701 2060 5756 prae-

2188 4405 2258 4457 de
2292 4405 2494 4457 ordine
2518 4408 2720 4458 nostro
2739 4407 3020 4474 quantum
3043 4405 3222 4474 priori
3243 4411 3449 4460 nostro
3465 4399 3806 4468 videtur,mit-

2187 4496 2341 4546 tetur
2371 4509 2475 4563 pro
2494 4509 2584 4548 eo.
2611 4493 2882 4547 V'enienti
2911 4494 3180 4564 assurgit
3202 4500 3549 4560 conventus,
3582 4491 3705 4563 petit
3731 4501 3806 4539 ve-

2186 4582 2340 4635 niam
2365 4597 2468 4651 pro
2505 4583 2629 4651 ipsa
2653 4583 2954 4650 societate,
2981 4587 3037 4636 et
3072 4583 3280 4654 recipit
3313 4599 3448 4637 cum
3470 4583 3634 4648 libro,
3661 4592 3804 4648 roga-

2184 4671 2282 4723 tur
2312 4675 2372 4725 ut
2413 4671 2636 4734 sedeat,
2689 4686 2797 4724 nec
2830 4671 3181 4740 permittitur
3229 4675 3288 4724 ut
3335 4672 3585 4742 amplius
3613 4667 3803 4723 veniam

2184 4763 2358 4828 petat.
2393 4760 2552 4814 Socii
2581 4775 2723 4814 vero
2757 4759 2891 4830 ejus
2941 4764 3142 4814 ternas
3173 4764 3375 4830 petunt
3406 4760 3626 4826 venias,
3656 4767 3802 4824 super

2183 4865 2395 4903 manus
2428 4853 2483 4901 et
2504 4865 2696 4920 genua
2716 4853 2920 4903 contra
2939 4849 3216 4919 priorem,
3243 4849 3314 4902 ad
3334 4849 3645 4915 dexteram,
3674 4848 3720 4898 et
3747 4840 3800 4894 ad

2182 4937 2486 4992 sinistram
2517 4938 2801 4990 fratribus
2829 4955 2860 4992 e
2895 4943 3096 4991 contra
3121 4938 3556 4992 inclinantibus.
3581 4938 3647 4989 At
3673 4931 3799 4986 sies!

2179 5027 2314 5079 talis
2339 5026 2511 5080 homo
2533 5026 2632 5096 qui
2658 5041 2788 5080 cum
2818 5027 3205 5094 processione
3245 5027 3576 5096 recipiatur,
3609 5018 3798 5075 sivesit

2180 5115 2576 5185 professionis
2596 5115 2974 5183 nostrae,sive
2997 5115 3067 5168 de
3083 5115 3215 5184 alia,
3231 5120 3539 5186 postquam
3562 5113 3796 5179 recept-us

2178 5204 2376 5272 fuerit,
2419 5204 2639 5274 legitur
2668 5209 2800 5257 ante
2832 5203 2995 5258 illum
3025 5204 3245 5275 aliquid
3277 5205 3348 5258 de
3378 5204 3586 5275 pagina
3614 5198 3792 5254 divina.

2175 5291 2341 5356 Quod
2375 5293 2534 5346 siest
2559 5292 2790 5346 ordinis
2812 5291 3128 5360 clericalis,
3150 5295 3207 5346 et
3237 5293 3289 5346 si
3313 5293 3540 5346 videtur
3567 5293 3624 5343 ut
3643 5298 3797 5342 come-

2177 5381 2271 5434 dat
2292 5382 2349 5435 in
2371 5381 2705 5449 refectorio,
2731 5381 2992 5436 habitum
3033 5398 3267 5453 quoque
3296 5370 3792 5435 clericalemindui-

2175 5474 2290 5525 tur.
2309 5470 2614 5524 Adductus
2647 5471 2719 5524 ad
2759 5470 2972 5525 ostium
2997 5471 3262 5538 claustri,
3287 5472 3601 5540 exspectat,
3635 5476 3790 5533 usque

2177 5613 2478 5738 scripttam,
2510 5613 2647 5738 iqde
2679 5613 2974 5685 ejusmodi
3025 5613 3300 5683 poculum
3329 5613 3571 5685 justitiae
3608 5617 3785 5664 nomen

2177 5699 2278 5738 sor
2305 5701 2443 5738 ium
2477 5700 2589 5738 es-

2175 5699 2443 5738 SOI’lllllm
2477 5699 2589 5739 OSI.
