4028 6176
169 327 270 389 765

714 319 1419 385 CONSUETUDINFS
1469 319 2136 383 CLUNIACENSES.
2187 354 2262 366 —-
2323 319 2578 381 LIBER
2628 320 2995 382 TERTIUS.
3468 322 3587 384 766

166 523 660 587 duminvitetur,ut
678 522 930 574 domnus
956 519 1474 585 abbas,vel,siillc
1493 535 1605 573 non
1626 518 1800 573 afl‘ue-
1832 503 1884 562 Α
1917 534 2124 572 omnes
2157 517 2460 589 peregrini
2496 518 2596 588 qui
2626 517 2848 571 faciunt
2876 519 2986 572 iter
3014 520 3346 589 equitando,
3381 519 3589 574 eodem

166 611 691 681 rit,priorciaquam
717 609 979 679 prtebcat
1000 608 1800 679 admanus,quictproecdit
1916 607 2087 659 modo
2139 608 2426 676 quotquot
2469 605 2695 675 pedites
2728 606 2964 671 vadunt,
3016 606 3087 658 ab
3121 606 3590 676 eleemosynario

168 708 219 757 ut
248 700 462 754 scillam
506 699 719 768 pulset,
756 713 868 767 qua
899 698 1091 751 audita
1124 696 1345 750 inducit
1377 697 1668 766 hospitem
1701 712 1799 750 cu-
1916 698 2053 747 sunt
2085 694 2427 762 recipiendi,
2466 697 2713 763 excepto
2761 694 2813 747 si
2860 694 3094 764 legatus
3143 698 3236 748 cst
3281 699 3337 748 et
3364 696 3591 749 litteras

167 795 275 846 stos
319 787 573 857 hospitii,
605 792 661 839 et
700 787 868 841 sedet
897 786 966 840 ad
1006 801 1269 840 mensam
1304 785 1704 855 principalem.
1740 785 1797 840 Si
1916 785 2203 851 apportet,
2258 782 2413 835 hunc
2471 782 2695 853 colligit
2734 786 2939 835 custos
2998 782 3257 851 hospitii.
3303 783 3581 853 Recoptis

166 883 244 933 est
288 877 619 947 episcopus,
666 876 764 929 dat
794 864 996 929 lectori
1044 874 1531 928 benedictionem.
1566 872 1799 938 Qualis-
1913 874 2104 924 autem
2138 870 3576 942 singulis,quieriteleemosynariusagranatario

165 982 370 1037 cunque
414 967 490 1018 sit
536 964 781 1019 fratrum
828 964 1042 1031 victus,
1099 966 1291 1016 tamen
1350 962 1569 1032 hospiti
1624 961 1800 1015 simul
1914 977 2085 1014 unam
2145 960 2353 1013 libram
2404 961 2594 1029 panis,
2649 964 2704 1013 et
2763 960 3032 1030 sequenti
3091 960 3183 1013 die
3219 959 3466 1013 abituris
3505 960 3579 1012 ad

168 1071 284 1110 cum
313 1053 502 1124 priore
536 1052 861 1107 liberaliter
892 1056 984 1105 est
1014 1051 1413 1105 serviendum.
1448 1050 1590 1104 Cum
1609 1056 1800 1104 autem
1910 1049 2217 1122 prandium
2236 1048 2552 1102 dimidiam.
2584 1048 2977 1119 Mensuraque
3002 1049 3178 1102 simili
3210 1048 3586 1103 venientibus

170 1145 230 1199 de
257 1157 448 1197 mensa
482 1142 699 1211 fratres
714 1140 1102 1205 surrexerint,
1124 1145 1330 1194 custos
1351 1139 1588 1208 hospitii
1608 1140 1803 1193 aovis-
1914 1144 1970 1193 et
1987 1138 2343 1192 abeuntibus
2363 1138 2459 1191 dat
2475 1139 2694 1201 vinum,
2715 1138 3243 1207 scilicetjustitiam
3263 1138 3582 1191 dimidiam.

171 1234 338 1287 simus
367 1230 440 1284 de
465 1230 784 1284 refectorio
815 1231 938 1283 exit
969 1246 1099 1283 cum
1124 1229 1288 1298 ipso;
1320 1244 1451 1282 cum
1482 1243 1597 1297 quo
1628 1229 1801 1282 etiam
1911 1229 2068 1300 Ergo
2099 1229 2155 1281 in
2182 1228 2428 1281 adventu
2461 1227 2705 1293 Domini,
2727 1228 2989 1296 exceptis
3016 1228 3108 1281 his
3134 1228 3345 1281 diebus
3364 1228 3585 1297 quibus

162 1320 419 1376 incedens
451 1318 829 1389 pedetentim,
867 1323 922 1372 et
956 1317 1243 1388 psalmum
1279 1317 1325 1369 Ι,
1355 1319 1597 1370 cantans
1635 1321 1801 1369 extra
1916 1318 2011 1371 bis
2044 1317 2390 1381 comeditur,
2448 1320 2504 1369 et
2535 1316 2593 1369 in
2624 1316 3116 1386 Quadragesima,
3150 1316 3415 1386 exceptis
3473 1316 3593 1370 Do-

163 1411 354 1465 ostium
386 1408 656 1476 claustri,
704 1407 831 1460 linit
870 1407 1074 1460 eodem
1101 1406 1282 1460 modo
1314 1420 1429 1476 quo
1476 1408 1802 1459 conventus
1917 1406 2173 1471 minieis,
2208 1410 2388 1475 etper
2419 1409 2603 1459 totum
2634 1420 2849 1459 annum
2881 1406 3113 1475 quoties
3143 1421 3251 1475 pro
3289 1405 3594 1459 canonicis

163 1513 276 1552 cum
304 1512 486 1550 versu
527 1498 584 1549 et
612 1494 1008 1549 inclinatione.
1919 1495 2208 1550 institutis
2241 1495 2313 1548 ab
2347 1494 2516 1564 adipe
2546 1494 2894 1559 abstinetur,
2931 1498 2991 1547 ut
3035 1495 3094 1547 in
3136 1493 3590 1564 Rogationibus,

220 1586 275 1640 Si
317 1584 489 1638 laicis
534 1584 627 1638 vel
679 1583 915 1637 clericis
947 1582 1203 1637 societas
1233 1581 1402 1635 datur
1439 1581 1498 1634 in
1529 1581 1802 1651 capitulo,
1921 1585 1981 1638 in
2013 1584 2236 1656 vigiliis
2269 1584 2693 1652 apostolorum,
2755 1586 2809 1637 et
2857 1582 3102 1636 aliorum
3135 1586 3495 1652 sanctorum,
3539 1587 3597 1637 et

162 1674 212 1729 hi
236 1673 454 1727 veniam
506 1688 620 1727 non
655 1675 875 1742 petunt.
911 1671 971 1725 Si
1006 1671 1205 1724 videre
1238 1670 1503 1741 gestiunt
1536 1670 1805 1723 ofﬁcinas
1844 1664 1891 1725 Β
1924 1675 1978 1726 in
2005 1676 2258 1743 quatuor
2286 1672 2701 1741 Temporibus,
2737 1672 3021 1742 quidquid
3070 1672 3140 1725 de
3196 1672 3331 1725 vino
3382 1687 3595 1742 super-

164 1763 397 1828 claustri,
414 1762 668 1833 quaesita
688 1777 719 1814 a
739 1761 936 1830 priore
959 1759 1192 1813 licentia
1226 1759 1295 1812 ad
1316 1759 1653 1812 alterutram
1675 1759 1810 1811 mis-

163 1867 289 1915 sam,
320 1866 450 1905 cum
494 1851 671 1905 fuerit
701 1854 1030 1904 conventus
1065 1851 1122 1901 in
1150 1848 1425 1914 ecclesia,
1459 1847 1680 1900 inducit
1703 1862 1807 1901 eos

164 1943 343 1994 custos
365 1938 904 2009 hospitii,primu:n
928 1938 982 1989 in
999 1937 1233 1990 domum
1259 1936 1807 2006 elcemosynariam,

163 2029 544 2096 incellarium,
569 2028 629 2081 in
662 2027 994 2097 coquinam,
1017 2026 1073 2079 in
1098 2026 1498 2093 refertorium,
1525 2026 1582 2078 in
1605 2024 1811 2078 cellam

167 2118 527 2184 novitiorum,
551 2117 607 2170 in
630 2116 1063 2183 dormitorium,
1084 2115 1141 2167 in
1165 2114 1402 2168 domum
1422 2114 1810 2179 inﬁrmorum,

163 2206 246 2259 ubi
275 2204 490 2260 fratres
522 2220 640 2260 non
671 2204 1011 2274 loquuntur,
1065 2219 1173 2257 nec
1204 2203 1331 2271 ipse
1366 2203 1613 2256 verbum
1656 2201 1811 2256 facxt.

1924 1762 2100 1815 fuerit
2158 1760 2443 1814 fratribus
2476 1760 2533 1813 in
2577 1760 2911 1829 refectorio,
2963 1763 3142 1813 totum
3189 1760 3402 1829 accipit
3431 1760 3594 1815 elee-

1922 1850 2319 1920 mosynarius,
2354 1850 2510 1903 sicut
2538 1850 2711 1903 etiam
2744 1848 2814 1902 de
2835 1864 3003 1918 pane,
3037 1851 3095 1901 et
3134 1865 3241 1918 per
3273 1852 3457 1902 totum
3486 1863 3587 1902 an-

1920 1955 2060 1992 num
2092 1939 2163 1992 de
2194 1938 2528 2009 pigmento;
2563 1938 2673 1991 hoc
2707 1938 2904 1990 vinum
2936 1937 3159 2008 colligit
3202 1940 3257 1991 et
3298 1940 3590 2003 reservat,

1922 2032 1984 2081 ut
2015 2026 2315 2097 peregrini
2348 2027 2837 2095 supervenientes
2862 2042 3097 2095 semper
3122 2027 3193 2081 dc
3230 2027 3341 2079 hoc
3376 2025 3595 2089 habere

1923 2117 2176 2187 possint.
2212 2116 2313 2168 Illo
2365 2131 2599 2186 quoque
2646 2115 2738 2169 die
2788 2131 2904 2186 quo
2937 2117 3013 2168 ita
3048 2130 3255 2184 panem
3285 2115 3494 2184 recipit
3523 2115 3596 2169 de

1923 2204 2260 2271 refectorio,
2309 2220 2424 2257 non
2477 2206 2697 2258 tantum
2739 2206 2954 2275 quaerit
2994 2219 3023 2256 a
3075 2205 3429 2274 granatario,
3489 2203 3596 2257 sed

162 2292 318 2348 Caret
335 2298 535 2349 autem
561 2294 718 2347 omni
750 2293 1011 2347 modone
1032 2292 1168 2363 quis
1183 2291 1496 2361 aliquando
1518 2292 1691 2344 intret
1722 2291 1816 2345 vel
1925 2295 1996 2347 de
2038 2294 2164 2363 ipso
2179 2292 3328 2364 panedatquantispotueritperegrinis;
3371 2293 3597 2363 etquod

162 2384 384 2437 calcaria
416 2386 690 2452 portans,
708 2382 800 2436 vel
826 2381 952 2435 osis
975 2381 1046 2433 de
1065 2380 1227 2434 corio
1254 2380 1425 2433 factis
1451 2379 1715 2432 indutus.
1740 2379 1818 2433 Ut

164 2474 330 2526 autem
363 2471 587 2526 deesse
611 2472 744 2541 jnon
776 2470 1010 2539 possint
1044 2469 1142 2539 qui
1193 2468 1527 2537 hospitibus
1573 2466 1819 2521 honeste

166 2561 577 2631 obsequuntur,
613 2559 994 2613 constitutum
1025 2562 1116 2612 est
1138 2560 1199 2611 ut
1222 2555 1822 2610 famulidomniabba-

165 2648 230 2703 tis
248 2652 299 2703 et
326 2648 536 2703 famuli
558 2647 777 2718 prioris
807 2650 863 2700 et
885 2646 1213 2715 camerarii,
1243 2646 1340 2716 qui
1374 2661 1505 2698 cum
1524 2646 1611 2698 eis
1631 2645 1823 2699 solent

166 2739 426 2807 equitare,
461 2751 678 2792 omnes
700 2736 1213 2805 accipiantlibram
1248 2750 1435 2801 suam,
1463 2733 1822 2803 etjustitiam

168 2825 228 2879 de
259 2842 423 2880 manu
462 2825 741 2880 custodis
792 2823 1053 2893 hospitii,
1099 2826 1154 2877 et
1185 2823 1444 2893 quotidie
1475 2822 1709 2876 veniant
1751 2821 1822 2875 ad

169 2914 288 2984 ejus
307 2914 713 2985 praesentiam,
741 2916 799 2966 ut
816 2913 1114 2984 quodipse
1131 2911 1385 2982 jusserit
1400 2911 1738 2965 observent.
1758 2909 1825 2963 Et

172 3003 216 3056 si
242 3005 366 3074 quis
392 3004 641 3058 illorum
663 3018 896 3073 quoque
918 3002 1127 3055 abierit
1150 3001 1377 3071 absque
1404 2999 1499 3069 cju
1516 3015 1545 3053 s
1570 3000 1821 3067 licentia,

1929 2383 2044 2435 sibi
2077 2382 2288 2434 viderit
2329 2382 2564 2447 deesse,
2601 2381 2712 2435 hoc
2746 2398 2778 2434 a
2809 2381 3147 2451 granatario
3185 2382 3417 2452 quarit.
3455 2381 3598 2436 Item

1930 2470 2141 2539 accipit
2173 2473 2459 2540 quotquot
2487 2470 2898 2523 defunctorum
2930 2470 3173 2524 fratrum
3206 2472 3297 2525 est
3328 2470 3597 2524 anniver-

1935 2560 2151 2628 sarius,
2185 2558 2537 2628 praebendas
2569 2560 2739 2613 etiam
2768 2559 3006 2612 totidem
3040 2559 3324 2630 integras,
3359 2558 3420 2612 in
3448 2574 3599 2629 pane

1934 2647 1991 2700 in
2024 2649 2181 2717 vino,
2214 2648 2273 2701 in
2305 2647 2459 2701 fabis
2489 2653 2543 2701 et
2564 2647 2965 2718 generalibus.
2991 2648 3105 2703 Pro
3122 2647 3385 2718 quolibet
3413 2664 3601 2719 nuper

1934 2738 2209 2792 defuncto
2242 2737 2443 2805 fratre,
2466 2736 2896 2807 quiprofessus
2925 2739 3253 2791 estnostra:
3273 2752 3600 2809 congrega-

1936 2827 2136 2896 tionis,
2174 2826 2510 2896 ubicunque
2538 2825 3160 2896 obierit,preebendam
3181 2842 3288 2896 per
3302 2843 3425 2880 xxx
3448 2825 3598 2880 dies.

1939 2916 2006 2969 Et
2037 2916 2088 2969 si
2123 2916 2288 2969 fabas
2320 2915 2392 2967 de
2427 2915 2683 2986 regulari
2707 2916 2958 2984 coquina
2990 2914 3208 2969 habere
3240 2930 3355 2968 non
3385 2917 3599 2985 potest,

1938 3020 2151 3060 rursus
2183 3019 2215 3056 a
2248 3004 2829 3074 granatorioquaerit.
2862 3003 2926 3056 Et
2952 3019 3054 3072 pro
3074 3004 3332 3074 generali
3362 3002 3602 3057 cellera-

168 3092 252 3146 illo
271 3093 359 3146 die
374 3092 616 3163 justitia
634 3092 875 3146 carebit.
891 3092 1183 3144 Praeterea
1203 3089 1272 3142 ad
1292 3090 1484 3158 ipsum
1504 3088 1823 3159 hOSpitium
1860 3124 1909 3186 Ο
1940 3095 2065 3147 rius
2097 3092 2410 3163 aliquando
2443 3093 2539 3145 dat
2558 3108 2813 3146 carnem.
2839 3091 2907 3145 Et
2931 3092 3057 3161 ipse
3087 3107 3321 3162 quoque
3344 3091 3604 3145 eleemo-

170 3180 269 3234 duo
283 3182 428 3235 asini
453 3185 604 3236 sunt
620 3180 899 3251 deputati,
924 3180 1021 3249 qui
1040 3178 1199 3249 ligna
1218 3177 1477 3248 quotidie
1493 3180 1822 3246 apportent,

172 3273 242 3339 ut,
257 3287 379 3324 cum
400 3271 682 3339 hospites
704 3269 1178 3337 supervenerint,
1204 3268 1260 3320 in
1281 3270 1552 3337 promptu
1568 3266 1643 3320 sit
1662 3267 1825 3336 copia

172 3358 468 3429 lignorum,
509 3362 590 3426 et,
612 3374 743 3412 cum
765 3358 915 3412 tales
936 3356 1225 3421 affuerint,
1261 3371 1471 3410 cereus
1496 3356 1551 3407 in
1573 3355 1828 3424 hospitio

171 3462 399 3503 arsurus
427 3464 550 3520 per
578 3450 755 3502 totam
780 3450 1007 3501 noctem
1043 3446 1200 3500 solet
1238 3461 1353 3499 non
1396 3445 1629 3498 deesse.
1664 3443 1829 3508 Quod

175 3537 219 3589 si
246 3539 376 3591 tanti
409 3541 562 3593 sunt
590 3537 880 3608 hospites,
914 3537 985 3591 de
1024 3537 1290 3605 reliquiis
1330 3535 1596 3589 ciborum
1625 3538 1830 3588 custos

179 3624 401 3697 hospitii
420 3627 669 3681 famulis
681 3626 811 3680 suis
828 3626 927 3697 qui
949 3625 1285 3679 servierunt
1310 3624 1562 3695 aliquam
1594 3623 1833 3678 exhibet

176 3714 531 3783 charitatem,
585 3717 643 3769 et
702 3714 860 3785 quod
910 3712 1288 3782 superfuerit,
1330 3711 1832 3782 eleemosynarius

165 3805 341 3857 totum
371 3804 653 3873 accipere
691 3802 886 3857 debet.
934 3802 1164 3856 Ostium
1196 3801 1439 3855 claustri
1483 3814 1832 3870 unaquaque

1939 3183 2216 3252 synarius
2249 3184 2550 3250 comparat
2580 3196 2711 3234 cum
2732 3180 2991 3235 denariis
3010 3180 3106 3250 qui
3126 3180 3241 3234 sibi
3260 3196 3364 3250 pro
3378 3180 3604 3234 decima

1941 3273 2010 3326 de
2043 3271 2296 3325 ecclesia
2328 3270 2572 3339 dantur;
2617 3269 2821 3340 sicque
2852 3270 3122 3339 providet
3163 3272 3225 3323 ut
3264 3272 3320 3324 et
3368 3283 3606 3323 carnem

1939 3361 2081 3414 dare
2116 3359 2305 3429 possit
2322 3358 2693 3430 frequentius
2724 3360 3077 3430 peregrinis,
3101 3362 3158 3413 et
3180 3358 3604 3413 recedentibus

1939 3449 2199 3520 singulis
2230 3449 2326 3502 dat
2343 3464 2521 3501 unum
2539 3448 2861 3515 denarium,
2897 3448 2951 3501 si
2971 3452 3164 3502 tamen
3186 3448 3492 3502 advertere
3506 3460 3609 3516 po-

1940 3542 2056 3592 test
2087 3538 2240 3608 quod
2275 3537 2526 3607 amplius
2573 3537 2630 3589 in
2674 3537 2804 3591 loco
2854 3540 3058 3592 nostro
3089 3552 3204 3591 non
3240 3536 3475 3604 fuerint,
3510 3537 3609 3590 aut

1941 3627 2093 3680 infra
2124 3643 2303 3681 unum
2334 3643 2449 3682 non
2479 3627 2752 3681 venerint
2781 3642 3017 3680 annum.
3052 3625 3198 3680 Sunt
3228 3628 3284 3679 et
3312 3638 3611 3695 xvmpau-

1941 3732 2116 3784 peres
2164 3716 2575 3786 praebendarii,
2624 3732 2730 3786 pro
2788 3715 3007 3786 quibus
3050 3715 3311 3786 quotidie
3354 3713 3610 3768 famulus

1942 3805 2395 3875 eleemosynarii
2417 3806 2628 3874 accipit
2659 3806 2729 3859 de
2762 3805 3073 3859 cellerario
3103 3804 3345 3859 totidem
3375 3817 3612 3874 quoque
3696 3852 3716 3867 ,

175 3896 327 3947 nocte
343 3898 479 3963 post
505 3891 955 3962 completorium
978 3906 1084 3962 per
1106 3891 1297 3960 ipsum
1313 3888 1830 3956 estclaudcndum,
1938 3891 2205 3963 justitias
2236 3894 2378 3959 vini,
2414 3898 2469 3947 et
2499 3910 2529 3947 a
2563 3895 2898 3964 granatario
2931 3893 3171 3948 totidem
3203 3893 3385 3947 libras
3418 3892 3610 3962 panis,

178 3982 227 4033 et
252 3986 409 4052 porta
428 3982 715 4037 vestibuli
740 3980 1033 4049 ecclesiae,
1056 3980 1212 4033 sicut
1234 3979 1406 4033 etiam
1434 3976 1833 4048 perfamulum

178 4085 331 4125 suum
359 4072 630 4127 exterior
658 4073 821 4141 porta
852 4085 1176 4124 murorum.
1228 4067 1296 4121 Et
1338 4068 1662 4121 claustrum
1704 4064 1830 4136 qui-

179 4157 294 4213 dem
323 4175 700 4231 nequaquam
729 4162 864 4213 ante
894 4158 1046 4213 diem
1065 4157 1342 4228 aperitur,
1370 4160 1425 4211 et
1455 4154 1689 4226 quando
1719 4153 1833 4208 fra-

181 4249 288 4302 tres
317 4249 374 4302 in
409 4249 664 4303 meridie
693 4252 965 4319 pausant,
1000 4247 1274 4301 similiter
1302 4244 1666 4301 obfirmatur.

762 4354 1015 4409 CAPUT
1046 4353 1254 4407 XXIII.

794 4460 882 4515 De
902 4458 1231 4514 stabulario

247 4566 343 4623 Est
374 4568 564 4623 frater
595 4566 689 4621 cui
719 4567 1038 4621 commissa
1069 4569 1161 4621 est
1191 4564 1523 4620 obcdientia
1555 4566 1617 4617 ut
1641 4562 1843 4653 de_so-
1875 4592 1923 4653 Ι)

188 4655 253 4709 lis
270 4674 470 4712 curam
506 4657 720 4711 habeat
750 4654 996 4710 caballis
1019 4659 1075 4709 et
1107 4654 1303 4723 mulis,
1341 4668 1516 4724 quem
1548 4654 1604 4705 et
1636 4650 1844 4704 stabu-

188 4741 380 4800 larium
438 4743 754 4816 appellant.
825 4744 933 4808 Qui
993 4760 1126 4797 cum
1186 4743 1398 4797 viderit
1461 4739 1727 4809 hospites
1784 4738 1844 4791 in

190 4831 428 4903 hospitio
463 4850 607 4890 esse
639 4837 929 4903 receptos,
979 4833 1176 4885 statim
1223 4831 1442 4902 cogitat
1484 4830 1555 4883 de
1598 4826 1843 4881 caballis

192 4935 377 4977 eorum
419 4923 567 4994 quid
602 4922 692 4976 eis
724 4921 801 4975 sit
838 4920 1233 4988 tribuendum,
1268 4922 1342 4983 et,
1377 4918 1428 4972 si
1460 4916 1613 4971 forte
1643 4914 1846 4969 defue-

193 5010 272 5076 rit,
318 5012 549 5065 accedit
583 5010 654 5064 ad
718 5009 1133 5078 camerarium,
1178 5012 1238 5063 ut
1278 5007 1451 5062 faciat
1494 5005 1843 5075 comparari.

192 5094 350 5151 Prius
379 5114 619 5170 quoque
649 5114 825 5169 quam
855 5097 970 5168 ipsi
1012 5098 1279 5168 hospites
1320 5096 1531 5151 abeant
1562 5095 1850 5164 quotquot

193 5181 402 5241 bestias
436 5187 657 5241 habent
696 5202 812 5241 non
874 5186 1143 5255 ferratas,
1197 5185 1268 5240 ad
1303 5200 1509 5240 omnes
1549 5183 1647 5237 dat
1698 5197 1851 5235 nova

196 5270 566 5345 ferramenta,
612 5278 669 5330 et
710 5280 770 5329 ut
812 5275 1061 5330 malleus
1103 5276 1180 5329 sit
1211 5290 1447 5345 semper
1476 5273 1549 5327 ad
1592 5286 1848 5340 manum,

1946 3984 2003 4034 et
2034 3980 2202 4033 fabas
2233 3980 2304 4034 ad
2338 3984 2588 4050 quatuor
2618 3981 2746 4034 dies
2781 3982 3146 4050 septimanae,
3179 3981 3443 4052 reliquos
3490 3982 3613 4034 tres

1945 4084 2061 4123 non
2092 4068 2310 4123 habent
2342 4069 2457 4122 nisi
2481 4069 2639 4122 olera
2672 4069 2742 4122 de
2765 4069 2932 4123 horto
2955 4069 3028 4122 ad
3059 4071 3493 4139 eleemosynam
3522 4067 3619 4123 de-

1947 4162 2164 4227 putato.
2191 4158 2305 4211 Sed
2339 4158 2398 4211 in
2432 4156 2758 4227 majoribus
2791 4158 2960 4211 festis
2985 4157 3161 4211 habet
3176 4159 3348 4212 etiam
3378 4172 3617 4211 carnem

1950 4262 2056 4315 pro
2089 4245 2265 4315 fabis,
2300 4251 2356 4329 e.t
2379 4262 2485 4316 per
2512 4262 2727 4300 annum
2772 4249 2942 4300 erunt
2989 4261 3107 4298 xxv
3137 4245 3266 4299 dies
3306 4246 3365 4299 in
3398 4245 3616 4315 quibus

1949 4334 2249 4391 habebunt
2279 4352 2536 4390 carnem.
2571 4336 2757 4407 Igitur
2798 4336 2867 4389 ad
2898 4335 3180 4388 vestitum
3228 4334 3526 4388 annuatim
3558 4333 3618 4387 in

1953 4429 2180 4491 Pascha
2211 4443 2418 4482 novem
2450 4424 2683 4478 cubitos
2717 4424 2865 4479 lanei
2895 4422 3093 4494 panni,
3129 4426 3185 4477 et
3211 4423 3270 4475 in
3302 4422 3618 4477 Nativitate

1955 4523 2182 4579 Domini
2213 4538 2319 4591 par
2348 4518 2701 4573 calceorum.
2725 4512 2835 4577 Qui
2855 4518 2909 4568 et
2940 4513 2999 4566 in
3029 4527 3097 4567 ea
3130 4514 3269 4566 sunt
3299 4510 3615 4580 disciplina

1954 4617 2016 4668 ut
2047 4611 2221 4666 simul
2240 4610 2311 4663 ‘in
2343 4623 2453 4662 una
2469 4606 2760 4661 dormiant
2779 4602 3033 4669 officina,
3052 4616 3161 4655 nec
3179 4601 3428 4656 audeant
3446 4600 3619 4653 omit-

1953 4707 2077 4758 tere
2109 4699 2385 4756 omnibus
2424 4694 2728 4751 nocturnis
2759 4692 3068 4761 interesse,
3103 4691 3219 4745 nisi
3250 4693 3384 4761 quis
3416 4704 3624 4744 eorum

1957 4791 2104 4845 adeo
2150 4788 2229 4842 sit
2284 4786 2556 4840 infirmus
2594 4787 2657 4837 ut
2686 4782 2756 4837 de
2787 4781 2937 4835 lecto
2970 4796 3088 4834 non
3122 4779 3316 4850 possit
3346 4792 3619 4849 surgere,

1954 4878 2101 4932 alias
2134 4875 2235 4947 qui
2267 4890 2382 4928 non
2415 4872 2659 4940 venerit,
2681 4886 2749 4925 co
2772 4870 2865 4924 die
2887 4867 3180 4938 justitiam
3210 4883 3328 4922 non
3361 4865 3619 4920 habebit.

1959 4965 2128 5030 Quod
2160 4965 2257 5019 ille
2290 4962 2471 5017 frater
2499 4960 2764 5030 explorat
2794 4958 2889 5029 qui
2911 4957 3282 5011 facitcircam
3300 4956 3370 5008 ad
3387 4959 3627 5009 noctur-

1957 5071 2069 5110 nos
2100 5070 2205 5126 per
2233 5053 2435 5107 altaria
2466 5051 2523 5104 in
2542 5048 2803 5104 secundo
2837 5049 3143 5113 nocturno,
3169 5059 3302 5098 cum
3324 5044 3623 5099 absconsa

1956 5146 2079 5201 exit
2107 5144 2181 5200 ad
2204 5159 2312 5198 eos
2340 5142 2401 5195 in
2430 5140 2624 5193 navim
2643 5135 2937 5203 ecclesiae,
2958 5134 3346 5205 etdiligenter
3397 5136 3611 5188 notans

1957 5236 2009 5290 si
2041 5234 2175 5306 quis
2205 5246 2407 5287 eorum
2451 5228 2719 5295 defuerit,
2755 5223 3221 5292 eleemosynario
3246 5221 3585 5278 innotescit.

2027 5322 2144 5379 Sed
2182 5325 2237 5375 et
2258 5321 2387 5389 ipse
2418 5317 2518 5389 qui
2548 5315 2710 5370 novit
2737 5314 2894 5385 quod
2921 5312 3235 5383 aliquando
3252 5312 3387 5367 talis
3415 5314 3508 5366 est
3522 5325 3625 5367 eo-

197 5373 317 5416 cum
348 5363 547 5419 ferrea
577 5366 781 5418 catena
809 5368 903 5418 est
931 5380 1236 5419 connexus
1262 5364 1332 5417 ad
1357 5365 1604 5433 portam.

770 5400 781 5416 ‘
809 5400 903 5418 νδ*
931 5400 1236 5419 W"”°"“°
1262 5400 1332 5417 ’Ν
1359 5400 1604 5433 ¹’⁹“““¹’
1960 5428 2093 5466 rum
2112 5406 2451 5481 praebenda,
2485 5405 2636 5460 solet
2664 5403 2752 5459 eis
2783 5418 2887 5472 per
2925 5402 3090 5456 vices
3119 5401 3420 5472 pitantiam
3452 5400 3629 5456 exhi-

1053 5471 1266 5525 XXIV'.
1961 5500 2102 5526 1.-....
2147 5498 2330 5526 Πηῑιηι
2353 5495 2505 5526 anim
2527 5494 2713 5526 nAhnn
2738 5491 2994 5526 ηηηΗι-Ιὲο
3014 5491 3084 5526 ,1ο
3116 5490 3435 5526 νοΐοηίηηῖη
3468 5488 3629 5526 ηιιίιι-

1961 5500 2124 5555 bere.
2147 5498 2337 5552 Habet
2352 5495 2507 5549 enim
2525 5494 2713 5547 adhuc
2738 5491 2995 5561 quotidie
3014 5491 3085 5544 de
3116 5490 3435 5546 refectorio
3468 5488 3633 5559 quid-

723 5578 811 5633 De
852 5578 1324 5650 eleemosynario
1570 5640 1575 5645 _

1963 5590 2103 5662 quid
2162 5586 2444 5642 fratribus
2500 5582 2811 5651 supererit,
2848 5582 2905 5635 et
2961 5580 3033 5635 de
3092 5580 3376 5652 generali,
3436 5581 3493 5632 et
3550 5576 3623 5631 de

257 5662 761 5747 Quemadmodum
810 5703 843 5741 a
893 5640 1145 5742 custode
1214 5682 1456 5757 hospitii
1486 5640 1859 5757 recipiuntur
1964 5640 2605 5750 pitantiamedietatem,
2632 5640 2988 5742 alteraparte
3035 5640 3197 5725 cocis
3241 5640 3633 5740 popularibus
