3956 6176
160 353 256 416 769

715 348 1405 413 CONSUETUDINES
1453 346 2112 412 CLUNIACENSES.
2161 382 2238 394 -—
2285 347 2532 410 LIBER
2571 348 2931 416 TERTIUS

3429 350 3546 412 770

161 554 428 626 pletorium
449 551 704 621 apportat
743 566 953 620 aquam
983 549 1374 620 benedictum,
1413 553 1468 604 et
1505 549 1770 620 aspergit
1797 529 1856 591 Α
1887 549 2176 617 maluerit,
2220 549 2379 603 vadit
2423 549 2492 603 ad
2525 551 2807 619 capellam
2857 551 2916 605 S.
2966 552 3163 607 Mariae
3199 568 3211 607 :
3262 552 3361 606 ubi
3415 568 3545 606 rur-

155 660 241 714 per
273 642 448 695 omnia
473 641 613 693 lecta
643 639 1029 693 inﬁrmorum.
1067 639 1134 693 Et
1161 655 1295 693 cum
1326 639 1471 693 hora
1504 639 1682 692 fuerit
1710 641 1772 692 ut

156 747 328 786 omnes
352 730 470 799 jam
490 745 552 784 se
578 729 828 782 debeant
859 729 1208 798 collocasse,
1228 744 1360 782 cum
1375 729 1669 782 absconsa
1689 727 1774 781 di-

155 823 370 893 ligenter
389 819 757 873 necessarias
787 818 1125 887 perlustrat.

693 907 944 962 CAPUT
985 906 1175 961 XXVI

151 1000 222 1055 De
254 997 474 1053 famulis
510 997 583 1051 ad
620 997 845 1050 domum
895 997 1265 1050 infirmorum
1305 993 1768 1066 pertinentibus.

207 1087 553 1142 Famulorum
576 1085 676 1156 qui
707 1085 779 1138 ad
798 1086 1034 1139 domum
1066 1084 1437 1138 inﬁrmorum
1451 1083 1767 1153 pertinent,

150 1176 260 1248 quia
281 1175 542 1244 superius
573 1174 830 1243 memini,
864 1177 926 1227 ut
955 1175 1025 1228 de
1058 1174 1152 1227 his
1183 1188 1417 1244 quoque
1448 1173 1642 1243 magis
1662 1171 1772 1224 ali-

150 1263 448 1336 quantulum
465 1263 675 1328 dicam,
710 1269 832 1316 tres
861 1266 1000 1316 sunt
1021 1278 1092 1316 ex
1105 1277 1291 1330 more;
1317 1263 1430 1315 duo
1453 1262 1552 1332 qui
1571 1277 1772 1314 coram

148 1354 218 1407 cis
245 1352 513 1407 dormiant
546 1351 690 1405 etad
729 1367 994 1406 mensam
1033 1352 1318 1404 serviant.
1350 1349 1459 1414 Qui
1491 1353 1545 1404 et
1590 1349 1771 1421 hujus

149 1446 259 1495 sunt
281 1440 600 1510 disciplina:
631 1445 710 1506 ut,
729 1440 988 1510 quandiu
1022 1440 1333 1502 comedunt
1362 1439 1597 1505 infirmi,
1626 1455 1772 1492 nun-

148 1546 287 1602 quam
317 1546 504 1584 coram
543 1529 632 1582 eis
684 1529 926 1584 sedeant
971 1532 1069 1582 aut
1117 1529 1462 1597 consistant,
1511 1543 1582 1581 ne
1623 1527 1772 1581 forte

147 1621 344 1674 audiant
371 1621 422 1673 si
468 1619 605 1690 quis
638 1634 842 1673 eorum
882 1618 994 1672 tale
1035 1618 1173 1689 quid
1227 1617 1463 1685 dixerit,
1516 1621 1577 1670 ut
1636 1620 1773 1669 sunt

147 1710 372 1762 homines
403 1709 556 1762 inter
603 1707 1026 1761 comedendum
1053 1749 1066 1773 ,
1102 1707 1257 1777 quod
1289 1722 1402 1760 non
1437 1705 1707 1774 expediat
1739 1721 1768 1758 a

148 1798 343 1851 famulis
370 1797 509 1850 sciri
530 1797 623 1850 vel
644 1812 748 1866 per
766 1811 869 1850 eos
903 1795 1212 1866 prepalari.
1237 1794 1519 1865 Quisquis
1535 1793 1767 1847 illorum

1885 654 1990 692 sus
2021 642 2155 708 post
2189 654 2416 692 coenam
2440 639 2606 693 sedet
2636 644 2734 693 aut
2760 639 2937 710 jacet,
2973 642 3203 711 quando
3233 641 3543 696 Fratresin

1885 728 2142 782 claustro
2179 728 2441 782 sederint
2480 728 2548 781 ad
2599 728 2930 783 lectionem.
2979 729 3314 784 Circatores
3351 735 3542 783 autem

1882 817 2223 885 frequenter
2262 816 2500 869 visitant
2530 816 2764 869 domum
2796 817 3178 885 inﬁrmorum,
3205 821 3260 870 et
3291 817 3546 887 diligen-

1880 908 1968 959 ter
1990 905 2299 972 explorant
2330 906 2623 975 quomodo
2655 906 2768 974 ipsi
2801 921 2867 959 se
2907 905 3160 960 habeant
3193 905 3426 958 inﬁrmi.
3476 904 3547 957 Et

1880 992 2088 1046 iterum
2122 993 2481 1046 inﬁrmarius
2516 994 2569 1046 si
2614 1009 2786 1063 quam
2836 994 3048 1047 viderit
3104 993 3542 1064 negligentiam,

1882 1081 2131 1136 maxime
2163 1084 2222 1135 in
2253 1083 2624 1153 loquacitate,
2665 1083 2941 1137 reclamat
2963 1084 3020 1136 in
3053 1082 3326 1153 capitulo.
3375 1082 3548 1136 Prior

1880 1175 2073 1225 autem
2105 1172 2174 1225 de
2199 1172 2449 1241 capitulo
2483 1173 2654 1225 mittit
2675 1172 2746 1225 ad
2778 1188 2902 1239 eos,
2935 1177 2988 1226 et
3010 1173 3137 1243 ipse
3170 1171 3544 1242 postmodum

1879 1262 2040 1314 venit
2071 1261 2252 1315 semel
2287 1262 2354 1314 ad
2390 1277 2515 1330 eos,
2552 1264 2607 1315 et
2638 1262 2901 1315 secundo
2925 1261 3261 1332 castigans;
3294 1260 3546 1329 talisque

1881 1353 2152 1407 inﬁrmus
2184 1368 2322 1407 esse
2341 1355 2533 1422 potest
2555 1356 2634 1420 ut,
2659 1353 2710 1407 si
2729 1369 2845 1407 non
2861 1352 3277 1420 emendaverit,
3294 1351 3550 1421 aliquan-

1882 1443 1954 1496 do
1989 1443 2163 1496 etiam
2193 1442 2422 1513 virgam
2455 1443 2808 1512 experiatur.
2845 1443 3062 1496 Verum
3094 1441 3193 1512 qui
3225 1441 3301 1494 ita
3331 1455 3546 1494 conva-

1881 1531 2056 1584 luerit
2102 1534 2162 1584 ut
2209 1531 2407 1585 redire
2458 1531 2650 1600 possit
2697 1532 2767 1584 ad
2841 1533 3214 1599 conventum,
3261 1528 3545 1583 redeundi

1883 1620 2176 1673 licentiam
2192 1621 2449 1691 quaerita
2472 1619 3018 1691 priore.Unguntur
3040 1618 3219 1672 calcei
3239 1617 3372 1688 ejus
3392 1617 3546 1672 diuro

1881 1709 2068 1776 nales,
2095 1711 2151 1762 et
2173 1710 2443 1779 sequenti
2463 1709 2756 1778 die2induit
2787 1725 2891 1762 eos
2917 1708 3234 1762 rediturus.
3261 1706 3404 1760 Cum
3429 1707 3546 1777 pri-

1882 1813 1976 1852 mo
2008 1798 2248 1869 signum
2277 1799 2550 1867 pulsatur
2581 1799 2652 1851 ad
2686 1798 2951 1867 primam,
2985 1797 3077 1850 vel
3111 1798 3164 1851 si
3195 1800 3286 1850 est
3317 1811 3384 1850 eo
3413 1799 3549 1849 tem-

146 1887 264 1940 foris
291 1890 397 1940 stat
425 1861 661 1955 procul,
691 1889 787 1938 aut
828 1861 1028 1953 sedet,
1050 1889 1125 1951 et,
1159 1900 1291 1937 cum
1324 1861 1473 1953 opus
1506 1883 1700 1949 fuerit,
1736 1899 1768 1935 a
1799 1861 1849 1922 Β
1880 1901 2026 1955 pore
2057 1861 2242 1957 eaque
2275 1861 2368 1940 die
2399 1903 2512 1957 qua
2542 1861 2711 1942 tertia
2746 1890 3011 1940 cantatur
3040 1890 3171 1939 ante
3205 1885 3541 1954 capitulum,

143 1976 366 2046 quolibet
391 1975 626 2028 inﬁrmo
669 1989 799 2026 cum
842 1975 1037 2028 sonitu
1070 1976 1330 2028 vocatur.
1372 1971 1516 2026 Cum
1563 1972 1770 2026 fecerit

144 2069 344 2134 propter
386 2063 541 2134 quod
596 2067 843 2117 vocatus
882 2067 993 2131 est,
1046 2079 1259 2117 rursus
1311 2062 1582 2117 celeriter
1627 2061 1766 2116 exit.

144 2153 340 2208 Tertius
372 2151 632 2206 famulus
664 2152 735 2206 ad
769 2152 879 2206 hoc
911 2155 1004 2206 est
1034 2153 1284 2205 maxime
1317 2152 1648 2220 deputatus,
1711 2152 1772 2204 ut

142 2242 266 2297 lavet
287 2259 504 2312 pannos
539 2242 614 2296 ad
630 2245 901 2296 cocturas
916 2242 1196 2310 omnium,
1229 2244 1292 2295 ut
1323 2241 1502 2308 aiunt,
1528 2241 1769 2294 fratrum

144 2335 404 2386 coctorum
444 2331 851 2400 necessarias,
889 2333 1083 2385 focum
1115 2330 1308 2397 faciat,
1343 2333 1398 2383 et
1430 2345 1640 2399 aquam
1669 2345 1770 2382 ca-

142 2420 464 2491 lefaciatqua
498 2420 771 2475 scutellae
817 2423 954 2474 sunt
983 2419 1268 2473 lavandae.
1315 2417 1532 2472 Omnes
1579 2421 1771 2472 autem

147 2509 415 2580 aliquando
455 2511 700 2580 pariter,
751 2509 1062 2579 aliquando
1107 2507 1374 2561 vicissim
1409 2509 1660 2580 pergunt
1700 2507 1770 2560 ad

148 2599 342 2668 silvam,
375 2600 641 2652 incidunt
683 2597 862 2668 ligna;
907 2613 1038 2652 cum
1069 2613 1184 2651 uno
1228 2597 1396 2650 asino
1427 2595 1771 2662 afferuntur,

143 2690 191 2740 ut
215 2688 423 2757 inﬁrmi,
451 2704 592 2742 cum
625 2687 937 2756 voluerint,
972 2686 1166 2740 focum
1199 2685 1419 2740 habere
1441 2687 1694 2756 possint,
1721 2688 1776 2738 et

141 2777 196 2829 ad
222 2777 318 2830 hoc
348 2778 540 2831 solum
587 2777 794 2830 asinus
826 2777 1082 2845 optimus
1114 2789 1351 2843 semper
1381 2777 1471 2828 est
1492 2790 1523 2827 a
1558 2789 1775 2846 grana-

141 2866 258 2920 tario
284 2866 640 2937 paseendus,
663 2881 771 2919 nec
795 2865 946 2918 alius
961 2863 1216 2919 famulus
1241 2865 1421 2918 minat
1443 2879 1575 2919 eum
1599 2879 1772 2934 quam

139 2971 263 3010 unus
290 2957 354 3010 de
385 2955 775 3028 supradictis.

691 3078 942 3134 CAPUT
973 3079 1187 3133 XXVII

744 3170 833 3225 De
853 3167 1130 3222 infirmis.

195 3294 377 3352 Frater
406 3297 506 3368 qui
543 3295 860 3365 incoeperit
904 3293 979 3347 ita
1011 3292 1292 3346 inﬁrmari
1325 3295 1388 3346 ut
1415 3295 1770 3347 conventum

143 3388 309 3439 tenere
361 3403 475 3440 non
523 3385 760 3456 possit,
821 3384 963 3454 petit
1007 3383 1238 3436 veniam
1288 3381 1347 3435 in
1392 3381 1666 3451 capitulo,
1719 3384 1775 3434 et

149 3479 402 3529 monstrat
432 3474 597 3546 quod
643 3472 1025 3527 sitinﬁrmus.
1057 3471 1306 3525 Jubetur
1337 3471 1484 3524 foris
1527 3470 1774 3524 chorum

141 3565 270 3616 stare
297 3567 354 3617 ut
377 3581 481 3633 pro
514 3565 659 3616 voto
691 3577 800 3615 suo
832 3561 1027 3630 possit
1065 3560 1295 3628 sedere,
1332 3563 1388 3612 et
1431 3558 1775 3612 cellerarius

142 3655 274 3704 curat
312 3656 372 3706 ut
402 3652 457 3706 in
491 3651 812 3706 refectorio
844 3665 956 3704 non
992 3649 1218 3718 absque
1250 3648 1490 3718 pitantia
1521 3663 1652 3701 eum
1685 3645 1776 3700 di-

142 3740 310 3794 mittat.
341 3741 484 3794 Cum
517 3742 602 3794 ita
646 3740 886 3794 biduum
926 3738 1019 3792 vel
1066 3739 1321 3792 triduum
1353 3736 1676 3802 transierit,
1725 3735 1778 3788 si

144 3842 235 3882 non
262 3831 364 3883 erit
396 3830 610 3885 melior
631 3828 766 3898 ejus
784 3828 1079 3894 valetudo,
1113 3827 1316 3879 invitat
1348 3841 1480 3879 eum
1515 3826 1680 3894 prior
1707 3824 1775 3876 ad

145 3916 346 3972 domum
389 3920 784 3973 inﬁrmorum.
817 3916 1089 3970 Secundo
1116 3915 1209 3968 die
1230 3915 1320 3968 vel
1359 3915 1530 3967 tertio
1568 3913 1618 3968 si
1643 3928 1778 3966 nec-

146 4003 256 4059 dum
285 4009 447 4061 etiam
479 4005 910 4076 aliquantulum
941 4004 1256 4072 convaluit,
1277 4019 1490 4057 rursus
1522 4003 1688 4072 prior
1708 4001 1779 4054 ad

144 4094 316 4150 horam
349 4097 587 4167 prandii
609 4111 738 4148 eum
773 4094 994 4161 invisit,
1029 4109 1264 4147 carnem
1296 4093 1434 4146 facit
1461 4091 1777 4162 apportari,

143 4184 376 4253 praecipit
406 4189 466 4238 ut
499 4184 790 4238 comedat.
824 4182 912 4236 Ab
944 4197 1012 4236 ea
1057 4183 1185 4235 vice
1232 4196 1520 4252 nusquam
1553 4181 1781 4251 absque

144 4269 320 4329 baculo
349 4275 591 4340 incedit,
628 4278 683 4327 et
706 4273 822 4326 nisi
854 4273 1266 4342 caputcapello
1299 4274 1660 4340 coopertum.
1692 4271 1779 4323 Ad

145 4365 412 4433 utramque
449 4365 702 4416 missam
743 4361 1141 4415 matutinalem
1173 4364 1228 4414 et
1277 4360 1558 4430 majorem
1618 4359 1776 4413 venit

144 4449 196 4501 ad
217 4452 538 4520 ecclesiam,
564 4467 897 4521 quanquam
917 4451 987 4503 ad
1011 4449 1292 4520 majorem
1313 4465 1425 4502 non
1446 4448 1560 4501 nisi
1586 4463 1775 4518 usque

1883 1979 1998 2029 stat
2029 1992 2209 2046 prope
2252 1977 2467 2030 ostium
2499 1976 2570 2030 ad
2620 1975 2678 2030 S.
2715 1975 2977 2045 Mariam,
3019 1978 3075 2028 et
3118 1989 3339 2044 pueros
3391 1987 3548 2041 prae-

1879 2065 2128 2119 stolatur
2161 2080 2173 2118 :
2209 2081 2360 2135 quos
2411 2082 2544 2119 cum
2584 2065 2794 2120 viderit
2830 2066 3244 2132 transeuntes,
3281 2062 3551 2132 sequitur

1878 2169 1984 2209 eos
2034 2155 2092 2207 in
2143 2154 2478 2224 ecclesiam,
2513 2159 2568 2209 et
2625 2155 2702 2208 ita
2753 2170 2819 2208 se
2875 2153 3162 2207 coadunat
3211 2150 3545 2205 conventui.

1876 2240 2021 2296 Cum
2053 2244 2281 2296 venerit
2312 2243 2371 2296 in
2409 2243 2746 2313 capitulum,
2783 2246 2836 2296 et
2868 2246 3003 2311 post
3041 2241 3351 2294 lectionem
3386 2240 3550 2308 prior

1869 2330 2124 2402 jusserit
2154 2335 2216 2385 ut
2251 2332 2320 2385 de
2378 2332 2584 2385 ordine
2629 2332 2962 2400 loquantur,
2996 2329 3190 2382 statim
3243 2326 3454 2398 surgit,
3490 2330 3546 2381 et

1881 2419 2113 2472 veniam
2174 2423 2404 2490 petens,
2447 2420 2524 2473 ita
2569 2418 2951 2488 persequitur
2991 2432 3003 2470 :
3048 2416 3115 2470 In
3165 2415 3330 2469 domo
3384 2429 3546 2468 eram

1878 2507 2270 2575 inﬁrmorum,
2322 2509 2590 2562 ordinem
2625 2513 2908 2574 nostrum,
2955 2511 3012 2559 ut
3056 2503 3253 2569 debui,
3288 2519 3399 2557 non
3457 2502 3544 2555 ita

1881 2597 2195 2652 custodiri.
2257 2597 2328 2651 Et
2367 2597 2530 2668 prior
2586 2595 2905 2666 respondet
2965 2610 2976 2649 :
3025 2594 3184 2648 Deus
3240 2591 3547 2662 indulgeat

1890 2686 2074 2740 vobis.
2126 2685 2370 2739 Inclinat
2419 2685 2705 2739 altissime
2747 2688 2947 2738 contra
3003 2683 3283 2752 priorem,
3346 2683 3547 2734 contra

1884 2775 2148 2829 dextram
2179 2777 2236 2827 et
2266 2759 2588 2842 sinistram,
2611 2777 2666 2827 et
2687 2773 2740 2826 ei
2763 2772 3034 2825 similiter
3063 2787 3095 2824 a
3127 2769 3389 2840 siugulis’
3417 2784 3549 2838 par-

1880 2863 2041 2917 tibus
2072 2861 2419 2931 inclinatur;
2461 2867 2598 2914 tunc
2639 2862 2694 2914 in
2727 2861 2856 2914 loco
2893 2858 3248 2929 paenitentiae
3287 2855 3545 2927 injungit

1877 2951 1963 3004 illi
1995 2953 2057 3004 ut
2087 2954 2278 3004 cantet
2311 2953 2536 3020 septem
2569 2951 2852 3019 psalmos,
2878 2948 2970 3002 vel
3004 2948 3054 3001 si
3088 2947 3298 3011 nescit,
3326 2946 3549 3014 septies

1879 3037 2214 3092 Orationem
2246 3039 2629 3091 Dominicam.
2675 3037 2736 3090 Si
2776 3037 2910 3107 quis
2949 3038 3039 3088 est
3069 3035 3215 3088 adeo
3244 3032 3538 3099 inﬁrmus,

1880 3127 1938 3180 in
1973 3127 2103 3195 ipso
2135 3126 2402 3180 Adventu
2423 3125 2673 3193 Domini,
2704 3139 2814 3178 seu
2838 3125 2897 3177 in
2917 3121 3387 3193 Septuagesima,
3425 3135 3542 3173 non

1801 3193 1851 3252 C
1884 3193 2239 3285 permittitur
2294 3230 2325 3267 a
2384 3229 2558 3268 carne
2590 3214 2909 3268 abstinere.
2962 3211 3032 3265 Et
3076 3209 3547 3282 quandocunque

1887 3303 2268 3373 convaluerit,
2314 3303 2541 3357 etiamsi
2584 3303 2661 3356 sit
2706 3302 2763 3355 in
2808 3301 2997 3355 media
3054 3297 3539 3368 Quadragesima,

1882 3394 1976 3447 vel
1996 3395 2053 3447 in
2087 3393 2289 3447 Hamis
2328 3393 2674 3462 palmarum,
2721 3391 2862 3460 petit
2900 3389 3132 3443 veniam
3178 3387 3235 3440 in
3261 3384 3536 3456 capitulo,

1886 3484 2040 3538 sicut
2071 3483 2198 3536 ﬁeri
2229 3483 2382 3536 solet
2411 3497 2515 3551 pro
2545 3481 2904 3534 comestione
2933 3478 3151 3532 carnis.

2436 3604 2687 3659 CAPUT
2728 3602 2994 3656 XXVIII.

2241 3695 2328 3749 De
2353 3695 2625 3748 unctione
2655 3707 2933 3764 cUJusque
2953 3691 3192 3746 fratris.

1956 3821 2164 3876 Frater
2193 3819 2291 3889 qui
2307 3834 2373 3871 se
2387 3817 2720 3871 inﬁrmitate
2743 3817 3198 3886 ingravescente
3215 3813 3476 3868 senserit
3492 3813 3550 3866 in

1884 3910 2154 3982 proximo
2186 3909 2257 3962 ab
2290 3908 2403 3962 hoc
2434 3907 2656 3960 saeculo
2680 3907 3089 3976 migraturum,
3125 3903 3196 3957 de
3227 3903 3385 3956 omni
3415 3917 3551 3955 con-

1888 3998 2134 4053 scientia
2160 4012 2263 4050 sua
2298 3996 2515 4049 domno
2549 3993 2766 4060 abbati,
2801 3994 2891 4046 vel
2925 3992 3106 4061 priori
3139 3991 3472 4058 conﬁtetur,
3497 3991 3554 4042 et

1888 4089 2057 4158 rogat
2077 4089 2136 4139 ut
2165 4085 2292 4139 oleo
2329 4084 2693 4138 inﬁrmorum
2736 4086 3012 4153 ungatur,
3053 4081 3364 4134 Adducunt
3421 4093 3554 4132 eum

1888 4177 2056 4246 prius
2085 4176 2143 4228 in
2172 4172 2489 4242 capitulum
2529 4171 2644 4224 duo
2677 4171 2891 4224 fratres
2925 4170 3076 4223 inter
3107 4185 3338 4233 manus,
3373 4169 3426 4220 si
3463 4171 3556 4221 est

1891 4265 2036 4319 adeo
2084 4262 2376 4323 inﬁrmus,
2423 4264 2475 4314 et
2527 4260 2667 4329 petit
2702 4259 2966 4324 veniam,
3021 4271 3305 4325 reumque
3363 4271 3429 4308 se
3482 4255 3553 4308 de

1892 4355 2090 4408 multis
2148 4349 2530 4422 negligentiis
2578 4352 2776 4403 contra
2835 4347 3041 4414 Deum,
3072 4350 3128 4399 et
3170 4348 3370 4399 contra
3417 4343 3552 4396 illos

1896 4441 2595 4510 cbnﬁteturdmprecatur
2608 4439 2657 4492 ei
2673 4438 2839 4507 prior
2854 4434 3306 4502 absolutionem,
3324 4431 3554 4485 cunctis

147 4543 253 4604 post
306 4540 695 4612 Evangelium
753 4540 1004 4594 intersit.
1063 4538 1126 4592 Si
1184 4538 1241 4590 in
1297 4537 1612 4608 capitulum
1665 4553 1780 4590 non
1813 4530 2414 4611 Drespondentibus,
2450 4527 2887 4595 Amen,etipsc
2911 4526 2998 4578 eis
3027 4523 3315 4612 similiter.
3353 4521 3553 4576 Redu-

147 4625 308 4697 intrat,
343 4635 538 4684 tamen
585 4629 740 4699 quod
793 4629 852 4682 in
901 4627 1154 4697 capitulo
1197 4627 1416 4698 legitur
1465 4627 1776 4692 auscultat,

147 4718 341 4772 scilicet
372 4718 726 4772 sententiam
759 4717 1002 4787 regular,
1036 4716 1128 4770 vel
1161 4716 1232 4769 de
1264 4714 1607 4784 Evangelio,
1634 4717 1690 4768 et
1710 4714 1780 4766 ad

147 4805 502 4861 collationem.
538 4807 602 4861 Si
635 4809 984 4860 conventum
1019 4805 1192 4858 fuerit
1223 4807 1284 4858 ut
1327 4808 1537 4874 agatur
1574 4804 1645 4856 de
1677 4818 1784 4856 ne-

148 4892 418 4965 gligentiis
442 4897 692 4949 fratrum
712 4896 779 4948 ad
803 4895 916 4948 hoc
947 4893 1297 4947 audiendum
1318 4908 1433 4946 non
1457 4893 1630 4945 debet
1646 4907 1785 4945 esse

152 4987 418 5038 curiosus.
452 4985 593 5038 Mox
625 4985 777 5038 enim
811 4984 882 5037 de
918 4983 1070 5036 ostio
1103 4982 1323 5036 recedit
1355 4981 1453 5034 ubi
1485 4981 1784 5035 accubans

147 5074 494 5136 auscultetur;
535 5059 668 5125 silet
713 5075 903 5125 tamen
950 5087 1021 5124 ex
1052 5085 1217 5124 more
1254 5085 1444 5139 usque
1469 5069 1605 5123 dum
1630 5067 1784 5143 capi-

147 5156 299 5210 tulum
324 5161 399 5214 sit
431 5163 753 5228 peractum.
795 5158 1144 5228 Priusquam
1172 5157 1374 5211 sedeat
1391 5156 1459 5210 ad
1496 5171 1781 5224 mensam,

149 5242 276 5298 lavat
305 5265 510 5302 manus
543 5249 612 5301 ad
649 5247 992 5301 lavatorium
1013 5246 1400 5300 inﬁrmorum.
1425 5244 1583 5299 Inter
1600 5260 1788 5298 come-

151 5332 396 5404 dendum,
431 5337 482 5390 si
517 5353 631 5390 non
663 5341 753 5390 est
777 5335 1057 5389 indictum
1081 5334 1197 5388 sibi
1219 5333 1516 5388 silentium
1547 5349 1620 5386 ex
1644 5336 1782 5401 toto,

151 5422 276 5476 utin
312 5425 648 5493 refectorio,
699 5429 890 5478 tamen
939 5440 1046 5478 nec
1096 5423 1389 5478 licentiam
1437 5421 1789 5493 multiloquii

151 5507 318 5565 habet.
339 5513 478 5567 Post
510 5514 811 5582 prandium
837 5530 1071 5584 quoque
1095 5530 1209 5566 non
1228 5513 1362 5565 licet
1382 5513 1430 5565 ci
1454 5527 1663 5564 vacare
1695 5511 1786 5565 lo-

151 5602 426 5669 quacitati;
462 5602 569 5655 sed
592 5603 865 5657 continuo
889 5618 956 5657 se
976 5604 1138 5672 ponit
1159 5603 1219 5656 in
1250 5601 1598 5668 lcctum,aut
1618 5600 1669 5652 si
1697 5605 1788 5654 est

151 5700 208 5739 eo
234 5692 483 5760 tempore
523 5707 635 5762 quo
677 5691 894 5746 fratres
936 5707 1050 5746 non
1100 5689 1698 5758 meridiantur,-tunc,
1735 5689 1786 5741 si

1861 4664 1873 4676 .
1893 4623 2064 4689 citur,
2095 4624 2150 4674 et
2181 4613 3188 4681 collocaturinlectotalisubmisso,
3219 4611 3315 4665 ubi
3339 4611 3554 4664 fratres

1889 4704 2962 4780 possint.undiquecircumstare.Post
2997 4703 3310 4771 capitulum
3353 4713 3556 4752 sacer-

1889 4800 1997 4853 dos
2029 4796 2524 4853 liebdomadarius
2565 4795 2804 4848 indutus
2837 4793 2966 4846 alba
2999 4794 3055 4845 et
3085 4790 3255 4854 stola,
3289 4786 3555 4857 procedit

1889 4904 2019 4941 cum
2036 4887 2164 4940 oleo
2195 4886 2584 4952 inﬁrmorum,
2615 4897 2907 4952 cumaqua
2921 4879 3250 4946 benedicta,
3267 4893 3399 4930 cum
3415 4891 3556 4929 cru-

1891 4993 1956 5030 ce
1980 4981 2036 5030 et
2068 4991 2196 5028 cum
2221 4975 2454 5028 duobus
2473 4969 3143 5036 cereisincandelabris,
3160 4971 3214 5021 et
3229 4968 3556 5020 conventus

1892 5066 2183 5136 sequitur;
2210 5081 2241 5116 ι.
2272 5063 2500 5133 psalmo
2524 5061 2820 5131 imposito,
2844 5057 3090 5112 dicenda
3110 5060 3200 5110 est
3221 5057 3404 5124 primo
3428 5054 3556 5108 hinc

1893 5155 2134 5210 collecta
2154 5169 2183 5206 a
2216 5151 2524 5206 sacerdote
2548 5166 2559 5204 :
2590 5149 2971 5219 Omnipotens
2988 5146 3353 5216 sempiterne
3374 5144 3554 5212 Deus,

1895 5245 1992 5316 qui
2015 5259 2127 5315 per
2148 5242 2218 5296 Β.
2240 5239 2558 5312 apostolum
2587 5245 2739 5292 tuum
2773 5236 2988 5291 dixisti
3014 5251 3024 5288 :
3054 5233 3396 5288 Inﬁrmatur
3427 5233 3558 5304 quis

1894 5335 1955 5388 in
1991 5333 2177 5400 vobis,
2200 5335 2310 5384 etc.
2336 5330 2719 5398 Imponuntur
2745 5343 2822 5378 vn
2841 5323 3051 5395 psalmi
3075 5339 3208 5377 cum
3245 5323 3377 5376 istis
3410 5322 3558 5376 anti-

1891 5422 2130 5493 phonis,
2149 5420 2306 5474 Sana
2328 5434 2420 5472 mc
2439 5416 2703 5484 Domine,
2722 5415 3008 5487 quoniam,
3046 5418 3156 5468 etc.
3177 5413 3331 5466 Psal.
3367 5411 3557 5466 Domi-

1897 5527 1988 5579 ne,
2025 5528 2096 5564 ne
2132 5509 2192 5562 in
2218 5507 2421 5561 furore
2455 5513 2568 5559 tuo.
2605 5504 2955 5574 Antiphone,
2999 5503 3149 5556 Erat
3183 5502 3414 5574 quidam
3455 5515 3557 5553 re-

1892 5599 2102 5670 gulus;
2136 5598 2286 5667 psal.
2321 5596 2498 5650 Beati
2530 5611 2802 5666 quorum;
2847 5593 3066 5662 antiph.
3112 5592 3381 5657 Domine,
3404 5603 3556 5659 puer

1895 5704 2090 5753 meus;
2125 5688 2274 5756 psal.
2304 5684 2572 5754 Domine,
2609 5699 2680 5738 ne
2694 5684 2753 5736 in
2776 5683 2978 5737 furore
3000 5697 3015 5751 ;
3037 5680 3257 5750 antiph.
3287 5679 3402 5733 Cor
3419 5692 3554 5731 con-
