3956 6176
381 316 493 378 771

380 515 616 583 tritum;
641 516 790 584 psal.
814 514 1149 583 Miserere;
1183 513 1403 582 antiph.
1425 513 1692 582 Domine,
1722 512 2052 576 descende;

380 604 528 673 psal.
581 603 847 670 Domine,
903 603 1149 672 exaudi;
1196 603 1415 671 antiph.
1468 602 1714 656 Domine
1775 617 1884 654 non
1929 617 2054 654 sum

380 692 615 763 (lignus;
643 693 791 761 psal.
820 692 906 745 De
920 691 1259 762 profundis;
1281 695 1396 745 ant.
1422 691 1559 745 Cum
1584 691 1881 744 solantem
1906 690 2054 743 occi-

382 780 596 848 disset;
624 780 773 849 psal.
804 780 1066 849 Domine,
1091 780 1325 834 cxamli.
1360 780 1595 833 Interim
1630 780 1917 832 sacerdos
1944 779 2054 831 hoc

381 869 553 923 modo
587 869 725 922 facit
758 870 1112 937 unctionem,
1149 869 1421 937 pollicem
1454 869 1579 921 oleo
1610 869 1797 937 illinit,
1834 873 1889 921 ct
1922 883 2053 919 cum

384 957 599 1026 pollice
619 958 857 1028 signum
878 959 1077 1011 erucis
1097 951 1375 1027 imprimit
1395 974 1579 1027 super
1599 961 1905 1026 utrumque
1926 973 2056 1009 ocu-

385 1046 506 1102 lum
557 1047 635 1099 ita
683 1046 930 1099 dicendo
967 1061 978 1099 :
1016 1045 1141 1098 Per
1190 1048 1362 1098 istam
1417 1047 1766 1112 unctionem,
1805 1053 1861 1098 et
1893 1063 2054 1098 suam

379 1135 707 1204 piissimam
739 1134 1234 1201 misericordium,
1279 1134 1584 1203 indulgeat
1621 1134 1734 1187 ubi
1772 1135 2054 1188 Dominus

385 1222 666 1294 quidquid
690 1222 958 1292 peccasti
975 1239 1086 1292 per
1114 1223 1315 1276 risum.
1344 1224 1503 1291 Item,
1533 1240 1716 1293 super
1749 1229 2051 1294 utramque

384 1326 609 1378 aurem,
643 1309 767 1364 Per
798 1311 1078 1373 auditum;
1105 1327 1288 1380 super
1308 1316 1548 1382 utraque
1576 1313 1745 1381 labia,
1782 1313 2055 1384 Pergus-

384 1406 524 1466 tum;
545 1414 729 1468 super
743 1416 975 1467 nasum,
999 1400 1120 1453 Per
1138 1401 1461 1465 odoratum;
1483 1417 1664 1470 super
1682 1418 1909 1469 manus,
1934 1402 2056 1455 l’er

388 1494 601 1543 tactum
616 1491 694 1551 (et
713 1489 1056 1543 sacerdotes
1077 1489 1497 1559 extrinsecus);
1518 1491 1913 1560 superpedes,
1935 1490 2057 1545 Per

385 1578 708 1640 incessum;
733 1577 804 1631 de
836 1578 1051 1631 subtus
1081 1594 1263 1648 super
1288 1578 1586 1649 inguines,
1623 1579 1749 1632 Per
1781 1580 2055 1633 ardorem

380 1666 679 1721 Iididinis.
716 1666 897 1720 Lavat
932 1683 1164 1735 manus;
1197 1671 1254 1721 et
1292 1668 1504 1721 lavatio
1538 1683 1652 1722 non
1685 1669 1801 1721 nisi
1838 1670 1894 1721 in
1930 1670 2055 1723 loco

380 1755 599 1808 mundo
628 1758 684 1809 et
714 1756 909 1809 abdito
942 1756 1091 1809 solet
1116 1755 1355 1809 effundi.
1383 1756 1545 1809 Tunc
1571 1757 1621 1809 si
1647 1756 1916 1810 inlirmus
1941 1774 2053 1810 non

383 1848 869 1911 communicatur,
906 1844 1200 1897 sacerdos
1231 1846 1357 1913 ipse
1381 1845 1693 1915 subiungit
1718 1845 1824 1899 lias
1848 1862 2054 1901 omnes
2092 1873 2100 1915 ί

383 1933 687 2001 collectas,
715 1933 809 1985 his
829 1933 1109 1986 versibus
1132 1934 1500 2001 praemissis:
1538 1934 1779 1987 Salvum
1803 1933 1915 2001 fac,
1942 1939 2052 1989 etc.

381 2022 562 2076 Mitte
586 2022 660 2089 ei,
683 2025 793 2075 ctc.
829 2021 1006 2074 Nihil
1031 2020 1305 2091 proficiat
1340 2027 1450 2075 etc.
1479 2022 1626 2076 Esto
1649 2024 1722 2091 ei,
1759 2026 1872 2076 etc.
1898 2022 2054 2078 Orat.

382 2109 562 2178 Deus,
586 2110 686 2181 qni
698 2109 1022 2163 iiuna/etne
1034 2110 1337 2178 Ezechim,
1356 2115 1465 2164 etc.
1493 2111 1761 2181 Ilespicc,
1789 2112 2055 2182 Domine,

381 2198 658 2253 famqum
691 2204 846 2251 tuum
870 2200 951 2264 in,
978 2204 1088 2252 etc.
1125 2198 1273 2265 Alia,
1296 2199 1476 2265 Deus,
1515 2201 1612 2270 qui
1641 2199 1893 2255 iactura)
1919 2207 2054 2272 tum,

387 2288 687 2355 etc.Deus,
700 2289 796 2359 qui
809 2288 1406 2359 liumanogenerietc.
1430 2288 1717 2342 Virtutum
1733 2289 2058 2344 etc/ostium

381 2377 561 2445 Deus,
579 2380 690 2430 etc.
712 2377 957 2431 Domine
972 2383 1195 2441 sancte,
1215 2376 1403 2431 Pater
1420 2378 1805 2447 omnipotens,
1828 2384 2058 2433 aeterne

382 2465 670 2536 Deus,qui
691 2465 1229 2537 fragilitatem,etc.
1265 2466 1516 2530 Exaudi,
1550 2467 1815 2535 Domine,
1844 2483 2062 2538 preces

385 2560 646 2618 nostras,
670 2559 779 2608 etc.
810 2555 1159 2607 Pro'veniat
1179 2555 1329 2609 liunc
1351 2555 1650 2625 famulum,
1676 2559 1787 2609 etc.
1815 2556 2059 2611 Domine

385 2642 550 2695 Dens
580 2648 806 2709 noster,
833 2643 931 2713 qui
949 2642 1335 2697 offensionem
1356 2650 1637 2698 nostram.
1660 2648 1770 2698 etc.
1804 2646 2048 2709 Adesto,

383 2730 652 2798 Domine,
687 2730 1231 2801 supplicationibus,
1267 2736 1382 2786 etc.
1408 2733 1666 2789 Praesta.
1705 2750 2053 2805 quaesumus,

384 2817 654 2886 Domine,
675 2818 811 2872 liuie
833 2818 1051 2873 famulo
1070 2826 1185 2886 tuo,
1213 2827 1322 2874 etc.
1351 2821 1509 2875 Deus
1526 2823 1763 2876 liumani
1783 2825 2053 2894 generis,

385 2910 496 2961 etc.
532 2906 592 2961 Si
639 2912 832 2962 autem
876 2911 1346 2963 communionem
1392 2926 1621 2966 sacram
1668 2916 2055 2982 percepturus

386 2998 496 3062 est,
521 2998 662 3050 tunc
685 2996 758 3049 ab
792 2997 903 3050 alio
926 2997 1203 3050 dicuntur
1220 2999 1479 3068 praefatae
1512 3000 1803 3069 collecta};
1840 3005 1896 3055 et
1928 3002 2055 3071 ipse

384 3084 616 3138 interim
663 3087 969 3154 sacerdos,
1021 3103 1195 3141 cruce
1228 3094 1282 3141 et
1315 3105 1465 3159 aqua
1508 3090 1815 3143 benedicta
1858 3106 2053 3144 rema-

383 3174 683 3240 nentibus,
719 3175 869 3229 redit
900 3191 1031 3229 cum
1064 3177 1318 3245 geminis
1352 3178 1723 3232 candelabris
1754 3180 1823 3232 ad
1855 3180 2052 3233 eccle-

386 3261 554 3330 siam,
589 3267 651 3316 ut
683 3280 900 3334 corpus
936 3265 1165 3319 Domini
1198 3270 1484 3335 apportet;
1521 3268 1674 3337 quod
1699 3273 2052 3337 accepturus

379 3349 546 3419 prius
589 3352 819 3405 veniam
870 3352 1028 3420 petit,
1083 3355 1337 3421 etprius
1386 3354 1673 3420 incensat,
1720 3356 1955 3427 frangit,
1993 3362 2049 3412 et

381 3446 606 3509 partem
637 3456 812 3510 quam
844 3440 1129 3494 allaturus
1153 3445 1261 3505 est,
1310 3458 1492 3510 super
1520 3445 1765 3497 calicem
1789 3450 1960 3512 leuet,
1996 3452 2051 3501 et

382 3531 499 3579 tam
548 3527 676 3596 ipse
722 3528 895 3596 calix,
939 3545 1112 3599 quam
1163 3546 1371 3584 manus
1417 3533 1765 3601 sacerdotis,
1814 3534 2049 3589 linteolo

383 3614 808 3669 candidissimo
828 3618 1184 3687 cooperitur.
1202 3617 1544 3690 Quicunque
1564 3621 1646 3674 illi
1660 3622 1829 3676 obvia
1840 3625 2044 3691 vei-int,

384 3702 615 3756 veniam
662 3707 885 3772 petunt.
934 3706 1157 3760 Interea
1209 3713 1447 3761 curatur
1492 3714 1549 3763 ut
1598 3711 1813 3764 infirmi
1865 3714 2049 3767 bucca

384 3792 631 3857 lavetur,
649 3793 939 3862 recepturi
956 3795 1148 3863 ipsum
1168 3811 1386 3866 corpus
1406 3797 1654 3867 Domini,
1671 3801 1825 3870 quod
1840 3802 2050 3871 recipit

382 3878 520 3934 vino
550 3879 889 3951 intinctam;
923 3898 1038 3953 quo
1078 3889 1329 3955 epotato,
1382 3887 1563 3941 ebibit
1599 3902 1832 3959 quoque
1881 3891 2049 3946 ablu-

383 3967 600 4022 tionem
647 3969 872 4040 calicis,
906 3976 963 4025 et
1011 3977 1273 4029 secundo
1321 3977 1677 4033 ablutionem
1729 3980 2049 4050 digitorum

385 4058 717 4128 sacertotis,
769 4064 825 4113 et
871 4061 1063 4115 adhuc
1113 4066 1282 4124 tertio
1342 4067 1565 4121 calicis.
1626 4068 1915 4122 Adibetur
1965 4070 2049 4123 illi

384 4160 530 4201 crux
559 4150 621 4201 ut
650 4163 776 4202 eam
808 4150 1127 4218 osculetur;
1162 4155 1463 4209 osculatur
1494 4157 1685 4224 etiam,
1717 4159 1889 4228 quasi
1911 4159 2047 4211 ulti—

382 4251 542 4290 mum
560 4238 686 4290 vale
700 4237 985 4308 facturus,
1000 4242 1191 4311 primo
1210 4247 1599 4311 sacerdotem,
1616 4245 1825 4299 deinde
1841 4262 2046 4301 omnes

384 4325 618 4394 fratres,
634 4327 800 4396 ipsos
814 4346 1047 4400 quoque
1062 4347 1299 4400 pueros.
1312 4333 1819 4388 lieditconventus
1837 4352 2047 4390 rursus

383 4413 658 4484 imposito
690 4417 756 4471 L.
790 4418 1049 4473 Psalmo.

965 4507 1216 4563 CAPUT
1245 4510 1460 4564 XXIX.

683 4592 835 4658 Quid
863 4597 1152 4667 agendum
1184 4606 1275 4652 est
1304 4600 1365 4653 in
1397 4599 1513 4655 lino
1544 4602 1762 4657 exitus.

458 4681 776 4753 Postquam
804 4688 998 4740 autem
1030 4686 1212 4741 frater
1241 4688 1311 4742 ad
1339 4688 1681 4760 hujusmodi
1705 4693 1934 4746 venerit
1964 4694 2049 4746 in-

385 4772 735 4840 ﬁrmitatem,
791 4775 1134 4842 providetur
1181 4778 1234 4831 ei
1264 4794 1417 4832 unus
1467 4779 1743 4850 famulus,
1791 4781 1891 4850 qui
1935 4797 2050 4836 non

384 4861 560 4917 habet
587 4863 744 4917 aliud
776 4864 991 4934 facere,
1026 4865 1140 4920 nisi
1171 4870 1232 4920 ut
1255 4866 1619 4939 obsequatur
1647 4869 1899 4923 inﬁrmo.
1934 4869 2049 4925 Sed

384 4956 441 5005 et
472 4951 531 5004 in
578 4956 748 5007 nocte
780 4954 979 5010 famuli
1032 4955 1133 5026 qui
1164 4960 1302 5010 sunt
1334 4957 1391 5010 in
1439 4958 1611 5011 domo
1658 4958 2047 5025 infirmorum,

385 5056 592 5111 omnes
606 5043 918 5114 diligenter
931 5045 1221 5099 excubant
1239 5062 1311 5098 ne
1326 5045 1524 5101 obitus
1537 5045 1670 5123 ejus
1684 5047 2050 5116 improvisus

383 5132 576 5199 possit
595 5133 855 5187 evenire.
876 5134 1035 5188 Crux
1058 5139 1149 5188 est
1168 5139 1368 5189 contra
1391 5135 1595 5190 faciem
1616 5135 1750 5206 ejus
1773 5138 1967 5204 affixa,
1993 5143 2051 5191 et

383 5220 581 5275 lumen
613 5222 768 5275 cerei
801 5234 990 5291 usque
1019 5224 1093 5276 ad
1122 5224 1342 5277 clarum
1363 5224 1514 5278 diem
1547 5240 1661 5278 non
1681 5225 1950 5280 defuerit.
1984 5227 2049 5279 Si

385 5308 522 5378 quis
555 5308 739 5361 frater
765 5312 856 5362 est
888 5310 965 5363 ita
994 5311 1321 5383 religiosus
1356 5315 1448 5367 cui
1482 5313 1593 5368 hoc
1625 5330 1730 5382 pro
1756 5315 2047 5385 singulari

382 5395 621 5450 libuerit
649 5395 858 5451 affectu
893 5402 953 5452 ut
984 5401 1111 5469 ipse
1150 5418 1384 5472 quoque
1415 5408 1711 5458 remaneat
1740 5406 2047 5456 excubans

387 5485 1105 5551 cuminlirmo,libenterei
1120 5493 1520 5561 acquiescitur
1536 5495 1778 5562 apriore
1798 5492 2048 5545 maxime

384 5574 438 5653 si
456 5577 547 5630 est
563 5573 640 5629 hu
641 5574 906 5647 jusmodi
929 5579 1029 5653 qui
1052 5580 1280 5635 inﬁrmo
1302 5581 1481 5637 horas
1504 5585 1696 5637 cantet
1719 5582 2043 5654 regulares,

1359 313 1740 376 UDALRICI
1790 315 1942 376 CLU
1958 310 2398 376 NIACENSIS
2447 313 2503 372 M
2517 312 2839 374 ONACHI

2097 514 2126 553 \

3674 317 3772 377 772

2238 511 2305 566 Et
2327 511 2582 565 venienti
2605 510 2672 564 ad
2695 514 2953 565 extrema
2975 511 3132 583 legat
3151 511 3479 580 passiones.
3494 510 3781 567 Famuline-

2166 604 2280 653 tcm
2332 600 2430 670 qui
2475 599 2701 653 suntin
2753 599 2966 652 talibus
3015 601 3255 653 multum
3304 601 3609 667 exercitati,
3653 602 3779 654 mul-

2167 693 2405 760 tumque
2437 689 2623 758 periti,
2658 705 2788 741 cum
2825 688 3075 742 viderint
3100 688 3223 758 jam
3245 690 3378 759 ejus
3409 689 3591 742 exitus
3608 688 3779 744 horam

2166 777 2495 843 imminere,
2542 776 2796 829 cilicium
2855 777 3209 845 expandunt,
3260 777 3511 831 cinerem
3565 777 3782 847 desuper

2169 871 2510 935 aspergunt,
2540 866 2904 918 ctintirmum
2929 866 2999 919 de
3033 866 3182 919 lecto
3205 865 3459 918 levatum
3489 866 3542 917 in
3566 865 3782 920 cilicium

2170 956 2540 1019 submittunt;
2572 954 2644 1007 ab
2675 970 2785 1007 uno
2816 971 3019 1009 eorum
3051 956 3375 1023 percutitur
3408 954 3590 1007 tabula
3618 959 3785 1008 contra

2168 1043 2380 1097 ostium
2397 1043 2640 1096 claustri
2657 1043 2866 1097 crebra
2881 1044 3115 1113 etquasi
3131 1045 3404 1096 continua
3420 1042 3783 1112 percussione.

2169 1132 2331 1196 Quod
2383 1148 2514 1184 cum
2558 1132 2795 1203 signum
2842 1133 2918 1184 sit
2976 1132 3209 1198 abituri,
3249 1131 3404 1184 illico
3464 1134 3522 1184 ut
3567 1131 3787 1184 auditum

2169 1222 2362 1287 fuerit,
2398 1222 2613 1274 fratres
2647 1236 2854 1274 omnes
2886 1225 3221 1289 accurrunt;
3257 1236 3390 1273 nam
3421 1220 3673 1290 quamvis
3700 1220 3788 1274 ho-

2168 1311 2306 1362 mini
2341 1309 2529 1363 nostri
2553 1310 2780 1364 ordinis
2808 1309 3045 1365 omnino
3077 1309 3153 1362 sit
3184 1308 3539 1379 prohibitum
3562 1312 3617 1361 ut
3644 1308 3790 1362 ullius

2168 1399 2249 1453 rei
2271 1398 2457 1470 gratia
2478 1414 2719 1469 gravem
2735 1402 2789 1452 et
2803 1402 3186 1467 temperatum
3208 1399 3510 1452 incessum
3523 1396 3791 1467 aliquando

2167 1488 2431 1556 excedat,
2455 1491 2646 1541 tamen
2671 1487 2741 1540 ad
2766 1488 3107 1541 morientem
3134 1493 3187 1541 et
3210 1488 3284 1540 ad
3307 1487 3634 1541 incendium
3648 1487 3791 1539 etiam

2167 1580 2521 1645 praeceptum
2556 1579 2615 1630 ut
2648 1580 2862 1629 currat.
2915 1577 3032 1630 Sed
3065 1577 3116 1629 si
3148 1576 3242 1630 ha)
3277 1576 3490 1629 tabulae
3520 1576 3789 1644 percussio

2166 1666 2429 1718 evenerit
2475 1664 2565 1718 vel
2616 1665 2848 1736 quando
2899 1666 3179 1719 alterutra
3227 1666 3434 1733 missa,
3469 1665 3557 1718 vel
3596 1663 3790 1734 quando

2168 1754 2461 1824 regularis
2484 1754 2626 1806 hora
2642 1758 2924 1821 cantatur,
2943 1757 3229 1825 quotquot
3247 1758 3406 1807 stant
3429 1753 3568 1807 foris
3587 1753 3792 1805 chorum

2167 1846 2502 1909 accurrunt,
2538 1843 2638 1912 qui
2669 1843 2728 1896 in
2757 1842 2960 1911 choro,
2997 1843 3256 1910 minime,
3293 1843 3410 1896 nisi
3437 1841 3640 1912 quibus
3664 1840 3794 1910 prior

2168 1931 2442 1997 innuerit,
2479 1935 2536 1985 et
2580 1931 2988 1985 obedientiarii
3021 1933 3121 2002 qui
3152 1930 3221 1984 ad
3258 1931 3575 2001 exsequias
3612 1928 3793 1999 aliquid

2169 2022 2307 2072 sunt
2338 2020 2567 2074 facturi.
2618 2020 2782 2084 Quod
2834 2022 2886 2073 si
2920 2021 2977 2074 in
3009 2020 3332 2074 refectorio
3371 2018 3558 2072 adhuc
3601 2017 3790 2084 sedent,

2169 2113 2225 2162 et
2252 2108 2423 2161 lectio
2447 2108 2696 2162 necdum
2721 2114 2812 2163 est
2836 2110 3016 2178 finita,
3044 2110 3218 2163 iidem
3241 2123 3479 2179 quoque
3502 2107 3790 2177 prosiliunt,

2169 2213 2522 2268 quanquam,
2558 2198 2815 2251 defuncti
2850 2214 3097 2269 corpore
3130 2199 3343 2262 lavate,
3372 2197 3505 2252 etin
3526 2194 3791 2251 ecclesiam

2168 2287 2491 2355 deportato,
2517 2286 2709 2341 denuo
2733 2287 2810 2340 sit
2831 2288 2971 2341 illuc
2987 2287 3378 2355 redeundum,
3404 2291 3465 2340 ut
3487 2285 3647 2340 lectio
3667 2284 3794 2337 ﬁnia-

2169 2378 2283 2439 tur,
2337 2380 2392 2429 et
2441 2376 2707 2445 psalmus
2757 2381 3080 2430 consuetus
3121 2379 3411 2430 cantetur.
3441 2376 3791 2429 Aecum-entes

2171 2468 2361 2519 autem
2411 2468 2643 2519 cantant
2700 2469 2756 2519 et
2809 2468 3113 2520 recantant
3170 2464 3463 2537 majorem
3502 2462 3791 2534 Symbolum

2170 2553 2325 2622 fidei,
2342 2558 2403 2607 ut
2416 2554 2673 2608 fraterna
2687 2554 2836 2609 fides
2850 2554 3200 2627 suffragium
3214 2555 3481 2609 conferat
3495 2554 3790 2622 migratum.

2170 2642 2285 2696 Sed
2342 2644 2394 2696 si
2454 2643 2649 2697 exitus
2708 2643 2842 2713 ejus
2902 2644 3125 2698 tardior
3188 2643 3573 2714 aliqantulum
3628 2640 3793 2705 fuerit,

2166 2732 2395 2804 agenda
2409 2737 2500 2786 est
2512 2732 2642 2803 ipso
2656 2732 2868 2787 domno
2883 2733 3092 2787 abbate
3108 2733 3196 2785 vel
3214 2734 3414 2802 priore
3429 2729 3793 2802 pronuntiante

2167 2821 2384 2889 litania;
2419 2825 2475 2874 et
2506 2821 2822 2893 unicuique
2854 2822 3077 2875 nomini
3106 2825 3455 2876 sanctorum
3477 2818 3793 2889 subjungen-

2165 2910 2301 2962 dum
2333 2914 2442 2977 est,
2480 2910 2595 2964 Ora
2609 2927 2721 2982 pro
2744 2927 2827 2965 eo.
2867 2910 2971 2964 Est
2986 2913 3178 2964 autem
3210 2909 3632 2982 prolonganda,
3654 2907 3796 2975 prout

2162 2999 2501 3067 permiserit
2552 2999 2832 3068 temporis
2877 3000 3046 3069 ratio,
3097 3002 3153 3053 et
3203 2999 3535 3053 secundum
3576 2994 3709 3067 quod
3750 2994 3796 3045 in

2165 3103 2344 3140 causa
2390 3089 2698 3157 migraturi
2748 3089 3009 3158 prospici
3067 3091 3332 3159 potuerit
3386 3088 3479 3141 vel
3536 3083 3792 3140 mstimari.

2164 3176 2373 3230 Finitis
2396 3193 2536 3230 vero
2561 3180 2899 3231 sanctorum
2925 3177 3263 3231 nominibus
3290 3176 3601 3232 confestim
3629 3171 3794 3226 subin-

2163 3265 2375 3320 fertur:
2405 3266 2712 3336 Propitius
2734 3272 2880 3333 esto,
2904 3266 3099 3321 Parce
3117 3267 3193 3335 ei,
3214 3267 3487 3329 Domine,
3512 3262 3790 3333 Propitius,

2162 3359 2272 3408 etc.
2307 3354 2549 3420 Libera,
2593 3360 2703 3410 etc.
2740 3356 2826 3409 De
2872 3354 3071 3425 gladio
3100 3355 3384 3424 maligno,
3435 3353 3643 3407 Libera
3671 3365 3791 3414 eum,

2159 3443 2423 3496 Domine.
2460 3444 2507 3497 A
2536 3450 2723 3498 morte
2737 3450 3043 3515 perpetua,
3081 3443 3325 3498 Libera.
3352 3448 3466 3498 etc.
3493 3443 3541 3496 A
3562 3438 3788 3511 pondere

2154 3539 2549 3603 peccatorum,
2583 3533 2824 3602 Libera,
2859 3538 2969 3586 etc.
3002 3534 3051 3586 A
3081 3539 3236 3586 tetra
3269 3532 3550 3603 caligine,
3587 3529 3790 3590 Libera,

2160 3625 2270 3688 etc,
2295 3620 2419 3674 l’er
2435 3637 2667 3675 crucem
2691 3627 2864 3690 tuam,
2894 3621 3132 3689 Libera,
3159 3624 3270 3674 etc.
3294 3621 3426 3675 Per
3448 3616 3788 3674 intercessio

2161 3725 2290 3763 nem
2307 3710 2559 3763 omnium
2573 3716 2927 3777 sanctorum,
2951 3709 3188 3777 Libera,
3213 3712 3328 3763 etc.
3353 3709 3713 3769 Peccatores,
3732 3702 3794 3756 Te

2159 3814 2454 3871 royamus,
2491 3798 2629 3852 audi
2658 3815 2781 3852 nos.
2816 3798 2889 3851 Ut
2920 3798 3245 3852 iracundiae
3265 3804 3382 3851 tum
3400 3795 3626 3868 ﬂagella
3650 3793 3714 3848 ab
3741 3806 3794 3846 eo

2158 3903 2453 3941 amoveas.
2499 3887 2575 3941 Te
2598 3903 2724 3958 rog.
2766 3887 2841 3941 Ut
2862 3888 3139 3958 Spiritum
3162 3887 3290 3958 ejus
3322 3904 3355 3941 a
3388 3887 3512 3941 loco
3539 3881 3790 3955 angustia?

2157 3975 2405 4045 Iiberes,
2423 3975 2499 4030 Te
2514 3991 2642 4048 rog.
2658 3975 2731 4030 Ut
2751 3992 2876 4030 cum
2894 3974 3106 4030 ﬁducia
3124 3975 3281 4030 diem
3284 3976 3320 4047 j
3327 3974 3512 4030 udicii
3527 3974 3793 4043 exspectet

2169 4065 2245 4120 Te
2267 4082 2394 4136 rog.
2428 4066 2502 4119 Ut
2521 4082 2648 4119 eum
2670 4066 2732 4118 in
2751 4081 2991 4119 numero
3005 4064 3368 4136 placentium
3391 4064 3504 4118 tibi
3521 4056 3795 4117 recenseri

2161 4154 2368 4223 facias,
2403 4155 2480 4208 Te
2502 4171 2614 4226 rog
2659 4154 2733 4208 Ut
2757 4171 2884 4207 eum
2903 4170 2933 4207 a
2959 4169 3203 4207 numero
3220 4153 3495 4208 discerni
3514 4151 3688 4206 facias
3704 4161 3794 4200 ma-

2159 4243 2367 4312 lorum,
2410 4243 2487 4297 Te
2517 4260 2644 4314 rog.
2679 4243 2752 4296 Ut
2784 4260 2910 4297 eum
2932 4243 2994 4295 in
3016 4243 3261 4312 regione
3290 4242 3557 4296 vivorum
3579 4234 3794 4294 cateruis

2155 4332 2313 4403 gaud
2317 4332 2361 4384 ii
2365 4332 2481 4399 s,i‘o
2495 4332 2656 4401 γει-1]
2661 4331 2843 4385 abeas
2856 4331 2932 4385 Te
2943 4346 3071 4402 rog.
3087 4329 3159 4384 Ut
3173 4345 3301 4385 eum
3309 4332 3561 4400 praemia
3582 4334 3794 4382 wterua}

2164 4421 2304 4475 vitae
2324 4422 2578 4491 adipisci
2598 4421 2806 4487 facias,
2834 4420 2910 4474 Te
2931 4436 3057 4491 rog.
3081 4418 3155 4473 Ut
3170 4434 3297 4473 eum
3317 4436 3350 4473 a
3373 4417 3676 4474 mortifero
3696 4427 3795 4466 vas-

2159 4516 2351 4564 tatore
2365 4509 2695 4565 defendere
2709 4510 3004 4580 digneris,
3021 4508 3098 4561 Te
3110 4509 3477 4579 rog.Agnus,
3493 4504 3789 4561 etc.Paree.

2067 4577 2122 4639 D
2157 4602 2381 4671 Agnus.
2407 4600 2567 4653 Dona
2583 4600 2639 4652 ei
2658 4577 2919 4669 requiem
2935 4600 3159 4669 Agnus.
3183 4577 3491 4651 illiserere
3503 4596 3639 4667 ejus.
3654 4587 3793 4655 Quod

2155 4691 2209 4744 si
2243 4691 2493 4744 necdum
2546 4688 2752 4752 finivit,
2804 4690 3134 4741 conventus
3179 4686 3423 4754 recedit,
3459 4690 3516 4739 et
3546 4676 3790 4751 aliquanti

2156 4779 2256 4849 qui
2291 4780 2598 4836 remanent
2626 4775 2977 4830 Psalterium
3003 4775 3307 4844 incipiunt.
3331 4773 3480 4827 Cum
3499 4775 3677 4827 autem
3690 4767 3790 4838 jam

2156 4883 2288 4921 eum
2318 4882 2434 4920 non
2465 4865 2860 4919 dubitaverint
2884 4864 3130 4931 obiisse,
3167 4864 3495 4917 dicuntura
3516 4857 3787 4915 sacerdote

2158 4957 2250 5010 hae
2264 4955 2556 5010 collectae:
2580 4954 2714 5008 Pioe
2725 4954 3164 5009 recordationis
3177 4951 3413 5020 affectu,
3431 4952 3650 5006 fratres
3664 4945 3786 4999 Alia.

2161 5046 2320 5099 Deus
2352 5044 2445 5098 cui
2476 5046 2666 5098 omnia
2703 5044 2927 5097 vivunt.
2958 5043 3226 5113 Suscipe,
3262 5042 3528 5109 Domine,
3571 5037 3787 5091 animam

2159 5135 2329 5188 servi
2353 5134 2802 5187 tui.Conventus
2834 5132 3041 5186 exiens
3075 5135 3134 5184 ut
3164 5131 3470 5185 consident
3488 5132 3614 5183 ante
3631 5118 3789 5193 capel-

2160 5224 2271 5277 lam
2294 5223 2355 5275 S.
2374 5222 2592 5289 Mariae,
2609 5224 2801 5275 cantat
2815 5236 3100 5290 vesperas
3114 5236 3218 5290 pro
3231 5218 3544 5283 defunctis,
3560 5213 3785 5269 ofﬁcium

2157 5315 2212 5366 et
2241 5314 2443 5365 matut.
2477 5326 2595 5364 non
2644 5310 2755 5363 alia
2786 5310 3029 5364 collecta
3071 5324 3244 5379 quam
3279 5324 3345 5362 ea
3395 5306 3540 5373 sola,
3585 5313 3787 5369 semper

2156 5404 2444 5471 sequente
2465 5416 2476 5454 :
2503 5398 2885 5470 Omnipotens
2900 5400 3264 5469 sempiterno
3283 5398 3458 5451 Deus.
3480 5396 3548 5449 Et
3562 5394 3609 5447 si
3633 5392 3785 5444 frater

2158 5489 2372 5542 obierit
2401 5488 2633 5543 interim
2681 5488 2817 5541 dum
2849 5490 3178 5541 conventus
3227 5490 3319 5540 est
3366 5485 3435 5538 ad
3482 5480 3778 5552 regularem

2156 5581 2380 5646 horam,
2434 5577 2526 5631 vel
2572 5577 2644 5630 ad
2674 5577 2939 5645 missam,
2992 5580 3198 5646 postea
3248 5590 3363 5629 non
3392 5574 3468 5626 ita
3517 5562 3779 5623 currendo
