4028 6176
183 329 283 390 773

750 322 1451 389 CONSUETUDINES
1507 326 2155 392 CLUNIACENSES.
2189 362 2268 375 -
2303 328 2551 398 LIBER
2593 332 2967 397 TERTIUS.

3478 333 3597 396 7'74

195 523 470 589 venit,sed
497 522 796 578 moderato
828 522 1091 595 incessu,
1116 527 1173 578 et
1201 526 1490 581 cantando
1520 541 1688 597 vesp.
1709 526 1815 582 de-
1838 511 1893 574 Α
1933 528 2255 599 sepelitur;
2290 530 2435 584 alias
2464 530 2722 586 minime.
2743 531 2815 586 Et
2834 547 2953 586 nox
2979 532 3085 587 alia
3120 532 3324 589 intres
3354 534 3594 606 vigilias

187 615 508 669 functorum.

244 702 366 757 Mox
386 705 571 755 autem
597 704 659 755 ut
686 702 916 772 obierit,
963 703 1115 757 ultro
1144 707 1494 773 procurrent
1537 704 1817 759 conversi

188 797 238 846 ut
263 792 483 861 pulsent
535 790 729 844 omnia
779 791 975 862 signa,
1015 796 1072 846 et
1112 792 1360 862 prolixe,
1407 797 1468 847 ut
1511 798 1817 863 apportent

183 880 352 934 adhuc
381 878 548 932 aliam
581 894 840 948 crucem,
861 883 918 934 et
947 897 1159 935 rursus
1181 896 1391 952 aquam
1422 882 1808 945 bencdictam,

181 966 501 1024 candelabra
534 970 590 1020 et
616 967 1161 1040 thuribulum;quae
1194 985 1327 1023 cum
1352 969 1570 1025 fuerint
1598 987 1814 1041 oppor—

179 1057 547 1126 tata,incenso
562 1071 748 1126 super
760 1056 1100 1112 defunctum
1116 1058 1268 1113 facto
1289 1060 1815 1130 aspergituretiam

183 1161 311 1217 aqua
328 1145 652 1199 benedicta.
668 1145 814 1199 Post
836 1147 1150 1215 modicum,
1166 1147 1342 1202 simul
1362 1164 1494 1202 cum
1513 1149 1662 1218 ipsis
1680 1165 1812 1219 quae

174 1237 446 1305 apportata
481 1238 622 1287 sunt
651 1233 901 1289 offertur
925 1235 981 1288 in
1007 1235 1276 1290 atriolum
1303 1236 1403 1291 ubi
1434 1238 1682 1291 lavetur.
1698 1237 1815 1292 Sed

175 1339 287 1378 eum
314 1338 417 1376 nec
447 1324 702 1393 portant,
736 1338 848 1377 nec
876 1323 1093 1392 lavant,
1115 1340 1225 1379 nec
1257 1326 1315 1379 in
1346 1326 1690 1396 sepulcrum
1707 1341 1814 1394 po-

173 1417 293 1466 nunt
320 1411 412 1465 alii
440 1412 661 1466 fratres
690 1426 867 1482 quam
893 1415 993 1484 qui
1030 1412 1163 1484 ejus
1209 1417 1348 1468 sunt
1377 1415 1604 1470 similes
1630 1415 1724 1469 vel
1754 1415 1816 1469 in

171 1500 349 1556 ordine
386 1501 479 1554 vel
528 1501 659 1555 sine
704 1500 931 1556 ordine.
983 1502 1071 1555 Ad
1126 1503 1517 1557 infirmarium
1561 1504 1817 1573 pertinet

171 1604 355 1659 aquam
386 1588 638 1643 calidam
667 1589 1017 1658 providere;
1053 1591 1125 1644 ad
1161 1591 1549 1646 camerarium
1578 1608 1645 1647 ea
1676 1592 1811 1663 qui-

170 1677 266 1731 bus
289 1681 374 1731 est
404 1677 768 1732 induendas.
811 1678 1057 1733 Ponitur
1084 1694 1267 1748 super
1295 1679 1552 1734 tabulam
1584 1680 1655 1734 ad
1699 1681 1811 1735 hoc

170 1766 336 1820 solum
357 1766 1025 1836 destinatam,nudatur,
1052 1768 1280 1822 lavatur
1305 1785 1337 1821 a
1370 1769 1591 1823 vertice
1621 1785 1811 1841 usque

173 1853 233 1907 ad
259 1854 510 1924 plantam
561 1856 751 1925 pedis.
796 1856 933 1910 Sola
981 1857 1239 1911 verenda
1288 1858 1474 1912 veteri
1523 1858 1810 1913 stamineo
1847 1883 1897 1943 Β

167 1948 283 1996 sunt
324 1947 625 2012 cooperta.
672 1944 935 1999 Vestitur
964 1946 1271 2014 stamineo,
1316 1946 1565 2014 cuculla,
1602 1947 1813 2018 caligis

172 2032 695 2100 nocturnalibus,et
715 2033 956 2089 sudario
981 2034 1137 2105 quod
1169 2034 1350 2090 estde
1381 2035 1587 2089 eodem
1618 2051 1812 2104 panno

168 2121 227 2175 de
245 2137 350 2191 quo
377 2126 468 2176 est
508 2122 880 2191 stamineum,
906 2123 1061 2177 sicut
1091 2126 1146 2177 et
1172 2123 1402 2196 caligae,
1432 2140 1565 2195 quae
1598 2129 1654 2189 et
1684 2125 1811 2179 lon-

166 2210 345 2281 giores
377 2216 524 2265 sunt
558 2227 733 2283 quam
779 2211 910 2266 aliae
944 2213 1173 2284 caligae,
1206 2227 1314 2267 nec
1345 2213 1403 2265 in
1445 2213 1808 2268 extremitate

164 2300 348 2366 patulae
391 2304 540 2354 sunt
579 2303 863 2354 consutae.
911 2299 1212 2371 Capellum
1259 2301 1506 2356 cucullae
1553 2302 1813 2373 desuper

165 2386 346 2441 faciem
378 2404 450 2443 ex
495 2392 749 2460 utraque
782 2393 944 2458 parte
996 2390 1304 2446 consuitur
1342 2393 1545 2444 contra
1575 2395 1806 2461 pectus,

162 2492 319 2545 super
342 2478 501 2548 quod
538 2478 712 2532 etiam
744 2494 955 2532 manus
986 2493 1168 2549 supra
1221 2478 1512 2533 cucullum
1562 2480 1809 2548 compli-

162 2569 358 2634 cantur,
373 2567 631 2637 ipsaque
663 2567 891 2621 cuculla
911 2583 1016 2637 per
1035 2568 1165 2622 loca
1195 2568 1538 2622 consuendo
1563 2568 1638 2622 ita
1670 2583 1809 2622 con-

161 2656 462 2727 stringitur,
504 2659 569 2709 ut
599 2657 657 2710 in
698 2656 853 2710 nulla
889 2659 1051 2725 parte
1084 2657 1161 2711 sit
1188 2656 1341 2710 laxa.
1384 2657 1527 2711 Item
1566 2660 1808 2712 noctur-

161 2744 293 2796 nalia
321 2748 701 2799 consuuntur
719 2745 791 2798 ad
823 2745 1095 2800 invicem.
1117 2745 1277 2800 Inter
1306 2746 1618 2800 lavandum
1643 2746 1808 2800 lava-

160 2836 300 2886 tores
329 2836 624 2904 quotquot
654 2833 848 2886 sciunt
874 2834 1155 2903 psalmos,
1181 2850 1296 2887 non
1330 2838 1569 2889 cessant
1599 2850 1630 2887 a
1649 2836 1805 2905 psal-

163 2922 347 2986 modia,
382 2927 438 2976 et
462 2922 759 2976 sacerdos
799 2922 939 2976 dicit
967 2923 1119 2977 hanc
1164 2923 1504 2978 collectam:
1539 2922 1804 2995 Suscipe,

161 3008 400 3077 Domine,
416 3011 681 3065 animum
701 3026 806 3065 ser
817 3013 985 3065 vitni.
1002 3012 1325 3083 Postquam
1344 3013 1594 3066 vestitus
1611 3012 1804 3082 fuerit,

162 3098 465 3168 incensum,
524 3100 683 3170 quod
732 3100 965 3154 interim
1010 3116 1249 3171 semper
1287 3105 1414 3155 erat
1443 3102 1805 3168 continuum,

161 3186 380 3242 mittitur
427 3203 622 3259 super
665 3204 819 3258 eum,
867 3193 922 3243 et
968 3205 1256 3260 aspersus
1301 3205 1452 3260 aqua
1496 3189 1808 3244 benedicta
1844 3232 1887 3260 Α

1842 3240 1893 3303 C

162 3276 372 3342 ponitur
416 3278 478 3330 in
508 3276 1160 3351 feretrum,etdesuper
1179 3278 1537 3348 opertorium
1556 3279 1804 3347 levatur,

154 3366 391 3431 portatur
419 3379 622 3435 usque
652 3365 723 3418 ad
763 3365 980 3419 ostium
1028 3369 1231 3419 contra
1274 3369 1629 3420 conventum
1658 3382 1673 3436 ;
1706 3367 1806 3437 qui

156 3464 267 3504 cum
296 3453 528 3506 venerit
561 3452 632 3505 ad
660 3452 834 3506 tinem
864 3452 1122 3524 alicujus
1145 3454 1374 3523 psalmi,
1394 3454 1507 3508 hoc
1526 3454 1686 3523 prior
1704 3455 1807 3509 ob-

154 3545 349 3605 servat,
383 3544 439 3594 et
470 3542 730 3612 percutit
761 3542 1015 3595 tabulam
1048 3542 1231 3596 semel
1265 3546 1505 3597 tantum.
1546 3543 1807 3597 Dimissa

155 3629 453 3694 psalmodia
482 3671 499 3699 ,
559 3630 633 3684 al)
681 3630 954 3684 omnibus
1004 3631 1298 3685 inclinatis
1343 3631 1560 3685 dicitur
1608 3632 1804 3687 Oratio

156 3714 453 3786 Dominica,
485 3721 549 3772 et
575 3718 757 3788 prior,
781 3719 858 3771 Et
892 3735 965 3773 ne
984 3735 1089 3773 nos
1116 3719 1382 3787 inducas,
1420 3724 1529 3773 etc.
1552 3721 1602 3773 A
1631 3725 1803 3791 porta

152 3802 335 3860 inferi.
384 3807 555 3861 Orat.
608 3807 767 3861 Deus
825 3808 960 3861 vitae
1009 3808 1212 3875 dator,
1261 3811 1370 3862 etc.
1416 3808 1563 3877 Alia,
1622 3809 1800 3878 Deus,

154 3893 236 3961 qui
253 3894 642 3949 humanarum
672 3884 998 3950 animarum
1026 3903 1292 3951 aeternus
1324 3903 1550 3952 amator
1581 3914 1665 3951 cs.
1687 3897 1804 3951 Im-

151 3982 361 4049 ponitur
391 4000 681 4053 respons.
708 3984 1061 4039 Subvenite.
1085 3985 1247 4053 Item,
1265 3985 1394 4039 Heu
1427 3986 1590 4053 mihi,
1608 3990 1719 4040 etc.
1738 3986 1802 4040 In

153 4073 518 4137 processione
539 4088 776 4127 crucem
793 4077 1122 4144 sequuntur
1134 4074 1319 4144 pueri,
1328 4078 1530 4144 postea
1545 4075 1800 4144 priores,

152 4163 330 4225 postea
362 4162 671 4227 conversi,
706 4165 763 4216 et
790 4161 1050 4216 defuncti
1092 4163 1415 4232 portitores
1464 4163 1799 4234 novissimi,

152 4245 373 4319 ipseque
402 4250 731 4305 defunctus
758 4256 893 4305 ante
922 4251 1104 4306 altare
1135 4251 1195 4305 S.
1226 4251 1428 4306 Mariae
1458 4252 1798 4320 collocatur,

154 4348 322 4407 usque
347 4338 489 4393 dum
507 4354 618 4410 pro
632 4354 702 4393 eo
717 4339 845 4393 haec
862 4340 1106 4394 collecta
1120 4341 1369 4408 dicatur,
1387 4341 1567 4409 Deus,
1594 4341 1800 4409 veniae,

151 4422 401 4495 largitor.
438 4428 683 4482 Rursus
714 4429 987 4498 imposito
1019 4445 1180 4499 resp.
1220 4429 1314 4483 Ne
1344 4429 1712 4498 recorderis,
1749 4432 1806 4483 et

153 4516 727 4583 postea,Peccantcm
738 4533 832 4571 me
845 4518 1189 4589 quotidie,et
1200 4518 1529 4587 pulsatione
1544 4518 1802 4572 omnium

1933 621 2025 671 est
2055 617 2529 689 divisa,quarum
2560 620 2808 689 primam
2839 621 3059 675 chorus
3090 622 3211 692 agit
3239 623 3461 692 dexter,
3493 638 3594 678 se-

1932 706 2183 760 cundam
2205 708 2468 774 sinister,
2494 709 2882 763 novissimam
2916 712 3052 779 post
3080 712 3395 765 matutinas
3424 712 3591 780 pueri

1933 810 2063 848 cum
2097 797 2422 867 magistris.
2454 796 2515 851 Si
2547 801 2638 851 est
2670 813 2783 851 nox
2816 797 3107 867 hiemalis,
3141 801 3203 852 ut
3248 816 3279 852 a
3308 799 3591 853 Kalendis

1929 881 2134 937 Octob.
2168 898 2360 954 usque
2391 885 2458 937 ad
2494 883 2730 939 Omnem
2766 885 3104 952 Domini,ad
3124 901 3593 957 unamquamque

1931 970 2193 1042 vigiliam
2230 971 2578 1026 Psalterium
2609 988 2683 1027 ex
2713 976 2831 1027 toto
2863 976 2955 1027 est
2983 974 3315 1042 dicendum,
3354 976 3594 1045 vesperi

1932 1058 2027 1113 off.
2060 1062 2116 1114 et
2156 1062 2291 1113 mat.
2342 1060 2548 1115 laudes
2596 1076 2702 1131 pro
2746 1061 3061 1129 defunctis,
3116 1062 3311 1116 addito
3357 1078 3594 1132 semper

1944 1147 2135 1202 Verba
2161 1164 2308 1203 mea.
2330 1149 2402 1203 At
2432 1150 2486 1203 si
2511 1154 2603 1203 est
2633 1151 2859 1218 aestiva,
2893 1153 3032 1205 tunc
3062 1151 3134 1204 de
3162 1151 3453 1206 Psalterio
3473 1168 3591 1206 non

1929 1236 2048 1290 nisi
2081 1240 2314 1291 centum
2345 1238 2496 1308 psal.
2532 1241 2669 1293 sunt
2699 1239 2950 1293 dicendi.
2986 1238 3057 1293 Et
3084 1239 3137 1293 si
3167 1242 3303 1309 post
3332 1241 3593 1310 comple-

1928 1326 2147 1379 torium
2177 1325 2373 1381 obitus
2405 1327 2604 1381 fratris
2635 1327 3338 1399 contigerit,Psalterium
3361 1343 3479 1383 non
3498 1332 3592 1383 est

1928 1413 2346 1484 incipiendum,
2371 1416 2487 1469 nisi
2517 1412 2683 1486 prius
2706 1432 2778 1470 ex
2811 1420 2926 1470 toto
2960 1417 3079 1470 sint
3106 1418 3354 1487 expleta,
3382 1420 3590 1487 postea

1928 1518 2104 1572 quam
2138 1503 2322 1558 frater
2352 1504 2512 1573 obiit,
2546 1508 2603 1559 et
2626 1520 2794 1575 vesp.
2827 1520 2937 1575 pro
2969 1505 3286 1576 defunctis,
3321 1509 3377 1560 et
3403 1504 3499 1560 off.
3536 1510 3593 1561 et

1928 1593 2129 1646 matut.
2157 1590 2312 1646 laud.
2347 1598 2402 1648 et
2447 1593 2636 1648 Verba
2668 1609 2813 1648 mea.
2850 1594 3034 1649 Missa
3086 1598 3285 1649 matut.
3323 1596 3592 1649 cantatur

1924 1694 2035 1749 pro
2066 1694 2156 1749 eo,
2191 1681 2263 1735 ad
2294 1697 2468 1752 quam
2507 1697 2713 1736 omnes
2757 1686 2820 1736 ut
2849 1684 3091 1738 otlerant
3140 1684 3357 1738 debent
3400 1683 3589 1738 inter-

1925 1783 2084 1824 esse.
2121 1769 2418 1824 Diaconus
2449 1775 2761 1842 postquam
2800 1770 3198 1826 incensaverit
3225 1772 3449 1843 altaria,
3501 1773 3587 1827 in-

1926 1860 2132 1913 censat
2153 1861 2210 1912 et
2238 1858 2598 1914 defunctum.
2632 1859 2982 1931 Sepulcrum
3024 1877 3158 1915 cum
3188 1862 3406 1916 factum
3457 1862 3589 1916 fue-

1924 1945 2019 2012 rit,
2036 1945 2284 2005 dicenda
2310 1950 2402 2002 est
2432 1947 2562 2002 hinc
2595 1949 2839 2003 collecta
2867 1965 3050 2020 super
3079 1949 3221 2004 illud
3249 1966 3261 2004 :
3294 1950 3474 2019 Deus,
3493 1951 3591 2023 q‘ui
3678 1954 3691 1963 ‘

1923 2032 2209 2090 fundasti.
2244 2036 2468 2107 Majore
2496 2037 2682 2092 missa
2712 2038 2892 2107 finita,
2913 2039 3007 2093 vel
3041 2038 3094 2092 si
3124 2043 3215 2093 est
3244 2038 3590 2110 Quadrage-

1927 2124 2061 2193 sim,
2125 2124 2295 2178 scilla
2351 2125 2423 2179 ad
2480 2142 2648 2196 vesp.
2698 2127 2948 2196 pulsata,
3004 2131 3061 2181 et
3112 2128 3376 2183 oratione
3418 2143 3586 2200 veSp.

1927 2213 2260 2283 praemissa,
2285 2214 2450 2283 prior
2469 2230 2648 2268 unum
2667 2215 2738 2269 de
2755 2215 3085 2287 majoribus
3111 2216 3308 2288 signis
3326 2217 3589 2288 aliquan-

1922 2302 2105 2356 tulum
2138 2303 2333 2373 pulsat
2361 2318 2469 2373 per
2495 2305 2617 2357 tres
2651 2304 2835 2358 vices.
2870 2304 3241 2359 Conveniunt
3271 2305 3506 2374 fratres,
3532 2308 3590 2360 et

1923 2386 2078 2445 cerei
2099 2406 2205 2460 per
2224 2391 2505 2445 custodes
2522 2390 2796 2446 ecclesiae
2817 2391 3269 2447 distribuuntur.
3291 2393 3587 2448 Sacerdos

1922 2479 2264 2533 defunctum
2295 2480 2909 2551 sepulturus,indutus
2933 2483 3023 2535 est
3044 2481 3173 2535 alba
3196 2485 3252 2536 et
3276 2483 3445 2536 stola.
3470 2483 3597 2559 Ar-_

1927 2568 2149 2621 marius
2178 2568 2404 2623 adscito
2434 2569 2548 2622 alio
2589 2569 2769 2625 fratre
2806 2569 3028 2639 incipit,
3078 2570 3289 2643 Kyrie,
3334 2569 3582 2639 eteison,

1925 2655 2186 2722 Christe,
2225 2657 2468 2725 eleison,
2496 2657 2706 2729 Kyrie,
2739 2661 2849 2712 etc.
2897 2658 2985 2711 Ad
3013 2659 3169 2729 quod
3201 2674 3336 2713 cum
3378 2674 3586 2714 omnes

1920 2744 2097 2799 simul
2126 2745 2559 2816 responderint,
2600 2747 2950 2801 submittunt
2992 2763 3059 2802 se
3090 2747 3362 2817 inclines,
3398 2751 3455 2802 et
3485 2763 3586 2802 sa-

1919 2834 2132 2888 cerdos
2154 2834 2381 2905 absque
2412 2834 2764 2890 salutatione
2795 2836 2936 2890 dicit
2965 2835 3074 2890 has
3106 2836 3415 2891 collectas:
3450 2836 3586 2893 Non

1918 2922 2133 2976 intres.
2169 2923 2305 2992 Fac,
2351 2940 2698 2995 quaesumus,
2732 2925 2997 2980 Domine.
3036 2924 3279 2994 Inclina,
3316 2925 3581 2980 Domine.

1917 3011 2144 3075 Quibus
2175 3012 2564 3081 interponitur
2590 3014 2794 3083 resp.l
2823 3014 3034 3069 Induta
3067 3020 3178 3068 est.
3206 3012 3240 3067 2
3274 3013 3429 3081 Scio,
3462 3014 3583 3068 Do-

1918 3101 2096 3155 mine.
2130 3099 2164 3156 3
2205 3100 2424 3155 Libera
2471 3117 2581 3171 me,
2628 3101 2896 3156 Domine.
2936 3103 3180 3169 Versus,
3218 3104 3329 3155 etc.
3381 3102 3582 3156 Toties

1918 3205 2151 3260 quoque
2165 3190 2448 3245 sacerdos
2463 3191 2731 3245 incensat
2744 3191 2923 3245 altare
2938 3190 3263 3260 principale
3286 3192 3343 3244 et
3364 3205 3582 3259 corpus

1917 3277 2198 3345 defuncti,
2248 3278 2570 3346 imponitur
2613 3278 2834 3348 antiph.
2887 3278 2955 3330 In
3004 3277 3399 3342 Paeradisum,
3448 3292 3581 3331 cum

1914 3366 2064 3435 psal.
2082 3382 2259 3420 cxvn.
2289 3366 2413 3420 Hoc
2428 3369 2679 3421 mutatur
2695 3367 2753 3420 in
2766 3367 3340 3437 processione,quod
3356 3380 3579 3436 pueros

1917 3458 2243 3524 sequantur
2279 3447 2486 3509 novitii
2535 3458 2590 3509 et
2633 3455 2926 3523 conversi,
2976 3456 3033 3509 et
3076 3458 3279 3524 postea
3324 3454 3578 3524 priores.

1916 3542 2081 3597 Stant
2108 3543 2279 3597 etiam
2314 3544 2371 3596 in
2393 3543 2646 3598 ecclesia
2673 3544 2731 3597 S.
2758 3544 2963 3597 Mariae
2982 3559 3112 3598 com
3131 3544 3323 3598 cereis
3343 3544 3578 3597 inﬁrmi.

1915 3632 2254 3686 Conventus
2286 3635 2476 3686 autem
2494 3632 2874 3702 praeveniens
2906 3632 2964 3685 in
2995 3633 3422 3702 ccemeterium,
3474 3648 3581 3687 ex-

1915 3720 2114 3789 pandit
2137 3735 2204 3774 se
2234 3721 2289 3774 in
2322 3721 2556 3775 modum
2591 3724 2848 3776 coronae‘
2881 3725 2938 3776 et
2993 3722 3143 3776 inter
3177 3721 3582 3791 sepeliendum

1915 3823 1983 3862 ea
2013 3809 2339 3879 psalmodia
2384 3824 2516 3863 cum
2549 3810 2769 3878 antiph.
2812 3813 3082 3865 cantatur
3124 3810 3196 3864 ab
3232 3826 3322 3865 eo.
3356 3809 3578 3880 antiph.

1912 3897 2360 3967 Aperite;psal.
2381 3897 2759 3953 Confitemini
2773 3899 3006 3968 ;antiph
3029 3898 3372 3971 .Ingrediar
3385 3916 3399 3964 ;
3426 3897 3578 3969 psal.

1918 3984 2438 4051 Quemadmodum;
2464 3989 2581 4040 ant.
2605 3987 2745 4041 Haec
2784 3989 3065 4059 requies;
3093 3992 3210 4041 ant.
3243 3988 3579 4056 Memento;

1914 4077 2030 4128 ant.
2049 4073 2134 4128 De
2166 4080 2379 4144 terrae;
2401 4074 2553 4142 psal.
2589 4074 2856 4139 Domine,
2872 4075 3149 4146 probasti
3168 4075 3580 4144 me;ant.Non

1912 4162 2137 4230 intres;
2170 4162 2318 4232 psal.
2353 4161 2621 4231 Domine,
2656 4163 3038 4231 exaudi;ant.
3076 4162 3281 4217 Omnis
3302 4165 3576 4234 spiritus;

1912 4251 2062 4319 psal.
2096 4251 2395 4319 Laudate;
2429 4254 2545 4304 ant.
2569 4250 2855 4319 Absolve,
2882 4251 3162 4320 Domine;
3197 4255 3347 4304 cant.
3376 4252 3576 4305 Bene-

1911 4339 2125 4394 dictus.
2150 4338 2443 4393 Sacerdos
2465 4354 2598 4392 cum
2621 4339 2871 4409 primum
2886 4339 3110 4393 venerit
3121 4340 3193 4392 ad
3208 4340 3573 4408 sepulcrum,

1912 4426 2019 4480 has
2033 4427 2172 4481 dicit
2185 4427 2483 4481 collectas:
2507 4426 2904 4482 Obsecremus
2915 4427 3572 4492 misericordiam.Alia,

1910 4515 2071 4571 Deus
2100 4516 2252 4586 apud
2270 4532 2454 4588 quem.
2480 4516 2827 4586 Sepulcrum
2851 4519 2907 4570 et
2927 4516 3093 4586 prius
3112 4519 3168 4571 et
3189 4518 3575 4586 posteaquam

153 4602 583 4675 signorumjam
607 4605 880 4674 incoepta,
902 4610 1165 4675 portatur
1185 4608 1243 4661 in
1271 4607 1585 4662 ecclesiam
1609 4607 1799 4677 mojo-
1828 4597 1880 4657 D
1909 4604 2250 4659 defunctum
2271 4607 2580 4676 receperit,
2605 4605 2970 4675 incensatur,
2997 4609 3053 4661 et
3082 4621 3232 4676 aqua
3264 4606 3574 4660 benedicta

158 4703 283 4757 rem,
315 4694 563 4762 ponitur
579 4709 762 4763 super
794 4694 1032 4749 formas.
1062 4697 1221 4750 Crux
1261 4710 1395 4749 cum
1427 4696 1798 4750 candelabris

152 4777 387 4850 adcaput
406 4781 550 4852 ejus
571 4780 855 4854 affigitur.
881 4782 970 4836 Ab
1004 4784 1098 4838 illa
1132 4784 1295 4851 liora,
1317 4799 1628 4854 quousque
1658 4800 1798 4854 por-

153 4869 361 4923 teturad
377 4872 745 4941 sepulcrum,
764 4889 878 4927 non
898 4873 1180 4928 omittitur
1199 4874 1428 4944 absque
1449 4873 1796 4942 psalmodia,

155 4955 251 5009 nisi
272 4960 454 5015 missa
475 4961 780 5032 generalis
804 4966 902 5014 aut
922 4962 1062 5015 hora
1084 4962 1383 5033 regularis
1403 4965 1704 5027 cantetur;
1728 4962 1800 5016 ad

152 5057 304 5111 quam
333 5065 468 5102 cum
504 5051 755 5119 primum
786 5050 1056 5120 pulsatur
1096 5051 1359 5122 signum,
1395 5055 1592 5105 cessat
1635 5052 1798 5119 psal-

154 5133 344 5205 modia,
397 5142 618 5207 practer
657 5139 729 5192 ad
771 5139 935 5193 solos
979 5143 1337 5208 nocturnos,
1381 5143 1517 5193 tunc
1566 5143 1799 5193 tenetur

153 5232 322 5291 usque
350 5225 423 5278 ad
458 5226 759 5280 introitum
805 5243 1142 5296 puerorum.
1187 5227 1429 5292 Quando
1471 5230 1798 5282 conventus

152 5314 231 5362 est
273 5312 330 5366 in
380 5316 657 5384 capitulo,
704 5316 797 5370 vel
845 5316 906 5370 in
954 5316 1291 5386 rcfectorio,
1325 5318 1487 5387 prior
1532 5318 1800 5388 prascipit

151 5396 452 5469 aliquantis
488 5404 768 5459 fratribus
798 5421 1123 5461 remanere.
1172 5407 1233 5461 Si
1282 5410 1379 5461 est
1420 5411 1652 5477 tempus
1683 5422 1799 5478 quo

152 5483 347 5542 fratres
379 5492 544 5545 circa
574 5494 828 5547 medium
859 5495 1013 5548 diem
1044 5494 1306 5550 dormire
1338 5496 1549 5563 solent,
1586 5497 1684 5550 illo
1707 5496 1800 5550 die

150 5590 252 5629 non
282 5579 595 5636 dormiunt.
634 5582 703 5635 Et
742 5583 1059 5638 defunctus
1091 5584 1145 5638 si
1176 5586 1599 5655 aliquantulum
1627 5586 1798 5655 prius

151 5664 280 5719 obiit
309 5685 487 5739 quam
518 5673 745 5726 sonitus
788 5673 844 5726 in
895 5673 1243 5729 dormitorio
1296 5675 1488 5744 fleret,
1524 5675 1655 5745 ipso
1704 5674 1798 5729 dic

1887 4694 2265 4766 .aspergitur.
2281 4694 2967 4766 Collocaturoperculum
2988 4695 3250 4766 ligneum
3268 4710 3450 4764 super
3472 4693 3571 4748 de-

1912 4782 2268 4852 functum,et
2296 4784 2581 4839 sacerdos
2613 4786 2864 4854 primum
2895 4785 3024 4855 pala
3055 4786 3292 4839 mittens
3315 4783 3572 4853 aliquan-

1912 4872 2092 4924 tulum
2125 4876 2297 4926 terrea
2329 4889 2510 4943 super
2540 4872 2722 4940 illum,
2749 4872 3063 4943 subjungit
3109 4873 3218 4926 has
3250 4871 3568 4927 collectas:

1914 4960 2196 5014 Oremus:
2234 4960 2488 5016 Fratres
2509 4962 2872 5016 cbarissimi.
2899 4962 3075 5029 Deus,
3104 4962 3202 5032 qui
3218 4961 3409 5032 jnstis
3438 4976 3571 5029 sup-

1905 5048 2104 5119 plicia.
2140 5049 2417 5104 Debitum
2447 5050 2687 5104 lmmani
2718 5049 3005 5121 corporis.
3041 5048 3422 5105 Temeritatis
3448 5051 3570 5121 qui-

1910 5136 2061 5192 dem.
2078 5136 2304 5202 Quibus
2324 5138 2495 5192 factis
2509 5140 2728 5193 recedit
2742 5155 2772 5192 a
2786 5137 3062 5209 sepulcro
3084 5138 3262 5192 simul
3284 5154 3418 5192 cum
3440 5154 3572 5193 cru-

1910 5240 1997 5295 ce,
2015 5229 2071 5280 et
2100 5227 2366 5295 procedit
2397 5229 2456 5281 in
2489 5228 2743 5282 medium
2773 5227 3192 5292 coemeterium,
3213 5229 3400 5299 inquo
3415 5233 3572 5283 stant

1906 5317 2094 5386 pueri,
2115 5316 2216 5386 qui
2245 5318 2442 5371 versis
2476 5316 2547 5369 ad
2579 5317 2863 5370 orientem
2889 5315 3150 5370 vultibus
3189 5321 3572 5372 cantaverunt

1904 5406 2352 5476 psalmos,sicut
2365 5410 2420 5461 et
2432 5409 2590 5460 totus
2604 5405 3045 5466 conventuslbi
3059 5406 3171 5460 sub
3187 5405 3575 5477 silentiOprm-

1910 5495 2090 5549 missa
2109 5496 2379 5549 Oratione
2399 5494 2717 5561 Dominica,
2741 5493 3062 5548 subinfert:
3086 5495 3162 5547 Et
3186 5511 3257 5549 ne
3281 5512 3386 5551 nos
3403 5497 3570 5550 indu-

1906 5600 2025 5638 cas.
2038 5583 2347 5639 Vers.Non
2360 5582 2827 5637 intres.Collcct.
2846 5583 2996 5653 Tibi,
3010 5584 3273 5652 Domine,
3292 5600 3506 5639 comma
3517 5586 3595 5637 n—‘

1907 5673 2130 5727 damus.
2164 5671 2369 5727 Cereis
2401 5671 2714 5727 exstinctis
2747 5673 3016 5744 sequitur
3059 5672 3208 5743 psal.
3239 5690 3291 5727 ιι.
3338 5673 3572 5727 Rursus
