3988 6176
390 322 495 387 775

391 526 527 565 eum
555 510 829 565 Oratione
864 511 1166 565 Dominica
1195 527 1355 566 vers.
1388 512 1440 566 A
1475 519 1648 583 porta
1681 513 1868 567 inferi
1885 531 1899 578 ;
1934 514 2051 567 col-
2075 503 2121 560 ελ

389 599 558 668 lecta,
590 599 768 667 Deus,
820 600 986 671 cujus
1033 601 1445 665 miseratione,
1483 601 1630 655 facta
1677 603 2052 657 inclinatione

391 691 694 756 consueta,
730 691 784 740 et
827 704 907 741 vn
950 689 1195 757 psalmis
1239 690 1562 759 impositis,
1596 690 1861 744 redditur
1890 692 1963 744 ita
1991 694 2054 745 ut

390 780 525 844 post
550 790 768 845 pueros
799 777 1032 844 priores
1063 792 1130 830 ea
1152 778 1281 832 vice
1312 779 1431 831 sint
1458 780 1783 833 anteriores
1811 795 1825 846 ;
1859 795 1928 833 eo
1953 779 2050 833 de-

390 863 568 933 nique
599 863 802 917 ordine
834 880 967 917 cum
991 867 1367 933 pervenerint
1391 868 1449 919 in
1482 866 1745 934 chorum,
1782 872 2049 937 proster-

391 954 531 1005 nent
560 967 626 1005 se
647 952 940 1022 cumipsis
963 952 1229 1022 psalmis,
1248 971 1397 1024 quos
1418 954 1836 1025 sacerdosjam
1863 956 2050 1009 albam

396 1043 453 1093 et
483 1041 694 1094 stolam
728 1045 941 1095 exutus
973 1041 1147 1095 eladit
1179 1042 1286 1096 hac
1329 1043 1593 1109 collecta,
1631 1044 1897 1099 Absolve
1935 1044 2055 1097 Do-

394 1129 572 1196 mine,
608 1129 859 1182 auimam
893 1129 1099 1184 famuli
1131 1132 1234 1185 tui.
1278 1130 1480 1203 Signa,
1533 1148 1665 1203 quae
1713 1133 2055 1187 defunctum

396 1214 694 1271 efferendo
736 1219 930 1270 statim
965 1220 1183 1287 pulsari
1219 1226 1355 1274 sunt
1403 1221 1693 1290 inchoata,
1729 1237 1844 1275 non
1885 1222 2055 1291 prius

395 1304 665 1358 omittunt
694 1321 867 1376 quam
896 1308 1177 1361 sacerdos
1207 1310 1527 1362 recesserit
1555 1326 1586 1362 a
1621 1309 1917 1379 sepulcro.

465 1391 601 1462 Ipso
633 1393 725 1448 die
757 1410 872 1464 quo
907 1395 1220 1450 defunctus
1262 1398 1564 1467 sepelitur,
1598 1414 1804 1452 omnes
1852 1413 2056 1451 sacer-

394 1479 561 1535 dotes
596 1486 830 1535 cantant
860 1483 1103 1537 missam
1134 1500 1244 1553 pro
1292 1500 1384 1539 eo.
1418 1486 1481 1539 In
1531 1491 1816 1557 sequente
1864 1490 2056 1540 autem

395 1569 488 1623 die
520 1570 800 1641 quidquid
834 1572 906 1625 ad
938 1588 1165 1626 omnem
1196 1574 1365 1642 panis
1400 1577 1498 1628 aut
1528 1575 1644 1628 vini
1683 1575 2055 1641 remanserit,

394 1657 468 1712 ad
499 1658 936 1731 eleemosynam
968 1677 1075 1730 pro
1102 1677 1170 1715 eo
1201 1662 1388 1717 datur.
1426 1663 1741 1717 Inchoatur
1770 1667 1825 1717 et
1857 1668 2060 1733 septe-

395 1747 604 1801 narius
635 1747 769 1817 ejus
801 1752 857 1802 et
888 1750 1259 1804 tricenarius.
1295 1751 1678 1821 Septenarius
1727 1752 1823 1819 ita,
1856 1755 1918 1805 ut
1955 1767 2063 1821 per

396 1839 623 1906 septem
655 1836 784 1891 dies
809 1837 1070 1892 ofﬁcium
1104 1841 1161 1892 et
1192 1839 1373 1893 missa
1405 1844 1670 1894 cantetur
1703 1857 1734 1894 a
1767 1844 2061 1895 conventu
2096 1872 2142 1931 Β

395 1939 502 1994 pro
530 1939 599 1977 eo
631 1926 1004 1996 generaliter.
1038 1927 1413 1982 Tricenarius
1444 1944 1583 1982 vero
1619 1929 1695 1983 ita
1727 1933 1787 1982 ut
1815 1944 1923 1998 per
1951 1928 2062 1983 tri-

397 2011 561 2083 ginta
591 2012 721 2066 dies
752 2014 922 2067 detur
967 2014 1039 2067 ad
1084 2015 1519 2087 eleemosynam
1560 2016 1693 2087 ejus
1742 2018 2063 2087 praebenba

397 2099 569 2169 plena
600 2116 733 2154 eum
766 2100 919 2156 fabis
947 2106 1002 2156 et
1025 2104 1319 2175 generali;
1344 2109 1399 2159 et
1427 2105 1754 2175 psalmodia
1785 2122 1918 2176 quae
1949 2106 2065 2159 dici

401 2188 553 2242 solet
584 2193 718 2259 post
762 2194 985 2260 matut.,
1022 2195 1078 2245 et
1106 2192 1371 2261 psalmus
1420 2193 1567 2248 Voce
1604 2210 1753 2263 mea,
1786 2195 1884 2265 qui
1915 2193 2067 2248 solet

398 2276 512 2331 dici
546 2278 617 2331 ad
645 2293 853 2332 omnes
878 2279 1091 2344 horas;
1125 2284 1263 2335 tunc
1293 2298 1397 2351 pro
1420 2296 1488 2336 eo
1521 2281 1748 2336 dicatur
1776 2286 1834 2336 et
1878 2283 2066 2337 Verba

397 2381 547 2434 mea,
582 2370 639 2421 et
669 2384 793 2420 xxx
824 2368 1044 2423 missas
1074 2385 1181 2438 pro
1208 2385 1277 2424 eo
1315 2371 1635 2425 cantandas
1667 2387 1698 2425 a
1730 2387 1840 2427 sex
1869 2370 2070 2426 sac‘er-

399 2453 659 2523 dotibus,
677 2458 874 2524 priore
892 2457 1486 2529 incipiente,quorum
1508 2462 1920 2531 unusquisque
1936 2477 2069 2515 cum

406 2556 551 2596 suas
575 2543 789 2597 finierit
820 2544 879 2598 in
911 2547 1162 2616 capitulo
1194 2550 1548 2617 pronuntiat,
1567 2553 1627 2602 ut
1655 2549 1808 2604 alius
1832 2550 2071 2621 incipiat

400 2633 460 2687 in
493 2632 775 2699 crastino,
791 2633 948 2702 quod
962 2650 1257 2705 nunquam
1275 2636 1677 2690 intermittitur
1693 2654 1798 2706 pro
1811 2638 2073 2709 qualibet

401 2719 747 2789 festivitate,
769 2723 1036 2791 exceptis
1060 2739 1167 2792 per
1207 2740 1424 2778 annum
1456 2726 1714 2796 quinque
1745 2726 1977 2794 diebus,
2012 2726 2069 2780 id

403 2811 496 2863 est
525 2808 585 2862 in
617 2808 934 2864 Nativitate
970 2811 1219 2881 Domini,
1252 2813 1309 2865 in
1341 2812 1475 2883 ejus
1513 2814 1990 2885 Resurrectione,
2016 2818 2073 2869 et

401 2894 522 2949 illis
551 2896 744 2951 tribus
776 2898 988 2953 diebus
1019 2900 1119 2970 qui
1167 2901 1430 2955 eamdem
1480 2902 1838 2956 Dominicam
1872 2918 2072 2957 resur-

403 2983 728 3038 rectionem
745 2987 1119 3041 antecedunt.
1143 2986 1261 3041 Sua
1290 3003 1525 3059 quoque
1558 2991 1906 3045 vestimenta
1937 3006 2071 3044 cum

401 3072 654 3142 primum
685 3073 882 3128 abluta
915 3090 1054 3130 esse
1083 3079 1417 3145 potuerunt,
1474 3078 1667 3132 omnia
1698 3083 1942 3149 excepto
1975 3095 2070 3133 co-

404 3162 703 3231 opertorio
734 3166 1043 3233 portantur
1070 3166 1130 3219 in
1178 3167 1517 3236 capitulum,
1574 3173 1638 3221 ut
1686 3167 1989 3222 fratribus.
2019 3168 2072 3221 si

405 3266 556 3321 opus
586 3251 918 3322 habuerint,
938 3253 1303 3319 dividantur;
1329 3261 1385 3308 et
1404 3257 1504 3326 qui
1531 3256 1602 3310 de
1630 3256 1717 3310 eis
1736 3257 1875 3327 quid
1899 3272 2071 3310 acce-

402 3339 574 3409 perit,
614 3341 957 3410 praecipitur
986 3357 1018 3395 a
1065 3344 1259 3412 priore
1307 3346 1369 3397 ut
1416 3344 1680 3398 defuncti
1725 3345 2072 3399 recordetur

405 3443 540 3482 eum
568 3427 913 3498 hujusmodi
944 3431 1289 3499 psalmodia,
1326 3431 1419 3485 vel
1461 3447 1592 3485 cum
1641 3436 1724 3487 tot
1768 3433 1973 3486 missis
2019 3434 2071 3486 si

405 3519 499 3571 est
522 3517 839 3583 sacerdos,
874 3519 1202 3572 secundum
1235 3520 1392 3588 quod
1422 3524 1565 3573 tunc
1595 3521 1958 3589 praecipienti
1990 3521 2073 3574 vi-

406 3602 664 3658 debitur.
715 3602 1167 3674 Coopertorium
1211 3607 1344 3661 ideo
1391 3623 1509 3661 non
1556 3612 1917 3678 apportatur,
1965 3624 2075 3664 nec

404 3691 488 3746 ibi
509 3691 698 3760 datur,
736 3693 874 3762 quia
895 3693 954 3747 id
985 3695 1177 3766 magis
1209 3695 1427 3750 habent
1456 3696 1673 3750 fratres
1704 3713 1808 3766 pro
1836 3698 2074 3752 miseri-

406 3779 628 3845 cordia,
658 3796 831 3852 quam
862 3797 971 3852 pro
999 3783 1098 3836 illa
1128 3785 1388 3855 regulari
1423 3787 1860 3855 constitutione,
1897 3787 2075 3857 cujus

405 3886 518 3926 nec
548 3871 813 3926 meminit
834 3871 894 3927 S.
912 3874 1289 3928 Benedictus.
1307 3873 1516 3929 Finitis
1545 3875 1842 3945 omnibus,
1860 3892 2075 3931 rursus

407 3960 461 4015 ei
492 3960 657 4030 prior
693 3962 1055 4031 imprecetur
1100 3962 1552 4019 absolutionem.
1597 3963 1668 4017 Et
1714 3964 1786 4018 de
1835 3968 2071 4035 cmtero,

407 4049 641 4120 quoties
686 4052 914 4105 venerit
960 4051 1407 4107 anniversarias
1452 4051 1606 4122 ejus,
1658 4052 1867 4107 iterum
1916 4070 2073 4123 pree-

406 4136 599 4192 benda
612 4153 721 4192 sua
734 4139 967 4194 dabitur
978 4139 1049 4193 ad
1064 4140 1768 4210 eleemosynamllrlissam
1784 4157 1924 4196 vero
1939 4158 2072 4213 quas

407 4230 547 4282 tunc
577 4228 864 4282 cantanda
896 4232 988 4284 est
1018 4244 1122 4298 pro
1167 4229 1286 4298 illo,
1320 4229 1635 4300 aliquando
1666 4229 1860 4300 aliqua
1891 4232 2073 4301 impe-

409 4315 566 4370 ditur
596 4316 932 4373 festivitate.
966 4318 1347 4388 Quaacunque
1398 4323 1587 4371 tamen
1632 4319 1898 4388 proxime
1930 4336 2072 4374 can-

408 4407 607 4459 tantur
636 4421 740 4474 pro
771 4407 1088 4475 defunctis,
1111 4423 1228 4461 non
1261 4408 1453 4461 minus
1480 4423 1588 4476 pro
1621 4407 1743 4474 illo,
1774 4398 1951 4477 quam
1968 4424 2073 4478 pro

294 4490 301 4493 ⁷
408 4492 542 4548 aliis
575 4498 903 4565 cantantur,
938 4496 1046 4551 sed
1069 4511 1136 4551 ea
1167 4496 1515 4566 psalmodia,
1561 4495 1751 4550 Verba
1782 4512 1911 4551 mea
1957 4513 2075 4552 non

409 4580 694 4638 differtur.

1006 4708 1258 4763 CAPUT
1288 4708 1472 4762 XXX.

766 4815 837 4870 Si
858 4815 989 4889 quis
1011 4816 1232 4871 abierit
1252 4815 1315 4869 in
1344 4814 1536 4888 aliqua
1549 4814 1716 4870 cella.

484 4942 694 4998 Frater
723 4943 822 5014 qui
855 4942 927 4997 ad
958 4942 1213 5012 aliquam
1257 4940 1464 4994 cellam
1500 4941 1796 5010 propriam
1828 4940 2073 5009 missus,

412 5031 495 5087 ibi
526 5032 756 5100 obierit,
777 5031 856 5085 ibi
879 5045 1115 5102 quoque
1147 5028 1387 5084 habebit
1404 5046 1524 5082 xxx
1554 5029 1796 5097 missas,
1830 5043 2078 5098 quorum

415 5136 595 5188 supra
628 5120 884 5174 memini.
918 5119 991 5173 Et
1029 5134 1160 5173 cum
1191 5119 1263 5171 ad
1300 5133 1411 5173 nos
1441 5119 1669 5172 venerit
1706 5117 1909 5171 brevis
1943 5116 2077 5187 ejus

415 5207 829 5276 depositionis,
844 5208 1039 5278 agitur
1068 5222 1174 5277 pro
1196 5222 1266 5261 eo
1297 5206 1580 5274 ofticium,
1601 5210 1657 5260 et
1678 5206 1865 5259 missa
1882 5206 2076 5276 signis

417 5294 694 5350 omnibus
744 5295 1027 5365 pulsatis;
1071 5301 1128 5350 et
1171 5296 1246 5350 de
1292 5296 1518 5365 reliquo
1567 5294 1861 5364 utrinque,
1895 5298 1951 5347 et
1996 5293 2078 5348 ibi

415 5384 519 5438 ubi
568 5383 838 5453 sepultus
886 5388 979 5438 est
1023 5388 1079 5438 et
1106 5384 1261 5454 apud
1310 5400 1422 5439 nos
1455 5383 1723 5455 agendus
1755 5385 1847 5436 est
1874 5383 2079 5438 eodem

418 5473 592 5527 modo
626 5472 761 5543 ejus
795 5472 1187 5541 septenarius,
1232 5473 1365 5546 ejus
1419 5471 1794 5538 tricenarius,
1836 5474 1891 5525 et
1919 5472 2082 5526 anni-

416 5562 728 5621 versarius
760 5561 919 5633 ejus.

791 321 1097 388 UDALRIGI
1123 320 1600 390 GLUNIAGENSES
1630 324 1920 392 MONAGHI
1949 325 2477 392 GONSUETUDINES
2508 327 3005 395 GLUNIACENSES.
3039 357 3109 366 -
3159 330 3288 396 LIB.
3321 331 3407 396 III.
3677 337 3763 401 Titi

2755 513 3006 569 CAPUT
3036 514 3228 569 XXXI

2165 600 2276 666 Qui
2279 601 2351 655 (la
2356 608 2454 673 gat
2464 619 2533 656 ur
2536 618 2649 673 pro
2662 603 2920 674 quolibet
2933 603 3445 675 I'ratrcinsiugulis
3457 605 3769 663 obedientiis

2238 708 2313 762 Ut
2362 712 2554 762 autem
2602 709 2786 763 fatear
2826 710 2980 780 quod
3027 726 3230 764 verum
3282 713 3388 779 est,
3432 712 3559 782 quid
3600 713 3686 767 flat
3722 715 3771 769 in

2172 797 2338 850 cellis
2369 797 2589 851 nostris
2618 813 2725 868 pro
2757 798 3016 867 quolibet
3058 798 3235 852 fratre
3267 800 3361 868 qni
3403 801 3542 869 apud
3574 817 3669 854 nos
3694 802 3773 855 vel

2172 884 2309 939 alibi
2339 885 2570 954 obicrit,
2605 902 2722 940 non
2755 887 2926 941 facile
2958 887 3228 957 dixerim,
3262 887 3374 941 nisi
3417 889 3628 959 quando
3654 890 3770 944 bre-

2166 975 2259 1027 vis
2293 978 2574 1042 evenerit,
2609 976 2805 1046 agitur
2832 976 3114 1044 officium,
3148 980 3203 1030 et
3234 977 3571 1047 quicumque
3600 994 3771 1031 sacer-

2167 1063 2278 1116 dos
2309 1068 2401 1118 est
2433 1068 2623 1118 cantat
2654 1064 2894 1117 missam
2915 1080 3019 1134 pro
3050 1069 3211 1130 eo,et
3231 1067 3327 1135 qui
3362 1081 3472 1118 non
3502 1069 3585 1118 est
3604 1081 3776 1119 sacer-

2166 1151 2298 1221 dos,
2347 1153 2772 1224 quinquaginta
2816 1153 3100 1223 psalmos,
3135 1157 3226 1206 aut
3272 1154 3440 1207 toties
3485 1154 3776 1207 Orationem

2171 1239 2552 1295 Dominicam.
2589 1241 2806 1294 Tamen
2847 1256 2978 1294 rara
3022 1246 3160 1295 sunt
3198 1241 3326 1295 loca
3373 1241 3466 1294 illa
3511 1242 3566 1294 in
3595 1242 3782 1312 quibus

2172 1328 2486 1398 praebenda
2513 1345 2629 1383 non
2661 1330 2831 1383 detur
2860 1345 2964 1400 pro
2994 1344 3065 1384 eo
3090 1345 3105 1397 ;
3136 1346 3267 1383 nam
3294 1333 3349 1383 et
3378 1331 3434 1384 in
3463 1330 3779 1400 quibusdam

2170 1418 2339 1470 datur
2368 1433 2449 1469 vn
2480 1417 2711 1483 diebus,
2747 1419 2802 1470 in
2835 1418 3189 1488 quibusdam
3230 1418 3398 1471 etiam
3426 1434 3543 1471 xxx
3570 1421 3622 1471 et
3647 1433 3781 1471 sem-

2170 1520 2275 1576 per
2300 1507 2358 1559 in
2386 1506 2793 1560 anniversario
2826 1506 2990 1577 ejus;
3013 1508 3120 1560 hoc
3148 1511 3331 1562 totum
3355 1506 3684 1577 dispositum
3711 1509 3787 1560 est

2167 1598 2223 1649 et
2244 1595 2572 1648 ordinatum
2592 1610 2698 1664 per
2718 1596 2992 1650 domuum
3013 1595 3305 1662 abbatem,
3325 1594 3632 1649 secundum
3654 1594 3786 1663 quod

2168 1683 2299 1752 ipse
2323 1683 2599 1755 cognovit
2617 1684 3071 1753 possibilitatem
3098 1688 3154 1738 et
3175 1683 3505 1738 facultatem
3532 1682 3787 1753 cujusque

2169 1770 2303 1825 loci.

2745 1877 2997 1932 CAPUT
3028 1878 3266 1933 XXXII.

2600 1966 2689 2021 De
2731 1965 2894 2021 obitu
2931 1966 3133 2022 domui
3162 1966 3419 2020 abbatis.

2244 2071 2434 2142 Super
2463 2071 2593 2127 haec
2623 2072 2814 2127 omnia
2849 2072 3064 2127 domno
3096 2072 3295 2126 abbati
3341 2072 3411 2127 ab
3441 2071 3547 2125 hac
3577 2070 3682 2123 vita
3708 2068 3792 2123 de-

2175 2161 2406 2215 cedenti
2436 2161 2535 2214 isti
2558 2164 2697 2215 sunt
2718 2161 3005 2215 addenda.
3027 2160 3425 2230 Deponendus
3451 2161 3503 2213 in
3528 2158 3794 2225 tumulum,

2173 2250 2426 2303 vestitur
2457 2250 2732 2304 omnibus
2766 2249 3236 2304 sacerdotalibus
3266 2248 3647 2304 vestimentis.
3667 2246 3797 2310 Qua—

2172 2342 2309 2393 tuor
2338 2338 2552 2392 fratres
2585 2339 2686 2410 qui
2717 2342 2949 2392 cantant
2982 2353 3196 2392 versus
3226 2337 3463 2392 illorum
3492 2337 3654 2391 trium
3696 2350 3798 2388 res-

2175 2426 2615 2497 ponsoriorum,
2663 2426 2858 2480 vestiti
2907 2431 3044 2481 sunt
3096 2426 3325 2496 cappis,
3358 2430 3413 2479 et
3456 2427 3688 2496 quatuor
3719 2420 3801 2491 qui

2174 2515 2492 2585 portabunt
2522 2531 2654 2568 eum
2685 2515 2757 2568 ad
2791 2515 3094 2584 tumulum,
3123 2514 3299 2568 albis.
3329 2514 3445 2568 Per
3463 2529 3662 2567 annum
3681 2512 3798 2564 inte-

2175 2620 2349 2675 grum
2373 2604 2620 2657 addatur
2639 2603 2710 2656 ad
2743 2603 3175 2674 eleemosynam
3204 2602 3339 2673 ejus
3370 2599 3803 2671 praebendamon

2176 2693 2370 2746 solum
2398 2692 2553 2762 apud
2584 2691 2841 2761 nos,sed
2872 2693 3043 2746 etiam
3068 2692 3126 2745 in
3157 2693 3435 2745 omnibus
3463 2686 3797 2744 monasteriis

2175 2785 2231 2835 et
2262 2781 2430 2835 cellis
2453 2780 2696 2851 nostris,
2725 2785 2781 2834 et
2811 2798 2936 2834 xxx
2967 2781 3169 2835 missae
3201 2784 3513 2833 cantantur
3541 2793 3636 2847 pro
3666 2791 3742 2843 eo,
3763 2773 3805 2826 si

2174 2871 2318 2924 tanti
2351 2860 2489 2923 sunt
2519 2870 2866 2924 sacerdotes
2890 2869 2991 2940 qui
3019 2870 3254 2940 possint
3279 2870 3393 2923 hoc
3418 2863 3801 2938 explere.Ejus

2175 2974 2411 3029 quoque
2459 2958 2908 3013 anniversarios
2957 2958 3070 3012 hoc
3120 2957 3293 3011 modo
3346 2957 3583 3028 agitur:
3631 2953 3800 3007 Primo

2177 3049 2369 3101 omnia
2401 3047 2573 3118 signa
2605 3047 2915 3116 pulsantur
2961 3046 3253 3117 prolixius
3301 3046 3375 3099 ad
3408 3059 3681 3114 vesper-as
3719 3054 3806 3110 pro

2176 3136 2489 3204 defunctis,
2510 3136 2608 3205 qui
2642 3150 2707 3189 ea
2728 3136 2857 3188 vice
2883 3137 3190 3189 cantantur
3210 3136 3270 3187 in
3297 3134 3481 3188 choro
3499 3132 3804 3203 priusquam

2103 3225 2486 3295 Cprocessio
2518 3223 2615 3277 fiat
2659 3223 2730 3276 ad
2779 3222 2837 3276 S.
2875 3223 3137 3279 Mariam.
3173 3224 3319 3276 Item
3368 3222 3441 3276 ad
3494 3220 3732 3275 officium
3760 3210 3815 3269 et

2179 3313 2250 3366 ad
2278 3314 2542 3382 missam,
2569 3328 2701 3383 quae
2724 3315 2779 3365 et
2800 3313 3009 3366 festive
3030 3328 3137 3366 nec
3170 3313 3403 3383 absque
3425 3314 3609 3364 tractu
3642 3324 3670 3360 a
3690 3306 3808 3359 duo-

2178 3403 2291 3456 bus
2320 3401 2605 3455 cantando
2630 3400 2990 3469 celebratur;
3017 3401 3145 3469 ipso
3178 3401 3269 3454 die
3306 3399 3603 3453 habebunt
3625 3395 3806 3449 fratres

2177 3491 2237 3543 in
2269 3489 2581 3544 refectorio
2615 3490 2894 3561 generale
2923 3489 3197 3558 piscium,
3231 3489 3285 3541 si
3321 3491 3476 3542 valet
3504 3484 3731 3556 acquiri,
3759 3483 3805 3534 et

2181 3579 2636 3650 pigmentum,et
2656 3577 2963 3631 duodecim
2986 3593 3283 3648 pauperes
3318 3577 3378 3629 in
3411 3571 3675 3645 hospitali
3694 3568 3809 3624 reti-

2183 3668 2434 3737 ciuntur,
2467 3682 2581 3720 non
2617 3668 2800 3721 solum
2833 3681 2982 3736 pane
3014 3670 3070 3720 et
3100 3667 3258 3733 vino,
3297 3666 3406 3719 sed
3439 3665 3609 3718 etiam
3641 3672 3810 3723 carne,

2182 3755 2239 3809 si
2269 3759 2461 3808 tamen
2490 3758 2583 3809 est
2612 3771 2679 3809 ea
2709 3755 2838 3809 dies
2870 3770 3106 3808 carnem
3138 3753 3496 3808 comedendi
3522 3771 3534 3816 ;
3564 3750 3667 3805 alia
3694 3760 3812 3817 pro-

2179 3844 2414 3898 videtur
2444 3843 2601 3914 quod
2632 3842 2989 3896 tantumdem
3023 3843 3196 3896 valet.

2717 3967 2969 4022 CAPUT
2999 3966 3269 4033 xxxiii.

2183 4056 2271 4111 De
2302 4071 2371 4111 eo
2400 4056 2499 4128 qui
2525 4056 2587 4110 in
2617 4054 3080 4128 Quadragesiina
3111 4054 3357 4128 abierit,
3388 4060 3449 4109 et
3475 4047 3819 4124 sepeliendus

2661 4132 2754 4180 cst
2786 4128 2844 4180 in
2876 4144 2956 4180 xu
2987 4126 3371 4180 lectionibus.

2254 4232 2317 4287 Si
2348 4232 2482 4303 quis
2528 4231 2773 4286 fratrum
2805 4232 2862 4284 in
2891 4231 3359 4302 Quadragesima
3410 4230 3638 4294 obierit,
3684 4228 3734 4279 et
3774 4223 3821 4275 in

2182 4322 2283 4376 tali
2314 4321 2409 4375 die
2439 4324 2531 4374 est
2561 4319 2942 4388 sepeliendus
2961 4319 3058 4389 qui
3083 4334 3217 4373 cum
3233 4334 3315 4371 νη
3349 4316 3695 4372 lectionibus
3715 4310 3819 4363 fue-

2184 4413 2259 4465 rit
2290 4409 2597 4477 solemnis,
2632 4424 2737 4478 pro
2770 4408 2866 4462 illo
2898 4411 3032 4477 post
3068 4407 3317 4476 primam
3353 4409 3619 4460 cantatur
3664 4399 3824 4454 missa

2185 4499 2619 4566 defunctorum,
2651 4501 2709 4550 et
2738 4512 2869 4550 cum
2904 4496 3091 4550 tribus
3124 4499 3351 4548 tantum
3385 4493 3682 4548 collectis:
3714 4488 3824 4541 0m-

2110 4585 2162 4647 D
2188 4585 2836 4658 nipotensscmpiterne
2850 4584 3025 4639 Deus.
3048 4584 3227 4652 Deus,
3251 4583 3445 4637 veniae
3466 4581 3729 4654 largitor.
3746 4573 3827 4629 Fi-

2186 4676 2422 4743 delium,
2449 4675 2627 4729 Deus.
2646 4673 3063 4743 Propterquod
3094 4676 3287 4725 tamen
3302 4687 3417 4726 nec
3449 4671 3545 4725 illa
3570 4669 3741 4723 missa
3760 4663 3820 4715 de

2187 4765 2504 4820 festivitate
2525 4766 2661 4832 post
2692 4764 2939 4830 tertiam,
2965 4777 3074 4816 nec
3092 4760 3189 4814 illa
3220 4761 3291 4814 de
3317 4760 3557 4830 jejunio
3588 4758 3715 4828 post
3741 4766 3829 4805 no-

2185 4868 2318 4907 nam
2349 4851 2700 4915 remanebit;
2743 4850 2849 4903 sed
2890 4849 2943 4902 si
2975 4850 3036 4902 in
3067 4850 3160 4903 die
3198 4848 3509 4901 Dominica
3548 4843 3827 4914 sepultura

2190 4940 2470 5009 evenerit,
2496 4939 2726 4994 additur
2756 4942 2811 4992 et
2836 4942 3041 5008 quarta
3072 4937 3339 5002 collecta,
3374 4936 3436 4989 id
3467 4939 3578 5001 est,
3606 4934 3826 4986 Sancto-

2191 5046 2318 5084 rum
2352 5036 2599 5083 tuorum.
2637 5027 2778 5081 Item
2800 5027 2853 5080 si
2884 5027 3018 5096 quis
3042 5025 3427 5095 sepeliendus
3458 5028 3551 5078 est
3581 5022 3636 5074 in
3665 5015 3828 5089 quoli-

2193 5120 2291 5174 bet
2315 5118 2408 5172 die
2431 5117 2625 5185 trium,
2660 5117 2759 5186 qui
2790 5113 3314 5185 proxime-Pascha
3346 5110 3717 5175 antecedunt,
3747 5118 3825 5158 se-

2194 5204 2843 5277 peliturabsquemissa
2862 5219 2966 5272 pro
2991 5202 3286 5256 defunctis
3307 5200 3369 5255 in
3398 5195 3829 5270 praesenti.ltem

2193 5295 2294 5365 qui
2324 5292 2705 5364 sepeliendus
2736 5294 2829 5345 est
2856 5291 2917 5344 in
2951 5289 3406 5362 Rogationibus,
3438 5301 3550 5358 pro
3581 5286 3679 5339 illo
3709 5294 3830 5335 can-

2193 5385 2345 5436 tatur
2374 5384 2511 5451 post
2540 5380 2785 5449 primam
2834 5379 3020 5433 missa
3068 5378 3506 5445 defunctorum,
3554 5378 3612 5428 et
3657 5372 3744 5424 illa
3772 5366 3831 5419 de

2193 5469 2629 5541 llogationibus
2674 5471 2809 5537 post
2864 5468 3133 5537 tertiam;
3181 5467 3251 5520 ad
3297 5481 3475 5535 quam
3524 5463 3692 5517 etiam
3732 5468 3830 5549 non

2191 5558 2457 5623 offertur,
2505 5573 2613 5612 nec
2652 5574 2767 5627 pax
2796 5556 3098 5626 recipitur,
3142 5555 3257 5609 nisi
3285 5555 3359 5607 ab
3414 5568 3555 5606 uno.
3588 5551 3722 5604 Item
3749 5557 3833 5614 qui

2191 5647 2569 5719 sepeliendus
2591 5651 2682 5703 est
2703 5661 2773 5702 eo
2792 5645 2904 5716 die,
2920 5660 3038 5720 quo
3068 5661 3181 5701 non
3203 5645 3354 5700 bene
3389 5644 3616 5697 mutare
3636 5646 3831 5707 possu-
