3956 6176
465 188 586 252 7'79
1180 184 1625 247 WILLELMI
1666 183 2026 250 CALCULl
2069 183 2761 249 GEMMETICENSIS
2805 184 3191 250 MONACHI
3707 199 3792 263 780

1272 367 3791 406 Ἥ

1234 526 2210 688 WILLELMI
2344 526 3139 720 CALCULI

1734 817 2353 878 GEMMETICENSIS
2405 821 2755 879 MONACHI

1131 995 1836 1099 HISTOBUE
1951 1006 3234 1128 NORTHMANNOBUM

1773 1265 2142 1385 LIBRI
2218 1263 2622 1380 OCTO.

449 1494 721 1570 Andreas
754 1495 1156 1570 Dgcansmus,
1189 1492 2062 1570 Historize‘lvortbmanporum
2094 1492 2442 1566 Scriptores
2468 1494 2714 1570 antiqui,
2747 1508 2854 1549 res
2892 1494 2968 1570 ab
2998 1494 3127 1570 illis
3150 1511 3266 1567 per
3288 1495 3567 1570 Galliam,
3592 1497 3805 1570 Angliam

482 1565 778 1637 Apuliam,
800 1565 1015 1638 Capuae
1024 1566 1448 1638 principatum,
1465 1564 1738 1627 Siciliam
1755 1572 1813 1620 et
1835 1564 2140 1620 Orientem
2188 1564 2395 1636 gestas
2407 1564 2795 1637 explicantes.
2814 1596 2884 1606 —
2900 1564 3538 1640 Lutetiae—Parisiorum,
3555 1564 3693 1637 1619;
3716 1569 3808 1641 fol.)

1186 2056 1289 2110 AD
1328 2050 1820 2109 WILLELMUM
1858 2048 2390 2106 ORTHODOXUM
2427 2049 2858 2109 ANGLORUM
2901 2052 3165 2111 REGEM

1582 2222 1664 2275 De
1702 2218 2249 2276 Northmannorum
2296 2218 2515 2276 ducum
2552 2222 2769 2293 gestis.

516 2518 645 2589 Pio,
688 2516 1012 2572 victorioso
1055 2518 1229 2586 atque
1274 2512 1625 2581 orthodoxa,
1670 2509 1882 2564 summi
1928 2507 2116 2581 Regis
2144 2488 2208 2553 Α
2230 2507 2615 2579 plurimorum
2647 2511 2716 2566 ad
2742 2512 3249 2571 corroborandum
3270 2517 3443 2574 ﬁdem
3460 2534 3612 2591 teque
3637 2516 3816 2571 idoneo-

446 2609 593 2663 nutu
607 2606 935 2678 Anglorum
956 2605 1106 2676 regi,
1130 2604 1480 2670 WILLnLuo,
1501 2598 1991 2656 Gemmeticensis
2010 2614 2122 2652 cm-
2229 2614 2361 2652 rum
2383 2599 2555 2654 annis
2576 2602 2634 2655 et
2653 2615 2853 2656 rerum
2870 2605 3318 2677 experimentis,
3339 2609 3542 2678 partim
3556 2604 3815 2661 certissimo

445 2696 648 2752 nobita
685 2694 946 2749 omnium
989 2692 1414 2748 coenobitarum
1452 2689 1909 2760 indignissimus
1957 2687 2123 2741 VVIL-
2221 2686 2425 2757 judice
2469 2690 2711 2759 proprio
2754 2690 2887 2745 visu
2940 2692 3150 2765 didici;
3206 2696 3480 2765 privatim
3530 2711 3644 2750 mea
3689 2694 3813 2748 dono.

448 2800 698 2854 LELHUS,
741 2784 814 2838 ad
848 2782 1246 2837 conterendos
1292 2780 1500 2834 hostes
1545 2778 1852 2832 Samsonis
1892 2776 2126 2830 fortitu-
2228 2774 2466 2847 Verum,
2500 2778 2601 2848 qui
2633 2780 2825 2834 sacris
2857 2782 3250 2852 mancipatum
3285 2786 3507 2841 scholis
3544 2785 3674 2839 forte
3704 2797 3815 2855 pra:—

444 2874 642 2929 dinem
689 2875 746 2928 et
802 2872 875 2926 ad
912 2870 1372 2926 discernendum
1431 2867 1725 2940 judicium
1791 2865 2124 2922 Salomonis
2227 2866 2582 2935 sumptionis
2599 2869 2699 2922 aut
2724 2868 2838 2923 alia
2868 2870 3127 2940 qualibet
3186 2875 3363 2945 culpa
3409 2874 3505 2929 tali
3547 2890 3642 2946 pro
3675 2872 3816 2927 studio

449 2963 761 3034 abyssum,
2225 2956 2546 3025 notaverit,
2580 2956 2734 3012 hanc
2784 2958 2968 3031 hujus
3023 2963 3299 3032 opusculi
3356 2964 3576 3019 noverit
3617 2976 3815 3027 causam,

514 3051 678 3121 Opus
696 3052 830 3122 hoc,
865 3048 1333 3122 prudentissime
1376 3063 1483 3102 rex
1523 3049 1579 3102 et
1618 3046 2028 3111 serenissima,
2061 3046 2123 3100 in
2225 3056 2397 3113 quam
2464 3060 2581 3100 non
2641 3061 3144 3116 supervacaneam
3192 3052 3481 3123 arbitror;
3525 3055 3584 3108 ut
3629 3052 3817 3105 virtutes

442 3125 987 3197 Northmannorum
1028 3139 1243 3193 ducum
1274 3137 1483 3210 gestis,
1502 3137 1572 3191 de
1597 3136 1855 3191 diversis
1876 3149 2121 3204 excerp-
2223 3133 2575 3202 optimorum
2593 3135 2860 3191 virorum
2894 3141 3015 3193 tum
3049 3138 3108 3193 in
3129 3142 3523 3197 smcularibus
3552 3144 3658 3197 tum
3683 3140 3729 3194 in
3752 3137 3816 3191 di-

436 3232 563 3285 tum
580 3217 912 3298 codicibus,
924 3228 1093 3299 juxta
1106 3243 1253 3281 meae
1267 3225 1650 3297 exiguitatem
1668 3223 1975 3278 industriae
1990 3238 2124 3277 con-
2222 3220 2379 3275 vinis
2426 3224 2951 3281 excellentissima)
3004 3244 3136 3299 quas
3180 3229 3437 3286 feliciter
3465 3231 3522 3286 in
3562 3230 3723 3285 oculis
3746 3224 3818 3281 Dei

439 3319 638 3389 texui;
666 3322 1004 3387 vestraeque
1037 3316 1245 3369 dicans
1263 3314 1418 3368 idem
1442 3312 1799 3382 celsitudini,
1841 3313 1915 3367 ob
1945 3327 2119 3367 reco-
2221 3309 2446 3380 vivunt,
2482 3312 2701 3369 utiliter
2731 3316 2788 3368 et
2815 3314 2876 3369 in
2909 3314 3210 3372 hominum
3241 3320 3450 3375 notitia
3486 3320 3681 3373 vivant.
3722 3316 3816 3369 Non

438 3408 614 3462 lenda
643 3406 980 3476 priscorum
1009 3407 1263 3475 patrum,
1285 3404 1438 3456 inter
1467 3402 1800 3472 praecipuas
1834 3402 2119 3456 laicarum
2222 3400 2377 3452 enim
2428 3401 2702 3470 populari
2757 3418 2898 3457 aura
2947 3404 3065 3459 leni
3113 3407 3221 3462 sed
3289 3408 3617 3479 pernicioso
3677 3404 3819 3460 arrisn

438 3495 795 3566 dignitatum
834 3491 1398 3557 administrationes,
1429 3489 1836 3560 piissimorum
1882 3493 2118 3545 actuum
2219 3485 2555 3542 blandiente
2577 3484 2879 3561 delectari,
2909 3495 3084 3563 atque
3114 3494 3401 3552 illecebra
3445 3496 3646 3552 mundo
3674 3492 3818 3563 impli-

440 3581 729 3652 exempla,
766 3580 1179 3635 chronicorum
1200 3577 1576 3632 bibliothecae
1596 3577 1987 3649 delegandum
2017 3576 2117 3633 de-
2221 3576 2343 3630 cari
2395 3577 2701 3648 condecet,
2751 3595 2929 3651 quem
2971 3584 3271 3654 angustim
3331 3586 3713 3653 maceriarum,
3741 3595 3818 3652 pro

440 3670 625 3725 crevi.
657 3668 826 3734 Quod
855 3684 973 3723 non
1007 3667 1311 3721 rhetorum
1334 3670 1582 3720 venusta
1605 3668 1949 3720 exornatum
1980 3682 2115 3738 gra-
2219 3679 2477 3733 superna
2502 3666 2833 3722 Jerusalem
2862 3671 3246 3739 amplitudine
3278 3674 3656 3731 devotissimo
3682 3669 3813 3726 corde

437 3759 636 3827 vitate,
668 3773 784 3813 non
814 3756 981 3828 politi
1013 3755 1308 3810 sermonis
1326 3754 1517 3809 venali
1536 3754 1735 3825 lepore
1759 3771 1867 3810 seu
1900 3755 2108 3822 nitore;
2221 3754 2663 3826 amplectende,
2715 3757 3052 3829 includunt;
3085 3777 3262 3831 quem
3292 3766 3412 3818 tam
3451 3764 3672 3818 habitus
3697 3772 3819 3815 reve-

439 3848 548 3903 sed
569 3847 867 3902 inelimato
900 3846 1073 3917 style,
1120 3845 1281 3899 tenui
1318 3844 1581 3900 oratione
1598 3860 1702 3915 per
1728 3846 1900 3915 plana
1930 3845 2111 3900 dedu-
2141 3849 2195 3911 Β
2222 3842 2407 3895 rentia
2438 3859 2612 3914 quam
2644 3844 2781 3901 vitae
2802 3846 3102 3916 professio
3124 3865 3156 3903 a
3180 3853 3404 3908 mundo
3434 3852 3733 3909 secludunt.
3759 3845 3820 3900 En

438 3938 599 3991 ctum
622 3934 862 3990 cuilibet
877 3934 1084 3990 lectori
1099 3935 1171 3988 ad
1193 3933 1479 4005 liquidum
1514 3934 2112 3989 elaboravi.Vestrae-
2220 3928 2455 3986 habetis
2488 3936 2767 4003 vestram,
2800 3937 3241 4006 sapientissime
3275 3957 3591 4013 regnorum
3614 3938 3821 3994 domina-

435 4040 551 4096 que
581 4024 817 4095 quidem
838 4023 1169 4095 Majestatis
1187 4023 1370 4078 latera
1390 4023 1653 4077 ambiunt
1676 4023 1947 4092 praeclari
1970 4024 2105 4092 viri,
2223 4020 2396 4085 tor,et
2412 4035 2638 4088 pacem,
2660 4024 2717 4075 et
2732 4021 2887 4077 bella
2907 4024 3105 4095 simul,
3128 4027 3389 4095 piissimi
3405 4029 3675 4100 genitoris
3686 4021 3824 4079 vestri

435 4114 766 4169 litterarum
813 4113 1021 4183 peritia
1071 4112 1385 4167 admodum
1443 4112 1674 4180 eruditi,
1725 4113 1822 4183 qui
1883 4111 2112 4166 strictis
2218 4106 2582 4177 gloriossimi
2622 4110 2791 4165 ducis
2841 4112 3103 4184 Roberti,
3137 4117 3628 4188 superiorumun
3664 4126 3823 4184 paren-

433 4201 1767 4276 gladiiscivitatemcircumeuntes,eliminatis
1793 4216 2110 4270 pravorum
2216 4196 2378 4265 tum;
2438 4200 2689 4252 terrenae
2733 4200 2956 4256 militiae
3018 4204 3481 4260 nominatissimi
3543 4205 3823 4276 principes,

429 4292 686 4362 insidiis,
741 4294 959 4346 tectum
1005 4291 1337 4345 Salomonis
1367 4290 1585 4344 divinae
1632 4289 1787 4361 legis
1833 4285 2111 4362 pervigili
2217 4284 3823 4365 sincerisissimatamenﬁde,alacerrimaspe,ferventis-

428 4382 752 4436 munimine
777 4382 1055 4451 satagunt
1080 4380 1251 4433 tueri.
1300 4378 1686 4432 Subtilissimi
1726 4395 1963 4450 quoque
2013 4380 2106 4433 in-
2215 4372 2659 4431 simacharitate
2672 4377 2745 4431 ad
2762 4378 3370 4453 coelestiatendentes,
3396 4383 3611 4439 Christi
3627 4381 3825 4436 maxime

426 4470 591 4543 genii
621 4469 889 4539 vigorem
922 4468 1115 4522 coelici
1134 4467 1568 4537 dispensatoris
1591 4469 1986 4539 praerogativa
2003 4484 2105 4522 νο-
2214 4463 2439 4517 strenui
2468 4464 2684 4520 milites
2702 4482 2769 4520 ac
2792 4468 3217 4523 studiosissimi
3238 4471 3500 4527 cultores
3513 4470 3823 4527 exstiterunt.

426 4558 525 4614 bis
570 4557 785 4627 collati,
822 4557 1076 4627 qualiter
1125 4557 1183 4610 in
1222 4571 1522 4610 armorum
1567 4556 1874 4627 regimine,
1925 4557 2013 4611 sic
2045 4557 2105 4612 in
2212 4549 2533 4619 Imperator
2564 4556 2788 4609 aeterno
2816 4557 3152 4626 praesidens
3172 4560 3446 4630 imperio,
3472 4563 3529 4615 in
3560 4575 3665 4631 quo
3682 4554 3825 4612 conﬁ-

429 4647 682 4717 cunctis,
717 4646 934 4717 quibus
958 4645 1284 4714 intendere,
1320 4661 1451 4715 quas
1480 4645 1852 4715 perpendere
1890 4662 2105 4717 propo-
2211 4639 2360 4693 d‘ens
2388 4640 2638 4709 plurima
2671 4643 3145 4699 saavissimorum
3161 4648 3560 4717 periculorum
3575 4641 3821 4703 obstacula

426 4736 588 4808 nitis,
621 4737 768 4790 mira
798 4736 995 4790 valere
1029 4734 1313 4800 efﬁcacia,
1349 4733 1512 4786 multi
1528 4733 1867 4789 multimode
1897 4735 2107 4804 proba-
2211 4728 2571 4785 admirandis
2602 4733 2988 4800 proventibus
3037 4736 3426 4792 ovantissime
3470 4731 3823 4807 triumphando

423 4828 656 4881 verunt.
700 4824 1119 4879 Munusculum
1166 4823 1353 4894 igitur
1393 4822 1600 4876 tantilli
1648 4823 1836 4877 nostri
1882 4823 2104 4877 laboris
2210 4817 2755 4890 protrivistiszipse
2786 4822 3237 4891 potentissimus
3264 4828 3503 4881 tutorin
3534 4825 3823 4891 cunctisge-

421 4914 655 4984 placida
685 4930 860 4968 manu
892 4913 1127 4982 sumite,
1164 4911 1535 4965 nobilissima
1556 4914 1726 4983 gesta
1751 4911 1970 4965 celebri
1990 4927 2106 4966 me-
2209 4906 2411 4960 Pendis
2436 4922 2543 4961 V08
2571 4910 2819 4979 tutetur;
2850 4913 3177 4981 prudentia;
3208 4919 3451 4985 vestrae,
3476 4931 3641 4988 quam
3660 4914 3824 4968 contu-

422 5002 610 5054 moria
639 5001 1015 5071 dignissima,
1042 5004 1241 5054 vestra
1271 5001 1327 5053 et
1344 4999 1581 5069 antiqua
1603 4999 1829 5068 pcrhas
1852 4998 2101 5071 paginas
2209 4994 2292 5063 lit,
2319 4996 2705 5067 gubernando
2718 5000 3153 5068 patrocinetur:
3176 5004 3565 5076 quoadusque
3594 4998 3823 5057 felicissi-

399 5087 684 5142 'recolite.
720 5089 1085 5159 Principium
1118 5104 1369 5159 namque
1391 5087 1754 5141 narrationis
1798 5103 1992 5158 usque
2028 5088 2101 5143 ad
2208 5099 2303 5137 mo
2334 5100 2515 5139 cursu
2547 5087 2659 5140 sub
2693 5087 2986 5144 mundano
3019 5090 3342 5147 diademate
3374 5086 3822 5155 οοιιευωωθῐονίη

425 5175 786 5264 Richardum
817 5176 867 5230 ΙΙ
898 5195 928 5232 e
961 5178 1229 5233 Dudonis
1260 5176 1432 5246 periti
1458 5176 1569 5230 viri
1588 5176 1835 5230 historia
1859 5177 2095 5248 collegi,
2130 5203 2180 5264 C
2208 5172 2399 5264 aulam
2429 5189 2588 5264 veras
2620 5191 2988 5248 summasque
3018 5178 3399 5235 beatitudinis
3433 5182 3665 5251 patriam
3685 5190 3821 5230 assu—

422 5264 527 5334 qui
558 5262 715 5334 quod
744 5268 1001 5332 posteris
1019 5265 1464 5337 propagandum
1487 5264 1708 5319 chartae
1732 5267 2099 5321 commenda.
2148 5262 2167 5264 “
2206 5262 2464 5333 memini,
2506 5265 2786 5334 perennis
2833 5266 3043 5338 gloriae
3085 5270 3304 5324 annulo
3334 5285 3402 5323 ac
3434 5270 3583 5324 stola
3609 5268 3817 5322 adorna-

419 5353 523 5423 vit,
550 5369 583 5406 a
607 5352 917 5425 Rudolpho
951 5356 1181 5425 comite,
1214 5353 1386 5424 primi
1435 5353 1717 5408 Richardi
1759 5352 1938 5407 fratre
1967 5355 2096 5409 dili-
2204 5350 2321 5419 tus,
2354 5351 2449 5422 pie
2481 5367 2607 5424 rex,
2639 5354 2960 5411 victoriose
2991 5359 3168 5428 atque
3201 5358 3546 5413 orthodoxe.

417 5446 630 5514 genter
656 5444 994 5517 exquisivit.
1033 5442 1280 5514 Reliqua
1311 5458 1471 5510 vero,
1496 5457 1630 5514 quae
1662 5442 1872 5512 partim
1904 5443 2094 5499 relatu
