  <div class='ocr_page' id='page_1' title='image "/cluster/home/n/w/nwhite01/storage/ocr_20150623/149/hvd.32044054760079/396.png"; bbox 0 0 3956 6176; ppageno 0'>
   <div class='ocr_carea' id='block_1_1' title="bbox 111 323 194 385">
    <p class='ocr_par' dir='ltr' id='par_1_1' title="bbox 111 323 194 385">
     <span class='ocr_line' id='line_1_1' title="bbox 111 323 194 385; baseline -0.012 0"><span class='ocrx_word' id='word_1_1' title='bbox 111 323 194 385; x_wconf 83' lang='grc'><em>781</em></span> 
     </span>
    </p>
   </div>
   <div class='ocr_carea' id='block_1_2' title="bbox 457 317 3028 391">
    <p class='ocr_par' dir='ltr' id='par_1_2' title="bbox 457 317 3028 391">
     <span class='ocr_line' id='line_1_2' title="bbox 457 317 3028 391; baseline 0.004 -11"><span class='ocrx_word' id='word_1_2' title='bbox 457 317 883 381; x_wconf 73' lang='lat' dir='ltr'><em>HISTORUE</em></span> <span class='ocrx_word' id='word_1_3' title='bbox 913 318 1720 385; x_wconf 87' lang='lat' dir='ltr'><em>NORTHMANNORUM</em></span> <span class='ocrx_word' id='word_1_4' title='bbox 1752 320 1982 382; x_wconf 92' lang='lat' dir='ltr'>LIBRI</span> <span class='ocrx_word' id='word_1_5' title='bbox 2016 321 2256 383; x_wconf 89' lang='lat' dir='ltr'><em>OCTO.</em></span> <span class='ocrx_word' id='word_1_6' title='bbox 2294 358 2369 368; x_wconf 94' lang='lat'><strong><em>—</em></strong></span> <span class='ocrx_word' id='word_1_7' title='bbox 2403 324 2657 386; x_wconf 87' lang='lat' dir='ltr'><em>LIBER</em></span> <span class='ocrx_word' id='word_1_8' title='bbox 2688 326 3028 391; x_wconf 65' lang='lat' dir='ltr'><strong>PRIMUS.</strong></span> 
     </span>
    </p>
   </div>
   <div class='ocr_carea' id='block_1_3' title="bbox 3337 331 3454 393">
    <p class='ocr_par' dir='ltr' id='par_1_3' title="bbox 3337 331 3454 393">
     <span class='ocr_line' id='line_1_3' title="bbox 3337 331 3454 393; baseline 0.009 -1"><span class='ocrx_word' id='word_1_9' title='bbox 3337 331 3454 393; x_wconf 86' lang='lat'><em>782</em></span> 
     </span>
    </p>
   </div>
   <div class='ocr_carea' id='block_1_4' title="bbox 111 499 3439 542">
    <p class='ocr_par' dir='ltr' id='par_1_4' title="bbox 111 499 3439 542">
     <span class='ocr_line' id='line_1_4' title="bbox 111 499 3439 542; baseline 0.003 -10"><span class='ocrx_word' id='word_1_10' title='bbox 111 499 3439 542; x_wconf 36' lang='grc' dir='ltr'><strong>ἡ</strong></span> 
     </span>
    </p>
   </div>
   <div class='ocr_carea' id='block_1_5' title="bbox 617 669 2916 826">
    <p class='ocr_par' dir='ltr' id='par_1_5' title="bbox 617 669 2916 826">
     <span class='ocr_line' id='line_1_5' title="bbox 617 669 2916 826; baseline 0.005 -16"><span class='ocrx_word' id='word_1_11' title='bbox 617 669 1436 812; x_wconf 55' lang='lat' dir='ltr'><strong>HISTORIA?</strong></span> <span class='ocrx_word' id='word_1_12' title='bbox 1538 670 2916 826; x_wconf 81' lang='lat' dir='ltr'><em>NORTMANNORUM</em></span> 
     </span>
    </p>
   </div>
   <div class='ocr_carea' id='block_1_6' title="bbox 1337 939 2172 1047">
    <p class='ocr_par' dir='ltr' id='par_1_6' title="bbox 1337 939 2172 1047">
     <span class='ocr_line' id='line_1_6' title="bbox 1337 939 2172 1047; baseline 0.002 -3"><span class='ocrx_word' id='word_1_13' title='bbox 1337 940 1667 1044; x_wconf 85' lang='lat' dir='ltr'><strong>LIBER</strong></span> <span class='ocrx_word' id='word_1_14' title='bbox 1733 939 2172 1047; x_wconf 73' lang='lat' dir='ltr'><strong>PRIMUS;</strong></span> 
     </span>
    </p>
   </div>
   <div class='ocr_carea' id='block_1_7' title="bbox 511 1153 2974 1239">
    <p class='ocr_par' dir='ltr' id='par_1_7' title="bbox 511 1153 2974 1239">
     <span class='ocr_line' id='line_1_7' title="bbox 511 1153 2974 1239; baseline 0.004 -22"><span class='ocrx_word' id='word_1_15' title='bbox 511 1155 843 1225; x_wconf 84' lang='lat' dir='ltr'><em>Quomodo</em></span> <span class='ocrx_word' id='word_1_16' title='bbox 884 1154 1261 1239; x_wconf 79' lang='lat' dir='ltr'><em>Hastingus</em></span> <span class='ocrx_word' id='word_1_17' title='bbox 1291 1154 1625 1238; x_wconf 82' lang='lat' dir='ltr'><em>Oppressit</em></span> <span class='ocrx_word' id='word_1_18' title='bbox 1661 1153 2046 1217; x_wconf 82' lang='lat' dir='ltr'><em>Neustriam</em></span> <span class='ocrx_word' id='word_1_19' title='bbox 2075 1160 2228 1219; x_wconf 86' lang='lat' dir='ltr'><strong><em>ante</em></strong></span> <span class='ocrx_word' id='word_1_20' title='bbox 2265 1159 2610 1223; x_wconf 83' lang='lat' dir='ltr'><em>adventum</em></span> <span class='ocrx_word' id='word_1_21' title='bbox 2651 1163 2974 1226; x_wconf 84' lang='lat' dir='ltr'><em>Rollonis.</em></span> 
     </span>
    </p>
   </div>
   <div class='ocr_carea' id='block_1_8' title="bbox 555 1360 1153 1416">
    <p class='ocr_par' dir='ltr' id='par_1_8' title="bbox 555 1360 1153 1416">
     <span class='ocr_line' id='line_1_8' title="bbox 555 1360 1153 1416; baseline 0 -1"><span class='ocrx_word' id='word_1_22' title='bbox 555 1361 808 1416; x_wconf 81' lang='lat' dir='ltr'><em>CAPUT</em></span> <span class='ocrx_word' id='word_1_23' title='bbox 846 1360 1153 1416; x_wconf 82' lang='lat' dir='ltr'><em>PRIMUM</em></span> 
     </span>
    </p>
   </div>
   <div class='ocr_carea' id='block_1_9' title="bbox 98 1465 1684 1538">
    <p class='ocr_par' dir='ltr' id='par_1_9' title="bbox 98 1465 1684 1538">
     <span class='ocr_line' id='line_1_9' title="bbox 98 1465 1684 1538; baseline -0.002 -17"><span class='ocrx_word' id='word_1_24' title='bbox 98 1466 326 1532; x_wconf 82' lang='lat' dir='ltr'><em>Quomodo</em></span> <span class='ocrx_word' id='word_1_25' title='bbox 350 1465 633 1521; x_wconf 80' lang='lat' dir='ltr'><em>fortitudo</em></span> <span class='ocrx_word' id='word_1_26' title='bbox 667 1467 1056 1534; x_wconf 76' lang='lat' dir='ltr'><em>Francorum,</em></span> <span class='ocrx_word' id='word_1_27' title='bbox 1092 1482 1216 1538; x_wconf 73' lang='lat' dir='ltr'><em>quae</em></span> <span class='ocrx_word' id='word_1_28' title='bbox 1255 1467 1357 1521; x_wconf 86' lang='lat' dir='ltr'><em>diu</em></span> <span class='ocrx_word' id='word_1_29' title='bbox 1391 1465 1684 1538; x_wconf 79' lang='lat' dir='ltr'><em>viguerat,</em></span> 
     </span>
    </p>
   </div>
   <div class='ocr_carea' id='block_1_10' title="bbox 145 1537 1688 1609">
    <p class='ocr_par' dir='ltr' id='par_1_10' title="bbox 145 1537 1688 1609">
     <span class='ocr_line' id='line_1_10' title="bbox 145 1537 1688 1609; baseline 0 -18"><span class='ocrx_word' id='word_1_30' title='bbox 145 1540 397 1592; x_wconf 79' lang='lat' dir='ltr'><em>immutata</em></span> <span class='ocrx_word' id='word_1_31' title='bbox 425 1539 525 1606; x_wconf 83' lang='lat' dir='ltr'><em>sit,</em></span> <span class='ocrx_word' id='word_1_32' title='bbox 555 1540 706 1593; x_wconf 86' lang='lat' dir='ltr'><em>unde</em></span> <span class='ocrx_word' id='word_1_33' title='bbox 729 1545 786 1592; x_wconf 84' lang='lat' dir='ltr'><em>et</em></span> <span class='ocrx_word' id='word_1_34' title='bbox 807 1539 925 1609; x_wconf 83' lang='lat' dir='ltr'><em>ipsi</em></span> <span class='ocrx_word' id='word_1_35' title='bbox 941 1537 1178 1592; x_wconf 80' lang='lat' dir='ltr'><em>feritati</em></span> <span class='ocrx_word' id='word_1_36' title='bbox 1193 1554 1554 1609; x_wconf 78' lang='lat' dir='ltr'><em>paganorum</em></span> <span class='ocrx_word' id='word_1_37' title='bbox 1576 1537 1688 1590; x_wconf 85' lang='lat' dir='ltr'><em>mi-</em></span> 
     </span>
    </p>
   </div>
   <div class='ocr_carea' id='block_1_11' title="bbox 143 1609 893 1664">
    <p class='ocr_par' dir='ltr' id='par_1_11' title="bbox 143 1609 893 1664">
     <span class='ocr_line' id='line_1_11' title="bbox 143 1609 893 1664; baseline 0.003 -2"><span class='ocrx_word' id='word_1_38' title='bbox 143 1625 228 1662; x_wconf 85' lang='lat' dir='ltr'><em>nus</em></span> <span class='ocrx_word' id='word_1_39' title='bbox 250 1611 525 1664; x_wconf 81' lang='lat' dir='ltr'><em>resistere</em></span> <span class='ocrx_word' id='word_1_40' title='bbox 565 1609 893 1664; x_wconf 82' lang='lat' dir='ltr'><em>valuerunt.</em></span> 
     </span>
    </p>
   </div>
   <div class='ocr_carea' id='block_1_12' title="bbox 144 1697 1688 1770">
    <p class='ocr_par' dir='ltr' id='par_1_12' title="bbox 144 1697 1688 1770">
     <span class='ocr_line' id='line_1_12' title="bbox 144 1697 1688 1770; baseline 0.002 -21"><span class='ocrx_word' id='word_1_41' title='bbox 144 1697 212 1750; x_wconf 83' lang='lat' dir='ltr'><em>Ex</em></span> <span class='ocrx_word' id='word_1_42' title='bbox 235 1713 333 1768; x_wconf 89' lang='lat' dir='ltr'><em>quo</em></span> <span class='ocrx_word' id='word_1_43' title='bbox 365 1698 722 1753; x_wconf 81' lang='lat' dir='ltr'><em>Francorum</em></span> <span class='ocrx_word' id='word_1_44' title='bbox 756 1715 906 1770; x_wconf 87' lang='lat' dir='ltr'><em>gens</em></span> <span class='ocrx_word' id='word_1_45' title='bbox 946 1699 1270 1768; x_wconf 80' lang='lat' dir='ltr'><em>resumptis</em></span> <span class='ocrx_word' id='word_1_46' title='bbox 1304 1697 1533 1752; x_wconf 89' lang='lat' dir='ltr'><em>viribus</em></span> <span class='ocrx_word' id='word_1_47' title='bbox 1566 1698 1688 1752; x_wconf 80' lang='lat' dir='ltr'><em>Ro-</em></span> 
     </span>
    </p>
   </div>
   <div class='ocr_carea' id='block_1_13' title="bbox 91 1786 1689 1859">
    <p class='ocr_par' dir='ltr' id='par_1_13' title="bbox 91 1786 1689 1859">
     <span class='ocr_line' id='line_1_13' title="bbox 91 1786 1689 1859; baseline 0.002 -21"><span class='ocrx_word' id='word_1_48' title='bbox 91 1802 233 1840; x_wconf 69' lang='lat' dir='ltr'><em>manis</em></span> <span class='ocrx_word' id='word_1_49' title='bbox 259 1786 488 1841; x_wconf 79' lang='lat' dir='ltr'><em>feritatis</em></span> <span class='ocrx_word' id='word_1_50' title='bbox 507 1787 723 1859; x_wconf 87' lang='lat' dir='ltr'><em>jugum</em></span> <span class='ocrx_word' id='word_1_51' title='bbox 745 1804 778 1841; x_wconf 87' lang='lat' dir='ltr'><em>a</em></span> <span class='ocrx_word' id='word_1_52' title='bbox 797 1788 1028 1842; x_wconf 83' lang='lat' dir='ltr'><em>cervice</em></span> <span class='ocrx_word' id='word_1_53' title='bbox 1058 1789 1295 1858; x_wconf 89' lang='lat' dir='ltr'><em>propria</em></span> <span class='ocrx_word' id='word_1_54' title='bbox 1326 1787 1566 1857; x_wconf 82' lang='lat' dir='ltr'><em>depulit,</em></span> <span class='ocrx_word' id='word_1_55' title='bbox 1599 1786 1689 1841; x_wconf 85' lang='lat' dir='ltr'><em>fe-</em></span> 
     </span>
    </p>
   </div>
   <div class='ocr_carea' id='block_1_14' title="bbox 88 1874 1690 1948">
    <p class='ocr_par' dir='ltr' id='par_1_14' title="bbox 88 1874 1690 1948">
     <span class='ocr_line' id='line_1_14' title="bbox 88 1874 1690 1948; baseline 0.001 -21"><span class='ocrx_word' id='word_1_56' title='bbox 88 1874 279 1945; x_wconf 82' lang='lat' dir='ltr'><em>rinaque</em></span> <span class='ocrx_word' id='word_1_57' title='bbox 309 1875 449 1930; x_wconf 88' lang='lat' dir='ltr'><em>colla</em></span> <span class='ocrx_word' id='word_1_58' title='bbox 479 1876 596 1930; x_wconf 89' lang='lat' dir='ltr'><em>sub</em></span> <span class='ocrx_word' id='word_1_59' title='bbox 609 1892 817 1948; x_wconf 88' lang='lat' dir='ltr'><em>regum</em></span> <span class='ocrx_word' id='word_1_60' title='bbox 832 1877 1090 1931; x_wconf 90' lang='lat' dir='ltr'><em>dominio</em></span> <span class='ocrx_word' id='word_1_61' title='bbox 1109 1877 1287 1946; x_wconf 88' lang='lat' dir='ltr'><em>ﬂexit,</em></span> <span class='ocrx_word' id='word_1_62' title='bbox 1321 1874 1548 1929; x_wconf 80' lang='lat' dir='ltr'><em>Christi</em></span> <span class='ocrx_word' id='word_1_63' title='bbox 1574 1875 1690 1928; x_wconf 89' lang='lat' dir='ltr'><em>Ec-</em></span> 
     </span>
    </p>
   </div>
   <div class='ocr_carea' id='block_1_15' title="bbox 90 1963 1688 2035">
    <p class='ocr_par' dir='ltr' id='par_1_15' title="bbox 90 1963 1688 2035">
     <span class='ocr_line' id='line_1_15' title="bbox 90 1963 1688 2035; baseline 0.001 -19"><span class='ocrx_word' id='word_1_64' title='bbox 90 1963 228 2017; x_wconf 85' lang='lat' dir='ltr'><em>clesia</em></span> <span class='ocrx_word' id='word_1_65' title='bbox 246 1965 613 2019; x_wconf 77' lang='lat' dir='ltr'><em>vehementer</em></span> <span class='ocrx_word' id='word_1_66' title='bbox 633 1965 848 2035; x_wconf 89' lang='lat' dir='ltr'><em>adulta,</em></span> <span class='ocrx_word' id='word_1_67' title='bbox 866 1966 1203 2020; x_wconf 81' lang='lat' dir='ltr'><em>odoriferos</em></span> <span class='ocrx_word' id='word_1_68' title='bbox 1217 1964 1446 2019; x_wconf 89' lang='lat' dir='ltr'><em>fructus</em></span> <span class='ocrx_word' id='word_1_69' title='bbox 1464 1964 1688 2030; x_wconf 89' lang='lat' dir='ltr'><em>ferens,</em></span> 
     </span>
    </p>
   </div>
   <div class='ocr_carea' id='block_1_16' title="bbox 90 2051 1691 2124">
    <p class='ocr_par' dir='ltr' id='par_1_16' title="bbox 90 2051 1691 2124">
     <span class='ocr_line' id='line_1_16' title="bbox 90 2051 1691 2124; baseline 0.001 -20"><span class='ocrx_word' id='word_1_70' title='bbox 90 2051 141 2104; x_wconf 90' lang='lat' dir='ltr'><em>ad</em></span> <span class='ocrx_word' id='word_1_71' title='bbox 164 2068 324 2124; x_wconf 87' lang='lat' dir='ltr'><em>usque</em></span> <span class='ocrx_word' id='word_1_72' title='bbox 342 2055 621 2109; x_wconf 90' lang='lat' dir='ltr'><em>occiduos</em></span> <span class='ocrx_word' id='word_1_73' title='bbox 639 2055 856 2109; x_wconf 87' lang='lat' dir='ltr'><em>limites</em></span> <span class='ocrx_word' id='word_1_74' title='bbox 875 2055 1090 2109; x_wconf 90' lang='lat' dir='ltr'><em>ﬂoruit.</em></span> <span class='ocrx_word' id='word_1_75' title='bbox 1115 2053 1240 2119; x_wconf 88' lang='lat' dir='ltr'><em>Qua</em></span> <span class='ocrx_word' id='word_1_76' title='bbox 1257 2054 1509 2124; x_wconf 90' lang='lat' dir='ltr'><em>denique</em></span> <span class='ocrx_word' id='word_1_77' title='bbox 1543 2058 1691 2108; x_wconf 90' lang='lat' dir='ltr'><em>tem-</em></span> 
     </span>
    </p>
   </div>
   <div class='ocr_carea' id='block_1_17' title="bbox 85 2143 1693 2216">
    <p class='ocr_par' dir='ltr' id='par_1_17' title="bbox 85 2143 1693 2216">
     <span class='ocr_line' id='line_1_17' title="bbox 85 2143 1693 2216; baseline 0 -21"><span class='ocrx_word' id='word_1_78' title='bbox 85 2146 261 2210; x_wconf 87' lang='lat' dir='ltr'><em>pestate</em></span> <span class='ocrx_word' id='word_1_79' title='bbox 285 2143 390 2212; x_wconf 88' lang='lat' dir='ltr'><em>ipsi</em></span> <span class='ocrx_word' id='word_1_80' title='bbox 421 2158 604 2216; x_wconf 88' lang='lat' dir='ltr'><em>reges</em></span> <span class='ocrx_word' id='word_1_81' title='bbox 634 2145 814 2198; x_wconf 84' lang='lat' dir='ltr'><em>rebus</em></span> <span class='ocrx_word' id='word_1_82' title='bbox 844 2143 1076 2198; x_wconf 88' lang='lat' dir='ltr'><em>bellicis</em></span> <span class='ocrx_word' id='word_1_83' title='bbox 1110 2143 1360 2213; x_wconf 86' lang='lat' dir='ltr'><em>strenui,</em></span> <span class='ocrx_word' id='word_1_84' title='bbox 1395 2159 1463 2198; x_wconf 89' lang='lat' dir='ltr'><em>ac</em></span> <span class='ocrx_word' id='word_1_85' title='bbox 1495 2143 1693 2197; x_wconf 90' lang='lat' dir='ltr'><em>chris-</em></span> 
     </span>
    </p>
   </div>
   <div class='ocr_carea' id='block_1_18' title="bbox 85 2230 1688 2305">
    <p class='ocr_par' dir='ltr' id='par_1_18' title="bbox 85 2230 1688 2305">
     <span class='ocr_line' id='line_1_18' title="bbox 85 2230 1688 2305; baseline 0.002 -23"><span class='ocrx_word' id='word_1_86' title='bbox 85 2230 216 2285; x_wconf 74' lang='lat' dir='ltr'><em>tianaa</em></span> <span class='ocrx_word' id='word_1_87' title='bbox 242 2231 362 2286; x_wconf 87' lang='lat' dir='ltr'><em>ﬁdei</em></span> <span class='ocrx_word' id='word_1_88' title='bbox 391 2234 603 2304; x_wconf 80' lang='lat' dir='ltr'><em>vigore</em></span> <span class='ocrx_word' id='word_1_89' title='bbox 648 2233 796 2302; x_wconf 83' lang='lat' dir='ltr'><em>fulti,</em></span> <span class='ocrx_word' id='word_1_90' title='bbox 831 2235 1294 2305; x_wconf 83' lang='lat' dir='ltr'><em>circumquaque</em></span> <span class='ocrx_word' id='word_1_91' title='bbox 1327 2233 1399 2287; x_wconf 92' lang='lat' dir='ltr'><em>de</em></span> <span class='ocrx_word' id='word_1_92' title='bbox 1428 2232 1688 2286; x_wconf 90' lang='lat' dir='ltr'><em>inimicis</em></span> 
     </span>
    </p>
   </div>
   <div class='ocr_carea' id='block_1_19' title="bbox 89 2319 1694 2394">
    <p class='ocr_par' dir='ltr' id='par_1_19' title="bbox 89 2319 1694 2394">
     <span class='ocr_line' id='line_1_19' title="bbox 89 2319 1694 2394; baseline 0.003 -24"><span class='ocrx_word' id='word_1_93' title='bbox 89 2319 428 2376; x_wconf 77' lang='lat' dir='ltr'><em>validissimos</em></span> <span class='ocrx_word' id='word_1_94' title='bbox 458 2337 702 2392; x_wconf 90' lang='lat' dir='ltr'><em>semper</em></span> <span class='ocrx_word' id='word_1_95' title='bbox 745 2323 1124 2394; x_wconf 87' lang='lat' dir='ltr'><em>reportabant</em></span> <span class='ocrx_word' id='word_1_96' title='bbox 1165 2322 1518 2392; x_wconf 90' lang='lat' dir='ltr'><em>triumphos.</em></span> <span class='ocrx_word' id='word_1_97' title='bbox 1572 2321 1694 2376; x_wconf 90' lang='lat' dir='ltr'><em>Sub</em></span> 
     </span>
    </p>
   </div>
   <div class='ocr_carea' id='block_1_20' title="bbox 87 2411 1692 2478">
    <p class='ocr_par' dir='ltr' id='par_1_20' title="bbox 87 2411 1692 2478">
     <span class='ocr_line' id='line_1_20' title="bbox 87 2411 1692 2478; baseline 0.001 -16"><span class='ocrx_word' id='word_1_98' title='bbox 87 2423 283 2478; x_wconf 84' lang='lat' dir='ltr'><em>quorum</em></span> <span class='ocrx_word' id='word_1_99' title='bbox 310 2412 707 2466; x_wconf 88' lang='lat' dir='ltr'><em>moderamine</em></span> <span class='ocrx_word' id='word_1_100' title='bbox 738 2411 958 2466; x_wconf 89' lang='lat' dir='ltr'><em>Christi</em></span> <span class='ocrx_word' id='word_1_101' title='bbox 986 2413 1160 2466; x_wconf 89' lang='lat' dir='ltr'><em>vinea</em></span> <span class='ocrx_word' id='word_1_102' title='bbox 1191 2426 1589 2466; x_wconf 91' lang='lat' dir='ltr'><em>succrescens</em></span> <span class='ocrx_word' id='word_1_103' title='bbox 1608 2411 1692 2463; x_wconf 88' lang='lat' dir='ltr'><em>in-</em></span> 
     </span>
    </p>
   </div>
   <div class='ocr_carea' id='block_1_21' title="bbox 87 2500 1695 2570">
    <p class='ocr_par' dir='ltr' id='par_1_21' title="bbox 87 2500 1695 2570">
     <span class='ocr_line' id='line_1_21' title="bbox 87 2500 1695 2570; baseline 0.003 -22"><span class='ocrx_word' id='word_1_104' title='bbox 87 2512 311 2553; x_wconf 85' lang='lat' dir='ltr'><em>numeros</em></span> <span class='ocrx_word' id='word_1_105' title='bbox 350 2500 610 2555; x_wconf 88' lang='lat' dir='ltr'><em>ﬁdelium</em></span> <span class='ocrx_word' id='word_1_106' title='bbox 655 2501 895 2570; x_wconf 88' lang='lat' dir='ltr'><em>protulit</em></span> <span class='ocrx_word' id='word_1_107' title='bbox 942 2516 1160 2556; x_wconf 90' lang='lat' dir='ltr'><em>ramos.</em></span> <span class='ocrx_word' id='word_1_108' title='bbox 1211 2501 1298 2554; x_wconf 85' lang='lat' dir='ltr'><em>Ex</em></span> <span class='ocrx_word' id='word_1_109' title='bbox 1338 2500 1448 2554; x_wconf 88' lang='lat' dir='ltr'><em>hac</em></span> <span class='ocrx_word' id='word_1_110' title='bbox 1478 2500 1695 2570; x_wconf 86' lang='lat' dir='ltr'><em>quippe</em></span> 
     </span>
    </p>
   </div>
   <div class='ocr_carea' id='block_1_22' title="bbox 85 2588 1694 2660">
    <p class='ocr_par' dir='ltr' id='par_1_22' title="bbox 85 2588 1694 2660">
     <span class='ocr_line' id='line_1_22' title="bbox 85 2588 1694 2660; baseline 0.002 -22"><span class='ocrx_word' id='word_1_111' title='bbox 85 2588 448 2658; x_wconf 87' lang='lat' dir='ltr'><em>quamplurima</em></span> <span class='ocrx_word' id='word_1_112' title='bbox 474 2589 903 2644; x_wconf 77' lang='lat' dir='ltr'><em>monachorum</em></span> <span class='ocrx_word' id='word_1_113' title='bbox 934 2591 1330 2660; x_wconf 91' lang='lat' dir='ltr'><em>proruperunt</em></span> <span class='ocrx_word' id='word_1_114' title='bbox 1349 2589 1543 2657; x_wconf 86' lang='lat' dir='ltr'><em>ovilia,</em></span> <span class='ocrx_word' id='word_1_115' title='bbox 1561 2604 1694 2658; x_wconf 88' lang='lat' dir='ltr'><em>quae</em></span> 
     </span>
    </p>
   </div>
   <div class='ocr_carea' id='block_1_23' title="bbox 1717 1339 3462 1445">
    <p class='ocr_par' dir='ltr' id='par_1_23' title="bbox 1717 1339 3462 1445">
     <span class='ocr_line' id='line_1_23' title="bbox 1717 1339 3462 1445; baseline 0.01 -30"><span class='ocrx_word' id='word_1_116' title='bbox 1717 1339 1768 1400; x_wconf 81' lang='grc' dir='ltr'><strong>Α</strong></span> <span class='ocrx_word' id='word_1_117' title='bbox 1797 1359 1894 1416; x_wconf 90' lang='lat' dir='ltr'><em>hic</em></span> <span class='ocrx_word' id='word_1_118' title='bbox 1922 1361 2276 1417; x_wconf 90' lang='lat' dir='ltr'><em>mentionem</em></span> <span class='ocrx_word' id='word_1_119' title='bbox 2308 1365 2378 1418; x_wconf 91' lang='lat' dir='ltr'><em>de</em></span> <span class='ocrx_word' id='word_1_120' title='bbox 2407 1367 2675 1434; x_wconf 82' lang='lat' dir='ltr'><em>partibus</em></span> <span class='ocrx_word' id='word_1_121' title='bbox 2697 1370 2873 1425; x_wconf 89' lang='lat' dir='ltr'><em>terrae</em></span> <span class='ocrx_word' id='word_1_122' title='bbox 2897 1372 3168 1445; x_wconf 87' lang='lat' dir='ltr'><em>fecimus,</em></span> <span class='ocrx_word' id='word_1_123' title='bbox 3202 1390 3320 1431; x_wconf 90' lang='lat' dir='ltr'><em>non</em></span> <span class='ocrx_word' id='word_1_124' title='bbox 3339 1375 3462 1432; x_wconf 89' lang='lat' dir='ltr'><em>inu-</em></span> 
     </span>
    </p>
   </div>
   <div class='ocr_carea' id='block_1_24' title="bbox 1795 1449 3461 1535">
    <p class='ocr_par' dir='ltr' id='par_1_24' title="bbox 1795 1449 3461 1535">
     <span class='ocr_line' id='line_1_24' title="bbox 1795 1449 3461 1535; baseline 0.011 -34"><span class='ocrx_word' id='word_1_125' title='bbox 1795 1449 1895 1503; x_wconf 92' lang='lat' dir='ltr'><em>tile</em></span> <span class='ocrx_word' id='word_1_126' title='bbox 1930 1450 2163 1505; x_wconf 88' lang='lat' dir='ltr'><em>videtur</em></span> <span class='ocrx_word' id='word_1_127' title='bbox 2210 1453 2264 1507; x_wconf 90' lang='lat' dir='ltr'><em>si</em></span> <span class='ocrx_word' id='word_1_128' title='bbox 2312 1454 2574 1510; x_wconf 88' lang='lat' dir='ltr'><em>breviter</em></span> <span class='ocrx_word' id='word_1_129' title='bbox 2619 1473 3149 1518; x_wconf 80' lang='lat' dir='ltr'><em>commemoramus</em></span> <span class='ocrx_word' id='word_1_130' title='bbox 3191 1465 3332 1535; x_wconf 91' lang='lat' dir='ltr'><em>quid</em></span> <span class='ocrx_word' id='word_1_131' title='bbox 3389 1467 3461 1520; x_wconf 89' lang='lat' dir='ltr'><em>de</em></span> 
     </span>
    </p>
   </div>
   <div class='ocr_carea' id='block_1_25' title="bbox 1796 1539 3465 1614">
    <p class='ocr_par' dir='ltr' id='par_1_25' title="bbox 1796 1539 3465 1614">
     <span class='ocr_line' id='line_1_25' title="bbox 1796 1539 3465 1614; baseline 0.011 -23"><span class='ocrx_word' id='word_1_132' title='bbox 1796 1539 1914 1592; x_wconf 89' lang='lat' dir='ltr'><em>illis</em></span> <span class='ocrx_word' id='word_1_133' title='bbox 1944 1539 2152 1595; x_wconf 89' lang='lat' dir='ltr'><em>beatus</em></span> <span class='ocrx_word' id='word_1_134' title='bbox 2183 1543 2555 1614; x_wconf 79' lang='lat' dir='ltr'><em>Augustinus</em></span> <span class='ocrx_word' id='word_1_135' title='bbox 2587 1546 2644 1599; x_wconf 93' lang='lat' dir='ltr'><em>in</em></span> <span class='ocrx_word' id='word_1_136' title='bbox 2678 1565 2773 1601; x_wconf 69' lang='lat' dir='ltr'><em>xv:</em></span> <span class='ocrx_word' id='word_1_137' title='bbox 2807 1550 2956 1604; x_wconf 87' lang='lat' dir='ltr'><em>libro</em></span> <span class='ocrx_word' id='word_1_138' title='bbox 2989 1552 3070 1605; x_wconf 89' lang='lat' dir='ltr'><em>De</em></span> <span class='ocrx_word' id='word_1_139' title='bbox 3105 1554 3338 1609; x_wconf 83' lang='lat' dir='ltr'><em>civitate</em></span> <span class='ocrx_word' id='word_1_140' title='bbox 3359 1555 3465 1609; x_wconf 91' lang='lat' dir='ltr'><em>Dei</em></span> 
     </span>
    </p>
   </div>
   <div class='ocr_carea' id='block_1_26' title="bbox 1799 1628 3462 1714">
    <p class='ocr_par' dir='ltr' id='par_1_26' title="bbox 1799 1628 3462 1714">
     <span class='ocr_line' id='line_1_26' title="bbox 1799 1628 3462 1714; baseline 0.01 -32"><span class='ocrx_word' id='word_1_141' title='bbox 1799 1628 1952 1682; x_wconf 88' lang='lat' dir='ltr'><em>dicat</em></span> <span class='ocrx_word' id='word_1_142' title='bbox 1984 1645 1996 1684; x_wconf 91' lang='lat'>:</span> <span class='ocrx_word' id='word_1_143' title='bbox 2037 1652 2058 1676; x_wconf 74' lang='grc' dir='ltr'><strong><em>ιι</em></strong></span> <span class='ocrx_word' id='word_1_144' title='bbox 2094 1631 2254 1700; x_wconf 86' lang='lat' dir='ltr'><em>Asia,</em></span> <span class='ocrx_word' id='word_1_145' title='bbox 2290 1633 2494 1703; x_wconf 88' lang='lat' dir='ltr'><em>inquit,</em></span> <span class='ocrx_word' id='word_1_146' title='bbox 2523 1651 2555 1687; x_wconf 89' lang='lat' dir='ltr'><em>a</em></span> <span class='ocrx_word' id='word_1_147' title='bbox 2579 1637 2820 1690; x_wconf 89' lang='lat' dir='ltr'><em>meridie</em></span> <span class='ocrx_word' id='word_1_148' title='bbox 2839 1641 3241 1708; x_wconf 88' lang='lat' dir='ltr'><em>perorientem</em></span> <span class='ocrx_word' id='word_1_149' title='bbox 3270 1659 3462 1714; x_wconf 91' lang='lat' dir='ltr'><em>usque</em></span> 
     </span>
    </p>
   </div>
   <div class='ocr_carea' id='block_1_27' title="bbox 1799 1717 3466 1800">
    <p class='ocr_par' dir='ltr' id='par_1_27' title="bbox 1799 1717 3466 1800">
     <span class='ocr_line' id='line_1_27' title="bbox 1799 1717 3466 1800; baseline 0.01 -30"><span class='ocrx_word' id='word_1_150' title='bbox 1799 1717 1872 1771; x_wconf 88' lang='lat' dir='ltr'><em>ad</em></span> <span class='ocrx_word' id='word_1_151' title='bbox 1901 1719 2360 1787; x_wconf 88' lang='lat' dir='ltr'><em>septentrionem</em></span> <span class='ocrx_word' id='word_1_152' title='bbox 2391 1725 2659 1792; x_wconf 88' lang='lat' dir='ltr'><em>pervenit</em></span> <span class='ocrx_word' id='word_1_153' title='bbox 2692 1741 2702 1779; x_wconf 93' lang='lat'>:</span> <span class='ocrx_word' id='word_1_154' title='bbox 2739 1725 2972 1797; x_wconf 89' lang='lat' dir='ltr'><em>Europa</em></span> <span class='ocrx_word' id='word_1_155' title='bbox 2989 1745 3133 1784; x_wconf 87' lang='lat' dir='ltr'><em>vero</em></span> <span class='ocrx_word' id='word_1_156' title='bbox 3165 1747 3197 1783; x_wconf 89' lang='lat' dir='ltr'><em>a</em></span> <span class='ocrx_word' id='word_1_157' title='bbox 3230 1734 3466 1800; x_wconf 87' lang='lat' dir='ltr'><em>septen-</em></span> 
     </span>
    </p>
   </div>
   <div class='ocr_carea' id='block_1_28' title="bbox 1797 1807 3462 1886">
    <p class='ocr_par' dir='ltr' id='par_1_28' title="bbox 1797 1807 3462 1886">
     <span class='ocr_line' id='line_1_28' title="bbox 1797 1807 3462 1886; baseline 0.01 -28"><span class='ocrx_word' id='word_1_158' title='bbox 1797 1807 1987 1860; x_wconf 89' lang='lat' dir='ltr'><em>trione</em></span> <span class='ocrx_word' id='word_1_159' title='bbox 2020 1824 2209 1878; x_wconf 90' lang='lat' dir='ltr'><em>usque</em></span> <span class='ocrx_word' id='word_1_160' title='bbox 2241 1810 2314 1862; x_wconf 87' lang='lat' dir='ltr'><em>ad</em></span> <span class='ocrx_word' id='word_1_161' title='bbox 2351 1812 2736 1883; x_wconf 91' lang='lat' dir='ltr'><em>occidentem,</em></span> <span class='ocrx_word' id='word_1_162' title='bbox 2771 1819 2944 1886; x_wconf 89' lang='lat' dir='ltr'><em>atque</em></span> <span class='ocrx_word' id='word_1_163' title='bbox 2994 1817 3130 1871; x_wconf 88' lang='lat' dir='ltr'><em>inde</em></span> <span class='ocrx_word' id='word_1_164' title='bbox 3159 1818 3360 1873; x_wconf 89' lang='lat' dir='ltr'><em>Africa</em></span> <span class='ocrx_word' id='word_1_165' title='bbox 3391 1822 3462 1875; x_wconf 90' lang='lat' dir='ltr'><em>ab</em></span> 
     </span>
    </p>
   </div>
   <div class='ocr_carea' id='block_1_29' title="bbox 1798 1895 3466 1968">
    <p class='ocr_par' dir='ltr' id='par_1_29' title="bbox 1798 1895 3466 1968">
     <span class='ocr_line' id='line_1_29' title="bbox 1798 1895 3466 1968; baseline 0.008 -18"><span class='ocrx_word' id='word_1_166' title='bbox 1798 1895 2114 1951; x_wconf 88' lang='lat' dir='ltr'><em>Occidente</em></span> <span class='ocrx_word' id='word_1_167' title='bbox 2145 1913 2336 1968; x_wconf 90' lang='lat' dir='ltr'><em>usque</em></span> <span class='ocrx_word' id='word_1_168' title='bbox 2367 1900 2439 1953; x_wconf 90' lang='lat' dir='ltr'><em>ad</em></span> <span class='ocrx_word' id='word_1_169' title='bbox 2481 1902 2802 1958; x_wconf 88' lang='lat' dir='ltr'><em>meridiem.</em></span> <span class='ocrx_word' id='word_1_170' title='bbox 2858 1905 3025 1958; x_wconf 85' lang='lat' dir='ltr'><em>Unde</em></span> <span class='ocrx_word' id='word_1_171' title='bbox 3060 1907 3335 1962; x_wconf 89' lang='lat' dir='ltr'><em>videntur</em></span> <span class='ocrx_word' id='word_1_172' title='bbox 3364 1925 3466 1963; x_wconf 89' lang='lat' dir='ltr'><em>or-</em></span> 
     </span>
    </p>
   </div>
   <div class='ocr_carea' id='block_1_30' title="bbox 1798 1984 3471 2067">
    <p class='ocr_par' dir='ltr' id='par_1_30' title="bbox 1798 1984 3471 2067">
     <span class='ocr_line' id='line_1_30' title="bbox 1798 1984 3471 2067; baseline 0.008 -28"><span class='ocrx_word' id='word_1_173' title='bbox 1798 1984 1934 2040; x_wconf 91' lang='lat' dir='ltr'><em>bem</em></span> <span class='ocrx_word' id='word_1_174' title='bbox 1967 1987 2270 2041; x_wconf 88' lang='lat' dir='ltr'><em>dimidium</em></span> <span class='ocrx_word' id='word_1_175' title='bbox 2300 1988 2431 2042; x_wconf 88' lang='lat' dir='ltr'><em>duae</em></span> <span class='ocrx_word' id='word_1_176' title='bbox 2455 1993 2673 2058; x_wconf 90' lang='lat' dir='ltr'><em>tenere,</em></span> <span class='ocrx_word' id='word_1_177' title='bbox 2711 1991 2943 2063; x_wconf 86' lang='lat' dir='ltr'><em>Europa</em></span> <span class='ocrx_word' id='word_1_178' title='bbox 2977 1998 3032 2048; x_wconf 87' lang='lat' dir='ltr'><em>et</em></span> <span class='ocrx_word' id='word_1_179' title='bbox 3061 1995 3285 2067; x_wconf 88' lang='lat' dir='ltr'><em>Africa,</em></span> <span class='ocrx_word' id='word_1_180' title='bbox 3313 1997 3471 2052; x_wconf 86' lang='lat' dir='ltr'><em>aliud</em></span> 
     </span>
    </p>
   </div>
   <div class='ocr_carea' id='block_1_31' title="bbox 1799 2076 3470 2156">
    <p class='ocr_par' dir='ltr' id='par_1_31' title="bbox 1799 2076 3470 2156">
     <span class='ocr_line' id='line_1_31' title="bbox 1799 2076 3470 2156; baseline 0.008 -28"><span class='ocrx_word' id='word_1_181' title='bbox 1799 2091 1942 2130; x_wconf 89' lang='lat' dir='ltr'><em>vero</em></span> <span class='ocrx_word' id='word_1_182' title='bbox 1975 2076 2278 2131; x_wconf 90' lang='lat' dir='ltr'><em>dimidium</em></span> <span class='ocrx_word' id='word_1_183' title='bbox 2301 2077 2428 2131; x_wconf 89' lang='lat' dir='ltr'><em>sola</em></span> <span class='ocrx_word' id='word_1_184' title='bbox 2457 2079 2621 2133; x_wconf 88' lang='lat' dir='ltr'><em>Asia.</em></span> <span class='ocrx_word' id='word_1_185' title='bbox 2656 2081 2770 2135; x_wconf 91' lang='lat' dir='ltr'><em>Sed</em></span> <span class='ocrx_word' id='word_1_186' title='bbox 2804 2083 2934 2137; x_wconf 90' lang='lat' dir='ltr'><em>ideo</em></span> <span class='ocrx_word' id='word_1_187' title='bbox 2966 2083 3081 2138; x_wconf 61' lang='lat' dir='ltr'><em>illae</em></span> <span class='ocrx_word' id='word_1_188' title='bbox 3114 2085 3246 2140; x_wconf 90' lang='lat' dir='ltr'><em>duae</em></span> <span class='ocrx_word' id='word_1_189' title='bbox 3267 2089 3470 2156; x_wconf 89' lang='lat' dir='ltr'><em>partes</em></span> 
     </span>
    </p>
   </div>
   <div class='ocr_carea' id='block_1_32' title="bbox 1803 2165 3469 2240">
    <p class='ocr_par' dir='ltr' id='par_1_32' title="bbox 1803 2165 3469 2240">
     <span class='ocr_line' id='line_1_32' title="bbox 1803 2165 3469 2240; baseline 0.007 -22"><span class='ocrx_word' id='word_1_190' title='bbox 1803 2165 1971 2219; x_wconf 59' lang='lat' dir='ltr'><em>facta;</em></span> <span class='ocrx_word' id='word_1_191' title='bbox 2004 2172 2161 2235; x_wconf 89' lang='lat' dir='ltr'><em>sunt,</em></span> <span class='ocrx_word' id='word_1_192' title='bbox 2197 2167 2334 2237; x_wconf 84' lang='lat' dir='ltr'><em>quia</em></span> <span class='ocrx_word' id='word_1_193' title='bbox 2379 2167 2533 2224; x_wconf 88' lang='lat' dir='ltr'><em>inter</em></span> <span class='ocrx_word' id='word_1_194' title='bbox 2561 2172 2871 2240; x_wconf 89' lang='lat' dir='ltr'><em>utramque</em></span> <span class='ocrx_word' id='word_1_195' title='bbox 2915 2171 3090 2227; x_wconf 86' lang='lat' dir='ltr'><em>intrat</em></span> <span class='ocrx_word' id='word_1_196' title='bbox 3133 2175 3204 2228; x_wconf 90' lang='lat' dir='ltr'><em>ab</em></span> <span class='ocrx_word' id='word_1_197' title='bbox 3235 2175 3469 2231; x_wconf 89' lang='lat' dir='ltr'><em>Oceano</em></span> 
     </span>
    </p>
   </div>
   <div class='ocr_carea' id='block_1_33' title="bbox 1803 2253 3468 2326">
    <p class='ocr_par' dir='ltr' id='par_1_33' title="bbox 1803 2253 3468 2326">
     <span class='ocr_line' id='line_1_33' title="bbox 1803 2253 3468 2326; baseline 0.006 -18"><span class='ocrx_word' id='word_1_198' title='bbox 1803 2253 2086 2325; x_wconf 86' lang='lat' dir='ltr'><em>quidquid</em></span> <span class='ocrx_word' id='word_1_199' title='bbox 2121 2271 2406 2326; x_wconf 89' lang='lat' dir='ltr'><em>aquarum</em></span> <span class='ocrx_word' id='word_1_200' title='bbox 2429 2262 2622 2312; x_wconf 90' lang='lat' dir='ltr'><em>terras</em></span> <span class='ocrx_word' id='word_1_201' title='bbox 2654 2259 2914 2313; x_wconf 87' lang='lat' dir='ltr'><em>interluit</em></span> <span class='ocrx_word' id='word_1_202' title='bbox 2945 2264 3001 2314; x_wconf 90' lang='lat' dir='ltr'><em>et</em></span> <span class='ocrx_word' id='word_1_203' title='bbox 3031 2261 3142 2315; x_wconf 91' lang='lat' dir='ltr'><em>hoc</em></span> <span class='ocrx_word' id='word_1_204' title='bbox 3174 2279 3333 2318; x_wconf 91' lang='lat' dir='ltr'><em>mare</em></span> <span class='ocrx_word' id='word_1_205' title='bbox 3351 2280 3468 2318; x_wconf 90' lang='lat' dir='ltr'><em>ma-</em></span> 
     </span>
    </p>
   </div>
   <div class='ocr_carea' id='block_1_34' title="bbox 1804 2344 3469 2420">
    <p class='ocr_par' dir='ltr' id='par_1_34' title="bbox 1804 2344 3469 2420">
     <span class='ocr_line' id='line_1_34' title="bbox 1804 2344 3469 2420; baseline 0.006 -23"><span class='ocrx_word' id='word_1_206' title='bbox 1804 2359 1986 2415; x_wconf 90' lang='lat' dir='ltr'><em>gnum</em></span> <span class='ocrx_word' id='word_1_207' title='bbox 2030 2345 2225 2399; x_wconf 90' lang='lat' dir='ltr'><em>nobis-</em></span> <span class='ocrx_word' id='word_1_208' title='bbox 2252 2344 2410 2399; x_wconf 84' lang='lat' dir='ltr'><em>facit.</em></span> <span class='ocrx_word' id='word_1_209' title='bbox 2468 2345 2835 2417; x_wconf 87' lang='lat' dir='ltr'><em>Quapropter</em></span> <span class='ocrx_word' id='word_1_210' title='bbox 2883 2350 2935 2401; x_wconf 91' lang='lat' dir='ltr'><em>si</em></span> <span class='ocrx_word' id='word_1_211' title='bbox 2984 2349 3043 2402; x_wconf 90' lang='lat' dir='ltr'><em>in</em></span> <span class='ocrx_word' id='word_1_212' title='bbox 3089 2350 3237 2404; x_wconf 91' lang='lat' dir='ltr'><em>duas</em></span> <span class='ocrx_word' id='word_1_213' title='bbox 3266 2356 3469 2420; x_wconf 86' lang='lat' dir='ltr'><em>partes</em></span> 
     </span>
    </p>
   </div>
   <div class='ocr_carea' id='block_1_35' title="bbox 1805 2433 3470 2504">
    <p class='ocr_par' dir='ltr' id='par_1_35' title="bbox 1805 2433 3470 2504">
     <span class='ocr_line' id='line_1_35' title="bbox 1805 2433 3470 2504; baseline 0.006 -19"><span class='ocrx_word' id='word_1_214' title='bbox 1805 2433 2008 2486; x_wconf 90' lang='lat' dir='ltr'><em>orbem</em></span> <span class='ocrx_word' id='word_1_215' title='bbox 2040 2433 2291 2502; x_wconf 87' lang='lat' dir='ltr'><em>dividas,</em></span> <span class='ocrx_word' id='word_1_216' title='bbox 2327 2435 2583 2490; x_wconf 88' lang='lat' dir='ltr'><em>Orientis</em></span> <span class='ocrx_word' id='word_1_217' title='bbox 2618 2439 2674 2489; x_wconf 93' lang='lat' dir='ltr'><em>et</em></span> <span class='ocrx_word' id='word_1_218' title='bbox 2702 2436 3058 2504; x_wconf 86' lang='lat' dir='ltr'><em>Occidentis,</em></span> <span class='ocrx_word' id='word_1_219' title='bbox 3093 2439 3237 2492; x_wconf 87' lang='lat' dir='ltr'><em>Asia</em></span> <span class='ocrx_word' id='word_1_220' title='bbox 3268 2441 3378 2494; x_wconf 90' lang='lat' dir='ltr'><em>erit</em></span> <span class='ocrx_word' id='word_1_221' title='bbox 3407 2441 3470 2495; x_wconf 92' lang='lat' dir='ltr'><em>in</em></span> 
     </span>
    </p>
   </div>
   <div class='ocr_carea' id='block_1_36' title="bbox 1805 2521 3469 2593">
    <p class='ocr_par' dir='ltr' id='par_1_36' title="bbox 1805 2521 3469 2593">
     <span class='ocr_line' id='line_1_36' title="bbox 1805 2521 3469 2593; baseline 0.005 -17"><span class='ocrx_word' id='word_1_222' title='bbox 1805 2538 1942 2590; x_wconf 88' lang='lat' dir='ltr'><em>una,</em></span> <span class='ocrx_word' id='word_1_223' title='bbox 1976 2521 2034 2574; x_wconf 89' lang='lat' dir='ltr'><em>in</em></span> <span class='ocrx_word' id='word_1_224' title='bbox 2057 2521 2235 2576; x_wconf 89' lang='lat' dir='ltr'><em>altera</em></span> <span class='ocrx_word' id='word_1_225' title='bbox 2254 2539 2394 2577; x_wconf 87' lang='lat' dir='ltr'><em>vero</em></span> <span class='ocrx_word' id='word_1_226' title='bbox 2413 2523 2645 2593; x_wconf 86' lang='lat' dir='ltr'><em>Europa</em></span> <span class='ocrx_word' id='word_1_227' title='bbox 2669 2527 2722 2578; x_wconf 91' lang='lat' dir='ltr'><em>et</em></span> <span class='ocrx_word' id='word_1_228' title='bbox 2744 2526 3000 2580; x_wconf 56' lang='lat' dir='ltr'><em>Africa»</em></span> <span class='ocrx_word' id='word_1_229' title='bbox 3035 2528 3144 2581; x_wconf 85' lang='lat' dir='ltr'><em>His</em></span> <span class='ocrx_word' id='word_1_230' title='bbox 3165 2529 3469 2584; x_wconf 89' lang='lat' dir='ltr'><em>succincte</em></span> 
     </span>
    </p>
   </div>
   <div class='ocr_carea' id='block_1_37' title="bbox 1805 2612 3469 2689">
    <p class='ocr_par' dir='ltr' id='par_1_37' title="bbox 1805 2612 3469 2689">
     <span class='ocr_line' id='line_1_37' title="bbox 1805 2612 3469 2689; baseline 0.004 -24"><span class='ocrx_word' id='word_1_231' title='bbox 1805 2613 2109 2681; x_wconf 89' lang='lat' dir='ltr'><em>intimatis,</em></span> <span class='ocrx_word' id='word_1_232' title='bbox 2145 2612 2215 2666; x_wconf 90' lang='lat' dir='ltr'><em>ad</em></span> <span class='ocrx_word' id='word_1_233' title='bbox 2245 2613 2613 2682; x_wconf 90' lang='lat' dir='ltr'><em>propositum</em></span> <span class='ocrx_word' id='word_1_234' title='bbox 2643 2614 2978 2670; x_wconf 87' lang='lat' dir='ltr'><em>redeamus.</em></span> <span class='ocrx_word' id='word_1_235' title='bbox 3012 2615 3245 2688; x_wconf 89' lang='lat' dir='ltr'><em>Europa</em></span> <span class='ocrx_word' id='word_1_236' title='bbox 3268 2634 3469 2689; x_wconf 88' lang='lat' dir='ltr'><em>quam-</em></span> 
     </span>
    </p>
   </div>
   <div class='ocr_carea' id='block_1_38' title="bbox 87 2675 3472 2777">
    <p class='ocr_par' dir='ltr' id='par_1_38' title="bbox 87 2675 3472 2777">
     <span class='ocr_line' id='line_1_38' title="bbox 87 2675 3472 2777; baseline 0.001 -20"><span class='ocrx_word' id='word_1_237' title='bbox 87 2675 446 2777; x_wconf 39' lang='lat' dir='ltr'><em>velmfpésfx</em></span> <span class='ocrx_word' id='word_1_238' title='bbox 479 2679 615 2777; x_wconf 65' lang='grc' dir='ltr'><em>ξδυίδ</em></span> <span class='ocrx_word' id='word_1_239' title='bbox 647 2679 922 2777; x_wconf 28' lang='lat' dir='ltr'><em>{uelariis</em></span> <span class='ocrx_word' id='word_1_240' title='bbox 944 2677 1322 2777; x_wconf 49' lang='grc' dir='ltr'><em>τηυξξὶηιοάξεε</em></span> <span class='ocrx_word' id='word_1_241' title='bbox 1343 2692 1414 2777; x_wconf 61' lang='grc' dir='ltr'><em>εἶ’(</em></span> <span class='ocrx_word' id='word_1_242' title='bbox 1435 2677 1694 2777; x_wconf 54' lang='grc' dir='ltr'><em>δίνῗπῗίδ</em></span> <span class='ocrx_word' id='word_1_243' title='bbox 1721 2694 1777 2758; x_wconf 92' lang='grc' dir='ltr'>Β</span> <span class='ocrx_word' id='word_1_244' title='bbox 1805 2702 2076 2772; x_wconf 89' lang='lat' dir='ltr'><em>plurimis</em></span> <span class='ocrx_word' id='word_1_245' title='bbox 2101 2702 2402 2756; x_wconf 91' lang='lat' dir='ltr'><em>ﬂuminum</em></span> <span class='ocrx_word' id='word_1_246' title='bbox 2423 2702 2608 2756; x_wconf 87' lang='lat' dir='ltr'><em>alveis</em></span> <span class='ocrx_word' id='word_1_247' title='bbox 2634 2702 2995 2774; x_wconf 89' lang='lat' dir='ltr'><em>interrivata,</em></span> <span class='ocrx_word' id='word_1_248' title='bbox 3018 2675 3321 2777; x_wconf 70' lang='lat' dir='ltr'><em>variisque</em></span> <span class='ocrx_word' id='word_1_249' title='bbox 3339 2723 3472 2776; x_wconf 90' lang='lat' dir='ltr'><em>pro-</em></span> 
     </span>
    </p>
   </div>
   <div class='ocr_carea' id='block_1_39' title="bbox 85 2765 1695 2823">
    <p class='ocr_par' dir='ltr' id='par_1_39' title="bbox 85 2765 1695 2823">
     <span class='ocr_line' id='line_1_39' title="bbox 85 2765 1695 2823; baseline 0.002 -7"><span class='ocrx_word' id='word_1_250' title='bbox 85 2765 240 2819; x_wconf 88' lang='lat' dir='ltr'><em>mundi</em></span> <span class='ocrx_word' id='word_1_251' title='bbox 266 2769 428 2822; x_wconf 87' lang='lat' dir='ltr'><em>violis</em></span> <span class='ocrx_word' id='word_1_252' title='bbox 475 2769 542 2823; x_wconf 89' lang='lat' dir='ltr'><em>in</em></span> <span class='ocrx_word' id='word_1_253' title='bbox 577 2768 918 2823; x_wconf 90' lang='lat' dir='ltr'><em>caelestibus</em></span> <span class='ocrx_word' id='word_1_254' title='bbox 959 2768 1206 2823; x_wconf 89' lang='lat' dir='ltr'><em>sedibus</em></span> <span class='ocrx_word' id='word_1_255' title='bbox 1237 2767 1560 2820; x_wconf 89' lang='lat' dir='ltr'><em>intulerunt</em></span> <span class='ocrx_word' id='word_1_256' title='bbox 1603 2767 1695 2820; x_wconf 87' lang='lat' dir='ltr'><em>fa-</em></span> 
     </span>
    </p>
   </div>
   <div class='ocr_carea' id='block_1_40' title="bbox 86 2855 1701 2927">
    <p class='ocr_par' dir='ltr' id='par_1_40' title="bbox 86 2855 1701 2927">
     <span class='ocr_line' id='line_1_40' title="bbox 86 2855 1701 2927; baseline 0.003 -23"><span class='ocrx_word' id='word_1_257' title='bbox 86 2867 184 2906; x_wconf 83' lang='lat' dir='ltr'><em>vos.</em></span> <span class='ocrx_word' id='word_1_258' title='bbox 230 2855 306 2910; x_wconf 92' lang='lat' dir='ltr'><em>De</em></span> <span class='ocrx_word' id='word_1_259' title='bbox 357 2857 449 2912; x_wconf 90' lang='lat' dir='ltr'><em>his</em></span> <span class='ocrx_word' id='word_1_260' title='bbox 499 2857 719 2912; x_wconf 88' lang='lat' dir='ltr'><em>etenim</em></span> <span class='ocrx_word' id='word_1_261' title='bbox 770 2858 1049 2927; x_wconf 91' lang='lat' dir='ltr'><em>perennis</em></span> <span class='ocrx_word' id='word_1_262' title='bbox 1094 2855 1424 2911; x_wconf 82' lang='lat' dir='ltr'><em>Jerusalem</em></span> <span class='ocrx_word' id='word_1_263' title='bbox 1477 2855 1701 2910; x_wconf 88' lang='lat' dir='ltr'><em>fabrica</em></span> 
     </span>
    </p>
   </div>
   <div class='ocr_carea' id='block_1_41' title="bbox 85 2944 1700 3018">
    <p class='ocr_par' dir='ltr' id='par_1_41' title="bbox 85 2944 1700 3018">
     <span class='ocr_line' id='line_1_41' title="bbox 85 2944 1700 3018; baseline 0.003 -25"><span class='ocrx_word' id='word_1_264' title='bbox 85 2947 252 3013; x_wconf 87' lang='lat' dir='ltr'><em>erecta,</em></span> <span class='ocrx_word' id='word_1_265' title='bbox 283 2961 474 3000; x_wconf 90' lang='lat' dir='ltr'><em>coram</em></span> <span class='ocrx_word' id='word_1_266' title='bbox 506 2947 680 3018; x_wconf 85' lang='lat' dir='ltr'><em>regis</em></span> <span class='ocrx_word' id='word_1_267' title='bbox 723 2946 928 3001; x_wconf 76' lang='lat' dir='ltr'><em>aeterni</em></span> <span class='ocrx_word' id='word_1_268' title='bbox 958 2945 1261 2999; x_wconf 88' lang='lat' dir='ltr'><em>obtutibus</em></span> <span class='ocrx_word' id='word_1_269' title='bbox 1291 2948 1355 2998; x_wconf 92' lang='lat' dir='ltr'><em>ut</em></span> <span class='ocrx_word' id='word_1_270' title='bbox 1386 2944 1574 2998; x_wconf 87' lang='lat' dir='ltr'><em>stellae</em></span> <span class='ocrx_word' id='word_1_271' title='bbox 1603 2945 1700 2998; x_wconf 91' lang='lat' dir='ltr'><em>lu-</em></span> 
     </span>
    </p>
   </div>
   <div class='ocr_carea' id='block_1_42' title="bbox 86 3031 1698 3106">
    <p class='ocr_par' dir='ltr' id='par_1_42' title="bbox 86 3031 1698 3106">
     <span class='ocr_line' id='line_1_42' title="bbox 86 3031 1698 3106; baseline 0.001 -23"><span class='ocrx_word' id='word_1_272' title='bbox 86 3031 196 3086; x_wconf 58' lang='lat' dir='ltr'><em>cida</em></span> <span class='ocrx_word' id='word_1_273' title='bbox 223 3033 431 3106; x_wconf 83' lang='lat' dir='ltr'><em>fulgent</em></span> <span class='ocrx_word' id='word_1_274' title='bbox 464 3037 525 3090; x_wconf 90' lang='lat' dir='ltr'><em>in</em></span> <span class='ocrx_word' id='word_1_275' title='bbox 558 3039 875 3106; x_wconf 88' lang='lat' dir='ltr'><em>perpetuas</em></span> <span class='ocrx_word' id='word_1_276' title='bbox 908 3035 1287 3090; x_wconf 71' lang='lat' dir='ltr'><em>aeternitates.</em></span> <span class='ocrx_word' id='word_1_277' title='bbox 1317 3033 1456 3099; x_wconf 62' lang='lat' dir='ltr'><em>Quae</em></span> <span class='ocrx_word' id='word_1_278' title='bbox 1485 3033 1698 3088; x_wconf 90' lang='lat' dir='ltr'><em>videli-</em></span> 
     </span>
    </p>
   </div>
   <div class='ocr_carea' id='block_1_43' title="bbox 83 3123 1697 3194">
    <p class='ocr_par' dir='ltr' id='par_1_43' title="bbox 83 3123 1697 3194">
     <span class='ocr_line' id='line_1_43' title="bbox 83 3123 1697 3194; baseline 0.001 -21"><span class='ocrx_word' id='word_1_279' title='bbox 83 3125 152 3174; x_wconf 85' lang='lat' dir='ltr'><em>cet</em></span> <span class='ocrx_word' id='word_1_280' title='bbox 176 3123 402 3179; x_wconf 83' lang='lat' dir='ltr'><em>ecclesia</em></span> <span class='ocrx_word' id='word_1_281' title='bbox 433 3127 642 3180; x_wconf 89' lang='lat' dir='ltr'><em>multis</em></span> <span class='ocrx_word' id='word_1_282' title='bbox 673 3125 1037 3179; x_wconf 87' lang='lat' dir='ltr'><em>Francorum</em></span> <span class='ocrx_word' id='word_1_283' title='bbox 1069 3124 1436 3194; x_wconf 87' lang='lat' dir='ltr'><em>temporibus</em></span> <span class='ocrx_word' id='word_1_284' title='bbox 1468 3123 1580 3177; x_wconf 91' lang='lat' dir='ltr'><em>sub</em></span> <span class='ocrx_word' id='word_1_285' title='bbox 1615 3123 1697 3177; x_wconf 91' lang='lat' dir='ltr'><em>di-</em></span> 
     </span>
    </p>
   </div>
   <div class='ocr_carea' id='block_1_44' title="bbox 83 3212 1698 3286">
    <p class='ocr_par' dir='ltr' id='par_1_44' title="bbox 83 3212 1698 3286">
     <span class='ocr_line' id='line_1_44' title="bbox 83 3212 1698 3286; baseline 0.004 -27"><span class='ocrx_word' id='word_1_286' title='bbox 83 3212 236 3266; x_wconf 79' lang='lat' dir='ltr'><em>versis</em></span> <span class='ocrx_word' id='word_1_287' title='bbox 263 3215 505 3286; x_wconf 81' lang='lat' dir='ltr'><em>regibus</em></span> <span class='ocrx_word' id='word_1_288' title='bbox 540 3214 737 3267; x_wconf 86' lang='lat' dir='ltr'><em>valida</em></span> <span class='ocrx_word' id='word_1_289' title='bbox 768 3214 982 3268; x_wconf 90' lang='lat' dir='ltr'><em>virtute</em></span> <span class='ocrx_word' id='word_1_290' title='bbox 1004 3213 1235 3282; x_wconf 88' lang='lat' dir='ltr'><em>pollens</em></span> <span class='ocrx_word' id='word_1_291' title='bbox 1267 3212 1476 3283; x_wconf 82' lang='lat' dir='ltr'><em>viguit,</em></span> <span class='ocrx_word' id='word_1_292' title='bbox 1510 3213 1698 3266; x_wconf 89' lang='lat' dir='ltr'><em>donec</em></span> 
     </span>
    </p>
   </div>
   <div class='ocr_carea' id='block_1_45' title="bbox 82 3301 1697 3374">
    <p class='ocr_par' dir='ltr' id='par_1_45' title="bbox 82 3301 1697 3374">
     <span class='ocr_line' id='line_1_45' title="bbox 82 3301 1697 3374; baseline -0.001 -20"><span class='ocrx_word' id='word_1_293' title='bbox 82 3312 244 3368; x_wconf 87' lang='lat' dir='ltr'><em>apace</em></span> <span class='ocrx_word' id='word_1_294' title='bbox 288 3307 538 3374; x_wconf 87' lang='lat' dir='ltr'><em>quatuor</em></span> <span class='ocrx_word' id='word_1_295' title='bbox 587 3303 876 3358; x_wconf 85' lang='lat' dir='ltr'><em>Ludovici</em></span> <span class='ocrx_word' id='word_1_296' title='bbox 924 3301 1296 3372; x_wconf 84' lang='lat' dir='ltr'><em>imperatoris</em></span> <span class='ocrx_word' id='word_1_297' title='bbox 1344 3301 1481 3354; x_wconf 85' lang='lat' dir='ltr'><em>ﬁliis</em></span> <span class='ocrx_word' id='word_1_298' title='bbox 1514 3301 1697 3355; x_wconf 89' lang='lat' dir='ltr'><em>dissi-</em></span> 
     </span>
    </p>
   </div>
   <div class='ocr_carea' id='block_1_46' title="bbox 84 3387 1698 3464">
    <p class='ocr_par' dir='ltr' id='par_1_46' title="bbox 84 3387 1698 3464">
     <span class='ocr_line' id='line_1_46' title="bbox 84 3387 1698 3464; baseline 0.003 -26"><span class='ocrx_word' id='word_1_299' title='bbox 84 3387 304 3446; x_wconf 84' lang='lat' dir='ltr'><em>dentibus</em></span> <span class='ocrx_word' id='word_1_300' title='bbox 334 3409 403 3446; x_wconf 84' lang='lat' dir='ltr'><em>ex</em></span> <span class='ocrx_word' id='word_1_301' title='bbox 426 3409 648 3464; x_wconf 87' lang='lat' dir='ltr'><em>magna</em></span> <span class='ocrx_word' id='word_1_302' title='bbox 671 3392 860 3463; x_wconf 78' lang='lat' dir='ltr'><em>gloria</em></span> <span class='ocrx_word' id='word_1_303' title='bbox 881 3408 1131 3464; x_wconf 90' lang='lat' dir='ltr'><em>regnum</em></span> <span class='ocrx_word' id='word_1_304' title='bbox 1154 3391 1516 3445; x_wconf 82' lang='lat' dir='ltr'><em>Francorum</em></span> <span class='ocrx_word' id='word_1_305' title='bbox 1540 3391 1698 3461; x_wconf 88' lang='lat' dir='ltr'><em>quati</em></span> 
     </span>
    </p>
   </div>
   <div class='ocr_carea' id='block_1_47' title="bbox 85 3479 1692 3551">
    <p class='ocr_par' dir='ltr' id='par_1_47' title="bbox 85 3479 1692 3551">
     <span class='ocr_line' id='line_1_47' title="bbox 85 3479 1692 3551; baseline 0.004 -24"><span class='ocrx_word' id='word_1_306' title='bbox 85 3479 219 3547; x_wconf 63' lang='lat' dir='ltr'><em>caepit</em></span> <span class='ocrx_word' id='word_1_307' title='bbox 248 3497 258 3534; x_wconf 88' lang='lat'><strong>:</strong></span> <span class='ocrx_word' id='word_1_308' title='bbox 283 3480 338 3535; x_wconf 89' lang='lat' dir='ltr'><em>in</em></span> <span class='ocrx_word' id='word_1_309' title='bbox 368 3485 599 3536; x_wconf 88' lang='lat' dir='ltr'><em>tantum</em></span> <span class='ocrx_word' id='word_1_310' title='bbox 632 3483 713 3551; x_wconf 88' lang='lat' dir='ltr'><em>ut,</em></span> <span class='ocrx_word' id='word_1_311' title='bbox 740 3481 1004 3535; x_wconf 89' lang='lat' dir='ltr'><em>collectis</em></span> <span class='ocrx_word' id='word_1_312' title='bbox 1023 3481 1414 3551; x_wconf 89' lang='lat' dir='ltr'><em>undequaque</em></span> <span class='ocrx_word' id='word_1_313' title='bbox 1445 3479 1692 3548; x_wconf 89' lang='lat' dir='ltr'><em>viribus,</em></span> 
     </span>
    </p>
   </div>
   <div class='ocr_carea' id='block_1_48' title="bbox 83 3565 1698 3640">
    <p class='ocr_par' dir='ltr' id='par_1_48' title="bbox 83 3565 1698 3640">
     <span class='ocr_line' id='line_1_48' title="bbox 83 3565 1698 3640; baseline 0.001 -22"><span class='ocrx_word' id='word_1_314' title='bbox 83 3565 127 3618; x_wconf 89' lang='lat' dir='ltr'><em>in</em></span> <span class='ocrx_word' id='word_1_315' title='bbox 149 3571 408 3626; x_wconf 86' lang='lat' dir='ltr'><em>territorio</em></span> <span class='ocrx_word' id='word_1_316' title='bbox 443 3569 927 3626; x_wconf 85' lang='lat' dir='ltr'><em>Autisiodorensi</em></span> <span class='ocrx_word' id='word_1_317' title='bbox 958 3571 1110 3640; x_wconf 89' lang='lat' dir='ltr'><em>apud</em></span> <span class='ocrx_word' id='word_1_318' title='bbox 1142 3568 1582 3624; x_wconf 88' lang='lat' dir='ltr'><em>Fontaneticum</em></span> <span class='ocrx_word' id='word_1_319' title='bbox 1612 3567 1698 3620; x_wconf 84' lang='lat' dir='ltr'><em>vi-</em></span> 
     </span>
    </p>
   </div>
   <div class='ocr_carea' id='block_1_49' title="bbox 85 3657 1695 3730">
    <p class='ocr_par' dir='ltr' id='par_1_49' title="bbox 85 3657 1695 3730">
     <span class='ocr_line' id='line_1_49' title="bbox 85 3657 1695 3730; baseline 0.002 -24"><span class='ocrx_word' id='word_1_320' title='bbox 85 3669 184 3710; x_wconf 87' lang='lat' dir='ltr'><em>cum</em></span> <span class='ocrx_word' id='word_1_321' title='bbox 210 3659 312 3714; x_wconf 90' lang='lat' dir='ltr'><em>duo</em></span> <span class='ocrx_word' id='word_1_322' title='bbox 339 3661 639 3716; x_wconf 89' lang='lat' dir='ltr'><em>adversus</em></span> <span class='ocrx_word' id='word_1_323' title='bbox 679 3660 830 3714; x_wconf 91' lang='lat' dir='ltr'><em>duos</em></span> <span class='ocrx_word' id='word_1_324' title='bbox 866 3659 1099 3712; x_wconf 91' lang='lat' dir='ltr'><em>diabolo</em></span> <span class='ocrx_word' id='word_1_325' title='bbox 1131 3658 1448 3730; x_wconf 83' lang='lat' dir='ltr'><em>instigante</em></span> <span class='ocrx_word' id='word_1_326' title='bbox 1489 3657 1695 3711; x_wconf 92' lang='lat' dir='ltr'><em>conﬂi-</em></span> 
     </span>
    </p>
   </div>
   <div class='ocr_carea' id='block_1_50' title="bbox 82 3745 1698 3817">
    <p class='ocr_par' dir='ltr' id='par_1_50' title="bbox 82 3745 1698 3817">
     <span class='ocr_line' id='line_1_50' title="bbox 82 3745 1698 3817; baseline 0.002 -21"><span class='ocrx_word' id='word_1_327' title='bbox 82 3749 268 3817; x_wconf 81' lang='lat' dir='ltr'><em>gentes,</em></span> <span class='ocrx_word' id='word_1_328' title='bbox 300 3749 726 3804; x_wconf 88' lang='lat' dir='ltr'><em>cruentissima</em></span> <span class='ocrx_word' id='word_1_329' title='bbox 757 3748 1221 3802; x_wconf 87' lang='lat' dir='ltr'><em>christianorum</em></span> <span class='ocrx_word' id='word_1_330' title='bbox 1259 3747 1412 3801; x_wconf 90' lang='lat' dir='ltr'><em>inter</em></span> <span class='ocrx_word' id='word_1_331' title='bbox 1439 3762 1505 3800; x_wconf 92' lang='lat' dir='ltr'><em>se</em></span> <span class='ocrx_word' id='word_1_332' title='bbox 1537 3745 1698 3800; x_wconf 85' lang='lat' dir='ltr'><em>caede</em></span> 
     </span>
    </p>
   </div>
   <div class='ocr_carea' id='block_1_51' title="bbox 83 3831 1700 3905">
    <p class='ocr_par' dir='ltr' id='par_1_51' title="bbox 83 3831 1700 3905">
     <span class='ocr_line' id='line_1_51' title="bbox 83 3831 1700 3905; baseline 0.003 -22"><span class='ocrx_word' id='word_1_333' title='bbox 83 3831 440 3893; x_wconf 84' lang='lat' dir='ltr'><em>infelicissimo</em></span> <span class='ocrx_word' id='word_1_334' title='bbox 475 3837 896 3892; x_wconf 85' lang='lat' dir='ltr'><em>satisfacerent</em></span> <span class='ocrx_word' id='word_1_335' title='bbox 929 3836 1082 3891; x_wconf 91' lang='lat' dir='ltr'><em>odio.</em></span> <span class='ocrx_word' id='word_1_336' title='bbox 1116 3834 1225 3899; x_wconf 88' lang='lat' dir='ltr'><em>Qui</em></span> <span class='ocrx_word' id='word_1_337' title='bbox 1274 3835 1520 3905; x_wconf 88' lang='lat' dir='ltr'><em>patriam</em></span> <span class='ocrx_word' id='word_1_338' title='bbox 1551 3850 1700 3905; x_wconf 91' lang='lat' dir='ltr'><em>pene</em></span> 
     </span>
    </p>
   </div>
   <div class='ocr_carea' id='block_1_52' title="bbox 82 3923 1702 3996">
    <p class='ocr_par' dir='ltr' id='par_1_52' title="bbox 82 3923 1702 3996">
     <span class='ocr_line' id='line_1_52' title="bbox 82 3923 1702 3996; baseline 0.002 -23"><span class='ocrx_word' id='word_1_339' title='bbox 82 3925 204 3977; x_wconf 86' lang='lat' dir='ltr'><em>omni</em></span> <span class='ocrx_word' id='word_1_340' title='bbox 231 3928 544 3981; x_wconf 89' lang='lat' dir='ltr'><em>munimine</em></span> <span class='ocrx_word' id='word_1_341' title='bbox 579 3927 822 3980; x_wconf 87' lang='lat' dir='ltr'><em>militum</em></span> <span class='ocrx_word' id='word_1_342' title='bbox 842 3925 1169 3996; x_wconf 85' lang='lat' dir='ltr'><em>frequentia</em></span> <span class='ocrx_word' id='word_1_343' title='bbox 1190 3925 1529 3994; x_wconf 65' lang='lat' dir='ltr'><em>praeliorum</em></span> <span class='ocrx_word' id='word_1_344' title='bbox 1561 3923 1702 3977; x_wconf 91' lang='lat' dir='ltr'><em>des-</em></span> 
     </span>
    </p>
   </div>
   <div class='ocr_carea' id='block_1_53' title="bbox 82 4009 1706 4084">
    <p class='ocr_par' dir='ltr' id='par_1_53' title="bbox 82 4009 1706 4084">
     <span class='ocr_line' id='line_1_53' title="bbox 82 4009 1706 4084; baseline 0.004 -24"><span class='ocrx_word' id='word_1_345' title='bbox 82 4009 328 4084; x_wconf 81' lang='lat' dir='ltr'><em>tituentes,</em></span> <span class='ocrx_word' id='word_1_346' title='bbox 365 4017 686 4071; x_wconf 86' lang='lat' dir='ltr'><em>invalidam</em></span> <span class='ocrx_word' id='word_1_347' title='bbox 735 4018 790 4070; x_wconf 91' lang='lat' dir='ltr'><em>et</em></span> <span class='ocrx_word' id='word_1_348' title='bbox 820 4015 1208 4069; x_wconf 87' lang='lat' dir='ltr'><em>barbarorum</em></span> <span class='ocrx_word' id='word_1_349' title='bbox 1247 4030 1356 4068; x_wconf 90' lang='lat' dir='ltr'><em>seu</em></span> <span class='ocrx_word' id='word_1_350' title='bbox 1387 4012 1706 4084; x_wconf 71' lang='lat' dir='ltr'><em>cujuslibet</em></span> 
     </span>
    </p>
   </div>
   <div class='ocr_carea' id='block_1_54' title="bbox 83 4097 1705 4175">
    <p class='ocr_par' dir='ltr' id='par_1_54' title="bbox 83 4097 1705 4175">
     <span class='ocr_line' id='line_1_54' title="bbox 83 4097 1705 4175; baseline 0.002 -24"><span class='ocrx_word' id='word_1_351' title='bbox 83 4097 233 4156; x_wconf 86' lang='lat' dir='ltr'><em>hostis</em></span> <span class='ocrx_word' id='word_1_352' title='bbox 261 4104 557 4161; x_wconf 86' lang='lat' dir='ltr'><em>invasioni</em></span> <span class='ocrx_word' id='word_1_353' title='bbox 599 4108 982 4175; x_wconf 86' lang='lat' dir='ltr'><em>opportunam</em></span> <span class='ocrx_word' id='word_1_354' title='bbox 1015 4119 1142 4157; x_wconf 91' lang='lat' dir='ltr'><em>eam</em></span> <span class='ocrx_word' id='word_1_355' title='bbox 1173 4103 1554 4172; x_wconf 88' lang='lat' dir='ltr'><em>reliquerunt.</em></span> <span class='ocrx_word' id='word_1_356' title='bbox 1579 4101 1705 4165; x_wconf 87' lang='lat' dir='ltr'><em>Quo</em></span> 
     </span>
    </p>
   </div>
   <div class='ocr_carea' id='block_1_55' title="bbox 83 4191 1707 4266">
    <p class='ocr_par' dir='ltr' id='par_1_55' title="bbox 83 4191 1707 4266">
     <span class='ocr_line' id='line_1_55' title="bbox 83 4191 1707 4266; baseline 0.004 -29"><span class='ocrx_word' id='word_1_357' title='bbox 83 4191 294 4258; x_wconf 83' lang='lat' dir='ltr'><em>tempore</em></span> <span class='ocrx_word' id='word_1_358' title='bbox 332 4195 575 4266; x_wconf 86' lang='lat' dir='ltr'><em>pagani,</em></span> <span class='ocrx_word' id='word_1_359' title='bbox 612 4209 744 4247; x_wconf 91' lang='lat' dir='ltr'><em>cum</em></span> <span class='ocrx_word' id='word_1_360' title='bbox 776 4192 1057 4247; x_wconf 84' lang='lat' dir='ltr'><em>Lothroci</em></span> <span class='ocrx_word' id='word_1_361' title='bbox 1090 4192 1253 4262; x_wconf 87' lang='lat' dir='ltr'><em>regis</em></span> <span class='ocrx_word' id='word_1_362' title='bbox 1285 4191 1426 4258; x_wconf 84' lang='lat' dir='ltr'><em>ﬁlio,</em></span> <span class='ocrx_word' id='word_1_363' title='bbox 1472 4191 1707 4244; x_wconf 89' lang='lat' dir='ltr'><em>nomine</em></span> 
     </span>
    </p>
   </div>
   <div class='ocr_carea' id='block_1_56' title="bbox 85 4273 1708 4354">
    <p class='ocr_par' dir='ltr' id='par_1_56' title="bbox 85 4273 1708 4354">
     <span class='ocr_line' id='line_1_56' title="bbox 85 4273 1708 4354; baseline -0.004 -18"><span class='ocrx_word' id='word_1_364' title='bbox 85 4273 204 4346; x_wconf 82' lang='lat' dir='ltr'><em>Bier,</em></span> <span class='ocrx_word' id='word_1_365' title='bbox 233 4285 408 4338; x_wconf 85' lang='lat' dir='ltr'><em>costae</em></span> <span class='ocrx_word' id='word_1_366' title='bbox 441 4283 688 4354; x_wconf 89' lang='lat' dir='ltr'><em>quidem</em></span> <span class='ocrx_word' id='word_1_367' title='bbox 717 4282 951 4351; x_wconf 83' lang='lat' dir='ltr'><em>ferreae,</em></span> <span class='ocrx_word' id='word_1_368' title='bbox 986 4284 1337 4351; x_wconf 91' lang='lat' dir='ltr'><em>procurante</em></span> <span class='ocrx_word' id='word_1_369' title='bbox 1361 4280 1494 4350; x_wconf 87' lang='lat' dir='ltr'><em>ejus</em></span> <span class='ocrx_word' id='word_1_370' title='bbox 1527 4293 1708 4348; x_wconf 84' lang='lat' dir='ltr'><em>expe-</em></span> 
     </span>
    </p>
   </div>
   <div class='ocr_carea' id='block_1_57' title="bbox 84 4363 1706 4446">
    <p class='ocr_par' dir='ltr' id='par_1_57' title="bbox 84 4363 1706 4446">
     <span class='ocr_line' id='line_1_57' title="bbox 84 4363 1706 4446; baseline 0.002 -31"><span class='ocrx_word' id='word_1_371' title='bbox 84 4363 313 4424; x_wconf 84' lang='lat' dir='ltr'><em>ditionem</em></span> <span class='ocrx_word' id='word_1_372' title='bbox 347 4373 646 4446; x_wconf 79' lang='lat' dir='ltr'><em>Hastingo</em></span> <span class='ocrx_word' id='word_1_373' title='bbox 689 4372 948 4426; x_wconf 91' lang='lat' dir='ltr'><em>omnium</em></span> <span class='ocrx_word' id='word_1_374' title='bbox 988 4385 1353 4441; x_wconf 81' lang='lat' dir='ltr'><em>paganorum</em></span> <span class='ocrx_word' id='word_1_375' title='bbox 1401 4368 1706 4438; x_wconf 91' lang='lat' dir='ltr'><em>nequissi-</em></span> 
     </span>
    </p>
   </div>
   <div class='ocr_carea' id='block_1_58' title="bbox 82 4459 1706 4525">
    <p class='ocr_par' dir='ltr' id='par_1_58' title="bbox 82 4459 1706 4525">
     <span class='ocr_line' id='line_1_58' title="bbox 82 4459 1706 4525; baseline 0.001 -17"><span class='ocrx_word' id='word_1_376' title='bbox 82 4468 167 4521; x_wconf 86' lang='lat' dir='ltr'><em>mo,</em></span> <span class='ocrx_word' id='word_1_377' title='bbox 196 4475 223 4511; x_wconf 87' lang='lat' dir='ltr'><em>a</em></span> <span class='ocrx_word' id='word_1_378' title='bbox 250 4459 484 4516; x_wconf 83' lang='lat' dir='ltr'><em>Noricis</em></span> <span class='ocrx_word' id='word_1_379' title='bbox 520 4476 632 4515; x_wconf 89' lang='lat' dir='ltr'><em>seu</em></span> <span class='ocrx_word' id='word_1_380' title='bbox 666 4459 904 4514; x_wconf 89' lang='lat' dir='ltr'><em>Danicis</em></span> <span class='ocrx_word' id='word_1_381' title='bbox 935 4459 1154 4513; x_wconf 85' lang='lat' dir='ltr'><em>finibus</em></span> <span class='ocrx_word' id='word_1_382' title='bbox 1186 4460 1543 4525; x_wconf 90' lang='lat' dir='ltr'><em>eructantes,</em></span> <span class='ocrx_word' id='word_1_383' title='bbox 1588 4471 1706 4509; x_wconf 90' lang='lat' dir='ltr'><em>ma-</em></span> 
     </span>
    </p>
   </div>
   <div class='ocr_carea' id='block_1_59' title="bbox 83 4542 1706 4605">
    <p class='ocr_par' dir='ltr' id='par_1_59' title="bbox 83 4542 1706 4605">
     <span class='ocr_line' id='line_1_59' title="bbox 83 4542 1706 4605; baseline 0.004 -13"><span class='ocrx_word' id='word_1_384' title='bbox 83 4542 230 4600; x_wconf 85' lang='lat' dir='ltr'><em>ritima</em></span> <span class='ocrx_word' id='word_1_385' title='bbox 257 4549 445 4604; x_wconf 88' lang='lat' dir='ltr'><em>littora</em></span> <span class='ocrx_word' id='word_1_386' title='bbox 481 4550 812 4605; x_wconf 90' lang='lat' dir='ltr'><em>incolentes</em></span> <span class='ocrx_word' id='word_1_387' title='bbox 839 4547 1132 4603; x_wconf 89' lang='lat' dir='ltr'><em>continuis</em></span> <span class='ocrx_word' id='word_1_388' title='bbox 1157 4546 1424 4601; x_wconf 87' lang='lat' dir='ltr'><em>cladibus</em></span> <span class='ocrx_word' id='word_1_389' title='bbox 1453 4560 1706 4600; x_wconf 87' lang='lat' dir='ltr'><em>vexave-</em></span> 
     </span>
    </p>
   </div>
   <div class='ocr_carea' id='block_1_60' title="bbox 82 4635 1705 4706">
    <p class='ocr_par' dir='ltr' id='par_1_60' title="bbox 82 4635 1705 4706">
     <span class='ocr_line' id='line_1_60' title="bbox 82 4635 1705 4706; baseline 0.001 -19"><span class='ocrx_word' id='word_1_390' title='bbox 82 4638 202 4702; x_wconf 82' lang='lat' dir='ltr'><em>l&#39;unt,</em></span> <span class='ocrx_word' id='word_1_391' title='bbox 245 4639 512 4694; x_wconf 90' lang='lat' dir='ltr'><em>civitates</em></span> <span class='ocrx_word' id='word_1_392' title='bbox 563 4639 886 4706; x_wconf 89' lang='lat' dir='ltr'><em>diruentes,</em></span> <span class='ocrx_word' id='word_1_393' title='bbox 938 4639 1109 4706; x_wconf 86' lang='lat' dir='ltr'><em>atque</em></span> <span class='ocrx_word' id='word_1_394' title='bbox 1151 4635 1418 4690; x_wconf 88' lang='lat' dir='ltr'><em>abbatias</em></span> <span class='ocrx_word' id='word_1_395' title='bbox 1459 4649 1705 4688; x_wconf 89' lang='lat' dir='ltr'><em>concre-</em></span> 
     </span>
    </p>
   </div>
   <div class='ocr_carea' id='block_1_61' title="bbox 83 4723 1706 4794">
    <p class='ocr_par' dir='ltr' id='par_1_61' title="bbox 83 4723 1706 4794">
     <span class='ocr_line' id='line_1_61' title="bbox 83 4723 1706 4794; baseline 0 -18"><span class='ocrx_word' id='word_1_396' title='bbox 83 4728 288 4779; x_wconf 85' lang='lat' dir='ltr'><em>mantes.</em></span> <span class='ocrx_word' id='word_1_397' title='bbox 337 4728 485 4792; x_wconf 89' lang='lat' dir='ltr'><em>Quis</em></span> <span class='ocrx_word' id='word_1_398' title='bbox 537 4742 679 4782; x_wconf 91' lang='lat' dir='ltr'><em>vero</em></span> <span class='ocrx_word' id='word_1_399' title='bbox 721 4727 832 4780; x_wconf 89' lang='lat' dir='ltr'><em>iste</em></span> <span class='ocrx_word' id='word_1_400' title='bbox 875 4726 1230 4792; x_wconf 84' lang='lat' dir='ltr'><em>Lothrocus,</em></span> <span class='ocrx_word' id='word_1_401' title='bbox 1283 4723 1377 4778; x_wconf 87' lang='lat' dir='ltr'><em>vel</em></span> <span class='ocrx_word' id='word_1_402' title='bbox 1426 4739 1499 4778; x_wconf 89' lang='lat' dir='ltr'><em>ex</em></span> <span class='ocrx_word' id='word_1_403' title='bbox 1531 4723 1706 4794; x_wconf 70' lang='lat' dir='ltr'><em>cujus</em></span> 
     </span>
    </p>
   </div>
   <div class='ocr_carea' id='block_1_62' title="bbox 84 4809 1709 4884">
    <p class='ocr_par' dir='ltr' id='par_1_62' title="bbox 84 4809 1709 4884">
     <span class='ocr_line' id='line_1_62' title="bbox 84 4809 1709 4884; baseline 0.004 -24"><span class='ocrx_word' id='word_1_404' title='bbox 84 4809 231 4882; x_wconf 86' lang='lat' dir='ltr'><em>stirpe</em></span> <span class='ocrx_word' id='word_1_405' title='bbox 259 4817 548 4872; x_wconf 87' lang='lat' dir='ltr'><em>oriundus</em></span> <span class='ocrx_word' id='word_1_406' title='bbox 572 4815 884 4884; x_wconf 85' lang='lat' dir='ltr'><em>exstiterit,</em></span> <span class='ocrx_word' id='word_1_407' title='bbox 912 4814 1062 4869; x_wconf 88' lang='lat' dir='ltr'><em>infra</em></span> <span class='ocrx_word' id='word_1_408' title='bbox 1086 4814 1373 4868; x_wconf 89' lang='lat' dir='ltr'><em>dicemus.</em></span> <span class='ocrx_word' id='word_1_409' title='bbox 1399 4811 1515 4867; x_wconf 88' lang='lat' dir='ltr'><em>Sed</em></span> <span class='ocrx_word' id='word_1_410' title='bbox 1536 4813 1709 4868; x_wconf 91' lang='lat' dir='ltr'><em>modo</em></span> 
     </span>
    </p>
   </div>
   <div class='ocr_carea' id='block_1_63' title="bbox 84 4900 1249 4976">
    <p class='ocr_par' dir='ltr' id='par_1_63' title="bbox 84 4900 1249 4976">
     <span class='ocr_line' id='line_1_63' title="bbox 84 4900 1249 4976; baseline 0.002 -21"><span class='ocrx_word' id='word_1_411' title='bbox 84 4900 216 4964; x_wconf 79' lang='lat' dir='ltr'><em>prius</em></span> <span class='ocrx_word' id='word_1_412' title='bbox 244 4905 312 4961; x_wconf 89' lang='lat' dir='ltr'><em>de</em></span> <span class='ocrx_word' id='word_1_413' title='bbox 342 4908 467 4961; x_wconf 83' lang='lat' dir='ltr'><em>situ</em></span> <span class='ocrx_word' id='word_1_414' title='bbox 507 4905 705 4959; x_wconf 61' lang='lat' dir='ltr'><em>Daciae</em></span> <span class='ocrx_word' id='word_1_415' title='bbox 736 4920 923 4976; x_wconf 85' lang='lat' dir='ltr'><em>pauca</em></span> <span class='ocrx_word' id='word_1_416' title='bbox 961 4904 1249 4958; x_wconf 87' lang='lat' dir='ltr'><em>dicamus.</em></span> 
     </span>
    </p>
   </div>
   <div class='ocr_carea' id='block_1_64' title="bbox 717 4993 1070 5048">
    <p class='ocr_par' dir='ltr' id='par_1_64' title="bbox 717 4993 1070 5048">
     <span class='ocr_line' id='line_1_64' title="bbox 717 4993 1070 5048; baseline -0.008 0"><span class='ocrx_word' id='word_1_417' title='bbox 717 4993 968 5048; x_wconf 88' lang='lat' dir='ltr'><em>CAPUT</em></span> <span class='ocrx_word' id='word_1_418' title='bbox 1000 4993 1070 5046; x_wconf 91' lang='lat' dir='ltr'><em>ll.</em></span> 
     </span>
    </p>
   </div>
   <div class='ocr_carea' id='block_1_65' title="bbox 86 5075 1720 5156">
    <p class='ocr_par' dir='ltr' id='par_1_65' title="bbox 86 5075 1720 5156">
     <span class='ocr_line' id='line_1_65' title="bbox 86 5075 1720 5156; baseline 0.001 -25"><span class='ocrx_word' id='word_1_419' title='bbox 86 5075 153 5131; x_wconf 89' lang='lat' dir='ltr'><em>De</em></span> <span class='ocrx_word' id='word_1_420' title='bbox 181 5082 361 5138; x_wconf 79' lang='lat' dir='ltr'><em>tribus</em></span> <span class='ocrx_word' id='word_1_421' title='bbox 401 5083 695 5156; x_wconf 9' lang='lat' dir='ltr'><em>partibus,</em></span> <span class='ocrx_word' id='word_1_422' title='bbox 729 5082 899 5156; x_wconf 79' lang='lat' dir='ltr'><em>orbis</em></span> <span class='ocrx_word' id='word_1_423' title='bbox 931 5088 1143 5156; x_wconf 71' lang='lat' dir='ltr'><em>terrae,</em></span> <span class='ocrx_word' id='word_1_424' title='bbox 1179 5086 1237 5156; x_wconf 78' lang='lat' dir='ltr'><em>et</em></span> <span class='ocrx_word' id='word_1_425' title='bbox 1277 5081 1338 5134; x_wconf 87' lang='lat' dir='ltr'><em>in</em></span> <span class='ocrx_word' id='word_1_426' title='bbox 1380 5095 1487 5153; x_wconf 89' lang='lat' dir='ltr'><em>qua</em></span> <span class='ocrx_word' id='word_1_427' title='bbox 1520 5095 1720 5135; x_wconf 84' lang='lat' dir='ltr'><em>earum</em></span> 
     </span>
    </p>
   </div>
   <div class='ocr_carea' id='block_1_66' title="bbox 1805 2791 3472 2863">
    <p class='ocr_par' dir='ltr' id='par_1_66' title="bbox 1805 2791 3472 2863">
     <span class='ocr_line' id='line_1_66' title="bbox 1805 2791 3472 2863; baseline 0.004 -19"><span class='ocrx_word' id='word_1_428' title='bbox 1805 2792 2018 2846; x_wconf 90' lang='lat' dir='ltr'><em>vinciis</em></span> <span class='ocrx_word' id='word_1_429' title='bbox 2051 2791 2440 2860; x_wconf 87' lang='lat' dir='ltr'><em>denominata,</em></span> <span class='ocrx_word' id='word_1_430' title='bbox 2474 2792 2720 2846; x_wconf 88' lang='lat' dir='ltr'><em>termino</em></span> <span class='ocrx_word' id='word_1_431' title='bbox 2753 2793 3160 2863; x_wconf 90' lang='lat' dir='ltr'><em>diremptionis</em></span> <span class='ocrx_word' id='word_1_432' title='bbox 3189 2795 3472 2850; x_wconf 88' lang='lat' dir='ltr'><em>limitatur</em></span> 
     </span>
    </p>
   </div>
   <div class='ocr_carea' id='block_1_67' title="bbox 1803 2881 3471 2954">
    <p class='ocr_par' dir='ltr' id='par_1_67' title="bbox 1803 2881 3471 2954">
     <span class='ocr_line' id='line_1_67' title="bbox 1803 2881 3471 2954; baseline 0.003 -20"><span class='ocrx_word' id='word_1_433' title='bbox 1803 2881 2273 2950; x_wconf 90' lang='lat' dir='ltr'><em>patriis.Harum</em></span> <span class='ocrx_word' id='word_1_434' title='bbox 2303 2881 2571 2952; x_wconf 87' lang='lat' dir='ltr'><em>quaedam</em></span> <span class='ocrx_word' id='word_1_435' title='bbox 2602 2883 3037 2951; x_wconf 88' lang='lat' dir='ltr'><em>spatiosissima</em></span> <span class='ocrx_word' id='word_1_436' title='bbox 3061 2883 3471 2954; x_wconf 90' lang='lat' dir='ltr'><em>multipliciin-</em></span> 
     </span>
    </p>
   </div>
   <div class='ocr_carea' id='block_1_68' title="bbox 1804 2970 3472 3040">
    <p class='ocr_par' dir='ltr' id='par_1_68' title="bbox 1804 2970 3472 3040">
     <span class='ocr_line' id='line_1_68' title="bbox 1804 2970 3472 3040; baseline 0.002 -17"><span class='ocrx_word' id='word_1_437' title='bbox 1804 2970 2255 3024; x_wconf 90' lang='lat' dir='ltr'><em>numerabilium</em></span> <span class='ocrx_word' id='word_1_438' title='bbox 2286 2970 2588 3024; x_wconf 88' lang='lat' dir='ltr'><em>hominum</em></span> <span class='ocrx_word' id='word_1_439' title='bbox 2623 2970 2949 3040; x_wconf 88' lang='lat' dir='ltr'><em>frequentia</em></span> <span class='ocrx_word' id='word_1_440' title='bbox 2980 2975 3334 3027; x_wconf 74' lang='lat' dir='ltr'><em>caeterarum</em></span> <span class='ocrx_word' id='word_1_441' title='bbox 3367 2989 3472 3027; x_wconf 85' lang='lat' dir='ltr'><em>co-</em></span> 
     </span>
    </p>
   </div>
   <div class='ocr_carea' id='block_1_69' title="bbox 1803 3058 3473 3131">
    <p class='ocr_par' dir='ltr' id='par_1_69' title="bbox 1803 3058 3473 3131">
     <span class='ocr_line' id='line_1_69' title="bbox 1803 3058 3473 3131; baseline 0.002 -19"><span class='ocrx_word' id='word_1_442' title='bbox 1803 3059 2167 3129; x_wconf 90' lang='lat' dir='ltr'><em>piosissima,</em></span> <span class='ocrx_word' id='word_1_443' title='bbox 2219 3061 2589 3127; x_wconf 87' lang='lat' dir='ltr'><em>nuncupatur</em></span> <span class='ocrx_word' id='word_1_444' title='bbox 2637 3058 2967 3114; x_wconf 87' lang='lat' dir='ltr'><em>Germania.</em></span> <span class='ocrx_word' id='word_1_445' title='bbox 3020 3061 3083 3114; x_wconf 91' lang='lat' dir='ltr'><em>In</em></span> <span class='ocrx_word' id='word_1_446' title='bbox 3124 3077 3238 3131; x_wconf 90' lang='lat' dir='ltr'><em>qua</em></span> <span class='ocrx_word' id='word_1_447' title='bbox 3269 3062 3473 3116; x_wconf 88' lang='lat' dir='ltr'><em>Hister</em></span> 
     </span>
    </p>
   </div>
   <div class='ocr_carea' id='block_1_70' title="bbox 1804 3148 3470 3218">
    <p class='ocr_par' dir='ltr' id='par_1_70' title="bbox 1804 3148 3470 3218">
     <span class='ocr_line' id='line_1_70' title="bbox 1804 3148 3470 3218; baseline 0.002 -17"><span class='ocrx_word' id='word_1_448' title='bbox 1804 3148 2020 3201; x_wconf 85' lang='lat' dir='ltr'><em>ﬂuvius</em></span> <span class='ocrx_word' id='word_1_449' title='bbox 2052 3148 2123 3202; x_wconf 89' lang='lat' dir='ltr'><em>de</em></span> <span class='ocrx_word' id='word_1_450' title='bbox 2157 3148 2460 3201; x_wconf 89' lang='lat' dir='ltr'><em>cacumine</em></span> <span class='ocrx_word' id='word_1_451' title='bbox 2507 3149 2723 3201; x_wconf 91' lang='lat' dir='ltr'><em>montis</em></span> <span class='ocrx_word' id='word_1_452' title='bbox 2773 3148 3005 3202; x_wconf 88' lang='lat' dir='ltr'><em>Athnoe</em></span> <span class='ocrx_word' id='word_1_453' title='bbox 3046 3154 3232 3218; x_wconf 86' lang='lat' dir='ltr'><em>ortus,</em></span> <span class='ocrx_word' id='word_1_454' title='bbox 3276 3151 3336 3203; x_wconf 91' lang='lat' dir='ltr'><em>in</em></span> <span class='ocrx_word' id='word_1_455' title='bbox 3376 3165 3470 3204; x_wconf 90' lang='lat' dir='ltr'><em>sc-</em></span> 
     </span>
    </p>
   </div>
   <div class='ocr_carea' id='block_1_71' title="bbox 1803 3236 3473 3309">
    <p class='ocr_par' dir='ltr' id='par_1_71' title="bbox 1803 3236 3473 3309">
     <span class='ocr_line' id='line_1_71' title="bbox 1803 3236 3473 3309; baseline 0.001 -19"><span class='ocrx_word' id='word_1_456' title='bbox 1803 3238 2043 3309; x_wconf 81' lang='lat' dir='ltr'><em>xaginta</em></span> <span class='ocrx_word' id='word_1_457' title='bbox 2075 3236 2346 3289; x_wconf 89' lang='lat' dir='ltr'><em>amnibus</em></span> <span class='ocrx_word' id='word_1_458' title='bbox 2379 3241 2793 3308; x_wconf 88' lang='lat' dir='ltr'><em>augmentatus</em></span> <span class='ocrx_word' id='word_1_459' title='bbox 2819 3239 3122 3306; x_wconf 87' lang='lat' dir='ltr'><em>profusius</em></span> <span class='ocrx_word' id='word_1_460' title='bbox 3156 3242 3211 3291; x_wconf 88' lang='lat' dir='ltr'><em>et</em></span> <span class='ocrx_word' id='word_1_461' title='bbox 3241 3256 3272 3291; x_wconf 93' lang='lat' dir='ltr'><em>a</em></span> <span class='ocrx_word' id='word_1_462' title='bbox 3304 3239 3473 3292; x_wconf 88' lang='lat' dir='ltr'><em>meri-</em></span> 
     </span>
    </p>
   </div>
   <div class='ocr_carea' id='block_1_72' title="bbox 1805 3325 3474 3394">
    <p class='ocr_par' dir='ltr' id='par_1_72' title="bbox 1805 3325 3474 3394">
     <span class='ocr_line' id='line_1_72' title="bbox 1805 3325 3474 3394; baseline 0.002 -15"><span class='ocrx_word' id='word_1_463' title='bbox 1805 3326 1897 3380; x_wconf 91' lang='lat' dir='ltr'><em>die</em></span> <span class='ocrx_word' id='word_1_464' title='bbox 1930 3325 2002 3379; x_wconf 87' lang='lat' dir='ltr'><em>ad</em></span> <span class='ocrx_word' id='word_1_465' title='bbox 2025 3325 2307 3380; x_wconf 89' lang='lat' dir='ltr'><em>orientem</em></span> <span class='ocrx_word' id='word_1_466' title='bbox 2348 3341 2553 3378; x_wconf 89' lang='lat' dir='ltr'><em>means</em></span> <span class='ocrx_word' id='word_1_467' title='bbox 2585 3327 2977 3394; x_wconf 89' lang='lat' dir='ltr'><em>procellosus,</em></span> <span class='ocrx_word' id='word_1_468' title='bbox 3012 3326 3385 3381; x_wconf 89' lang='lat' dir='ltr'><em>Germaniam</em></span> <span class='ocrx_word' id='word_1_469' title='bbox 3416 3329 3474 3382; x_wconf 84' lang='lat' dir='ltr'><em>et</em></span> 
     </span>
    </p>
   </div>
   <div class='ocr_carea' id='block_1_73' title="bbox 1803 3413 3474 3484">
    <p class='ocr_par' dir='ltr' id='par_1_73' title="bbox 1803 3413 3474 3484">
     <span class='ocr_line' id='line_1_73' title="bbox 1803 3413 3474 3484; baseline 0.001 -16"><span class='ocrx_word' id='word_1_470' title='bbox 1803 3413 2100 3484; x_wconf 74' lang='lat' dir='ltr'><em>Scythiam</em></span> <span class='ocrx_word' id='word_1_471' title='bbox 2133 3427 2322 3482; x_wconf 90' lang='lat' dir='ltr'><em>usque</em></span> <span class='ocrx_word' id='word_1_472' title='bbox 2356 3427 2445 3480; x_wconf 91' lang='lat' dir='ltr'><em>eo,</em></span> <span class='ocrx_word' id='word_1_473' title='bbox 2489 3428 2604 3482; x_wconf 92' lang='lat' dir='ltr'><em>quo</em></span> <span class='ocrx_word' id='word_1_474' title='bbox 2649 3417 2826 3481; x_wconf 90' lang='lat' dir='ltr'><em>ponto</em></span> <span class='ocrx_word' id='word_1_475' title='bbox 2863 3413 3138 3484; x_wconf 75' lang='lat' dir='ltr'><em>Scythico</em></span> <span class='ocrx_word' id='word_1_476' title='bbox 3189 3415 3474 3484; x_wconf 89' lang='lat' dir='ltr'><em>recipitur</em></span> 
     </span>
    </p>
   </div>
   <div class='ocr_carea' id='block_1_74' title="bbox 1805 3502 3472 3575">
    <p class='ocr_par' dir='ltr' id='par_1_74' title="bbox 1805 3502 3472 3575">
     <span class='ocr_line' id='line_1_74' title="bbox 1805 3502 3472 3575; baseline 0 -18"><span class='ocrx_word' id='word_1_477' title='bbox 1805 3502 2268 3570; x_wconf 91' lang='lat' dir='ltr'><em>discriminatus,</em></span> <span class='ocrx_word' id='word_1_478' title='bbox 2305 3502 2596 3556; x_wconf 87' lang='lat' dir='ltr'><em>vocitatur</em></span> <span class='ocrx_word' id='word_1_479' title='bbox 2627 3502 2954 3556; x_wconf 90' lang='lat' dir='ltr'><em>Danubius.</em></span> <span class='ocrx_word' id='word_1_480' title='bbox 2989 3503 3051 3557; x_wconf 91' lang='lat' dir='ltr'><strong>In</strong></span> <span class='ocrx_word' id='word_1_481' title='bbox 3086 3503 3328 3572; x_wconf 87' lang='lat' dir='ltr'><em>copiosa</em></span> <span class='ocrx_word' id='word_1_482' title='bbox 3356 3504 3472 3575; x_wconf 89' lang='lat' dir='ltr'><em>igi-</em></span> 
     </span>
    </p>
   </div>
   <div class='ocr_carea' id='block_1_75' title="bbox 1804 3590 3474 3662">
    <p class='ocr_par' dir='ltr' id='par_1_75' title="bbox 1804 3590 3474 3662">
     <span class='ocr_line' id='line_1_75' title="bbox 1804 3590 3474 3662; baseline -0.001 -15"><span class='ocrx_word' id='word_1_483' title='bbox 1804 3596 1900 3647; x_wconf 87' lang='lat' dir='ltr'><em>tur</em></span> <span class='ocrx_word' id='word_1_484' title='bbox 1929 3590 2366 3660; x_wconf 88' lang='lat' dir='ltr'><em>intercapedine</em></span> <span class='ocrx_word' id='word_1_485' title='bbox 2405 3606 2437 3643; x_wconf 92' lang='lat' dir='ltr'><em>a</em></span> <span class='ocrx_word' id='word_1_486' title='bbox 2464 3590 2731 3646; x_wconf 89' lang='lat' dir='ltr'><em>Danubio</em></span> <span class='ocrx_word' id='word_1_487' title='bbox 2764 3591 2836 3644; x_wconf 91' lang='lat' dir='ltr'><em>ad</em></span> <span class='ocrx_word' id='word_1_488' title='bbox 2876 3591 3136 3661; x_wconf 76' lang='lat' dir='ltr'><em>Scythici</em></span> <span class='ocrx_word' id='word_1_489' title='bbox 3164 3592 3328 3662; x_wconf 89' lang='lat' dir='ltr'><em>ponti</em></span> <span class='ocrx_word' id='word_1_490' title='bbox 3364 3608 3474 3646; x_wconf 91' lang='lat' dir='ltr'><em>us-</em></span> 
     </span>
    </p>
   </div>
   <div class='ocr_carea' id='block_1_76' title="bbox 1807 3683 3477 3758">
    <p class='ocr_par' dir='ltr' id='par_1_76' title="bbox 1807 3683 3477 3758">
     <span class='ocr_line' id='line_1_76' title="bbox 1807 3683 3477 3758; baseline 0.001 -18"><span class='ocrx_word' id='word_1_491' title='bbox 1807 3701 1921 3758; x_wconf 90' lang='lat' dir='ltr'><em>que</em></span> <span class='ocrx_word' id='word_1_492' title='bbox 1953 3685 2266 3743; x_wconf 86' lang='lat' dir='ltr'><em>conﬂnium</em></span> <span class='ocrx_word' id='word_1_493' title='bbox 2298 3683 2528 3738; x_wconf 69' lang='lat' dir='ltr'><em>diffusa:</em></span> <span class='ocrx_word' id='word_1_494' title='bbox 2553 3689 2988 3739; x_wconf 88' lang='lat' dir='ltr'><em>commorantur</em></span> <span class='ocrx_word' id='word_1_495' title='bbox 3011 3686 3152 3741; x_wconf 70' lang='lat' dir='ltr'><em>ferm</em></span> <span class='ocrx_word' id='word_1_496' title='bbox 3185 3689 3395 3758; x_wconf 86' lang='lat' dir='ltr'><em>gentes</em></span> <span class='ocrx_word' id='word_1_497' title='bbox 3419 3689 3477 3741; x_wconf 87' lang='lat' dir='ltr'><em>et</em></span> 
     </span>
    </p>
   </div>
   <div class='ocr_carea' id='block_1_77' title="bbox 1805 3773 3474 3846">
    <p class='ocr_par' dir='ltr' id='par_1_77' title="bbox 1805 3773 3474 3846">
     <span class='ocr_line' id='line_1_77' title="bbox 1805 3773 3474 3846; baseline 0 -16"><span class='ocrx_word' id='word_1_498' title='bbox 1805 3776 2251 3844; x_wconf 86' lang='lat' dir='ltr'><em>barbarae,quae</em></span> <span class='ocrx_word' id='word_1_499' title='bbox 2283 3789 2355 3827; x_wconf 91' lang='lat' dir='ltr'><em>ex</em></span> <span class='ocrx_word' id='word_1_500' title='bbox 2386 3773 2604 3828; x_wconf 89' lang='lat' dir='ltr'><em>Scanza</em></span> <span class='ocrx_word' id='word_1_501' title='bbox 2634 3775 2829 3828; x_wconf 91' lang='lat' dir='ltr'><em>insula</em></span> <span class='ocrx_word' id='word_1_502' title='bbox 2850 3774 3139 3846; x_wconf 91' lang='lat' dir='ltr'><em>Oceanos,</em></span> <span class='ocrx_word' id='word_1_503' title='bbox 3170 3776 3308 3830; x_wconf 89' lang='lat' dir='ltr'><em>hinc</em></span> <span class='ocrx_word' id='word_1_504' title='bbox 3339 3776 3474 3830; x_wconf 89' lang='lat' dir='ltr'><em>inde</em></span> 
     </span>
    </p>
   </div>
   <div class='ocr_carea' id='block_1_78' title="bbox 1812 3862 3476 3934">
    <p class='ocr_par' dir='ltr' id='par_1_78' title="bbox 1812 3862 3476 3934">
     <span class='ocr_line' id='line_1_78' title="bbox 1812 3862 3476 3934; baseline -0.001 -15"><span class='ocrx_word' id='word_1_505' title='bbox 1812 3866 2224 3932; x_wconf 88' lang='lat' dir='ltr'><em>circumsepta,</em></span> <span class='ocrx_word' id='word_1_506' title='bbox 2269 3862 2427 3916; x_wconf 90' lang='lat' dir='ltr'><em>velut</em></span> <span class='ocrx_word' id='word_1_507' title='bbox 2458 3879 2701 3917; x_wconf 88' lang='lat' dir='ltr'><em>examen</em></span> <span class='ocrx_word' id='word_1_508' title='bbox 2733 3881 2906 3934; x_wconf 88' lang='lat' dir='ltr'><em>apum</em></span> <span class='ocrx_word' id='word_1_509' title='bbox 2936 3881 3008 3919; x_wconf 89' lang='lat' dir='ltr'><em>ex</em></span> <span class='ocrx_word' id='word_1_510' title='bbox 3041 3865 3330 3934; x_wconf 89' lang='lat' dir='ltr'><em>canistro,</em></span> <span class='ocrx_word' id='word_1_511' title='bbox 3364 3880 3476 3920; x_wconf 90' lang='lat' dir='ltr'><em>seu</em></span> 
     </span>
    </p>
   </div>
   <div class='ocr_carea' id='block_1_79' title="bbox 1815 3951 3479 4026">
    <p class='ocr_par' dir='ltr' id='par_1_79' title="bbox 1815 3951 3479 4026">
     <span class='ocr_line' id='line_1_79' title="bbox 1815 3951 3479 4026; baseline 0.001 -19"><span class='ocrx_word' id='word_1_512' title='bbox 1815 3954 2048 4026; x_wconf 86' lang='lat' dir='ltr'><em>gladius</em></span> <span class='ocrx_word' id='word_1_513' title='bbox 2080 3969 2110 4006; x_wconf 92' lang='lat' dir='ltr'><em>e</em></span> <span class='ocrx_word' id='word_1_514' title='bbox 2141 3951 2353 4022; x_wconf 87' lang='lat' dir='ltr'><em>vagina</em></span> <span class='ocrx_word' id='word_1_515' title='bbox 2379 3993 2392 4020; x_wconf 95' lang='lat'><em>,</em></span> <span class='ocrx_word' id='word_1_516' title='bbox 2431 3953 2771 4006; x_wconf 88' lang='lat' dir='ltr'><em>diversitate</em></span> <span class='ocrx_word' id='word_1_517' title='bbox 2818 3954 3158 4007; x_wconf 88' lang='lat' dir='ltr'><em>multimoda</em></span> <span class='ocrx_word' id='word_1_518' title='bbox 3199 3955 3479 4008; x_wconf 87' lang='lat' dir='ltr'><em>dicuntur</em></span> 
     </span>
    </p>
   </div>
   <div class='ocr_carea' id='block_1_80' title="bbox 1739 4041 3480 4114">
    <p class='ocr_par' dir='ltr' id='par_1_80' title="bbox 1739 4041 3480 4114">
     <span class='ocr_line' id='line_1_80' title="bbox 1739 4041 3480 4114; baseline 0.001 -18"><span class='ocrx_word' id='word_1_519' title='bbox 1739 4041 2169 4113; x_wconf 83' lang='lat' dir='ltr'><em>Cprosiluisse</em></span> <span class='ocrx_word' id='word_1_520' title='bbox 2219 4041 2644 4094; x_wconf 87' lang='lat' dir='ltr'><em>consuetudine</em></span> <span class='ocrx_word' id='word_1_521' title='bbox 2688 4041 3018 4095; x_wconf 89' lang='lat' dir='ltr'><em>barbarica.</em></span> <span class='ocrx_word' id='word_1_522' title='bbox 3072 4043 3178 4096; x_wconf 90' lang='lat' dir='ltr'><em>Est</em></span> <span class='ocrx_word' id='word_1_523' title='bbox 3226 4058 3480 4114; x_wconf 89' lang='lat' dir='ltr'><em>namque</em></span> 
     </span>
    </p>
   </div>
   <div class='ocr_carea' id='block_1_81' title="bbox 1811 4129 3483 4201">
    <p class='ocr_par' dir='ltr' id='par_1_81' title="bbox 1811 4129 3483 4201">
     <span class='ocr_line' id='line_1_81' title="bbox 1811 4129 3483 4201; baseline 0.001 -16"><span class='ocrx_word' id='word_1_524' title='bbox 1811 4133 1895 4186; x_wconf 90' lang='lat' dir='ltr'><em>ibi</em></span> <span class='ocrx_word' id='word_1_525' title='bbox 1925 4133 2147 4185; x_wconf 84' lang='lat' dir='ltr'><em>tractus</em></span> <span class='ocrx_word' id='word_1_526' title='bbox 2178 4129 2645 4200; x_wconf 88' lang='lat' dir='ltr'><em>quamplurimus</em></span> <span class='ocrx_word' id='word_1_527' title='bbox 2668 4130 2912 4197; x_wconf 69' lang='lat' dir='ltr'><em>Alaniaa,</em></span> <span class='ocrx_word' id='word_1_528' title='bbox 2944 4131 3214 4201; x_wconf 87' lang='lat' dir='ltr'><em>situsque</em></span> <span class='ocrx_word' id='word_1_529' title='bbox 3238 4134 3483 4186; x_wconf 90' lang='lat' dir='ltr'><em>nimium</em></span> 
     </span>
    </p>
   </div>
   <div class='ocr_carea' id='block_1_82' title="bbox 1813 4219 3482 4290">
    <p class='ocr_par' dir='ltr' id='par_1_82' title="bbox 1813 4219 3482 4290">
     <span class='ocr_line' id='line_1_82' title="bbox 1813 4219 3482 4290; baseline 0 -16"><span class='ocrx_word' id='word_1_530' title='bbox 1813 4221 2094 4290; x_wconf 90' lang='lat' dir='ltr'><em>copiosus</em></span> <span class='ocrx_word' id='word_1_531' title='bbox 2145 4219 2361 4285; x_wconf 89' lang='lat' dir='ltr'><em>Daciae,</em></span> <span class='ocrx_word' id='word_1_532' title='bbox 2395 4221 2568 4288; x_wconf 89' lang='lat' dir='ltr'><em>atque</em></span> <span class='ocrx_word' id='word_1_533' title='bbox 2603 4221 2830 4272; x_wconf 89' lang='lat' dir='ltr'><em>meatus</em></span> <span class='ocrx_word' id='word_1_534' title='bbox 2881 4219 3126 4272; x_wconf 91' lang='lat' dir='ltr'><em>multum</em></span> <span class='ocrx_word' id='word_1_535' title='bbox 3156 4225 3482 4288; x_wconf 83' lang='lat' dir='ltr'><em>protensus</em></span> 
     </span>
    </p>
   </div>
   <div class='ocr_carea' id='block_1_83' title="bbox 1811 4307 3485 4377">
    <p class='ocr_par' dir='ltr' id='par_1_83' title="bbox 1811 4307 3485 4377">
     <span class='ocr_line' id='line_1_83' title="bbox 1811 4307 3485 4377; baseline -0.003 -12"><span class='ocrx_word' id='word_1_536' title='bbox 1811 4311 2014 4365; x_wconf 72' lang='lat' dir='ltr'><em>Getice.</em></span> <span class='ocrx_word' id='word_1_537' title='bbox 2048 4309 2308 4373; x_wconf 89' lang='lat' dir='ltr'><em>Quarum</em></span> <span class='ocrx_word' id='word_1_538' title='bbox 2339 4308 2516 4361; x_wconf 88' lang='lat' dir='ltr'><em>Dacia</em></span> <span class='ocrx_word' id='word_1_539' title='bbox 2539 4309 2730 4361; x_wconf 85' lang='lat' dir='ltr'><em>exstat</em></span> <span class='ocrx_word' id='word_1_540' title='bbox 2751 4307 3128 4377; x_wconf 84' lang='lat' dir='ltr'><em>medicxima,</em></span> <span class='ocrx_word' id='word_1_541' title='bbox 3152 4308 3212 4362; x_wconf 92' lang='lat' dir='ltr'><em>in</em></span> <span class='ocrx_word' id='word_1_542' title='bbox 3246 4309 3485 4362; x_wconf 91' lang='lat' dir='ltr'><em>modum</em></span> 
     </span>
    </p>
   </div>
   <div class='ocr_carea' id='block_1_84' title="bbox 1813 4397 3486 4468">
    <p class='ocr_par' dir='ltr' id='par_1_84' title="bbox 1813 4397 3486 4468">
     <span class='ocr_line' id='line_1_84' title="bbox 1813 4397 3486 4468; baseline -0.002 -15"><span class='ocrx_word' id='word_1_543' title='bbox 1813 4415 2088 4466; x_wconf 90' lang='lat' dir='ltr'><em>coronae,</em></span> <span class='ocrx_word' id='word_1_544' title='bbox 2135 4399 2438 4466; x_wconf 90' lang='lat' dir='ltr'><em>instarque</em></span> <span class='ocrx_word' id='word_1_545' title='bbox 2492 4397 2749 4449; x_wconf 88' lang='lat' dir='ltr'><em>civitatis</em></span> <span class='ocrx_word' id='word_1_546' title='bbox 2809 4397 3176 4468; x_wconf 81' lang='lat' dir='ltr'><em>praemagnis</em></span> <span class='ocrx_word' id='word_1_547' title='bbox 3234 4397 3486 4467; x_wconf 87' lang='lat' dir='ltr'><em>Alpibus</em></span> 
     </span>
    </p>
   </div>
   <div class='ocr_carea' id='block_1_85' title="bbox 1813 4485 3489 4556">
    <p class='ocr_par' dir='ltr' id='par_1_85' title="bbox 1813 4485 3489 4556">
     <span class='ocr_line' id='line_1_85' title="bbox 1813 4485 3489 4556; baseline -0.002 -13"><span class='ocrx_word' id='word_1_548' title='bbox 1813 4488 2089 4543; x_wconf 88' lang='lat' dir='ltr'><em>emunita.</em></span> <span class='ocrx_word' id='word_1_549' title='bbox 2124 4487 2284 4552; x_wconf 88' lang='lat' dir='ltr'><em>Quos</em></span> <span class='ocrx_word' id='word_1_550' title='bbox 2315 4489 2602 4556; x_wconf 67' lang='lat' dir='ltr'><em>protentaa</em></span> <span class='ocrx_word' id='word_1_551' title='bbox 2634 4485 2938 4541; x_wconf 88' lang='lat' dir='ltr'><em>anfractus</em></span> <span class='ocrx_word' id='word_1_552' title='bbox 2970 4486 3371 4556; x_wconf 89' lang='lat' dir='ltr'><em>amplitudinis</em></span> <span class='ocrx_word' id='word_1_553' title='bbox 3391 4485 3489 4540; x_wconf 86' lang='lat' dir='ltr'><em>fu-</em></span> 
     </span>
    </p>
   </div>
   <div class='ocr_carea' id='block_1_86' title="bbox 1810 4575 3490 4646">
    <p class='ocr_par' dir='ltr' id='par_1_86' title="bbox 1810 4575 3490 4646">
     <span class='ocr_line' id='line_1_86' title="bbox 1810 4575 3490 4646; baseline -0.002 -14"><span class='ocrx_word' id='word_1_554' title='bbox 1810 4581 2011 4632; x_wconf 89' lang='lat' dir='ltr'><em>rentes</em></span> <span class='ocrx_word' id='word_1_555' title='bbox 2035 4576 2297 4629; x_wconf 90' lang='lat' dir='ltr'><em>incolunt</em></span> <span class='ocrx_word' id='word_1_556' title='bbox 2313 4575 2533 4646; x_wconf 91' lang='lat' dir='ltr'><em>populi,</em></span> <span class='ocrx_word' id='word_1_557' title='bbox 2559 4578 2957 4645; x_wconf 70' lang='lat' dir='ltr'><em>praemonente</em></span> <span class='ocrx_word' id='word_1_558' title='bbox 2981 4579 3164 4630; x_wconf 88' lang='lat' dir='ltr'><em>marte</em></span> <span class='ocrx_word' id='word_1_559' title='bbox 3193 4575 3490 4644; x_wconf 84' lang='lat' dir='ltr'><em>bellicosi;</em></span> 
     </span>
    </p>
   </div>
   <div class='ocr_carea' id='block_1_87' title="bbox 1813 4663 3484 4736">
    <p class='ocr_par' dir='ltr' id='par_1_87' title="bbox 1813 4663 3484 4736">
     <span class='ocr_line' id='line_1_87' title="bbox 1813 4663 3484 4736; baseline -0.004 -14"><span class='ocrx_word' id='word_1_560' title='bbox 1813 4667 2042 4722; x_wconf 88' lang='lat' dir='ltr'><em>scilicet</em></span> <span class='ocrx_word' id='word_1_561' title='bbox 2073 4665 2252 4734; x_wconf 88' lang='lat' dir='ltr'><em>Getae,</em></span> <span class='ocrx_word' id='word_1_562' title='bbox 2287 4667 2386 4736; x_wconf 89' lang='lat' dir='ltr'><em>qui</em></span> <span class='ocrx_word' id='word_1_563' title='bbox 2417 4667 2473 4719; x_wconf 88' lang='lat' dir='ltr'><em>et</em></span> <span class='ocrx_word' id='word_1_564' title='bbox 2501 4665 2694 4735; x_wconf 88' lang='lat' dir='ltr'><em>Gothi,</em></span> <span class='ocrx_word' id='word_1_565' title='bbox 2730 4665 3014 4719; x_wconf 89' lang='lat' dir='ltr'><em>Sarmatae</em></span> <span class='ocrx_word' id='word_1_566' title='bbox 3049 4668 3105 4719; x_wconf 91' lang='lat' dir='ltr'><em>et</em></span> <span class='ocrx_word' id='word_1_567' title='bbox 3151 4663 3484 4734; x_wconf 87' lang='lat' dir='ltr'><em>Amaxobii,</em></span> 
     </span>
    </p>
   </div>
   <div class='ocr_carea' id='block_1_88' title="bbox 1813 4752 3497 4826">
    <p class='ocr_par' dir='ltr' id='par_1_88' title="bbox 1813 4752 3497 4826">
     <span class='ocr_line' id='line_1_88' title="bbox 1813 4752 3497 4826; baseline -0.002 -17"><span class='ocrx_word' id='word_1_568' title='bbox 1813 4755 2146 4826; x_wconf 86' lang='lat' dir='ltr'><em>Tragoditae</em></span> <span class='ocrx_word' id='word_1_569' title='bbox 2169 4759 2226 4808; x_wconf 89' lang='lat' dir='ltr'><em>et</em></span> <span class='ocrx_word' id='word_1_570' title='bbox 2254 4753 2442 4823; x_wconf 87' lang='lat' dir='ltr'><em>Alani,</em></span> <span class='ocrx_word' id='word_1_571' title='bbox 2469 4754 3033 4826; x_wconf 89' lang='lat' dir='ltr'><em>quamplurimaeque</em></span> <span class='ocrx_word' id='word_1_572' title='bbox 3062 4757 3272 4825; x_wconf 88' lang='lat' dir='ltr'><em>gentes</em></span> <span class='ocrx_word' id='word_1_573' title='bbox 3296 4752 3497 4808; x_wconf 82' lang='lat' dir='ltr'><em>Meoti-</em></span> 
     </span>
    </p>
   </div>
   <div class='ocr_carea' id='block_1_89' title="bbox 1819 4845 3192 4914">
    <p class='ocr_par' dir='ltr' id='par_1_89' title="bbox 1819 4845 3192 4914">
     <span class='ocr_line' id='line_1_89' title="bbox 1819 4845 3192 4914; baseline -0.002 -14"><span class='ocrx_word' id='word_1_574' title='bbox 1819 4845 1995 4900; x_wconf 88' lang='lat' dir='ltr'><em>dibus</em></span> <span class='ocrx_word' id='word_1_575' title='bbox 2025 4845 2342 4914; x_wconf 89' lang='lat' dir='ltr'><em>paludibus</em></span> <span class='ocrx_word' id='word_1_576' title='bbox 2377 4845 2706 4898; x_wconf 86' lang='lat' dir='ltr'><em>excolendo</em></span> <span class='ocrx_word' id='word_1_577' title='bbox 2739 4847 3192 4899; x_wconf 88' lang='lat' dir='ltr'><em>commorantes.</em></span> 
     </span>
    </p>
   </div>
   <div class='ocr_carea' id='block_1_90' title="bbox 2463 4932 2852 4988">
    <p class='ocr_par' dir='ltr' id='par_1_90' title="bbox 2463 4932 2852 4988">
     <span class='ocr_line' id='line_1_90' title="bbox 2463 4932 2852 4988; baseline 0.005 -2"><span class='ocrx_word' id='word_1_578' title='bbox 2463 4932 2716 4987; x_wconf 86' lang='lat' dir='ltr'><strong>CAPUT</strong></span> <span class='ocrx_word' id='word_1_579' title='bbox 2755 4934 2852 4988; x_wconf 92' lang='lat' dir='ltr'><strong>III.</strong></span> 
     </span>
    </p>
   </div>
   <div class='ocr_carea' id='block_1_91' title="bbox 1827 5037 3498 5110">
    <p class='ocr_par' dir='ltr' id='par_1_91' title="bbox 1827 5037 3498 5110">
     <span class='ocr_line' id='line_1_91' title="bbox 1827 5037 3498 5110; baseline -0.001 -16"><span class='ocrx_word' id='word_1_580' title='bbox 1827 5040 1915 5094; x_wconf 86' lang='lat' dir='ltr'><em>De</em></span> <span class='ocrx_word' id='word_1_581' title='bbox 1939 5039 2174 5110; x_wconf 82' lang='lat' dir='ltr'><em>origine</em></span> <span class='ocrx_word' id='word_1_582' title='bbox 2191 5037 2530 5108; x_wconf 80' lang='lat' dir='ltr'><em>Gothorum,</em></span> <span class='ocrx_word' id='word_1_583' title='bbox 2554 5044 2612 5093; x_wconf 83' lang='lat' dir='ltr'><em>et</em></span> <span class='ocrx_word' id='word_1_584' title='bbox 2642 5040 2742 5092; x_wconf 85' lang='lat' dir='ltr'><em>ubi</em></span> <span class='ocrx_word' id='word_1_585' title='bbox 2769 5040 3024 5110; x_wconf 81' lang='lat' dir='ltr'><em>primum</em></span> <span class='ocrx_word' id='word_1_586' title='bbox 3045 5037 3251 5092; x_wconf 75' lang='lat' dir='ltr'><em>habita</em></span> <span class='ocrx_word' id='word_1_587' title='bbox 3263 5042 3498 5093; x_wconf 83' lang='lat' dir='ltr'><em>verunt.</em></span> 
     </span>
    </p>
   </div>
   <div class='ocr_carea' id='block_1_92' title="bbox 437 5126 3505 5223">
    <p class='ocr_par' dir='ltr' id='par_1_92' title="bbox 437 5126 3505 5223">
     <span class='ocr_line' id='line_1_92' title="bbox 437 5126 3505 5223; baseline -0.003 -35"><span class='ocrx_word' id='word_1_588' title='bbox 437 5126 1336 5223; x_wconf 59' lang='lat' dir='ltr'><em>;,7,&#39;}3;g,-a&quot;ez‘ge&quot;s‘i;;</em></span> <span class='ocrx_word' id='word_1_589' title='bbox 1381 5126 1486 5153; x_wconf 53' lang='lat'><em>7&quot;</em></span> <span class='ocrx_word' id='word_1_590' title='bbox 1521 5126 1608 5135; x_wconf 53' lang='lat' dir='ltr'><strong>W&#39;</strong></span> <span class='ocrx_word' id='word_1_591' title='bbox 1632 5126 1720 5133; x_wconf 76' lang='grc'><em>“”“</em></span> <span class='ocrx_word' id='word_1_592' title='bbox 1901 5129 2048 5183; x_wconf 89' lang='lat' dir='ltr'><em>Tres</em></span> <span class='ocrx_word' id='word_1_593' title='bbox 2076 5128 2292 5182; x_wconf 90' lang='lat' dir='ltr'><em>etenim</em></span> <span class='ocrx_word' id='word_1_594' title='bbox 2319 5127 2444 5182; x_wconf 90' lang='lat' dir='ltr'><em>Noe</em></span> <span class='ocrx_word' id='word_1_595' title='bbox 2474 5127 2627 5181; x_wconf 88' lang='lat' dir='ltr'><em>filios</em></span> <span class='ocrx_word' id='word_1_596' title='bbox 2654 5127 2960 5195; x_wconf 89' lang='lat' dir='ltr'><em>habuisse,</em></span> <span class='ocrx_word' id='word_1_597' title='bbox 2996 5143 3187 5181; x_wconf 60' lang='lat' dir='ltr'><em>sacras</em></span> <span class='ocrx_word' id='word_1_598' title='bbox 3217 5126 3290 5181; x_wconf 89' lang='lat' dir='ltr'><em>ad</em></span> <span class='ocrx_word' id='word_1_599' title='bbox 3320 5126 3505 5197; x_wconf 91' lang='lat' dir='ltr'><em>liqui-</em></span> 
     </span>
    </p>
   </div>
   <div class='ocr_carea' id='block_1_93' title="bbox 142 5215 3510 5297">
    <p class='ocr_par' dir='ltr' id='par_1_93' title="bbox 142 5215 3510 5297">
     <span class='ocr_line' id='line_1_93' title="bbox 142 5215 3510 5297; baseline -0.001 -22"><span class='ocrx_word' id='word_1_600' title='bbox 142 5219 326 5280; x_wconf 88' lang='lat' dir='ltr'><em>Totius</em></span> <span class='ocrx_word' id='word_1_601' title='bbox 358 5242 618 5297; x_wconf 89' lang='lat' dir='ltr'><em>namque</em></span> <span class='ocrx_word' id='word_1_602' title='bbox 650 5226 824 5280; x_wconf 89' lang='lat' dir='ltr'><em>molis</em></span> <span class='ocrx_word' id='word_1_603' title='bbox 856 5225 998 5279; x_wconf 90' lang='lat' dir='ltr'><em>orbe</em></span> <span class='ocrx_word' id='word_1_604' title='bbox 1031 5215 1352 5292; x_wconf 74' lang='lat' dir='ltr'><em>descripto,</em></span> <span class='ocrx_word' id='word_1_605' title='bbox 1384 5221 1724 5292; x_wconf 87' lang='lat' dir='ltr'><em>ambituque</em></span> <span class='ocrx_word' id='word_1_606' title='bbox 1833 5219 1969 5273; x_wconf 93' lang='lat' dir='ltr'><em>dum</em></span> <span class='ocrx_word' id='word_1_607' title='bbox 1991 5220 2282 5272; x_wconf 89' lang='lat' dir='ltr'><em>testantur</em></span> <span class='ocrx_word' id='word_1_608' title='bbox 2302 5215 3510 5289; x_wconf 72' lang='lat' dir='ltr'><em>paginas.QuarumjuniornomineJaphet</em></span> 
     </span>
    </p>
   </div>
   <div class='ocr_carea' id='block_1_94' title="bbox 89 5303 3510 5386">
    <p class='ocr_par' dir='ltr' id='par_1_94' title="bbox 89 5303 3510 5386">
     <span class='ocr_line' id='line_1_94' title="bbox 89 5303 3510 5386; baseline -0.003 -20"><span class='ocrx_word' id='word_1_609' title='bbox 89 5311 131 5360; x_wconf 77' lang='lat' dir='ltr'><em>et</em></span> <span class='ocrx_word' id='word_1_610' title='bbox 159 5315 460 5383; x_wconf 82' lang='lat' dir='ltr'><em>superficie</em></span> <span class='ocrx_word' id='word_1_611' title='bbox 485 5318 660 5369; x_wconf 85' lang='lat' dir='ltr'><em>terrae</em></span> <span class='ocrx_word' id='word_1_612' title='bbox 683 5315 978 5386; x_wconf 88' lang='lat' dir='ltr'><em>sagaciter</em></span> <span class='ocrx_word' id='word_1_613' title='bbox 998 5327 1334 5382; x_wconf 88' lang='lat' dir='ltr'><em>permenso,</em></span> <span class='ocrx_word' id='word_1_614' title='bbox 1359 5326 1591 5365; x_wconf 92' lang='lat' dir='ltr'><em>omnem</em></span> <span class='ocrx_word' id='word_1_615' title='bbox 1611 5315 1726 5365; x_wconf 87' lang='lat' dir='ltr'><em>ter-</em></span> <span class='ocrx_word' id='word_1_616' title='bbox 1835 5307 2018 5362; x_wconf 82' lang='lat' dir='ltr'><em>filium</em></span> <span class='ocrx_word' id='word_1_617' title='bbox 2048 5307 2270 5378; x_wconf 90' lang='lat' dir='ltr'><em>genuit,</em></span> <span class='ocrx_word' id='word_1_618' title='bbox 2307 5322 2480 5376; x_wconf 89' lang='lat' dir='ltr'><em>quem</em></span> <span class='ocrx_word' id='word_1_619' title='bbox 2511 5306 2749 5374; x_wconf 88' lang='lat' dir='ltr'><em>preprio</em></span> <span class='ocrx_word' id='word_1_620' title='bbox 2765 5303 3054 5359; x_wconf 89' lang='lat' dir='ltr'><em>vocabulo</em></span> <span class='ocrx_word' id='word_1_621' title='bbox 3078 5305 3297 5376; x_wconf 89' lang='lat' dir='ltr'><em>Magog</em></span> <span class='ocrx_word' id='word_1_622' title='bbox 3328 5304 3510 5359; x_wconf 90' lang='lat' dir='ltr'><em>nomi-</em></span> 
     </span>
    </p>
   </div>
   <div class='ocr_carea' id='block_1_95' title="bbox 92 5393 3509 5473">
    <p class='ocr_par' dir='ltr' id='par_1_95' title="bbox 92 5393 3509 5473">
     <span class='ocr_line' id='line_1_95' title="bbox 92 5393 3509 5473; baseline 0 -25"><span class='ocrx_word' id='word_1_623' title='bbox 92 5412 188 5452; x_wconf 87' lang='lat' dir='ltr'><em>ram</em></span> <span class='ocrx_word' id='word_1_624' title='bbox 218 5409 497 5473; x_wconf 86' lang='lat' dir='ltr'><em>perpetuo</em></span> <span class='ocrx_word' id='word_1_625' title='bbox 527 5404 744 5459; x_wconf 88' lang='lat' dir='ltr'><em>Oceani</em></span> <span class='ocrx_word' id='word_1_626' title='bbox 770 5403 952 5456; x_wconf 90' lang='lat' dir='ltr'><em>limbo</em></span> <span class='ocrx_word' id='word_1_627' title='bbox 982 5403 1245 5472; x_wconf 90' lang='lat' dir='ltr'><em>undique</em></span> <span class='ocrx_word' id='word_1_628' title='bbox 1276 5416 1454 5455; x_wconf 89' lang='lat' dir='ltr'><em>secus</em></span> <span class='ocrx_word' id='word_1_629' title='bbox 1483 5401 1731 5454; x_wconf 89' lang='lat' dir='ltr'><em>circum-</em></span> <span class='ocrx_word' id='word_1_630' title='bbox 1838 5397 2015 5450; x_wconf 89' lang='lat' dir='ltr'><em>navit.</em></span> <span class='ocrx_word' id='word_1_631' title='bbox 2040 5395 2226 5466; x_wconf 89' lang='lat' dir='ltr'><em>Cujus</em></span> <span class='ocrx_word' id='word_1_632' title='bbox 2250 5394 2493 5448; x_wconf 87' lang='lat' dir='ltr'><em>Gothica</em></span> <span class='ocrx_word' id='word_1_633' title='bbox 2512 5394 2754 5448; x_wconf 89' lang='lat' dir='ltr'><em>soboles</em></span> <span class='ocrx_word' id='word_1_634' title='bbox 2789 5395 2860 5448; x_wconf 91' lang='lat' dir='ltr'><em>de</em></span> <span class='ocrx_word' id='word_1_635' title='bbox 2884 5393 3267 5448; x_wconf 90' lang='lat' dir='ltr'><em>similitudine</em></span> <span class='ocrx_word' id='word_1_636' title='bbox 3289 5395 3509 5448; x_wconf 90' lang='lat' dir='ltr'><em>ultimae</em></span> 
     </span>
    </p>
   </div>
   <div class='ocr_carea' id='block_1_96' title="bbox 94 5483 3510 5562">
    <p class='ocr_par' dir='ltr' id='par_1_96' title="bbox 94 5483 3510 5562">
     <span class='ocr_line' id='line_1_96' title="bbox 94 5483 3510 5562; baseline -0.001 -21"><span class='ocrx_word' id='word_1_637' title='bbox 94 5493 305 5560; x_wconf 71' lang='lat' dir='ltr'><em>septem,</em></span> <span class='ocrx_word' id='word_1_638' title='bbox 339 5493 600 5547; x_wconf 85' lang='lat' dir='ltr'><em>aethereo</em></span> <span class='ocrx_word' id='word_1_639' title='bbox 641 5491 1055 5562; x_wconf 88' lang='lat' dir='ltr'><em>quadripartiti</em></span> <span class='ocrx_word' id='word_1_640' title='bbox 1104 5490 1238 5544; x_wconf 76' lang='grc' dir='ltr'><em>οωιί</em></span> <span class='ocrx_word' id='word_1_641' title='bbox 1286 5489 1523 5543; x_wconf 88' lang='lat' dir='ltr'><em>cardine</em></span> <span class='ocrx_word' id='word_1_642' title='bbox 1557 5489 1730 5542; x_wconf 90' lang='lat' dir='ltr'><em>intel-</em></span> <span class='ocrx_word' id='word_1_643' title='bbox 1843 5487 2085 5557; x_wconf 77' lang='lat' dir='ltr'><em>syllabae</em></span> <span class='ocrx_word' id='word_1_644' title='bbox 2139 5484 2366 5554; x_wconf 88' lang='lat' dir='ltr'><em>paterni</em></span> <span class='ocrx_word' id='word_1_645' title='bbox 2412 5483 2665 5537; x_wconf 86' lang='lat' dir='ltr'><em>nominis</em></span> <span class='ocrx_word' id='word_1_646' title='bbox 2697 5483 3053 5538; x_wconf 89' lang='lat' dir='ltr'><em>vocabulum</em></span> <span class='ocrx_word' id='word_1_647' title='bbox 3084 5485 3331 5538; x_wconf 91' lang='lat' dir='ltr'><em>trahens</em></span> <span class='ocrx_word' id='word_1_648' title='bbox 3363 5484 3510 5537; x_wconf 87' lang='lat' dir='ltr'><em>adeo</em></span> 
     </span>
    </p>
   </div>
   <div class='ocr_carea' id='block_1_97' title="bbox 99 5571 3508 5650">
    <p class='ocr_par' dir='ltr' id='par_1_97' title="bbox 99 5571 3508 5650">
     <span class='ocr_line' id='line_1_97' title="bbox 99 5571 3508 5650; baseline -0 -26"><span class='ocrx_word' id='word_1_649' title='bbox 99 5571 223 5628; x_wconf 87' lang='lat' dir='ltr'><em>lectu</em></span> <span class='ocrx_word' id='word_1_650' title='bbox 241 5580 658 5650; x_wconf 87' lang='lat' dir='ltr'><em>cosmographi</em></span> <span class='ocrx_word' id='word_1_651' title='bbox 677 5579 931 5633; x_wconf 89' lang='lat' dir='ltr'><em>dimensi</em></span> <span class='ocrx_word' id='word_1_652' title='bbox 951 5579 1147 5632; x_wconf 88' lang='lat' dir='ltr'><em>intres</em></span> <span class='ocrx_word' id='word_1_653' title='bbox 1166 5579 1363 5647; x_wconf 88' lang='lat' dir='ltr'><em>partes</em></span> <span class='ocrx_word' id='word_1_654' title='bbox 1378 5576 1730 5645; x_wconf 86' lang='lat' dir='ltr'><em>diviserunt,</em></span> <span class='ocrx_word' id='word_1_655' title='bbox 1843 5575 2165 5645; x_wconf 86' lang='lat' dir='ltr'><em>pullulavit,</em></span> <span class='ocrx_word' id='word_1_656' title='bbox 2187 5578 2247 5627; x_wconf 90' lang='lat' dir='ltr'><em>ut</em></span> <span class='ocrx_word' id='word_1_657' title='bbox 2276 5588 2380 5642; x_wconf 90' lang='lat' dir='ltr'><em>per</em></span> <span class='ocrx_word' id='word_1_658' title='bbox 2402 5572 2640 5625; x_wconf 87' lang='lat' dir='ltr'><em>diversa</em></span> <span class='ocrx_word' id='word_1_659' title='bbox 2661 5575 2952 5627; x_wconf 88' lang='lat' dir='ltr'><em>terrarum</em></span> <span class='ocrx_word' id='word_1_660' title='bbox 2984 5573 3298 5627; x_wconf 82' lang='lat' dir='ltr'><em>interstitia</em></span> <span class='ocrx_word' id='word_1_661' title='bbox 3321 5571 3508 5626; x_wconf 89' lang='lat' dir='ltr'><em>multi-</em></span> 
     </span>
    </p>
   </div>
   <div class='ocr_carea' id='block_1_98' title="bbox 100 5661 3512 5741">
    <p class='ocr_par' dir='ltr' id='par_1_98' title="bbox 100 5661 3512 5741">
     <span class='ocr_line' id='line_1_98' title="bbox 100 5661 3512 5741; baseline -0 -27"><span class='ocrx_word' id='word_1_662' title='bbox 100 5664 295 5738; x_wconf 82' lang='lat' dir='ltr'><em>Asiam,</em></span> <span class='ocrx_word' id='word_1_663' title='bbox 319 5668 636 5741; x_wconf 85' lang='lat' dir='ltr'><em>Europam,</em></span> <span class='ocrx_word' id='word_1_664' title='bbox 661 5668 1042 5740; x_wconf 84' lang='lat' dir='ltr'><em>Africamque</em></span> <span class='ocrx_word' id='word_1_665' title='bbox 1065 5668 1428 5737; x_wconf 85' lang='lat' dir='ltr'><em>reputantes.</em></span> <span class='ocrx_word' id='word_1_666' title='bbox 1453 5665 1570 5720; x_wconf 88' lang='lat' dir='ltr'><em>Sed</em></span> <span class='ocrx_word' id='word_1_667' title='bbox 1598 5665 1736 5735; x_wconf 86' lang='lat' dir='ltr'><em>quia</em></span> <span class='ocrx_word' id='word_1_668' title='bbox 1846 5665 2016 5721; x_wconf 89' lang='lat' dir='ltr'><em>mode</em></span> <span class='ocrx_word' id='word_1_669' title='bbox 2048 5679 2113 5720; x_wconf 92' lang='lat' dir='ltr'><em>se</em></span> <span class='ocrx_word' id='word_1_670' title='bbox 2146 5663 2433 5734; x_wconf 89' lang='lat' dir='ltr'><em>dilataret,</em></span> <span class='ocrx_word' id='word_1_671' title='bbox 2459 5661 2920 5734; x_wconf 84' lang='lat' dir='ltr'><em>praedictamque</em></span> <span class='ocrx_word' id='word_1_672' title='bbox 2952 5662 3208 5718; x_wconf 90' lang='lat' dir='ltr'><em>insulam</em></span> <span class='ocrx_word' id='word_1_673' title='bbox 3230 5662 3512 5718; x_wconf 87' lang='lat' dir='ltr'><em>Scanzam</em></span> 
     </span>
    </p>
   </div>
  </div>
