3988 6176
444 242 560 306 ’783

450 442 605 498 intra
635 445 820 499 maris
850 446 1063 503 fretum
1084 450 1199 504 sibi
1230 451 1572 509 vindicaret.
1607 455 1670 510 In
1699 472 1814 529 qua
1843 474 1952 529 per
1981 476 2119 517 suc-

455 531 723 587 cedentia
768 537 1097 606 temporum
1143 539 1437 595 curricula
1483 543 1796 600 admodum
1839 548 2121 620 multipli-

454 624 601 690 cata,
639 622 790 677 duos
821 639 897 678 ex
927 642 993 678 se
1024 626 1084 681 in
1117 630 1297 683 armis
1340 630 1799 690 robustissimos
1840 638 2125 706 produxit

452 709 777 765 Gothorum
806 715 1079 784 populos.
1114 716 1199 770 Ex
1243 719 1459 789 quibus
1490 737 1644 776 unus
1675 740 1808 778 eum
1838 742 1979 798 rege
2013 744 2122 784 suo

457 797 774 854 Thanause
806 802 877 855 de
899 804 1113 875 vagina
1133 822 1241 859 sua
1273 822 1582 880 egressus,
1610 811 1951 869 ulteriorem
1981 815 2123 888 Scy-

455 886 636 940 thiam
666 889 902 959 invasit,
939 892 1172 963 sibique
1206 897 1513 964 usurpavit
1538 918 1554 952 :
1584 901 1830 956 multum
1862 911 1996 973 post
2024 886 2125 960 ad-

453 990 697 1029 versum
766 978 1057 1033 Vesoscm
1098 982 1517 1053 A‘Igyptiorum
1558 1003 1762 1060 regem
1809 996 2011 1047 contra
2055 1011 2123 1050 se

454 1063 611 1116 bella
657 1067 1031 1121 attentantcm
1054 1111 1067 1138 ,
1102 1071 1437 1128 diutissime
1484 1092 1551 1129 se
1589 1080 1772 1133 armis
1813 1084 1869 1135 et
1897 1084 2124 1152 praeliis

463 1153 811 1208 extendens.
873 1155 1132 1219 Quorum
1191 1175 1411 1217 uxores
1468 1168 1839 1233 postmodum
1900 1176 2125 1228 voeatm

456 1243 804 1309 Amazones,
855 1244 1193 1301 diuturnam
1233 1265 1437 1306 eorum
1482 1269 1705 1309 moram
1752 1259 2001 1316 moleste
2033 1262 2125 1316 fe-

456 1331 677 1399 rentes,
708 1332 1011 1400 repudiata
1042 1337 1305 1392 virorum
1329 1341 1538 1410 copula
1560 1359 1721 1398 arma
1754 1355 2075 1417 capessunt
2110 1369 2123 1407 :

456 1416 604 1471 duas
644 1420 888 1491 reginas
936 1423 1216 1494 Lampeto
1265 1429 1496 1484 scilicet
1543 1435 1719 1503 atque
1756 1416 2127 1508 Marpessam

458 1508 691 1561 caeteris
740 1510 1091 1567 audaciores
1140 1516 1490 1586 principatui
1527 1521 1950 1595 subrogantes.
1986 1528 2128 1593 Quae

459 1596 684 1650 dextris
716 1600 993 1654 mamillis
1034 1601 1108 1656 ob
1140 1605 1391 1660 telorum
1420 1607 1623 1678 jactus
1663 1612 1916 1684 adustis,
1949 1619 2131 1674 totam

458 1685 663 1738 Asiam
693 1703 1028 1759 aggressa},
1064 1708 1170 1762 per
1204 1699 1439 1749 centum
1478 1698 1602 1754 fere
1635 1717 1924 1758 annorum
1956 1707 2129 1762 volu-

459 1774 617 1827 mina
648 1774 1026 1846 gravissimaa
1076 1782 1493 1840 dominationis
1525 1787 1678 1861 jugo
1728 1806 1856 1845 eam
1889 1794 2131 1852 domue-

459 1865 614 1916 runt.
649 1863 764 1917 Sed
811 1866 880 1919 de
912 1867 1006 1922 his
1039 1869 1369 1942 hucusque.
1402 1874 1512 1939 Qui
1542 1893 1683 1933 vero
1726 1881 1883 1937 scire
1915 1888 2125 1940 cuncta

460 1949 796 2023 desiderat,
843 1954 1171 2013 Gothorum
1217 1964 1389 2032 gesta
1446 1972 1773 2039 percurrat,
1820 1975 1877 2026 et
1922 1976 2132 2030 noster

462 2039 654 2110 stylus
685 2044 947 2098 vertatur
975 2047 1049 2101 ad
1076 2051 1400 2118 proposita.

1104 2154 1355 2212 CAPUT
1395 2158 1493 2215 IV.

465 2249 628 2315 Quod
646 2252 811 2345 Dan’i.
831 2256 905 2310 de
932 2257 1259 2345 ‘GOU'I‘OI'UPI
1301 2266 1589 2345 progenie
1628 2268 2032 2345 descendant,
2075 2280 2134 2329 et

536 2340 716 2412 quare
747 2326 1024 2409 dicantur
1054 2331 1210 2412 Dani'
1227 2321 1344 2412 _vé1
1365 2321 1787 2412 Northmanni,
1813 2348 1872 2397 et
1901 2321 2135 2400 eur’ea-

535 2395 666 2449 dem
694 2412 847 2466 gens
876 2400 964 2453 sic
1003 2402 1452 2475 multiplicetur.

533 2501 721 2572 Igitur
750 2505 898 2560 alter
926 2506 1251 2565 Gothorum
1282 2527 1510 2569 cuneus
1540 2531 1616 2570 ex
1644 2518 1869 2575 Scanza
1910 2521 2129 2594 insula,

463 2605 597 2660 quae
628 2594 756 2646 erat
783 2597 957 2665 quasi
988 2598 1224 2654 ofﬁcina
1268 2604 1532 2672 gentium
1556 2647 1570 2675 ,
1605 2610 1702 2661 aut
1729 2610 1891 2664 velut
1921 2612 2136 2683 vagina

463 2678 786 2751 nationum,
821 2698 953 2737 cum
983 2701 1127 2758 rege
1178 2705 1288 2743 suo
1319 2693 1556 2749 nomine
1601 2696 1784 2769 Berig
1819 2715 2133 2773 egressus,

464 2787 605 2827 mox
655 2778 719 2829 ut
774 2792 806 2830 e
844 2780 1097 2835 navibus
1142 2788 1429 2841 exeuntes
1460 2791 1653 2844 terras
1674 2793 2010 2866 attigerunt,
2034 2814 2138 2853 no-

464 2876 599 2915 men
627 2863 758 2919 loco
804 2866 1110 2940 dederunt,
1161 2872 1565 2948 Scanzamque
1611 2880 1684 2935 ob
1725 2863 1885 2938 illius
1918 2863 2136 2943 memo-

463 2950 631 3021 riam,
667 2954 739 3008 de
771 2971 887 3027 quo
921 2965 1254 3032 eruperant,
1274 2964 1438 3019 illum
1462 2974 1843 3026 vocaverunt.
1877 2973 2017 3029 Inde
2038 2976 2137 3032 de-

463 3040 641 3112 nique
670 3045 964 3113 prolixius
996 3051 1304 3107 tendentes
1335 3054 1487 3109 intra
1520 3055 1909 3117 Germanicos
1939 3064 2131 3135 sinus,

463 3130 752 3188 Meotidas
786 3146 1225 3207 occupaverunt
1253 3144 1523 3215 paludes,
1541 3147 1826 3216 plurimas
1856 3130 2137 3224 regiones

464 3219 679 3276 diffuse
710 3227 1018 3282 metantes.
1066 3229 1323 3295 Quarum
1353 3234 1413 3288 in
1461 3238 1723 3291 secunda
1757 3240 1900 3295 sede
1933 3242 2133 3313 Dacia,

466 3325 599 3380 quae
629 3315 685 3366 et
716 3313 1142 3388 Danamarcha,
1177 3321 1424 3389 sistens,
1453 3339 1634 3395 reges
1666 3326 1870 3382 habuit
1892 3332 2131 3402 multos,

463 3399 630 3455 mirae
659 3402 1053 3474 philosophiae
1083 3410 1409 3465 eruditione
1435 3412 1822 3471 vehementer
1851 3399 2135 3493 imbutos,

467 3488 686 3544 Zeutan
708 3492 956 3562 scilicet,
982 3499 1157 3567 atque
1183 3498 1512 3571 Dieineum,
1528 3517 1760 3558 necnon
1778 3505 2133 3576 Zalmoxem,

466 3576 736 3649 aliosque
780 3581 1005 3650 plures.
1056 3585 1226 3640 Unde
1257 3590 1314 3642 et
1356 3604 1507 3658 pene
1557 3593 1833 3648 omnibus
1863 3595 2136 3653 barbaris

466 3663 639 3719 Gothi
671 3682 910 3739 semper
939 3673 1291 3730 exstiterunt
1326 3678 1741 3751 sapientiores,
1791 3681 2137 3758 Graecisque

466 3752 653 3809 ferme
684 3759 1049 3816 consimiles.
1080 3762 1231 3817 Nam
1259 3765 1504 3821 Martem
1536 3768 1711 3824 deum
1747 3774 1900 3842 apud
1932 3790 1999 3829 se
2028 3792 2137 3830 au-

467 3844 694 3899 tumant
742 3846 935 3903 fuisse
981 3854 1271 3923 exortum,
1323 3871 1501 3925 quem
1533 3858 1773 3913 humani
1827 3861 2139 3932 plaeabant

469 3930 757 3990 effusione
789 3939 1123 4010 sanguinis.
1155 3942 1387 3998 Jactant
1416 3946 1573 4000 enim
1607 3947 1896 4019 Trojanos
1924 3967 1998 4007 ex
2029 3969 2138 4009 sua

469 4018 654 4090 stirpe
683 4026 1084 4097 processisse,
1119 4029 1598 4104 Antenoremque
1628 4034 1703 4089 ab
1726 4018 1904 4091 urbis
1934 4042 2137 4094 exter-

469 4107 650 4164 minio
682 4127 816 4166 cum
844 4114 1079 4170 duobus
1122 4118 1385 4174 millibus
1419 4121 1667 4177 militum
1699 4128 1756 4179 et
1794 4127 2138 4199 quingentis

466 4196 646 4270 viris,
709 4201 784 4256 ob
821 4204 1215 4273 proditionem
1262 4208 1423 4264 illius
1472 4210 1546 4266 ab
1602 4227 1672 4268 eo
1713 4196 2134 4287 perpetratum,

468 4289 741 4345 evasisse
765 4310 779 4358 ;
812 4308 881 4347 ac
921 4309 1027 4363 per
1053 4296 1432 4354 multimodos
1464 4301 1629 4370 ponti
1658 4302 1961 4360 anfractus
1990 4306 2138 4361 Ger-

466 4378 721 4435 maniam
751 4383 1077 4456 appulisse,
1110 4390 1288 4457 atque
1314 4387 1708 4458 {postmodum
1740 4392 1799 4445 in
1831 4393 2009 4449 Dacia
2039 4411 2139 4450 re-

466 4482 713 4539 gnasse,
748 4485 995 4543 eamque
1027 4490 1059 4527 a
1080 4477 1333 4546 quodam
1365 4477 1565 4533 Danao
1595 4495 1722 4534 suae
1755 4481 1960 4553 stirpis
1993 4500 2138 4556 rege

467 4557 939 4615 Danamareham
987 4578 1386 4634 nuncupasse.
1438 4566 1562 4621 Hae
1602 4569 1785 4640 igitur
1833 4570 1905 4625 de
1954 4587 2137 4627 causa

470 4646 612 4703 Daci
637 4652 1052 4719 nuncupantur
1092 4668 1126 4706 a
1157 4653 1286 4706 suis
1336 4653 1519 4708 Danai
1566 4655 1656 4710 vel
1710 4656 1875 4711 Dani.
1912 4658 2135 4714 North-

468 4736 668 4791 manni
697 4740 892 4793 autem
921 4739 1215 4809 dicuntur,
1261 4742 1396 4813 quia
1435 4741 1639 4814 lingua
1678 4758 1881 4799 eorum
1913 4745 2138 4804 Boreas

467 4823 655 4880 North
686 4831 953 4899 vocatur,
976 4828 1152 4884 homo
1185 4845 1326 4884 vero
1357 4830 1490 4884 Man
1517 4846 1529 4885 :
1555 4831 1691 4886 inde
1722 4832 2137 4908 Northmanni,

466 4914 526 4970 id
556 4920 667 4988 est,
693 4917 967 4973 homines
983 4917 1280 4990 boreales,
1315 4934 1424 4989 per
1443 4919 1974 4978 denominationem
1992 4941 2141 4981 nun-

460 5009 735 5076 eupatur.
767 5006 885 5062 Sed
915 5008 1045 5062 sive
1078 5007 1191 5062 hoc
1224 5008 1352 5062 sive
1394 5008 1533 5063 illud
1585 5010 1898 5080 exstiterit,
1951 5015 2139 5086 origi-

464 5109 601 5148 nem
627 5097 825 5151 tamen
863 5113 896 5150 a
942 5096 1151 5152 Gothis
1196 5101 1525 5152 noscuntur
1574 5098 1792 5154 dueere
1826 5100 1992 5156 Dani.
2026 5101 2137 5167 Qui

465 5183 641 5236 tantis
672 5187 808 5253 post
854 5185 966 5240 hoc
1012 5187 1397 5241 adoleverunt
1440 5187 1845 5257 incrementis,
1881 5192 1960 5258 ut,
1997 5190 2134 5246 dum

463 5272 706 5341 repletae
735 5276 940 5328 essent
960 5275 1303 5331 hominibus
1326 5276 1558 5345 insulae,
1584 5278 1965 5347 quamplures
1997 5294 2134 5333 san-

465 5359 581 5415 cita
608 5378 640 5414 a
672 5362 918 5433 regibus
944 5364 1077 5436 lege
1111 5369 1469 5438 cogerentur
1498 5366 1569 5420 de
1592 5366 1849 5435 propriis
1884 5367 2131 5423 sedibus

463 5448 742 5520 migrare.
794 5449 936 5515 Quae
982 5453 1162 5524 igitur
1210 5456 1429 5510 idcirco
1471 5456 1560 5509 sic
1602 5456 2129 5526 multiplicabatur,

463 5538 738 5610 quoniam
771 5540 949 5595 nimio
978 5542 1169 5597 dedita
1201 5543 1364 5598 luxui
1394 5545 1741 5599 mulieribus
1765 5544 2131 5616 jungebatur

461 5629 680 5686 multis.
708 5630 857 5686 Nam
887 5634 1058 5703 pater
1080 5632 1309 5687 adultos
1343 5633 1496 5687 filios
1520 5638 1768 5690 cunctos
1790 5651 1821 5688 a
1844 5649 1911 5689 se
1941 5634 2127 5704 pelle-

1155 252 1592 318 WILLELMI
1625 258 1987 324 CALCULI
2034 262 2728 335 GEMMETICENSIS
2768 271 3163 341 MONACHI

3708 299 3804 364 784

2149 444 2196 506 Α
2228 465 2348 535 bat,
2383 469 2600 536 praeter
2627 485 2826 541 unum,
2862 488 3040 547 quem
3065 476 3358 538 haeredem
3390 487 3479 543 sui
3510 488 3652 562 juris
3676 495 3817 554 relin-

2232 554 2468 626 quebat.

2889 654 3143 713 CAPUT
3175 659 3243 715 V.

2242 750 2533 850 Quomodo
2556 756 2921 850 {Bienlfiiius
2947 763 3230 850 Lotbroci
3264 772 3428 842 regis
3456 773 3635 850 Daciae
3660 781 3826 850 expul-

2308 840 2413 923 s’us
2435 833 2528 880 est
2558 829 2633 882 de
2648 833 2849 900 patria
2876 849 3042 891 more
3070 836 3263 910 solito,
3302 829 3423 896 eum
3449 829 3825 923 [festinat—ip;-

2311 896 2536 969 dagogo
2564 896 2687 954 suo.

2309 983 2452 1047 Quae
2483 986 2735 1059 denique
2765 990 2860 1046 lex
2887 1008 2995 1063 per
3032 997 3344 1055 multorum
3383 1003 3627 1075 tempora
3660 1024 3829 1081 regum

2239 1071 2591 1129 inconvulsa
2621 1079 2857 1148 mansit,
2921 1084 3116 1152 quoad
3162 1100 3349 1158 usque
3397 1071 3699 1151 Lothrocus
3721 1071 3829 1171 rex,

2239 1159 2311 1214 de
2334 1177 2450 1233 quo
2481 1178 2664 1234 supra
2684 1168 3148 1244 praelibavimus,
3181 1177 3327 1244 patri
3357 1177 3415 1232 in
3442 1195 3613 1252 regno
3640 1159 3832 1241 succes:

2243 1251 2341 1305 sit.
2374 1252 2433 1306 Is
2465 1254 2639 1308 etiam
2667 1271 2775 1310 rex
2811 1261 3042 1328 patrum
3088 1262 3323 1335 legibus
3353 1251 3588 1339 excitus,
3620 1287 3733 1328 cum
3757 1274 3830 1331 in-

2240 1341 2403 1412 genti
2418 1340 2708 1412 juvenum
2730 1348 2963 1418 agmine
2986 1354 3150 1407 sorte
3172 1358 3416 1426 cogente
3436 1356 3623 1430 ﬁlium,
3644 1364 3834 1419 nomine

2240 1428 2381 1483 Bier
2407 1430 2603 1486 Castae
2636 1430 2890 1505 Ferrem,
2925 1454 2959 1493 a
2986 1454 3097 1495 suo
3126 1441 3359 1498 abdicat
3374 1460 3568 1517 regno,
3598 1428 3715 1504 eum
3730 1451 3835 1524 ejus

2237 1518 2568 1592 paedagogo
2600 1522 2891 1596 Hastingo
2934 1542 3042 1597 per
3087 1532 3282 1586 omnia
3311 1518 3833 1608 fraudulentissimo;

2238 1610 2319 1677 ut,
2372 1611 2683 1681 peregrina
2702 1629 2885 1686 regna
2900 1618 3138 1686 petens,
3173 1622 3409 1677 exteras
3439 1623 3550 1678 sibi
3575 1629 3734 1682 armis
3757 1645 3830 1685 ac-

2241 1696 2505 1766 quireret
2550 1700 2751 1756 sedes.
2803 1702 2912 1768 Qui
2953 1704 3087 1762 ideo
3118 1706 3294 1763 Costa
3317 1710 3528 1767 Ferrea
3553 1716 3837 1787 vocabatur,

2158 1818 2208 1886 Β
2243 1785 2378 1856 quia
2407 1803 2524 1842 non
2546 1789 2601 1842 ei
2632 1790 2877 1861 elypeus
2899 1794 3280 1868 objiceretur,
3303 1800 3407 1854 sed
3429 1800 3657 1857 inermis
3674 1806 3725 1859 in
3741 1807 3838 1863 acie

2244 1877 2433 1946 stans,
2454 1892 2756 1934 armorum
2773 1882 2892 1936 vim
2913 1898 3330 1958 quamcunque
3344 1893 3842 1961 sperneretillaesus;

2242 1964 2788 2024 vehementissimis
2846 1973 3053 2028 matris
3111 1974 3247 2046 ejus
3306 1982 3548 2034 venenis
3616 1981 3839 2037 infectus.

2245 2054 2579 2127 Hastingus
2609 2072 2751 2113 vero
2770 2074 2802 2113 a
2831 2062 3018 2130 patria
3037 2079 3170 2118 cum
3200 2081 3313 2121 suo
3337 2067 3690 2125 adolescente
3710 2072 3843 2126 exsul

2243 2144 2647 2216 proscriptus,
2690 2148 2878 2204 missa
2926 2150 3218 2225 legatione
3268 2156 3481 2212 milites
3527 2158 3593 2212 de
3634 2158 3845 2215 ﬁnitimis

2242 2233 2570 2302 provinciis
2601 2237 2796 2293 animo
2835 2238 3000 2295 leves
3020 2283 3035 2313 ,
3068 2242 3329 2315 bellique
3360 2246 3614 2319 cupidos,
3643 2248 3705 2302 ad
3729 2249 3845 2305 hanc

2246 2321 2679 2392 expeditionem
2705 2327 2987 2399 invitans,
3014 2330 3502 2390 innumerabilem
3520 2338 3844 2409 pugnantium

2245 2409 2502 2466 tironum
2536 2417 2924 2489 congregavit
2958 2422 3306 2477 exercitum.
3340 2422 3488 2489 Quid
3511 2424 3847 2495 plura‘2t‘abri-

2248 2502 2454 2555 cantur
2483 2518 2686 2573 naves,
2735 2505 3090 2563 innovantur
3120 2513 3312 2582 scuta,
3344 2515 3721 2569 resarciuntur
3743 2514 3845 2569 tho-

2246 2604 2440 2659 races,
2472 2592 2772 2662 poliuntur
2815 2595 3018 2652 loricae
3064 2601 3122 2653 et
3151 2601 3363 2672 galeae,
3415 2607 3685 2658 acuuntur
3708 2618 3849 2659 enses

2247 2680 2304 2733 et
2333 2678 2573 2751 lanceae,
2607 2684 2882 2757 omnique
2912 2686 3163 2743 telorum
3192 2695 3476 2761 apparatu
3503 2697 3744 2748 accurate
3760 2708 3850 2747 mu-

2248 2767 2407 2823 nitur
2449 2771 2771 2828 exercitus.
2823 2774 2963 2830 Inde
2991 2792 3135 2834 vero
3186 2781 3407 2835 statuto
3438 2781 3528 2837 die
3554 2782 3740 2854 pelago
3763 2781 3849 2834 im-

2248 2857 2547 2927 pelluntur
2574 2876 2786 2930 naves,
2836 2865 2908 2919 ad
2947 2881 3048 2922 eas
3079 2883 3335 2939 prepare
3366 2870 3633 2925 festinant
3657 2870 3847 2937 milites,

2249 2947 2557 3004 elevantur
2587 2952 2821 3023 vexilla,
2848 2954 3063 3011 librant
3092 2959 3289 3013 ventis
3313 2959 3587 3030 carbasa;
3608 2960 3850 3014 vehuntur

2249 3036 2371 3108 lupi
2389 3040 2665 3107 pernices
2682 3042 2755 3096 ad
2774 3042 3121 3100 lacerandas
3142 3047 3473 3116 dominicas
3488 3063 3641 3105 oves.
3655 3049 3750 3104 deo
3767 3062 3851 3102 suo

2250 3126 2415 3182 Thur
2433 3128 2753 3185 humanum
2792 3134 3147 3205 sanguinem
3174 3136 3454 3193 libantes.

2263 3178 2402 3182 __
2433 3178 2753 3185 _______-..
2792 3178 3147 3205 -..-ο--..ν...
3174 3178 3271 3191 ...η

2166 3178 2218 3247 (³
2888 3221 3140 3278 CAPUT
3172 3225 3271 3281 v1.

2254 3320 2545 3403 Quomodo
2582 3334 2871 3383 venerunt
2898 3329 2962 3383 in
2989 3346 3237 3403 regnum
3268 3332 3632 3389 Francorum
3652 3338 3703 3387 et
3739 3329 3854 3386 Ver-

2319 3396 2700 3452 maudensem
2721 3415 2936 3472 pagum
2961 3396 3136 3472 prius
3171 3403 3508 3476 depOpuIati
3544 3409 3687 3460 sunt.

2320 3483 2508 3558 Cujus
2545 3503 2759 3544 cruore
2782 3488 3082 3546 libaminis
3114 3494 3470 3549 unanimiter
3504 3492 3689 3564 potati,
3719 3492 3857 3544 vento

2249 3574 2423 3629 ﬂante
2457 3577 2751 3648 secundo,
2786 3572 3296 3636 Vermandensem
3325 3583 3733 3656 aggrediuntur
3757 3594 3861 3650 por-

2248 3666 2372 3717 tum
2393 3705 2407 3734 ,
2439 3680 2593 3720 anno
2632 3666 2706 3721 ab
2750 3667 3152 3724 incarnatione
3203 3671 3444 3726 Domini
3469 3669 3590 3728 851.
3620 3668 3859 3725 Exsilien-

2248 3755 2458 3824 tesque
2489 3769 2521 3808 e
2551 3755 2825 3828 navibus,
2855 3759 3040 3813 totum
3060 3758 3219 3814 illico
3250 3760 3518 3815 Vulcano
3547 3758 3759 3814 tradunt
3782 3770 3861 3810 co-

2250 3843 2533 3898 mitatum.
2567 3843 2765 3900 Sancti
2805 3862 3039 3918 quoque
3078 3846 3344 3913 Quintini
3382 3848 3775 3904 monasterium
3799 3844 3861 3899 fe-

2249 3931 2360 3985 rali
2398 3932 2561 3988 rabie
2607 3935 2981 4005 comburunt,
3034 3937 3106 3992 de
3149 3937 3477 3993 christiano
3508 3937 3709 4009 populo
3734 3932 3863 3990 nefa-

2248 4019 2401 4074 rium
2433 4027 2781 4079 exercentes
2828 4024 3166 4080 ludibrium.
3214 4026 3636 4082 Noviomensis
3673 4035 3864 4096 quoque

2249 4107 2456 4165 Emme
2478 4112 2798 4183 episcopus
2822 4130 2955 4168 cum
2978 4115 3108 4169 suis
3128 4115 3481 4171 diaconibus
3499 4130 3690 4171 eorum
3704 4109 3864 4186 gladio

2250 4204 2667 4275 obtruncatur;
2701 4203 2878 4275 fitque
2922 4203 3119 4259 caedes
3148 4204 3209 4258 in
3237 4205 3414 4275 plebe
3445 4204 3674 4276 preprio
3702 4201 3867 4257 orbata

2247 4297 2505 4363 pastore.
2532 4292 2754 4348 Dehinc
2768 4293 3097 4365 Sequanica
3110 4309 3212 4349 ora
3235 4295 3661 4367 aggrediuntur
3681 4285 3868 4359 etapud

2248 4381 2671 4438 Gemmeticum
2703 4382 2958 4438 classica
2996 4384 3247 4438 statione
3279 4384 3651 4439 obsidionem
3678 4392 3870 4447 compo-

2248 4473 2411 4526 nunt.
2445 4471 2554 4537 Qui
2584 4472 2752 4527 locus
2776 4471 2914 4543 jure
2934 4470 3335 4527 Gemmeticus
3362 4477 3624 4540 vocatur,
3655 4468 3867 4563 quiaprO

2160 4547 2213 4609 Ῑ)
2250 4563 2381 4618 suis
2412 4560 2660 4618 offensis
2703 4561 2843 4616 illuc
2873 4565 3134 4633 gemunt,
3182 4562 3281 4633 qui
3315 4563 3378 4615 in
3408 4560 3654 4616 ﬂammis
3687 4553 3870 4612 ultrici-

2246 4653 2362 4706 bus
2409 4651 2685 4723 gemituri
2733 4666 2851 4705 non
2894 4652 3085 4705 erunt.
3135 4649 3385 4715 Quidam
3437 4664 3576 4704 vero
3615 4664 3645 4701 a
3675 4655 3868 4745 gemma

2246 4741 2410 4796 illum
2441 4744 2716 4795 vocatum
2746 4739 3123 4810 arbitrantur,
3158 4740 3316 4810 quia,
3353 4742 3416 4793 ut
3458 4752 3682 4811 gemma
3708 4739 3761 4788 in
3791 4745 3869 4785 an-

2247 4831 2407 4899 nulo,
2436 4829 2636 4884 rutilat
2664 4828 2783 4882 situ
2812 4831 2869 4882 et
2898 4827 3164 4882 ubertate
3188 4827 3508 4882 fructuum.
3528 4827 3639 4917 _Hie
3659 4832 3870 4917 nemtu

2247 4918 2528 4973 Clodovei
2561 4918 2924 4972 Francorum
2944 4917 3109 4988 regis
3136 4919 3423 4987 tempore,
3455 4932 3487 4969 a
3526 4915 3689 4970 beato
3723 4905 3869 5004 Phili-

2244 5009 2444 5077 berto,
2495 5006 2829 5078 cpitulante,
2863 5006 3071 5076 regina
3121 5004 3371 5060 Baltilde
3422 5004 3869 5067 eonstructus,1n

2248 5100 2406 5152 tanto
2438 5098 2800 5151 incremento
2829 5094 3104 5164 adolevit,
3148 5096 3210 5148 ut
3237 5094 3298 5147 in
3327 5096 3750 5164 nongentorum
3773 5098 3868 5139 m0-

2247 5188 2570 5242 nachorum
2615 5201 2859 5241 numero
2913 5184 3046 5257 ejus
3093 5183 3391 5255 quantitas
3424 5182 3793 5253 suppleretur.
3821 5173 3869 5225 ln

2248 5292 2363 5349 quo
2385 5276 2816 5348 quamplurima
2845 5275 3150 5330 multitudo
3183 5273 3620 5363 episcoporum,
3651 5262 3867 5363 seuicle-

2246 5366 2523 5433 ricorum,
2546 5366 2640 5419 vel
2654 5365 2937 5420 nobilium
2959 5365 3263 5432 laicorum,
3280 5362 3503 5432 spretis
3524 5353 3867 5447 saecularibus

2244 5456 2496 5526 pompis,
2552 5455 2827 5524 collecta,
2861 5453 3098 5509 Christo
3146 5453 3276 5524 regi
3304 5451 3640 5518 militatura,
3669 5452 3865 5533 proprie

2244 5545 2393 5600 colla
2415 5543 2809 5599 saluberrimo
2827 5543 2980 5616 jugo
3012 5542 3270 5614 subegit.
3288 5539 3482 5612 Cujus
3502 5538 3614 5593 loci
3635 5528 3865 5590 monachi

2243 5634 2329 5689 siv
2341 5652 2371 5690 e
2385 5634 2611 5699 incolae,
2618 5648 2982 5706 paganorum
2995 5627 3743 5704 adventumcomperientes
3754 5619 3864 5688 fuga
