  <div class='ocr_page' id='page_1' title='image "/cluster/home/n/w/nwhite01/storage/ocr_20150623/149/hvd.32044054760079/398.png"; bbox 0 0 3956 6176; ppageno 0'>
   <div class='ocr_carea' id='block_1_1' title="bbox 134 396 232 460">
    <p class='ocr_par' dir='ltr' id='par_1_1' title="bbox 134 396 232 460">
     <span class='ocr_line' id='line_1_1' title="bbox 134 396 232 460; baseline 0.02 -4"><span class='ocrx_word' id='word_1_1' title='bbox 134 396 232 460; x_wconf 87' lang='grc'><strong>785</strong></span> 
     </span>
    </p>
   </div>
   <div class='ocr_carea' id='block_1_2' title="bbox 124 591 1741 689">
    <p class='ocr_par' dir='ltr' id='par_1_2' title="bbox 124 591 1741 689">
     <span class='ocr_line' id='line_1_2' title="bbox 124 591 1741 689; baseline 0.016 -43"><span class='ocrx_word' id='word_1_2' title='bbox 124 591 265 664; x_wconf 81' lang='lat' dir='ltr'><strong>lapsi,</strong></span> <span class='ocrx_word' id='word_1_3' title='bbox 292 595 546 665; x_wconf 86' lang='lat' dir='ltr'><strong>quaedam</strong></span> <span class='ocrx_word' id='word_1_4' title='bbox 573 611 820 656; x_wconf 90' lang='lat' dir='ltr'><strong>suarum</strong></span> <span class='ocrx_word' id='word_1_5' title='bbox 840 617 1040 659; x_wconf 90' lang='lat' dir='ltr'><strong>rerum</strong></span> <span class='ocrx_word' id='word_1_6' title='bbox 1053 606 1166 662; x_wconf 87' lang='lat' dir='ltr'><strong>sub</strong></span> <span class='ocrx_word' id='word_1_7' title='bbox 1184 610 1343 664; x_wconf 90' lang='lat' dir='ltr'><strong>terra</strong></span> <span class='ocrx_word' id='word_1_8' title='bbox 1372 613 1741 689; x_wconf 91' lang='lat' dir='ltr'><strong>occulentes,</strong></span> 
     </span>
    </p>
   </div>
   <div class='ocr_carea' id='block_1_3' title="bbox 127 681 1738 771">
    <p class='ocr_par' dir='ltr' id='par_1_3' title="bbox 127 681 1738 771">
     <span class='ocr_line' id='line_1_3' title="bbox 127 681 1738 771; baseline 0.016 -37"><span class='ocrx_word' id='word_1_9' title='bbox 127 681 357 752; x_wconf 80' lang='lat' dir='ltr'><strong>quaedam</strong></span> <span class='ocrx_word' id='word_1_10' title='bbox 402 699 597 741; x_wconf 84' lang='lat' dir='ltr'>secum</span> <span class='ocrx_word' id='word_1_11' title='bbox 645 693 1040 766; x_wconf 77' lang='lat' dir='ltr'><strong>aSportantes,</strong></span> <span class='ocrx_word' id='word_1_12' title='bbox 1074 695 1196 752; x_wconf 92' lang='lat' dir='ltr'><strong>Deo</strong></span> <span class='ocrx_word' id='word_1_13' title='bbox 1217 696 1487 771; x_wconf 79' lang='lat' dir='ltr'><strong>juvante,</strong></span> <span class='ocrx_word' id='word_1_14' title='bbox 1534 681 1738 760; x_wconf 46' lang='lat' dir='ltr'><strong>evase;</strong></span> 
     </span>
    </p>
   </div>
   <div class='ocr_carea' id='block_1_4' title="bbox 123 771 1739 861">
    <p class='ocr_par' dir='ltr' id='par_1_4' title="bbox 123 771 1739 861">
     <span class='ocr_line' id='line_1_4' title="bbox 123 771 1739 861; baseline 0.017 -38"><span class='ocrx_word' id='word_1_15' title='bbox 123 774 249 825; x_wconf 86' lang='lat' dir='ltr'><strong>runt.</strong></span> <span class='ocrx_word' id='word_1_16' title='bbox 292 771 522 845; x_wconf 87' lang='lat' dir='ltr'><strong>Pagani,</strong></span> <span class='ocrx_word' id='word_1_17' title='bbox 580 775 779 833; x_wconf 89' lang='lat' dir='ltr'><strong>locum</strong></span> <span class='ocrx_word' id='word_1_18' title='bbox 812 796 1066 838; x_wconf 90' lang='lat' dir='ltr'><strong>vacuum</strong></span> <span class='ocrx_word' id='word_1_19' title='bbox 1100 789 1493 861; x_wconf 84' lang='lat' dir='ltr'><strong>reperientes,</strong></span> <span class='ocrx_word' id='word_1_20' title='bbox 1537 808 1739 849; x_wconf 91' lang='lat' dir='ltr'><strong>mona-</strong></span> 
     </span>
    </p>
   </div>
   <div class='ocr_carea' id='block_1_5' title="bbox 121 859 1735 944">
    <p class='ocr_par' dir='ltr' id='par_1_5' title="bbox 121 859 1735 944">
     <span class='ocr_line' id='line_1_5' title="bbox 121 859 1735 944; baseline 0.016 -32"><span class='ocrx_word' id='word_1_21' title='bbox 121 860 326 914; x_wconf 87' lang='lat' dir='ltr'><strong>sterium</strong></span> <span class='ocrx_word' id='word_1_22' title='bbox 351 859 574 919; x_wconf 81' lang='lat' dir='ltr'><strong>Sanctae</strong></span> <span class='ocrx_word' id='word_1_23' title='bbox 604 865 806 924; x_wconf 85' lang='lat' dir='ltr'><strong>Mariae</strong></span> <span class='ocrx_word' id='word_1_24' title='bbox 839 869 1157 944; x_wconf 90' lang='lat' dir='ltr'><strong>Sanctique</strong></span> <span class='ocrx_word' id='word_1_25' title='bbox 1188 875 1356 931; x_wconf 90' lang='lat' dir='ltr'><strong>Petri</strong></span> <span class='ocrx_word' id='word_1_26' title='bbox 1414 859 1484 933; x_wconf 17' lang='lat' dir='ltr'><strong>et.</strong></span> <span class='ocrx_word' id='word_1_27' title='bbox 1519 887 1735 939; x_wconf 88' lang='lat' dir='ltr'><strong>cuncta</strong></span> 
     </span>
    </p>
   </div>
   <div class='ocr_carea' id='block_1_6' title="bbox 122 947 1733 1031">
    <p class='ocr_par' dir='ltr' id='par_1_6' title="bbox 122 947 1733 1031">
     <span class='ocr_line' id='line_1_6' title="bbox 122 947 1733 1031; baseline 0.017 -31"><span class='ocrx_word' id='word_1_28' title='bbox 122 947 330 1004; x_wconf 66' lang='lat' dir='ltr'><strong>mdiﬁcia</strong></span> <span class='ocrx_word' id='word_1_29' title='bbox 354 951 488 1023; x_wconf 91' lang='lat' dir='ltr'><strong>igne</strong></span> <span class='ocrx_word' id='word_1_30' title='bbox 515 953 734 1025; x_wconf 85' lang='lat' dir='ltr'><strong>injecto</strong></span> <span class='ocrx_word' id='word_1_31' title='bbox 764 958 1034 1031; x_wconf 87' lang='lat' dir='ltr'><strong>adurunt,</strong></span> <span class='ocrx_word' id='word_1_32' title='bbox 1062 963 1122 1017; x_wconf 89' lang='lat' dir='ltr'><strong>in</strong></span> <span class='ocrx_word' id='word_1_33' title='bbox 1136 964 1516 1023; x_wconf 81' lang='lat' dir='ltr'><strong>solitudinem</strong></span> <span class='ocrx_word' id='word_1_34' title='bbox 1538 972 1733 1027; x_wconf 88' lang='lat' dir='ltr'><strong>omnia</strong></span> 
     </span>
    </p>
   </div>
   <div class='ocr_carea' id='block_1_7' title="bbox 116 1036 1732 1131">
    <p class='ocr_par' dir='ltr' id='par_1_7' title="bbox 116 1036 1732 1131">
     <span class='ocr_line' id='line_1_7' title="bbox 116 1036 1732 1131; baseline 0.016 -42"><span class='ocrx_word' id='word_1_35' title='bbox 116 1036 427 1109; x_wconf 84' lang='lat' dir='ltr'><strong>redigentes.</strong></span> <span class='ocrx_word' id='word_1_36' title='bbox 461 1041 584 1097; x_wconf 89' lang='lat' dir='ltr'><strong>Hac</strong></span> <span class='ocrx_word' id='word_1_37' title='bbox 614 1043 813 1116; x_wconf 82' lang='lat' dir='ltr'><strong>itaque</strong></span> <span class='ocrx_word' id='word_1_38' title='bbox 833 1052 1058 1118; x_wconf 89' lang='lat' dir='ltr'><strong>patrata</strong></span> <span class='ocrx_word' id='word_1_39' title='bbox 1088 1053 1423 1125; x_wconf 86' lang='lat' dir='ltr'><strong>eversione,</strong></span> <span class='ocrx_word' id='word_1_40' title='bbox 1444 1056 1613 1113; x_wconf 89' lang='lat' dir='ltr'><strong>locus</strong></span> <span class='ocrx_word' id='word_1_41' title='bbox 1632 1061 1732 1131; x_wconf 86' lang='lat' dir='ltr'><strong>qui</strong></span> 
     </span>
    </p>
   </div>
   <div class='ocr_carea' id='block_1_8' title="bbox 116 1126 1730 1213">
    <p class='ocr_par' dir='ltr' id='par_1_8' title="bbox 116 1126 1730 1213">
     <span class='ocr_line' id='line_1_8' title="bbox 116 1126 1730 1213; baseline 0.017 -36"><span class='ocrx_word' id='word_1_42' title='bbox 116 1126 242 1179; x_wconf 87' lang='lat' dir='ltr'><strong>tanto</strong></span> <span class='ocrx_word' id='word_1_43' title='bbox 292 1126 524 1184; x_wconf 85' lang='lat' dir='ltr'><strong>honoris</strong></span> <span class='ocrx_word' id='word_1_44' title='bbox 575 1133 892 1203; x_wconf 89' lang='lat' dir='ltr'><strong>splendore</strong></span> <span class='ocrx_word' id='word_1_45' title='bbox 925 1138 1024 1193; x_wconf 92' lang='lat' dir='ltr'><strong>diu</strong></span> <span class='ocrx_word' id='word_1_46' title='bbox 1070 1141 1360 1213; x_wconf 88' lang='lat' dir='ltr'><strong>viguerat,</strong></span> <span class='ocrx_word' id='word_1_47' title='bbox 1405 1126 1730 1205; x_wconf 73' lang='lat' dir='ltr'><strong>exturbatis</strong></span> 
     </span>
    </p>
   </div>
   <div class='ocr_carea' id='block_1_9' title="bbox 116 1215 1728 1302">
    <p class='ocr_par' dir='ltr' id='par_1_9' title="bbox 116 1215 1728 1302">
     <span class='ocr_line' id='line_1_9' title="bbox 116 1215 1728 1302; baseline 0.016 -35"><span class='ocrx_word' id='word_1_48' title='bbox 116 1215 345 1271; x_wconf 85' lang='lat' dir='ltr'><strong>omnibus</strong></span> <span class='ocrx_word' id='word_1_49' title='bbox 375 1233 441 1272; x_wconf 90' lang='lat' dir='ltr'><strong>ac</strong></span> <span class='ocrx_word' id='word_1_50' title='bbox 470 1220 785 1278; x_wconf 89' lang='lat' dir='ltr'><strong>subversis</strong></span> <span class='ocrx_word' id='word_1_51' title='bbox 820 1225 1116 1299; x_wconf 87' lang='lat' dir='ltr'><strong>domibus,</strong></span> <span class='ocrx_word' id='word_1_52' title='bbox 1160 1232 1337 1302; x_wconf 87' lang='lat' dir='ltr'><strong>coepit</strong></span> <span class='ocrx_word' id='word_1_53' title='bbox 1365 1249 1502 1290; x_wconf 90' lang='lat' dir='ltr'><strong>esse</strong></span> <span class='ocrx_word' id='word_1_54' title='bbox 1534 1237 1728 1293; x_wconf 89' lang='lat' dir='ltr'><strong>cubile</strong></span> 
     </span>
    </p>
   </div>
   <div class='ocr_carea' id='block_1_10' title="bbox 114 1300 1729 1383">
    <p class='ocr_par' dir='ltr' id='par_1_10' title="bbox 114 1300 1729 1383">
     <span class='ocr_line' id='line_1_10' title="bbox 114 1300 1729 1383; baseline 0.017 -28"><span class='ocrx_word' id='word_1_55' title='bbox 114 1300 328 1359; x_wconf 84' lang='lat' dir='ltr'><strong>ferarum</strong></span> <span class='ocrx_word' id='word_1_56' title='bbox 345 1309 400 1360; x_wconf 93' lang='lat' dir='ltr'><strong>et</strong></span> <span class='ocrx_word' id='word_1_57' title='bbox 426 1308 767 1368; x_wconf 86' lang='lat' dir='ltr'><strong>volucrum:</strong></span> <span class='ocrx_word' id='word_1_58' title='bbox 797 1316 1073 1372; x_wconf 86' lang='lat' dir='ltr'><strong>maceriis</strong></span> <span class='ocrx_word' id='word_1_59' title='bbox 1105 1319 1166 1373; x_wconf 91' lang='lat' dir='ltr'><strong>in</strong></span> <span class='ocrx_word' id='word_1_60' title='bbox 1206 1336 1315 1374; x_wconf 90' lang='lat' dir='ltr'><strong>sua</strong></span> <span class='ocrx_word' id='word_1_61' title='bbox 1343 1322 1639 1381; x_wconf 85' lang='lat' dir='ltr'><strong>soliditate</strong></span> <span class='ocrx_word' id='word_1_62' title='bbox 1668 1329 1729 1383; x_wconf 90' lang='lat' dir='ltr'><strong>in</strong></span> 
     </span>
    </p>
   </div>
   <div class='ocr_carea' id='block_1_11' title="bbox 112 1390 1728 1482">
    <p class='ocr_par' dir='ltr' id='par_1_11' title="bbox 112 1390 1728 1482">
     <span class='ocr_line' id='line_1_11' title="bbox 112 1390 1728 1482; baseline 0.017 -39"><span class='ocrx_word' id='word_1_63' title='bbox 112 1390 323 1447; x_wconf 84' lang='lat' dir='ltr'><strong>sublime</strong></span> <span class='ocrx_word' id='word_1_64' title='bbox 351 1398 663 1467; x_wconf 87' lang='lat' dir='ltr'><strong>porrectis,</strong></span> <span class='ocrx_word' id='word_1_65' title='bbox 682 1402 1063 1476; x_wconf 85' lang='lat' dir='ltr'><strong>arbustisque</strong></span> <span class='ocrx_word' id='word_1_66' title='bbox 1084 1406 1549 1482; x_wconf 88' lang='lat' dir='ltr'><strong>densissimis,et</strong></span> <span class='ocrx_word' id='word_1_67' title='bbox 1559 1416 1728 1472; x_wconf 88' lang='lat' dir='ltr'><strong>arbo-</strong></span> 
     </span>
    </p>
   </div>
   <div class='ocr_carea' id='block_1_12' title="bbox 111 1480 1726 1562">
    <p class='ocr_par' dir='ltr' id='par_1_12' title="bbox 111 1480 1726 1562">
     <span class='ocr_line' id='line_1_12' title="bbox 111 1480 1726 1562; baseline 0.017 -30"><span class='ocrx_word' id='word_1_68' title='bbox 111 1480 484 1554; x_wconf 84' lang='lat' dir='ltr'><strong>rumvirgultis</strong></span> <span class='ocrx_word' id='word_1_69' title='bbox 502 1501 615 1555; x_wconf 91' lang='lat' dir='ltr'><strong>per</strong></span> <span class='ocrx_word' id='word_1_70' title='bbox 643 1489 884 1562; x_wconf 77' lang='lat' dir='ltr'><strong>triginta</strong></span> <span class='ocrx_word' id='word_1_71' title='bbox 903 1492 1089 1551; x_wconf 86' lang='lat' dir='ltr'><strong>ferme</strong></span> <span class='ocrx_word' id='word_1_72' title='bbox 1120 1512 1409 1554; x_wconf 91' lang='lat' dir='ltr'><strong>annorum</strong></span> <span class='ocrx_word' id='word_1_73' title='bbox 1432 1480 1726 1559; x_wconf 86' lang='lat' dir='ltr'><strong>curricula</strong></span> 
     </span>
    </p>
   </div>
   <div class='ocr_carea' id='block_1_13' title="bbox 111 1566 887 1646">
    <p class='ocr_par' dir='ltr' id='par_1_13' title="bbox 111 1566 887 1646">
     <span class='ocr_line' id='line_1_13' title="bbox 111 1566 887 1646; baseline 0.019 -25"><span class='ocrx_word' id='word_1_74' title='bbox 111 1566 289 1640; x_wconf 85' lang='lat' dir='ltr'><strong>ubique</strong></span> <span class='ocrx_word' id='word_1_75' title='bbox 315 1586 347 1626; x_wconf 88' lang='lat' dir='ltr'><strong>e</strong></span> <span class='ocrx_word' id='word_1_76' title='bbox 373 1573 530 1629; x_wconf 89' lang='lat' dir='ltr'><strong>terra</strong></span> <span class='ocrx_word' id='word_1_77' title='bbox 558 1578 887 1646; x_wconf 89' lang='lat' dir='ltr'><strong>productis.</strong></span> 
     </span>
    </p>
   </div>
   <div class='ocr_carea' id='block_1_14' title="bbox 684 1666 1102 1729">
    <p class='ocr_par' dir='ltr' id='par_1_14' title="bbox 684 1666 1102 1729">
     <span class='ocr_line' id='line_1_14' title="bbox 684 1666 1102 1729; baseline 0.017 -8"><span class='ocrx_word' id='word_1_78' title='bbox 684 1666 938 1726; x_wconf 83' lang='lat' dir='ltr'><strong>CAPUT</strong></span> <span class='ocrx_word' id='word_1_79' title='bbox 980 1672 1102 1729; x_wconf 87' lang='lat' dir='ltr'><strong>VII.</strong></span> 
     </span>
    </p>
   </div>
   <div class='ocr_carea' id='block_1_15' title="bbox 107 1758 1727 1859">
    <p class='ocr_par' dir='ltr' id='par_1_15' title="bbox 107 1758 1727 1859">
     <span class='ocr_line' id='line_1_15' title="bbox 107 1758 1727 1859; baseline 0.018 -45"><span class='ocrx_word' id='word_1_80' title='bbox 107 1758 176 1815; x_wconf 88' lang='lat' dir='ltr'><strong>De</strong></span> <span class='ocrx_word' id='word_1_81' title='bbox 204 1763 417 1821; x_wconf 81' lang='lat' dir='ltr'><strong>excidio</strong></span> <span class='ocrx_word' id='word_1_82' title='bbox 427 1765 756 1843; x_wconf 76' lang='lat' dir='ltr'><strong>Neustriaa,</strong></span> <span class='ocrx_word' id='word_1_83' title='bbox 778 1790 908 1847; x_wconf 74' lang='lat' dir='ltr'><strong>quae</strong></span> <span class='ocrx_word' id='word_1_84' title='bbox 919 1776 1436 1839; x_wconf 83' lang='lat' dir='ltr'><strong>abAureIianensi</strong></span> <span class='ocrx_word' id='word_1_85' title='bbox 1448 1784 1598 1841; x_wconf 86' lang='lat' dir='ltr'><strong>urbe</strong></span> <span class='ocrx_word' id='word_1_86' title='bbox 1611 1802 1727 1859; x_wconf 83' lang='lat' dir='ltr'><strong>per</strong></span> 
     </span>
    </p>
   </div>
   <div class='ocr_carea' id='block_1_16' title="bbox 106 1854 1721 1948">
    <p class='ocr_par' dir='ltr' id='par_1_16' title="bbox 106 1854 1721 1948">
     <span class='ocr_line' id='line_1_16' title="bbox 106 1854 1721 1948; baseline 0.018 -46"><span class='ocrx_word' id='word_1_87' title='bbox 106 1854 469 1910; x_wconf 80' lang='lat' dir='ltr'><strong>transversum</strong></span> <span class='ocrx_word' id='word_1_88' title='bbox 488 1857 788 1916; x_wconf 79' lang='lat' dir='ltr'><strong>Lutetiam</strong></span> <span class='ocrx_word' id='word_1_89' title='bbox 812 1880 993 1936; x_wconf 87' lang='lat' dir='ltr'><strong>usque</strong></span> <span class='ocrx_word' id='word_1_90' title='bbox 1013 1866 1389 1926; x_wconf 81' lang='lat' dir='ltr'><strong>Parisiorum</strong></span> <span class='ocrx_word' id='word_1_91' title='bbox 1398 1876 1721 1948; x_wconf 80' lang='lat' dir='ltr'><strong>pertingit.</strong></span> 
     </span>
    </p>
   </div>
   <div class='ocr_carea' id='block_1_17' title="bbox 158 1937 1805 2041">
    <p class='ocr_par' dir='ltr' id='par_1_17' title="bbox 158 1937 1805 2041">
     <span class='ocr_line' id='line_1_17' title="bbox 158 1937 1805 2041; baseline 0.018 -49"><span class='ocrx_word' id='word_1_92' title='bbox 158 1937 360 1996; x_wconf 80' lang='lat' dir='ltr'><strong>Abhinc</strong></span> <span class='ocrx_word' id='word_1_93' title='bbox 389 1943 646 2017; x_wconf 87' lang='lat' dir='ltr'><strong>denique</strong></span> <span class='ocrx_word' id='word_1_94' title='bbox 673 1948 966 2022; x_wconf 87' lang='lat' dir='ltr'><strong>Sequanae</strong></span> <span class='ocrx_word' id='word_1_95' title='bbox 996 1958 1298 2015; x_wconf 91' lang='lat' dir='ltr'><strong>sulcantes</strong></span> <span class='ocrx_word' id='word_1_96' title='bbox 1320 1937 1573 2034; x_wconf 73' lang='lat' dir='ltr'><strong>alveum,</strong></span> <span class='ocrx_word' id='word_1_97' title='bbox 1607 1937 1725 2019; x_wconf 61' lang='lat' dir='ltr'><strong>Po-</strong></span> <span class='ocrx_word' id='word_1_98' title='bbox 1760 1981 1805 2041; x_wconf 79' lang='grc' dir='ltr'>Β</span> 
     </span>
    </p>
   </div>
   <div class='ocr_carea' id='block_1_18' title="bbox 102 2023 1720 2120">
    <p class='ocr_par' dir='ltr' id='par_1_18' title="bbox 102 2023 1720 2120">
     <span class='ocr_line' id='line_1_18' title="bbox 102 2023 1720 2120; baseline 0.019 -42"><span class='ocrx_word' id='word_1_99' title='bbox 102 2023 393 2120; x_wconf 68' lang='lat' dir='ltr'><strong>thomagum</strong></span> <span class='ocrx_word' id='word_1_100' title='bbox 412 2032 650 2106; x_wconf 87' lang='lat' dir='ltr'><strong>adeunt,</strong></span> <span class='ocrx_word' id='word_1_101' title='bbox 673 2037 932 2113; x_wconf 89' lang='lat' dir='ltr'><strong>igneque</strong></span> <span class='ocrx_word' id='word_1_102' title='bbox 945 2045 1298 2103; x_wconf 87' lang='lat' dir='ltr'><strong>comburunt</strong></span> <span class='ocrx_word' id='word_1_103' title='bbox 1320 2065 1334 2120; x_wconf 89' lang='lat'><strong>;</strong></span> <span class='ocrx_word' id='word_1_104' title='bbox 1354 2023 1720 2108; x_wconf 80' lang='lat' dir='ltr'><strong>horrendum</strong></span> 
     </span>
    </p>
   </div>
   <div class='ocr_carea' id='block_1_19' title="bbox 103 2111 1723 2196">
    <p class='ocr_par' dir='ltr' id='par_1_19' title="bbox 103 2111 1723 2196">
     <span class='ocr_line' id='line_1_19' title="bbox 103 2111 1723 2196; baseline 0.019 -30"><span class='ocrx_word' id='word_1_105' title='bbox 103 2111 159 2167; x_wconf 87' lang='lat' dir='ltr'><strong>de</strong></span> <span class='ocrx_word' id='word_1_106' title='bbox 173 2113 480 2176; x_wconf 88' lang='lat' dir='ltr'><strong>Christiano</strong></span> <span class='ocrx_word' id='word_1_107' title='bbox 513 2125 735 2193; x_wconf 90' lang='lat' dir='ltr'><strong>populo</strong></span> <span class='ocrx_word' id='word_1_108' title='bbox 781 2111 1130 2189; x_wconf 76' lang='lat' dir='ltr'><strong>exercentes</strong></span> <span class='ocrx_word' id='word_1_109' title='bbox 1160 2111 1500 2195; x_wconf 75' lang='lat' dir='ltr'><strong>ludibrium.</strong></span> <span class='ocrx_word' id='word_1_110' title='bbox 1552 2140 1723 2196; x_wconf 89' lang='lat' dir='ltr'><strong>Enim</strong></span> 
     </span>
    </p>
   </div>
   <div class='ocr_carea' id='block_1_20' title="bbox 102 2204 1723 2295">
    <p class='ocr_par' dir='ltr' id='par_1_20' title="bbox 102 2204 1723 2295">
     <span class='ocr_line' id='line_1_20' title="bbox 102 2204 1723 2295; baseline 0.02 -40"><span class='ocrx_word' id='word_1_111' title='bbox 102 2216 213 2257; x_wconf 84' lang='lat' dir='ltr'><strong>vero</strong></span> <span class='ocrx_word' id='word_1_112' title='bbox 240 2204 493 2265; x_wconf 87' lang='lat' dir='ltr'><strong>Franciae</strong></span> <span class='ocrx_word' id='word_1_113' title='bbox 528 2211 814 2271; x_wconf 89' lang='lat' dir='ltr'><strong>interiora</strong></span> <span class='ocrx_word' id='word_1_114' title='bbox 842 2222 1135 2293; x_wconf 88' lang='lat' dir='ltr'><strong>petentes,</strong></span> <span class='ocrx_word' id='word_1_115' title='bbox 1171 2226 1466 2295; x_wconf 87' lang='lat' dir='ltr'><strong>prolixius</strong></span> <span class='ocrx_word' id='word_1_116' title='bbox 1489 2245 1723 2285; x_wconf 90' lang='lat' dir='ltr'><strong>omnem</strong></span> 
     </span>
    </p>
   </div>
   <div class='ocr_carea' id='block_1_21' title="bbox 102 2288 1716 2388">
    <p class='ocr_par' dir='ltr' id='par_1_21' title="bbox 102 2288 1716 2388">
     <span class='ocr_line' id='line_1_21' title="bbox 102 2288 1716 2388; baseline 0.02 -45"><span class='ocrx_word' id='word_1_117' title='bbox 102 2288 198 2346; x_wconf 84' lang='lat' dir='ltr'><strong>fere</strong></span> <span class='ocrx_word' id='word_1_118' title='bbox 222 2292 574 2372; x_wconf 84' lang='lat' dir='ltr'><strong>Neustriam,</strong></span> <span class='ocrx_word' id='word_1_119' title='bbox 606 2318 742 2374; x_wconf 69' lang='lat' dir='ltr'><strong>qum</strong></span> <span class='ocrx_word' id='word_1_120' title='bbox 770 2321 804 2360; x_wconf 87' lang='lat' dir='ltr'><strong>a</strong></span> <span class='ocrx_word' id='word_1_121' title='bbox 842 2288 1182 2367; x_wconf 89' lang='lat' dir='ltr'><strong>Genabensi</strong></span> <span class='ocrx_word' id='word_1_122' title='bbox 1212 2315 1360 2371; x_wconf 86' lang='lat' dir='ltr'><strong>urbe</strong></span> <span class='ocrx_word' id='word_1_123' title='bbox 1389 2332 1497 2388; x_wconf 89' lang='lat' dir='ltr'><strong>per</strong></span> <span class='ocrx_word' id='word_1_124' title='bbox 1524 2321 1716 2374; x_wconf 83' lang='lat' dir='ltr'><strong>trans-</strong></span> 
     </span>
    </p>
   </div>
   <div class='ocr_carea' id='block_1_22' title="bbox 100 2384 1722 2478">
    <p class='ocr_par' dir='ltr' id='par_1_22' title="bbox 100 2384 1722 2478">
     <span class='ocr_line' id='line_1_22' title="bbox 100 2384 1722 2478; baseline 0.019 -46"><span class='ocrx_word' id='word_1_125' title='bbox 100 2392 302 2478; x_wconf 61' lang='lat' dir='ltr'><strong>versum</strong></span> <span class='ocrx_word' id='word_1_126' title='bbox 319 2384 611 2443; x_wconf 89' lang='lat' dir='ltr'><strong>Lutetiam</strong></span> <span class='ocrx_word' id='word_1_127' title='bbox 631 2406 824 2464; x_wconf 89' lang='lat' dir='ltr'><strong>usque</strong></span> <span class='ocrx_word' id='word_1_128' title='bbox 851 2396 1219 2456; x_wconf 88' lang='lat' dir='ltr'><strong>Parisiorum</strong></span> <span class='ocrx_word' id='word_1_129' title='bbox 1245 2384 1547 2478; x_wconf 72' lang='lat' dir='ltr'><strong>pertingit,</strong></span> <span class='ocrx_word' id='word_1_130' title='bbox 1562 2406 1722 2461; x_wconf 91' lang='lat' dir='ltr'><strong>Nor-</strong></span> 
     </span>
    </p>
   </div>
   <div class='ocr_carea' id='block_1_23' title="bbox 101 2465 1720 2561">
    <p class='ocr_par' dir='ltr' id='par_1_23' title="bbox 101 2465 1720 2561">
     <span class='ocr_line' id='line_1_23' title="bbox 101 2465 1720 2561; baseline 0.021 -42"><span class='ocrx_word' id='word_1_131' title='bbox 101 2465 385 2528; x_wconf 82' lang='lat' dir='ltr'><strong>thmannica</strong></span> <span class='ocrx_word' id='word_1_132' title='bbox 417 2475 657 2534; x_wconf 79' lang='lat' dir='ltr'><strong>feritate</strong></span> <span class='ocrx_word' id='word_1_133' title='bbox 703 2480 1011 2553; x_wconf 88' lang='lat' dir='ltr'><strong>invadunt.</strong></span> <span class='ocrx_word' id='word_1_134' title='bbox 1063 2465 1502 2561; x_wconf 59' lang='lat' dir='ltr'><strong>Irruptionibus</strong></span> <span class='ocrx_word' id='word_1_135' title='bbox 1533 2465 1720 2551; x_wconf 35' lang='lat' dir='ltr'><strong>Inam-</strong></span> 
     </span>
    </p>
   </div>
   <div class='ocr_carea' id='block_1_24' title="bbox 100 2561 1717 2657">
    <p class='ocr_par' dir='ltr' id='par_1_24' title="bbox 100 2561 1717 2657">
     <span class='ocr_line' id='line_1_24' title="bbox 100 2561 1717 2657; baseline 0.019 -46"><span class='ocrx_word' id='word_1_136' title='bbox 100 2569 189 2625; x_wconf 84' lang='lat' dir='ltr'><strong>que</strong></span> <span class='ocrx_word' id='word_1_137' title='bbox 225 2561 595 2621; x_wconf 85' lang='lat' dir='ltr'><strong>creberrimis</strong></span> <span class='ocrx_word' id='word_1_138' title='bbox 659 2575 870 2628; x_wconf 87' lang='lat' dir='ltr'><strong>cuncta</strong></span> <span class='ocrx_word' id='word_1_139' title='bbox 923 2577 1211 2633; x_wconf 85' lang='lat' dir='ltr'><strong>vastando</strong></span> <span class='ocrx_word' id='word_1_140' title='bbox 1260 2581 1717 2657; x_wconf 88' lang='lat' dir='ltr'><strong>circumeuntes,</strong></span> 
     </span>
    </p>
   </div>
   <div class='ocr_carea' id='block_1_25' title="bbox 99 2645 1721 2742">
    <p class='ocr_par' dir='ltr' id='par_1_25' title="bbox 99 2645 1721 2742">
     <span class='ocr_line' id='line_1_25' title="bbox 99 2645 1721 2742; baseline 0.019 -44"><span class='ocrx_word' id='word_1_141' title='bbox 99 2645 250 2742; x_wconf 66' lang='lat' dir='ltr'><strong>primo</strong></span> <span class='ocrx_word' id='word_1_142' title='bbox 288 2651 542 2742; x_wconf 5' lang='lat' dir='ltr'><strong>quidem,</strong></span> <span class='ocrx_word' id='word_1_143' title='bbox 579 2657 831 2730; x_wconf 87' lang='lat' dir='ltr'><strong>pedites,</strong></span> <span class='ocrx_word' id='word_1_144' title='bbox 881 2667 1152 2736; x_wconf 87' lang='lat' dir='ltr'><strong>eo.quod</strong></span> <span class='ocrx_word' id='word_1_145' title='bbox 1183 2669 1483 2740; x_wconf 84' lang='lat' dir='ltr'><strong>equitandi</strong></span> <span class='ocrx_word' id='word_1_146' title='bbox 1511 2645 1721 2742; x_wconf 79' lang='lat' dir='ltr'><strong>peritia</strong></span> 
     </span>
    </p>
   </div>
   <div class='ocr_carea' id='block_1_26' title="bbox 102 2726 1724 2831">
    <p class='ocr_par' dir='ltr' id='par_1_26' title="bbox 102 2726 1724 2831">
     <span class='ocr_line' id='line_1_26' title="bbox 102 2726 1724 2831; baseline 0.022 -49"><span class='ocrx_word' id='word_1_147' title='bbox 102 2726 325 2791; x_wconf 86' lang='lat' dir='ltr'><strong>deesset:</strong></span> <span class='ocrx_word' id='word_1_148' title='bbox 369 2738 589 2797; x_wconf 87' lang='lat' dir='ltr'><strong>deinde</strong></span> <span class='ocrx_word' id='word_1_149' title='bbox 631 2726 825 2816; x_wconf 30' lang='lat' dir='ltr'><strong>equis.</strong></span> <span class='ocrx_word' id='word_1_150' title='bbox 848 2726 1029 2804; x_wconf 42' lang='lat' dir='ltr'><strong>vecti-</strong></span> <span class='ocrx_word' id='word_1_151' title='bbox 1045 2767 1208 2808; x_wconf 91' lang='lat' dir='ltr'><strong>more</strong></span> <span class='ocrx_word' id='word_1_152' title='bbox 1235 2726 1582 2814; x_wconf 46' lang='lat' dir='ltr'><strong>-nostratum</strong></span> <span class='ocrx_word' id='word_1_153' title='bbox 1617 2777 1724 2831; x_wconf 90' lang='lat' dir='ltr'><strong>per</strong></span> 
     </span>
    </p>
   </div>
   <div class='ocr_carea' id='block_1_27' title="bbox 100 2821 1716 2921">
    <p class='ocr_par' dir='ltr' id='par_1_27' title="bbox 100 2821 1716 2921">
     <span class='ocr_line' id='line_1_27' title="bbox 100 2821 1716 2921; baseline 0.021 -49"><span class='ocrx_word' id='word_1_154' title='bbox 100 2821 252 2876; x_wconf 89' lang='lat' dir='ltr'><strong>omnia</strong></span> <span class='ocrx_word' id='word_1_155' title='bbox 275 2831 585 2899; x_wconf 81' lang='lat' dir='ltr'><strong>vagantur.</strong></span> <span class='ocrx_word' id='word_1_156' title='bbox 608 2832 836 2891; x_wconf 86' lang='lat' dir='ltr'><strong>Interea</strong></span> <span class='ocrx_word' id='word_1_157' title='bbox 853 2839 1165 2897; x_wconf 87' lang='lat' dir='ltr'><strong>stationem</strong></span> <span class='ocrx_word' id='word_1_158' title='bbox 1184 2846 1424 2901; x_wconf 89' lang='lat' dir='ltr'><strong>navium</strong></span> <span class='ocrx_word' id='word_1_159' title='bbox 1452 2864 1716 2921; x_wconf 89' lang='lat' dir='ltr'><strong>suarum,</strong></span> 
     </span>
    </p>
   </div>
   <div class='ocr_carea' id='block_1_28' title="bbox 97 2909 1721 3008">
    <p class='ocr_par' dir='ltr' id='par_1_28' title="bbox 97 2909 1721 3008">
     <span class='ocr_line' id='line_1_28' title="bbox 97 2909 1721 3008; baseline 0.02 -47"><span class='ocrx_word' id='word_1_160' title='bbox 97 2920 149 2961; x_wconf 82' lang='lat' dir='ltr'><strong>ac</strong></span> <span class='ocrx_word' id='word_1_161' title='bbox 159 2909 201 2963; x_wconf 89' lang='lat' dir='ltr'><strong>si</strong></span> <span class='ocrx_word' id='word_1_162' title='bbox 211 2914 421 2984; x_wconf 75' lang='lat' dir='ltr'><strong>asylum</strong></span> <span class='ocrx_word' id='word_1_163' title='bbox 449 2921 719 2976; x_wconf 86' lang='lat' dir='ltr'><strong>omnium</strong></span> <span class='ocrx_word' id='word_1_164' title='bbox 740 2927 1161 3001; x_wconf 83' lang='lat' dir='ltr'><strong>periculorum,</strong></span> <span class='ocrx_word' id='word_1_165' title='bbox 1182 2932 1243 2987; x_wconf 89' lang='lat' dir='ltr'><strong>in</strong></span> <span class='ocrx_word' id='word_1_166' title='bbox 1260 2933 1455 2990; x_wconf 87' lang='lat' dir='ltr'><strong>insula</strong></span> <span class='ocrx_word' id='word_1_167' title='bbox 1472 2938 1721 3008; x_wconf 89' lang='lat' dir='ltr'><strong>quadam</strong></span> 
     </span>
    </p>
   </div>
   <div class='ocr_carea' id='block_1_29' title="bbox 97 3000 1717 3098">
    <p class='ocr_par' dir='ltr' id='par_1_29' title="bbox 97 3000 1717 3098">
     <span class='ocr_line' id='line_1_29' title="bbox 97 3000 1717 3098; baseline 0.021 -48"><span class='ocrx_word' id='word_1_168' title='bbox 97 3000 321 3057; x_wconf 73' lang='lat' dir='ltr'><strong>cmnobio</strong></span> <span class='ocrx_word' id='word_1_169' title='bbox 348 3004 553 3062; x_wconf 86' lang='lat' dir='ltr'><strong>Sancti</strong></span> <span class='ocrx_word' id='word_1_170' title='bbox 582 3008 862 3067; x_wconf 89' lang='lat' dir='ltr'><strong>Florentii</strong></span> <span class='ocrx_word' id='word_1_171' title='bbox 919 3000 1228 3089; x_wconf 88' lang='lat' dir='ltr'><strong>supposita</strong></span> <span class='ocrx_word' id='word_1_172' title='bbox 1273 3000 1717 3098; x_wconf 76' lang='lat' dir='ltr'><strong>componentes,</strong></span> 
     </span>
    </p>
   </div>
   <div class='ocr_carea' id='block_1_30' title="bbox 97 3089 1721 3183">
    <p class='ocr_par' dir='ltr' id='par_1_30' title="bbox 97 3089 1721 3183">
     <span class='ocr_line' id='line_1_30' title="bbox 97 3089 1721 3183; baseline 0.02 -44"><span class='ocrx_word' id='word_1_173' title='bbox 97 3089 302 3159; x_wconf 80' lang='lat' dir='ltr'><strong>magalia</strong></span> <span class='ocrx_word' id='word_1_174' title='bbox 318 3092 502 3150; x_wconf 89' lang='lat' dir='ltr'><strong>instar</strong></span> <span class='ocrx_word' id='word_1_175' title='bbox 524 3100 981 3160; x_wconf 69' lang='lat' dir='ltr'><strong>exasdiﬁcavere</strong></span> <span class='ocrx_word' id='word_1_176' title='bbox 995 3107 1194 3181; x_wconf 87' lang='lat' dir='ltr'><strong>burgi,</strong></span> <span class='ocrx_word' id='word_1_177' title='bbox 1209 3126 1326 3182; x_wconf 88' lang='lat' dir='ltr'><strong>quo</strong></span> <span class='ocrx_word' id='word_1_178' title='bbox 1354 3115 1721 3183; x_wconf 88' lang='lat' dir='ltr'><strong>captivorum</strong></span> 
     </span>
    </p>
   </div>
   <div class='ocr_carea' id='block_1_31' title="bbox 95 3184 1713 3275">
    <p class='ocr_par' dir='ltr' id='par_1_31' title="bbox 95 3184 1713 3275">
     <span class='ocr_line' id='line_1_31' title="bbox 95 3184 1713 3275; baseline 0.017 -44"><span class='ocrx_word' id='word_1_179' title='bbox 95 3188 273 3248; x_wconf 75' lang='lat' dir='ltr'><strong>greges</strong></span> <span class='ocrx_word' id='word_1_180' title='bbox 309 3184 533 3240; x_wconf 84' lang='lat' dir='ltr'><strong>catenis</strong></span> <span class='ocrx_word' id='word_1_181' title='bbox 571 3189 849 3246; x_wconf 87' lang='lat' dir='ltr'><strong>astrictos</strong></span> <span class='ocrx_word' id='word_1_182' title='bbox 897 3203 1300 3271; x_wconf 89' lang='lat' dir='ltr'><strong>asservarent,</strong></span> <span class='ocrx_word' id='word_1_183' title='bbox 1333 3201 1568 3275; x_wconf 90' lang='lat' dir='ltr'><strong>ipsique</strong></span> <span class='ocrx_word' id='word_1_184' title='bbox 1606 3220 1713 3275; x_wconf 91' lang='lat' dir='ltr'><strong>pro</strong></span> 
     </span>
    </p>
   </div>
   <div class='ocr_carea' id='block_1_32' title="bbox 95 3263 1801 3404">
    <p class='ocr_par' dir='ltr' id='par_1_32' title="bbox 95 3263 1801 3404">
     <span class='ocr_line' id='line_1_32' title="bbox 95 3263 1719 3360; baseline 0.017 -38"><span class='ocrx_word' id='word_1_185' title='bbox 95 3263 309 3335; x_wconf 69' lang='lat' dir='ltr'><strong>telnpore</strong></span> <span class='ocrx_word' id='word_1_186' title='bbox 336 3287 592 3344; x_wconf 89' lang='lat' dir='ltr'><strong>corpora</strong></span> <span class='ocrx_word' id='word_1_187' title='bbox 623 3293 657 3330; x_wconf 90' lang='lat' dir='ltr'><strong>a</strong></span> <span class='ocrx_word' id='word_1_188' title='bbox 684 3279 888 3336; x_wconf 88' lang='lat' dir='ltr'><strong>labore</strong></span> <span class='ocrx_word' id='word_1_189' title='bbox 918 3284 1233 3343; x_wconf 84' lang='lat' dir='ltr'><strong>reﬁcerent</strong></span> <span class='ocrx_word' id='word_1_190' title='bbox 1255 3292 1614 3360; x_wconf 88' lang='lat' dir='ltr'><strong>expeditioni</strong></span> <span class='ocrx_word' id='word_1_191' title='bbox 1644 3295 1719 3349; x_wconf 89' lang='lat' dir='ltr'><strong>i1-</strong></span> 
     </span>
     <span class='ocr_line' id='line_1_33' title="bbox 95 3343 1801 3404; baseline 0 0"><span class='ocrx_word' id='word_1_192' title='bbox 95 3347 183 3404; x_wconf 82' lang='lat' dir='ltr'><strong>lico</strong></span> <span class='ocrx_word' id='word_1_193' title='bbox 199 3360 471 3404; x_wconf 74' lang='lat' dir='ltr'><strong>servitum</strong></span> <span class='ocrx_word' id='word_1_194' title='bbox 538 3363 627 3404; x_wconf 57' lang='lat' dir='ltr'><strong>Fx</strong></span> <span class='ocrx_word' id='word_1_195' title='bbox 646 3381 756 3404; x_wconf 70' lang='grc' dir='ltr'><strong>ηιειο</strong></span> <span class='ocrx_word' id='word_1_196' title='bbox 783 3369 1114 3404; x_wconf 52' lang='lat' dir='ltr'><strong>inludunt-..</strong></span> <span class='ocrx_word' id='word_1_197' title='bbox 1147 3377 1460 3404; x_wconf 67' lang='lat'><strong>.3:-...-....-_..</strong></span> <span class='ocrx_word' id='word_1_198' title='bbox 1495 3383 1684 3404; x_wconf 59' lang='lat' dir='ltr'><strong>__:i-_</strong></span> <span class='ocrx_word' id='word_1_199' title='bbox 1751 3343 1801 3404; x_wconf 73' lang='grc' dir='ltr'><strong>Ο</strong></span> 
     </span>
    </p>
   </div>
   <div class='ocr_carea' id='block_1_33' title="bbox 94 3347 1720 3454">
    <p class='ocr_par' dir='ltr' id='par_1_33' title="bbox 94 3347 1720 3454">
     <span class='ocr_line' id='line_1_34' title="bbox 94 3347 1720 3454; baseline 0.021 -49"><span class='ocrx_word' id='word_1_200' title='bbox 94 3347 183 3406; x_wconf 87' lang='lat' dir='ltr'><strong>lico</strong></span> <span class='ocrx_word' id='word_1_201' title='bbox 199 3360 497 3419; x_wconf 87' lang='lat' dir='ltr'><strong>servitura.</strong></span> <span class='ocrx_word' id='word_1_202' title='bbox 534 3363 629 3419; x_wconf 88' lang='lat' dir='ltr'><strong>Ex</strong></span> <span class='ocrx_word' id='word_1_203' title='bbox 646 3381 761 3438; x_wconf 89' lang='lat' dir='ltr'><strong>qua</strong></span> <span class='ocrx_word' id='word_1_204' title='bbox 781 3369 1115 3443; x_wconf 85' lang='lat' dir='ltr'><strong>inopinatos</strong></span> <span class='ocrx_word' id='word_1_205' title='bbox 1145 3377 1461 3435; x_wconf 90' lang='lat' dir='ltr'><strong>discursus</strong></span> <span class='ocrx_word' id='word_1_206' title='bbox 1492 3383 1720 3454; x_wconf 88' lang='lat' dir='ltr'><strong>agitan-</strong></span> 
     </span>
    </p>
   </div>
   <div class='ocr_carea' id='block_1_34' title="bbox 94 3440 1719 3538">
    <p class='ocr_par' dir='ltr' id='par_1_34' title="bbox 94 3440 1719 3538">
     <span class='ocr_line' id='line_1_35' title="bbox 94 3440 1719 3538; baseline 0.02 -43"><span class='ocrx_word' id='word_1_207' title='bbox 94 3440 164 3494; x_wconf 74' lang='lat' dir='ltr'><strong>tes</strong></span> <span class='ocrx_word' id='word_1_208' title='bbox 206 3446 362 3504; x_wconf 90' lang='lat' dir='ltr'><strong>modo</strong></span> <span class='ocrx_word' id='word_1_209' title='bbox 416 3454 702 3527; x_wconf 89' lang='lat' dir='ltr'><strong>navibus,</strong></span> <span class='ocrx_word' id='word_1_210' title='bbox 764 3440 938 3515; x_wconf 79' lang='lat' dir='ltr'><strong>modo</strong></span> <span class='ocrx_word' id='word_1_211' title='bbox 973 3465 1143 3535; x_wconf 89' lang='lat' dir='ltr'><strong>equis</strong></span> <span class='ocrx_word' id='word_1_212' title='bbox 1168 3466 1364 3538; x_wconf 90' lang='lat' dir='ltr'><strong>delati,</strong></span> <span class='ocrx_word' id='word_1_213' title='bbox 1390 3440 1569 3525; x_wconf 68' lang='lat' dir='ltr'><strong>totam</strong></span> <span class='ocrx_word' id='word_1_214' title='bbox 1601 3472 1719 3527; x_wconf 90' lang='lat' dir='ltr'><strong>cir-</strong></span> 
     </span>
    </p>
   </div>
   <div class='ocr_carea' id='block_1_35' title="bbox 94 3535 1718 3631">
    <p class='ocr_par' dir='ltr' id='par_1_35' title="bbox 94 3535 1718 3631">
     <span class='ocr_line' id='line_1_36' title="bbox 94 3535 1718 3631; baseline 0.022 -49"><span class='ocrx_word' id='word_1_215' title='bbox 94 3535 340 3593; x_wconf 88' lang='lat' dir='ltr'><strong>cumcirca</strong></span> <span class='ocrx_word' id='word_1_216' title='bbox 371 3539 656 3600; x_wconf 87' lang='lat' dir='ltr'><strong>delevere</strong></span> <span class='ocrx_word' id='word_1_217' title='bbox 712 3549 1101 3616; x_wconf 88' lang='lat' dir='ltr'><strong>provinciam.</strong></span> <span class='ocrx_word' id='word_1_218' title='bbox 1134 3553 1205 3610; x_wconf 88' lang='lat' dir='ltr'><strong>Et</strong></span> <span class='ocrx_word' id='word_1_219' title='bbox 1243 3535 1433 3627; x_wconf 85' lang='lat' dir='ltr'><strong>primo</strong></span> <span class='ocrx_word' id='word_1_220' title='bbox 1482 3559 1718 3631; x_wconf 90' lang='lat' dir='ltr'><strong>quidem</strong></span> 
     </span>
    </p>
   </div>
   <div class='ocr_carea' id='block_1_36' title="bbox 93 3618 1716 3706">
    <p class='ocr_par' dir='ltr' id='par_1_36' title="bbox 93 3618 1716 3706">
     <span class='ocr_line' id='line_1_37' title="bbox 93 3618 1716 3706; baseline 0.022 -34"><span class='ocrx_word' id='word_1_221' title='bbox 93 3618 299 3680; x_wconf 75' lang='lat' dir='ltr'><strong>adventu</strong></span> <span class='ocrx_word' id='word_1_222' title='bbox 342 3631 563 3687; x_wconf 86' lang='lat' dir='ltr'><strong>urbem</strong></span> <span class='ocrx_word' id='word_1_223' title='bbox 592 3633 977 3695; x_wconf 87' lang='lat' dir='ltr'><strong>Nanneticam</strong></span> <span class='ocrx_word' id='word_1_224' title='bbox 1022 3642 1296 3701; x_wconf 90' lang='lat' dir='ltr'><strong>incendio</strong></span> <span class='ocrx_word' id='word_1_225' title='bbox 1353 3663 1716 3706; x_wconf 90' lang='lat' dir='ltr'><strong>cremavere.</strong></span> 
     </span>
    </p>
   </div>
   <div class='ocr_carea' id='block_1_37' title="bbox 93 3705 1720 3809">
    <p class='ocr_par' dir='ltr' id='par_1_37' title="bbox 93 3705 1720 3809">
     <span class='ocr_line' id='line_1_38' title="bbox 93 3705 1720 3809; baseline 0.018 -43"><span class='ocrx_word' id='word_1_226' title='bbox 93 3705 206 3765; x_wconf 84' lang='lat' dir='ltr'><strong>Dein</strong></span> <span class='ocrx_word' id='word_1_227' title='bbox 228 3713 720 3792; x_wconf 82' lang='lat' dir='ltr'><strong>Andegavensem</strong></span> <span class='ocrx_word' id='word_1_228' title='bbox 739 3734 1156 3797; x_wconf 89' lang='lat' dir='ltr'><strong>percurrentes</strong></span> <span class='ocrx_word' id='word_1_229' title='bbox 1177 3735 1504 3808; x_wconf 78' lang='lat' dir='ltr'><strong>regionem,</strong></span> <span class='ocrx_word' id='word_1_230' title='bbox 1528 3739 1720 3809; x_wconf 90' lang='lat' dir='ltr'><strong>ipsam</strong></span> 
     </span>
    </p>
   </div>
   <div class='ocr_carea' id='block_1_38' title="bbox 91 3799 1717 3884">
    <p class='ocr_par' dir='ltr' id='par_1_38' title="bbox 91 3799 1717 3884">
     <span class='ocr_line' id='line_1_39' title="bbox 91 3799 1717 3884; baseline 0.018 -30"><span class='ocrx_word' id='word_1_231' title='bbox 91 3799 283 3866; x_wconf 81' lang='lat' dir='ltr'><strong>quidem</strong></span> <span class='ocrx_word' id='word_1_232' title='bbox 333 3808 637 3867; x_wconf 84' lang='lat' dir='ltr'><strong>civitatem</strong></span> <span class='ocrx_word' id='word_1_233' title='bbox 689 3823 1085 3876; x_wconf 89' lang='lat' dir='ltr'><strong>concremant.</strong></span> <span class='ocrx_word' id='word_1_234' title='bbox 1130 3822 1511 3881; x_wconf 89' lang='lat' dir='ltr'><strong>Pictavorum</strong></span> <span class='ocrx_word' id='word_1_235' title='bbox 1571 3844 1717 3884; x_wconf 88' lang='lat' dir='ltr'><strong>vero</strong></span> 
     </span>
    </p>
   </div>
   <div class='ocr_carea' id='block_1_39' title="bbox 89 3887 1715 3980">
    <p class='ocr_par' dir='ltr' id='par_1_39' title="bbox 89 3887 1715 3980">
     <span class='ocr_line' id='line_1_40' title="bbox 89 3887 1715 3980; baseline 0.018 -41"><span class='ocrx_word' id='word_1_236' title='bbox 89 3887 285 3946; x_wconf 81' lang='lat' dir='ltr'><strong>castella</strong></span> <span class='ocrx_word' id='word_1_237' title='bbox 334 3898 509 3967; x_wconf 90' lang='lat' dir='ltr'><strong>atque</strong></span> <span class='ocrx_word' id='word_1_238' title='bbox 575 3899 761 3969; x_wconf 88' lang='lat' dir='ltr'><strong>vicos,</strong></span> <span class='ocrx_word' id='word_1_239' title='bbox 807 3918 1157 3979; x_wconf 89' lang='lat' dir='ltr'><strong>omnemque</strong></span> <span class='ocrx_word' id='word_1_240' title='bbox 1210 3910 1459 3980; x_wconf 86' lang='lat' dir='ltr'><strong>patriam</strong></span> <span class='ocrx_word' id='word_1_241' title='bbox 1502 3930 1535 3967; x_wconf 90' lang='lat' dir='ltr'><strong>a</strong></span> <span class='ocrx_word' id='word_1_242' title='bbox 1567 3915 1715 3968; x_wconf 89' lang='lat' dir='ltr'><strong>mari</strong></span> 
     </span>
    </p>
   </div>
   <div class='ocr_carea' id='block_1_40' title="bbox 90 3982 1721 4073">
    <p class='ocr_par' dir='ltr' id='par_1_40' title="bbox 90 3982 1721 4073">
     <span class='ocr_line' id='line_1_41' title="bbox 90 3982 1721 4073; baseline 0.016 -40"><span class='ocrx_word' id='word_1_243' title='bbox 90 3985 245 4045; x_wconf 75' lang='lat' dir='ltr'><strong>usque</strong></span> <span class='ocrx_word' id='word_1_244' title='bbox 268 3982 338 4037; x_wconf 89' lang='lat' dir='ltr'><strong>ad</strong></span> <span class='ocrx_word' id='word_1_245' title='bbox 363 3986 640 4042; x_wconf 88' lang='lat' dir='ltr'><strong>eamdem</strong></span> <span class='ocrx_word' id='word_1_246' title='bbox 677 3990 1090 4050; x_wconf 87' lang='lat' dir='ltr'><strong>Pictavensem</strong></span> <span class='ocrx_word' id='word_1_247' title='bbox 1129 3997 1336 4054; x_wconf 88' lang='lat' dir='ltr'><strong>urbem</strong></span> <span class='ocrx_word' id='word_1_248' title='bbox 1366 4002 1721 4073; x_wconf 88' lang='lat' dir='ltr'><strong>populantur</strong></span> 
     </span>
    </p>
   </div>
   <div class='ocr_carea' id='block_1_41' title="bbox 92 4069 1718 4163">
    <p class='ocr_par' dir='ltr' id='par_1_41' title="bbox 92 4069 1718 4163">
     <span class='ocr_line' id='line_1_42' title="bbox 92 4069 1718 4163; baseline 0.016 -42"><span class='ocrx_word' id='word_1_249' title='bbox 92 4069 296 4163; x_wconf 37' lang='lat' dir='ltr'><strong>Instant,</strong></span> <span class='ocrx_word' id='word_1_250' title='bbox 316 4074 590 4131; x_wconf 70' lang='lat' dir='ltr'><strong>caadibus</strong></span> <span class='ocrx_word' id='word_1_251' title='bbox 610 4078 908 4148; x_wconf 88' lang='lat' dir='ltr'><strong>replentes</strong></span> <span class='ocrx_word' id='word_1_252' title='bbox 940 4085 1154 4141; x_wconf 91' lang='lat' dir='ltr'><strong>omnia.</strong></span> <span class='ocrx_word' id='word_1_253' title='bbox 1174 4069 1718 4163; x_wconf 37' lang='lat' dir='ltr'><strong>Sequenti—namque</strong></span> 
     </span>
    </p>
   </div>
   <div class='ocr_carea' id='block_1_42' title="bbox 88 4152 1718 4247">
    <p class='ocr_par' dir='ltr' id='par_1_42' title="bbox 88 4152 1718 4247">
     <span class='ocr_line' id='line_1_43' title="bbox 88 4152 1718 4247; baseline 0.014 -35"><span class='ocrx_word' id='word_1_254' title='bbox 88 4152 323 4230; x_wconf 44' lang='lat' dir='ltr'><strong>“mpera,</strong></span> <span class='ocrx_word' id='word_1_255' title='bbox 345 4165 592 4237; x_wconf 86' lang='lat' dir='ltr'><strong>navigio</strong></span> <span class='ocrx_word' id='word_1_256' title='bbox 628 4167 931 4226; x_wconf 91' lang='lat' dir='ltr'><strong>Turonum</strong></span> <span class='ocrx_word' id='word_1_257' title='bbox 960 4173 1177 4230; x_wconf 89' lang='lat' dir='ltr'><strong>adeunt</strong></span> <span class='ocrx_word' id='word_1_258' title='bbox 1211 4176 1525 4247; x_wconf 90' lang='lat' dir='ltr'><strong>civitatem,</strong></span> <span class='ocrx_word' id='word_1_259' title='bbox 1560 4195 1718 4234; x_wconf 91' lang='lat' dir='ltr'><strong>eam-</strong></span> 
     </span>
    </p>
   </div>
   <div class='ocr_carea' id='block_1_43' title="bbox 91 4244 1715 4338">
    <p class='ocr_par' dir='ltr' id='par_1_43' title="bbox 91 4244 1715 4338">
     <span class='ocr_line' id='line_1_44' title="bbox 91 4244 1715 4338; baseline 0.016 -39"><span class='ocrx_word' id='word_1_260' title='bbox 91 4252 179 4338; x_wconf 65' lang='grc' dir='ltr'>ξῐιιθ</span> <span class='ocrx_word' id='word_1_261' title='bbox 202 4244 266 4302; x_wconf 90' lang='lat' dir='ltr'><strong>de</strong></span> <span class='ocrx_word' id='word_1_262' title='bbox 299 4265 461 4308; x_wconf 89' lang='lat' dir='ltr'><strong>more</strong></span> <span class='ocrx_word' id='word_1_263' title='bbox 500 4256 814 4329; x_wconf 75' lang='lat' dir='ltr'><strong>stragibus</strong></span> <span class='ocrx_word' id='word_1_264' title='bbox 861 4262 1190 4335; x_wconf 90' lang='lat' dir='ltr'><strong>opplentes,</strong></span> <span class='ocrx_word' id='word_1_265' title='bbox 1224 4265 1301 4319; x_wconf 89' lang='lat' dir='ltr'><strong>ad</strong></span> <span class='ocrx_word' id='word_1_266' title='bbox 1346 4244 1715 4338; x_wconf 84' lang='lat' dir='ltr'><strong>postremum</strong></span> 
     </span>
    </p>
   </div>
   <div class='ocr_carea' id='block_1_44' title="bbox 91 4328 1717 4428">
    <p class='ocr_par' dir='ltr' id='par_1_44' title="bbox 91 4328 1717 4428">
     <span class='ocr_line' id='line_1_45' title="bbox 91 4328 1717 4428; baseline 0.015 -40"><span class='ocrx_word' id='word_1_267' title='bbox 91 4328 290 4427; x_wconf 54' lang='lat' dir='ltr'><strong>ignibus</strong></span> <span class='ocrx_word' id='word_1_268' title='bbox 328 4342 592 4415; x_wconf 85' lang='lat' dir='ltr'><strong>tradunt,</strong></span> <span class='ocrx_word' id='word_1_269' title='bbox 632 4328 919 4416; x_wconf 67' lang='lat' dir='ltr'><strong>populata</strong></span> <span class='ocrx_word' id='word_1_270' title='bbox 938 4328 1588 4428; x_wconf 56' lang='lat' dir='ltr'><strong>pmnicircumquaque</strong></span> <span class='ocrx_word' id='word_1_271' title='bbox 1619 4373 1717 4413; x_wconf 91' lang='lat' dir='ltr'><strong>re-</strong></span> 
     </span>
    </p>
   </div>
   <div class='ocr_carea' id='block_1_45' title="bbox 90 4417 1716 4515">
    <p class='ocr_par' dir='ltr' id='par_1_45' title="bbox 90 4417 1716 4515">
     <span class='ocr_line' id='line_1_46' title="bbox 90 4417 1716 4515; baseline 0.017 -41"><span class='ocrx_word' id='word_1_272' title='bbox 90 4417 247 4488; x_wconf 76' lang='lat' dir='ltr'><strong>gione.</strong></span> <span class='ocrx_word' id='word_1_273' title='bbox 277 4426 447 4486; x_wconf 87' lang='lat' dir='ltr'><strong>Haud</strong></span> <span class='ocrx_word' id='word_1_274' title='bbox 495 4432 683 4506; x_wconf 88' lang='lat' dir='ltr'><strong>longo</strong></span> <span class='ocrx_word' id='word_1_275' title='bbox 712 4441 869 4508; x_wconf 88' lang='lat' dir='ltr'><strong>post,</strong></span> <span class='ocrx_word' id='word_1_276' title='bbox 895 4442 1207 4509; x_wconf 89' lang='lat' dir='ltr'><strong>superiora</strong></span> <span class='ocrx_word' id='word_1_277' title='bbox 1252 4417 1716 4515; x_wconf 54' lang='lat' dir='ltr'><strong>Ligerisamnis</strong></span> 
     </span>
    </p>
   </div>
   <div class='ocr_carea' id='block_1_46' title="bbox 89 4511 1718 4604">
    <p class='ocr_par' dir='ltr' id='par_1_46' title="bbox 89 4511 1718 4604">
     <span class='ocr_line' id='line_1_47' title="bbox 89 4511 1718 4604; baseline 0.018 -45"><span class='ocrx_word' id='word_1_278' title='bbox 89 4511 297 4570; x_wconf 85' lang='lat' dir='ltr'><strong>navibus</strong></span> <span class='ocrx_word' id='word_1_279' title='bbox 323 4524 695 4593; x_wconf 84' lang='lat' dir='ltr'><strong>expetentes,</strong></span> <span class='ocrx_word' id='word_1_280' title='bbox 712 4524 1047 4584; x_wconf 88' lang='lat' dir='ltr'><strong>Aurelianis</strong></span> <span class='ocrx_word' id='word_1_281' title='bbox 1058 4531 1431 4602; x_wconf 89' lang='lat' dir='ltr'><strong>perveniunt,</strong></span> <span class='ocrx_word' id='word_1_282' title='bbox 1464 4537 1718 4604; x_wconf 89' lang='lat' dir='ltr'><strong>captam-</strong></span> 
     </span>
    </p>
   </div>
   <div class='ocr_carea' id='block_1_47' title="bbox 92 4604 1718 4691">
    <p class='ocr_par' dir='ltr' id='par_1_47' title="bbox 92 4604 1718 4691">
     <span class='ocr_line' id='line_1_48' title="bbox 92 4604 1718 4691; baseline 0.013 -34"><span class='ocrx_word' id='word_1_283' title='bbox 92 4609 180 4665; x_wconf 85' lang='lat' dir='ltr'><strong>que</strong></span> <span class='ocrx_word' id='word_1_284' title='bbox 202 4604 394 4662; x_wconf 86' lang='lat' dir='ltr'><strong>urbem</strong></span> <span class='ocrx_word' id='word_1_285' title='bbox 414 4624 566 4665; x_wconf 88' lang='lat' dir='ltr'><strong>auro</strong></span> <span class='ocrx_word' id='word_1_286' title='bbox 596 4611 948 4686; x_wconf 85' lang='lat' dir='ltr'><strong>distrahunt,</strong></span> <span class='ocrx_word' id='word_1_287' title='bbox 970 4618 1176 4689; x_wconf 91' lang='lat' dir='ltr'><strong>sicque</strong></span> <span class='ocrx_word' id='word_1_288' title='bbox 1198 4620 1271 4674; x_wconf 91' lang='lat' dir='ltr'><strong>ad</strong></span> <span class='ocrx_word' id='word_1_289' title='bbox 1293 4622 1528 4691; x_wconf 89' lang='lat' dir='ltr'><strong>tempus</strong></span> <span class='ocrx_word' id='word_1_290' title='bbox 1548 4639 1718 4678; x_wconf 90' lang='lat' dir='ltr'><strong>rece-</strong></span> 
     </span>
    </p>
   </div>
   <div class='ocr_carea' id='block_1_48' title="bbox 90 4683 1722 4766">
    <p class='ocr_par' dir='ltr' id='par_1_48' title="bbox 90 4683 1722 4766">
     <span class='ocr_line' id='line_1_49' title="bbox 90 4683 1722 4766; baseline 0.017 -26"><span class='ocrx_word' id='word_1_291' title='bbox 90 4683 257 4747; x_wconf 84' lang='lat' dir='ltr'><strong>dentes</strong></span> <span class='ocrx_word' id='word_1_292' title='bbox 285 4699 553 4754; x_wconf 88' lang='lat' dir='ltr'><strong>secundo</strong></span> <span class='ocrx_word' id='word_1_293' title='bbox 585 4700 840 4758; x_wconf 89' lang='lat' dir='ltr'><strong>adventu</strong></span> <span class='ocrx_word' id='word_1_294' title='bbox 869 4683 1136 4762; x_wconf 82' lang='lat' dir='ltr'><strong>eamdem</strong></span> <span class='ocrx_word' id='word_1_295' title='bbox 1167 4709 1573 4766; x_wconf 91' lang='lat' dir='ltr'><strong>combustione</strong></span> <span class='ocrx_word' id='word_1_296' title='bbox 1603 4712 1722 4766; x_wconf 88' lang='lat' dir='ltr'><strong>dis-</strong></span> 
     </span>
    </p>
   </div>
   <div class='ocr_carea' id='block_1_49' title="bbox 93 4774 1721 4862">
    <p class='ocr_par' dir='ltr' id='par_1_49' title="bbox 93 4774 1721 4862">
     <span class='ocr_line' id='line_1_50' title="bbox 93 4774 1721 4862; baseline 0.014 -30"><span class='ocrx_word' id='word_1_297' title='bbox 93 4774 264 4845; x_wconf 81' lang='lat' dir='ltr'><strong>Sipant.</strong></span> <span class='ocrx_word' id='word_1_298' title='bbox 292 4784 441 4851; x_wconf 86' lang='lat' dir='ltr'><strong>Quid</strong></span> <span class='ocrx_word' id='word_1_299' title='bbox 472 4788 731 4862; x_wconf 90' lang='lat' dir='ltr'><strong>denique</strong></span> <span class='ocrx_word' id='word_1_300' title='bbox 750 4792 940 4848; x_wconf 87' lang='lat' dir='ltr'><strong>solius</strong></span> <span class='ocrx_word' id='word_1_301' title='bbox 971 4795 1268 4852; x_wconf 64' lang='lat' dir='ltr'><strong>Neustrim</strong></span> <span class='ocrx_word' id='word_1_302' title='bbox 1293 4798 1493 4854; x_wconf 91' lang='lat' dir='ltr'><strong>clades</strong></span> <span class='ocrx_word' id='word_1_303' title='bbox 1506 4815 1721 4855; x_wconf 89' lang='lat' dir='ltr'><strong>memo-</strong></span> 
     </span>
    </p>
   </div>
   <div class='ocr_carea' id='block_1_50' title="bbox 90 4867 1717 4960">
    <p class='ocr_par' dir='ltr' id='par_1_50' title="bbox 90 4867 1717 4960">
     <span class='ocr_line' id='line_1_51' title="bbox 90 4867 1717 4960; baseline 0.015 -39"><span class='ocrx_word' id='word_1_304' title='bbox 90 4867 255 4940; x_wconf 78' lang='lat' dir='ltr'><strong>rando,</strong></span> <span class='ocrx_word' id='word_1_305' title='bbox 283 4876 502 4946; x_wconf 76' lang='lat' dir='ltr'><strong>stylum</strong></span> <span class='ocrx_word' id='word_1_306' title='bbox 530 4880 872 4948; x_wconf 89' lang='lat' dir='ltr'><strong>protraham</strong></span> <span class='ocrx_word' id='word_1_307' title='bbox 891 4884 921 4937; x_wconf 87' lang='lat'><strong>?</strong></span> <span class='ocrx_word' id='word_1_308' title='bbox 947 4888 1046 4939; x_wconf 87' lang='lat' dir='ltr'><strong>aut</strong></span> <span class='ocrx_word' id='word_1_309' title='bbox 1078 4886 1224 4941; x_wconf 89' lang='lat' dir='ltr'><strong>solae</strong></span> <span class='ocrx_word' id='word_1_310' title='bbox 1256 4887 1515 4960; x_wconf 90' lang='lat' dir='ltr'><strong>quinque</strong></span> <span class='ocrx_word' id='word_1_311' title='bbox 1536 4904 1717 4960; x_wconf 88' lang='lat' dir='ltr'><strong>supra</strong></span> 
     </span>
    </p>
   </div>
   <div class='ocr_carea' id='block_1_51' title="bbox 94 4965 1416 5031">
    <p class='ocr_par' dir='ltr' id='par_1_51' title="bbox 94 4965 1416 5031">
     <span class='ocr_line' id='line_1_52' title="bbox 94 4965 1416 5031; baseline 0.014 -18"><span class='ocrx_word' id='word_1_312' title='bbox 94 4965 389 5020; x_wconf 60' lang='lat' dir='ltr'><strong>memorata;</strong></span> <span class='ocrx_word' id='word_1_313' title='bbox 418 4967 608 5023; x_wconf 88' lang='lat' dir='ltr'><strong>urbes</strong></span> <span class='ocrx_word' id='word_1_314' title='bbox 640 4970 856 5025; x_wconf 86' lang='lat' dir='ltr'><strong>excidii</strong></span> <span class='ocrx_word' id='word_1_315' title='bbox 884 4971 1094 5029; x_wconf 90' lang='lat' dir='ltr'><strong>damna</strong></span> <span class='ocrx_word' id='word_1_316' title='bbox 1125 4978 1416 5031; x_wconf 86' lang='lat' dir='ltr'><strong>sensere?</strong></span> 
     </span>
    </p>
   </div>
   <div class='ocr_carea' id='block_1_52' title="bbox 664 5056 1111 5119">
    <p class='ocr_par' dir='ltr' id='par_1_52' title="bbox 664 5056 1111 5119">
     <span class='ocr_line' id='line_1_53' title="bbox 664 5056 1111 5119; baseline 0.013 -7"><span class='ocrx_word' id='word_1_317' title='bbox 664 5056 917 5116; x_wconf 85' lang='lat' dir='ltr'><strong>CAPUT</strong></span> <span class='ocrx_word' id='word_1_318' title='bbox 962 5062 1111 5119; x_wconf 90' lang='lat' dir='ltr'>VIII.</span> 
     </span>
    </p>
   </div>
   <div class='ocr_carea' id='block_1_53' title="bbox 94 5127 1726 5226">
    <p class='ocr_par' dir='ltr' id='par_1_53' title="bbox 94 5127 1726 5226">
     <span class='ocr_line' id='line_1_54' title="bbox 94 5127 1726 5226; baseline 0.01 -32"><span class='ocrx_word' id='word_1_319' title='bbox 94 5127 341 5197; x_wconf 79' lang='lat' dir='ltr'><strong>Quomodo</strong></span> <span class='ocrx_word' id='word_1_320' title='bbox 350 5143 661 5202; x_wconf 85' lang='lat' dir='ltr'><strong>destructa</strong></span> <span class='ocrx_word' id='word_1_321' title='bbox 672 5147 756 5202; x_wconf 89' lang='lat' dir='ltr'><strong>sit</strong></span> <span class='ocrx_word' id='word_1_322' title='bbox 769 5148 916 5204; x_wconf 86' lang='lat' dir='ltr'><strong>urbs</strong></span> <span class='ocrx_word' id='word_1_323' title='bbox 926 5149 1138 5208; x_wconf 88' lang='lat' dir='ltr'><strong>Parisi</strong></span> <span class='ocrx_word' id='word_1_324' title='bbox 1143 5168 1210 5209; x_wconf 88' lang='lat' dir='ltr'><strong>us</strong></span> <span class='ocrx_word' id='word_1_325' title='bbox 1221 5159 1281 5209; x_wconf 89' lang='lat' dir='ltr'><strong>et</strong></span> <span class='ocrx_word' id='word_1_326' title='bbox 1292 5153 1410 5209; x_wconf 87' lang='lat' dir='ltr'><strong>Bel</strong></span> <span class='ocrx_word' id='word_1_327' title='bbox 1414 5170 1608 5226; x_wconf 86' lang='lat' dir='ltr'><strong>vacus,</strong></span> <span class='ocrx_word' id='word_1_328' title='bbox 1617 5170 1726 5211; x_wconf 85' lang='lat' dir='ltr'><strong>nec</strong></span> 
     </span>
    </p>
   </div>
   <div class='ocr_carea' id='block_1_54' title="bbox 120 5227 1728 5315">
    <p class='ocr_par' dir='ltr' id='par_1_54' title="bbox 120 5227 1728 5315">
     <span class='ocr_line' id='line_1_55' title="bbox 120 5227 1728 5315; baseline 0.014 -39"><span class='ocrx_word' id='word_1_329' title='bbox 120 5237 213 5280; x_wconf 81' lang='lat' dir='ltr'><strong>non</strong></span> <span class='ocrx_word' id='word_1_330' title='bbox 235 5227 404 5288; x_wconf 81' lang='lat' dir='ltr'><strong>Picta</strong></span> <span class='ocrx_word' id='word_1_331' title='bbox 416 5235 512 5290; x_wconf 84' lang='lat' dir='ltr'><strong>vis</strong></span> <span class='ocrx_word' id='word_1_332' title='bbox 535 5240 593 5290; x_wconf 87' lang='lat' dir='ltr'><strong>et</strong></span> <span class='ocrx_word' id='word_1_333' title='bbox 614 5236 730 5293; x_wconf 86' lang='lat' dir='ltr'><strong>alia</strong></span> <span class='ocrx_word' id='word_1_334' title='bbox 744 5240 1040 5311; x_wconf 73' lang='lat' dir='ltr'><strong>contiguae</strong></span> <span class='ocrx_word' id='word_1_335' title='bbox 1062 5241 1245 5298; x_wconf 88' lang='lat' dir='ltr'><strong>urbes</strong></span> <span class='ocrx_word' id='word_1_336' title='bbox 1256 5242 1331 5298; x_wconf 86' lang='lat' dir='ltr'><strong>ab</strong></span> <span class='ocrx_word' id='word_1_337' title='bbox 1361 5243 1490 5315; x_wconf 89' lang='lat' dir='ltr'><strong>ipso</strong></span> <span class='ocrx_word' id='word_1_338' title='bbox 1512 5243 1728 5301; x_wconf 85' lang='lat' dir='ltr'><strong>Oceani</strong></span> 
     </span>
    </p>
   </div>
   <div class='ocr_carea' id='block_1_55' title="bbox 116 5308 1515 5402">
    <p class='ocr_par' dir='ltr' id='par_1_55' title="bbox 116 5308 1515 5402">
     <span class='ocr_line' id='line_1_56' title="bbox 116 5308 1515 5402; baseline 0.017 -38"><span class='ocrx_word' id='word_1_339' title='bbox 116 5308 310 5389; x_wconf 83' lang='lat' dir='ltr'><strong>littore,</strong></span> <span class='ocrx_word' id='word_1_340' title='bbox 343 5322 639 5378; x_wconf 83' lang='lat' dir='ltr'><strong>orientem</strong></span> <span class='ocrx_word' id='word_1_341' title='bbox 666 5308 1120 5402; x_wconf 27' lang='lat' dir='ltr'><strong>versusiusque</strong></span> <span class='ocrx_word' id='word_1_342' title='bbox 1148 5331 1515 5387; x_wconf 85' lang='lat' dir='ltr'><strong>Arvernum.</strong></span> 
     </span>
    </p>
   </div>
   <div class='ocr_carea' id='block_1_56' title="bbox 146 5398 1727 5493">
    <p class='ocr_par' dir='ltr' id='par_1_56' title="bbox 146 5398 1727 5493">
     <span class='ocr_line' id='line_1_57' title="bbox 146 5398 1727 5493; baseline 0.008 -28"><span class='ocrx_word' id='word_1_343' title='bbox 146 5398 275 5465; x_wconf 82' lang='lat' dir='ltr'><strong>Quid</strong></span> <span class='ocrx_word' id='word_1_344' title='bbox 326 5409 561 5467; x_wconf 88' lang='lat' dir='ltr'><strong>Lutetia</strong></span> <span class='ocrx_word' id='word_1_345' title='bbox 595 5414 962 5471; x_wconf 89' lang='lat' dir='ltr'><strong>Parisiorum</strong></span> <span class='ocrx_word' id='word_1_346' title='bbox 1007 5398 1206 5475; x_wconf 79' lang='lat' dir='ltr'><strong>nobile</strong></span> <span class='ocrx_word' id='word_1_347' title='bbox 1237 5421 1429 5491; x_wconf 88' lang='lat' dir='ltr'><strong>caput,</strong></span> <span class='ocrx_word' id='word_1_348' title='bbox 1455 5423 1727 5493; x_wconf 90' lang='lat' dir='ltr'><strong>resplen-</strong></span> 
     </span>
    </p>
   </div>
   <div class='ocr_carea' id='block_1_57' title="bbox 95 5484 1727 5580">
    <p class='ocr_par' dir='ltr' id='par_1_57' title="bbox 95 5484 1727 5580">
     <span class='ocr_line' id='line_1_58' title="bbox 95 5484 1727 5580; baseline 0.013 -34"><span class='ocrx_word' id='word_1_349' title='bbox 95 5484 214 5580; x_wconf 66' lang='lat' dir='ltr'><strong>dens</strong></span> <span class='ocrx_word' id='word_1_350' title='bbox 237 5501 533 5567; x_wconf 90' lang='lat' dir='ltr'><strong>quondam</strong></span> <span class='ocrx_word' id='word_1_351' title='bbox 576 5499 783 5575; x_wconf 79' lang='lat' dir='ltr'><strong>gloria,</strong></span> <span class='ocrx_word' id='word_1_352' title='bbox 817 5506 1127 5562; x_wconf 88' lang='lat' dir='ltr'><strong>abundans</strong></span> <span class='ocrx_word' id='word_1_353' title='bbox 1159 5484 1394 5580; x_wconf 77' lang='lat' dir='ltr'><strong>Opibus,</strong></span> <span class='ocrx_word' id='word_1_354' title='bbox 1415 5484 1727 5567; x_wconf 75' lang='lat' dir='ltr'><strong>fertilitate</strong></span> 
     </span>
    </p>
   </div>
   <div class='ocr_carea' id='block_1_58' title="bbox 94 5575 1726 5669">
    <p class='ocr_par' dir='ltr' id='par_1_58' title="bbox 94 5575 1726 5669">
     <span class='ocr_line' id='line_1_59' title="bbox 94 5575 1726 5669; baseline 0.015 -38"><span class='ocrx_word' id='word_1_355' title='bbox 94 5575 200 5650; x_wconf 76' lang='lat' dir='ltr'><strong>soli,</strong></span> <span class='ocrx_word' id='word_1_356' title='bbox 218 5583 540 5645; x_wconf 86' lang='lat' dir='ltr'><strong>incolarum</strong></span> <span class='ocrx_word' id='word_1_357' title='bbox 552 5593 919 5664; x_wconf 82' lang='lat' dir='ltr'><strong>quietissime</strong></span> <span class='ocrx_word' id='word_1_358' title='bbox 933 5611 1099 5667; x_wconf 91' lang='lat' dir='ltr'><strong>pace,</strong></span> <span class='ocrx_word' id='word_1_359' title='bbox 1118 5613 1295 5669; x_wconf 89' lang='lat' dir='ltr'><strong>quam</strong></span> <span class='ocrx_word' id='word_1_360' title='bbox 1306 5614 1425 5654; x_wconf 92' lang='lat' dir='ltr'><strong>non</strong></span> <span class='ocrx_word' id='word_1_361' title='bbox 1437 5599 1726 5656; x_wconf 89' lang='lat' dir='ltr'><strong>immerito</strong></span> 
     </span>
    </p>
   </div>
   <div class='ocr_carea' id='block_1_59' title="bbox 93 5673 1728 5762">
    <p class='ocr_par' dir='ltr' id='par_1_59' title="bbox 93 5673 1728 5762">
     <span class='ocr_line' id='line_1_60' title="bbox 93 5673 1728 5762; baseline 0.023 -39"><span class='ocrx_word' id='word_1_362' title='bbox 93 5673 377 5762; x_wconf 71' lang='lat' dir='ltr'><strong>emporium</strong></span> <span class='ocrx_word' id='word_1_363' title='bbox 386 5677 593 5736; x_wconf 83' lang='lat' dir='ltr'><strong>dixero</strong></span> <span class='ocrx_word' id='word_1_364' title='bbox 604 5683 994 5755; x_wconf 87' lang='lat' dir='ltr'><strong>populorum?</strong></span> <span class='ocrx_word' id='word_1_365' title='bbox 1016 5685 1226 5758; x_wconf 89' lang='lat' dir='ltr'><strong>Porro,</strong></span> <span class='ocrx_word' id='word_1_366' title='bbox 1248 5687 1390 5759; x_wconf 85' lang='lat' dir='ltr'><strong>quid</strong></span> <span class='ocrx_word' id='word_1_367' title='bbox 1406 5688 1728 5762; x_wconf 63' lang='lat' dir='ltr'><strong>Belvagusv</strong></span> 
     </span>
    </p>
   </div>
   <div class='ocr_carea' id='block_1_60' title="bbox 94 5756 1729 5851">
    <p class='ocr_par' dir='ltr' id='par_1_60' title="bbox 94 5756 1729 5851">
     <span class='ocr_line' id='line_1_61' title="bbox 94 5756 1729 5851; baseline 0.013 -36"><span class='ocrx_word' id='word_1_368' title='bbox 94 5756 208 5827; x_wconf 78' lang='lat' dir='ltr'><strong>quid</strong></span> <span class='ocrx_word' id='word_1_369' title='bbox 220 5759 665 5846; x_wconf 87' lang='lat' dir='ltr'><strong>Noviomagum,</strong></span> <span class='ocrx_word' id='word_1_370' title='bbox 689 5774 749 5830; x_wconf 86' lang='lat' dir='ltr'><strong>et</strong></span> <span class='ocrx_word' id='word_1_371' title='bbox 760 5772 909 5845; x_wconf 65' lang='lat' dir='ltr'><strong>ipsa:</strong></span> <span class='ocrx_word' id='word_1_372' title='bbox 926 5756 1223 5848; x_wconf 86' lang='lat' dir='ltr'><strong>quondam</strong></span> <span class='ocrx_word' id='word_1_373' title='bbox 1232 5756 1551 5835; x_wconf 65' lang='lat' dir='ltr'><strong>Galliarum</strong></span> <span class='ocrx_word' id='word_1_374' title='bbox 1568 5756 1729 5851; x_wconf 61' lang='lat' dir='ltr'><strong>1ier</strong></span> 
     </span>
    </p>
   </div>
   <div class='ocr_carea' id='block_1_61' title="bbox 494 397 3083 507">
    <p class='ocr_par' dir='ltr' id='par_1_61' title="bbox 494 397 3083 507">
     <span class='ocr_line' id='line_1_62' title="bbox 494 397 3083 507; baseline 0.017 -45"><span class='ocrx_word' id='word_1_375' title='bbox 494 397 917 467; x_wconf 71' lang='lat' dir='ltr'><strong>HISTORIJE</strong></span> <span class='ocrx_word' id='word_1_376' title='bbox 960 404 1754 480; x_wconf 87' lang='lat' dir='ltr'><strong>NORTHMANNORUM</strong></span> <span class='ocrx_word' id='word_1_377' title='bbox 1799 418 2031 485; x_wconf 85' lang='lat' dir='ltr'><strong>LIBRI</strong></span> <span class='ocrx_word' id='word_1_378' title='bbox 2063 423 2310 492; x_wconf 88' lang='lat' dir='ltr'><strong>OCTO.</strong></span> <span class='ocrx_word' id='word_1_379' title='bbox 2342 463 2406 478; x_wconf 91' lang='lat'><strong>—-</strong></span> <span class='ocrx_word' id='word_1_380' title='bbox 2442 433 2699 499; x_wconf 88' lang='lat' dir='ltr'><strong>LIBER</strong></span> <span class='ocrx_word' id='word_1_381' title='bbox 2740 440 3083 507; x_wconf 90' lang='lat' dir='ltr'><strong>PRIMUS.</strong></span> 
     </span>
    </p>
   </div>
   <div class='ocr_carea' id='block_1_62' title="bbox 3402 454 3521 519">
    <p class='ocr_par' dir='ltr' id='par_1_62' title="bbox 3402 454 3521 519">
     <span class='ocr_line' id='line_1_63' title="bbox 3402 454 3521 519; baseline 0.025 -3"><span class='ocrx_word' id='word_1_382' title='bbox 3402 454 3521 519; x_wconf 89' lang='lat'><strong>786</strong></span> 
     </span>
    </p>
   </div>
   <div class='ocr_carea' id='block_1_63' title="bbox 1773 605 3516 716">
    <p class='ocr_par' dir='ltr' id='par_1_63' title="bbox 1773 605 3516 716">
     <span class='ocr_line' id='line_1_64' title="bbox 1773 605 3516 716; baseline 0.027 -45"><span class='ocrx_word' id='word_1_383' title='bbox 1773 605 1826 668; x_wconf 78' lang='grc' dir='ltr'><strong>Α</strong></span> <span class='ocrx_word' id='word_1_384' title='bbox 1854 623 2239 683; x_wconf 87' lang='lat' dir='ltr'><strong>stantissimae</strong></span> <span class='ocrx_word' id='word_1_385' title='bbox 2258 631 2441 689; x_wconf 88' lang='lat' dir='ltr'><strong>urbes</strong></span> <span class='ocrx_word' id='word_1_386' title='bbox 2467 635 2496 689; x_wconf 86' lang='lat'><strong><em>?</em></strong></span> <span class='ocrx_word' id='word_1_387' title='bbox 2525 636 2680 693; x_wconf 92' lang='lat' dir='ltr'><strong>Num</strong></span> <span class='ocrx_word' id='word_1_388' title='bbox 2701 641 2915 712; x_wconf 86' lang='lat' dir='ltr'><strong>etipsae</strong></span> <span class='ocrx_word' id='word_1_389' title='bbox 2933 653 3275 710; x_wconf 90' lang='lat' dir='ltr'><strong>eorumdem</strong></span> <span class='ocrx_word' id='word_1_390' title='bbox 3292 655 3516 716; x_wconf 87' lang='lat' dir='ltr'><strong>barba-</strong></span> 
     </span>
    </p>
   </div>
   <div class='ocr_carea' id='block_1_64' title="bbox 1854 715 3516 807">
    <p class='ocr_par' dir='ltr' id='par_1_64' title="bbox 1854 715 3516 807">
     <span class='ocr_line' id='line_1_65' title="bbox 1854 715 3516 807; baseline 0.025 -43"><span class='ocrx_word' id='word_1_391' title='bbox 1854 727 2059 768; x_wconf 90' lang='lat' dir='ltr'><strong>rorum</strong></span> <span class='ocrx_word' id='word_1_392' title='bbox 2073 715 2508 789; x_wconf 87' lang='lat' dir='ltr'><strong>irruptionibus</strong></span> <span class='ocrx_word' id='word_1_393' title='bbox 2525 729 2698 799; x_wconf 89' lang='lat' dir='ltr'><strong>atque</strong></span> <span class='ocrx_word' id='word_1_394' title='bbox 2712 730 3121 807; x_wconf 76' lang='lat' dir='ltr'><strong>hoStiligladio</strong></span> <span class='ocrx_word' id='word_1_395' title='bbox 3153 747 3467 804; x_wconf 90' lang='lat' dir='ltr'><strong>concidere</strong></span> <span class='ocrx_word' id='word_1_396' title='bbox 3486 753 3516 805; x_wconf 86' lang='lat'><strong>?</strong></span> 
     </span>
    </p>
   </div>
   <div class='ocr_carea' id='block_1_65' title="bbox 1850 800 3516 902">
    <p class='ocr_par' dir='ltr' id='par_1_65' title="bbox 1850 800 3516 902">
     <span class='ocr_line' id='line_1_66' title="bbox 1850 800 3516 902; baseline 0.024 -49"><span class='ocrx_word' id='word_1_397' title='bbox 1850 800 2020 872; x_wconf 88' lang='lat' dir='ltr'><strong>Piget</strong></span> <span class='ocrx_word' id='word_1_398' title='bbox 2033 804 2259 862; x_wconf 87' lang='lat' dir='ltr'><strong>referre</strong></span> <span class='ocrx_word' id='word_1_399' title='bbox 2273 811 2780 873; x_wconf 86' lang='lat' dir='ltr'><strong>nobilissimorum</strong></span> <span class='ocrx_word' id='word_1_400' title='bbox 2801 825 3353 902; x_wconf 87' lang='lat' dir='ltr'><strong>cocuobiorum,tam</strong></span> <span class='ocrx_word' id='word_1_401' title='bbox 3366 838 3516 893; x_wconf 90' lang='lat' dir='ltr'><strong>viro-</strong></span> 
     </span>
    </p>
   </div>
   <div class='ocr_carea' id='block_1_66' title="bbox 1849 897 3517 980">
    <p class='ocr_par' dir='ltr' id='par_1_66' title="bbox 1849 897 3517 980">
     <span class='ocr_line' id='line_1_67' title="bbox 1849 897 3517 980; baseline 0.023 -38"><span class='ocrx_word' id='word_1_402' title='bbox 1849 905 1981 944; x_wconf 83' lang='lat' dir='ltr'><strong>rum</strong></span> <span class='ocrx_word' id='word_1_403' title='bbox 2010 907 2183 962; x_wconf 85' lang='lat' dir='ltr'><strong>quam</strong></span> <span class='ocrx_word' id='word_1_404' title='bbox 2217 897 2564 957; x_wconf 86' lang='lat' dir='ltr'><strong>feminarum</strong></span> <span class='ocrx_word' id='word_1_405' title='bbox 2578 905 2701 961; x_wconf 90' lang='lat' dir='ltr'><strong>Deo</strong></span> <span class='ocrx_word' id='word_1_406' title='bbox 2721 909 2929 967; x_wconf 84' lang='lat' dir='ltr'><strong>devote</strong></span> <span class='ocrx_word' id='word_1_407' title='bbox 2944 897 3331 976; x_wconf 83' lang='lat' dir='ltr'><strong>servientium</strong></span> <span class='ocrx_word' id='word_1_408' title='bbox 3353 927 3517 980; x_wconf 90' lang='lat' dir='ltr'><strong>exci-</strong></span> 
     </span>
    </p>
   </div>
   <div class='ocr_carea' id='block_1_67' title="bbox 1849 978 3516 1080">
    <p class='ocr_par' dir='ltr' id='par_1_67' title="bbox 1849 978 3516 1080">
     <span class='ocr_line' id='line_1_68' title="bbox 1849 978 3516 1080; baseline 0.025 -49"><span class='ocrx_word' id='word_1_409' title='bbox 1849 978 1961 1046; x_wconf 70' lang='lat' dir='ltr'><strong>dia,</strong></span> <span class='ocrx_word' id='word_1_410' title='bbox 1983 988 2050 1034; x_wconf 64' lang='lat'><strong>2.1.</strong></span> <span class='ocrx_word' id='word_1_411' title='bbox 2072 1002 2097 1034; x_wconf 69' lang='grc' dir='ltr'><strong>ει</strong></span> <span class='ocrx_word' id='word_1_412' title='bbox 2109 1004 2145 1055; x_wconf 51' lang='grc' dir='ltr'><strong>ἀ·</strong></span> <span class='ocrx_word' id='word_1_413' title='bbox 2166 1002 2334 1058; x_wconf 60' lang='lat' dir='ltr'><strong>isque</strong></span> <span class='ocrx_word' id='word_1_414' title='bbox 2348 1006 2464 1045; x_wconf 89' lang='lat' dir='ltr'><strong>non</strong></span> <span class='ocrx_word' id='word_1_415' title='bbox 2489 992 2835 1064; x_wconf 87' lang='lat' dir='ltr'><strong>ignobilium</strong></span> <span class='ocrx_word' id='word_1_416' title='bbox 2849 1002 3126 1077; x_wconf 87' lang='lat' dir='ltr'><strong>plebium,</strong></span> <span class='ocrx_word' id='word_1_417' title='bbox 3148 1012 3516 1080; x_wconf 87' lang='lat' dir='ltr'><strong>captivitates</strong></span> 
     </span>
    </p>
   </div>
   <div class='ocr_carea' id='block_1_68' title="bbox 1849 1071 3514 1174">
    <p class='ocr_par' dir='ltr' id='par_1_68' title="bbox 1849 1071 3514 1174">
     <span class='ocr_line' id='line_1_69' title="bbox 1849 1071 3514 1174; baseline 0.025 -54"><span class='ocrx_word' id='word_1_418' title='bbox 1849 1071 2267 1145; x_wconf 85' lang='lat' dir='ltr'><strong>matronarum,</strong></span> <span class='ocrx_word' id='word_1_419' title='bbox 2322 1079 2618 1151; x_wconf 67' lang='lat' dir='ltr'><strong>Virginum</strong></span> <span class='ocrx_word' id='word_1_420' title='bbox 2674 1085 3073 1159; x_wconf 88' lang='lat' dir='ltr'><strong>ludibria,.ac</strong></span> <span class='ocrx_word' id='word_1_421' title='bbox 3115 1104 3326 1154; x_wconf 90' lang='lat' dir='ltr'><strong>cuncta</strong></span> <span class='ocrx_word' id='word_1_422' title='bbox 3381 1120 3514 1174; x_wconf 88' lang='lat' dir='ltr'><strong>quae</strong></span> 
     </span>
    </p>
   </div>
   <div class='ocr_carea' id='block_1_69' title="bbox 1849 1156 3511 1247">
    <p class='ocr_par' dir='ltr' id='par_1_69' title="bbox 1849 1156 3511 1247">
     <span class='ocr_line' id='line_1_70' title="bbox 1849 1156 3511 1247; baseline 0.025 -39"><span class='ocrx_word' id='word_1_423' title='bbox 1849 1156 2021 1213; x_wconf 89' lang='lat' dir='ltr'><strong>victis</strong></span> <span class='ocrx_word' id='word_1_424' title='bbox 2053 1161 2313 1220; x_wconf 88' lang='lat' dir='ltr'><strong>victores</strong></span> <span class='ocrx_word' id='word_1_425' title='bbox 2346 1166 2566 1225; x_wconf 84' lang='lat' dir='ltr'><strong>inferre</strong></span> <span class='ocrx_word' id='word_1_426' title='bbox 2597 1174 2791 1230; x_wconf 89' lang='lat' dir='ltr'><strong>valent</strong></span> <span class='ocrx_word' id='word_1_427' title='bbox 2820 1178 3058 1237; x_wconf 88' lang='lat' dir='ltr'><strong>infanda</strong></span> <span class='ocrx_word' id='word_1_428' title='bbox 3086 1156 3511 1247; x_wconf 60' lang='lat' dir='ltr'><strong>tormentorum</strong></span> 
     </span>
    </p>
   </div>
   <div class='ocr_carea' id='block_1_70' title="bbox 1846 1248 3515 1340">
    <p class='ocr_par' dir='ltr' id='par_1_70' title="bbox 1846 1248 3515 1340">
     <span class='ocr_line' id='line_1_71' title="bbox 1846 1248 3515 1340; baseline 0.023 -42"><span class='ocrx_word' id='word_1_429' title='bbox 1846 1261 2088 1316; x_wconf 89' lang='lat' dir='ltr'><strong>genera.</strong></span> <span class='ocrx_word' id='word_1_430' title='bbox 2104 1248 2251 1315; x_wconf 88' lang='lat' dir='ltr'><strong>Quid</strong></span> <span class='ocrx_word' id='word_1_431' title='bbox 2264 1253 2629 1325; x_wconf 84' lang='lat' dir='ltr'><strong>Aquitanicae</strong></span> <span class='ocrx_word' id='word_1_432' title='bbox 2641 1266 2838 1333; x_wconf 90' lang='lat' dir='ltr'><strong>gentis</strong></span> <span class='ocrx_word' id='word_1_433' title='bbox 2852 1268 3147 1340; x_wconf 85' lang='lat' dir='ltr'><strong>ingentem</strong></span> <span class='ocrx_word' id='word_1_434' title='bbox 3168 1278 3421 1334; x_wconf 84' lang='lat' dir='ltr'><strong>referam</strong></span> <span class='ocrx_word' id='word_1_435' title='bbox 3435 1282 3515 1335; x_wconf 90' lang='lat' dir='ltr'><strong>af-</strong></span> 
     </span>
    </p>
   </div>
   <div class='ocr_carea' id='block_1_71' title="bbox 1845 1334 3515 1439">
    <p class='ocr_par' dir='ltr' id='par_1_71' title="bbox 1845 1334 3515 1439">
     <span class='ocr_line' id='line_1_72' title="bbox 1845 1334 3515 1439; baseline 0.024 -52"><span class='ocrx_word' id='word_1_436' title='bbox 1845 1334 2181 1409; x_wconf 87' lang='lat' dir='ltr'><strong>ﬂictionem,</strong></span> <span class='ocrx_word' id='word_1_437' title='bbox 2206 1357 2339 1413; x_wconf 63' lang='lat' dir='ltr'><strong>quae</strong></span> <span class='ocrx_word' id='word_1_438' title='bbox 2362 1346 2496 1401; x_wconf 91' lang='lat' dir='ltr'><strong>olim</strong></span> <span class='ocrx_word' id='word_1_439' title='bbox 2517 1349 2810 1409; x_wconf 90' lang='lat' dir='ltr'><strong>bellorum</strong></span> <span class='ocrx_word' id='word_1_440' title='bbox 2831 1360 3214 1431; x_wconf 88' lang='lat' dir='ltr'><strong>nutrix,nunc</strong></span> <span class='ocrx_word' id='word_1_441' title='bbox 3236 1366 3515 1439; x_wconf 85' lang='lat' dir='ltr'><strong>frigidam</strong></span> 
     </span>
    </p>
   </div>
   <div class='ocr_carea' id='block_1_72' title="bbox 1842 1423 3506 1525">
    <p class='ocr_par' dir='ltr' id='par_1_72' title="bbox 1842 1423 3506 1525">
     <span class='ocr_line' id='line_1_73' title="bbox 1842 1423 3506 1525; baseline 0.023 -49"><span class='ocrx_word' id='word_1_442' title='bbox 1842 1423 1998 1479; x_wconf 89' lang='lat' dir='ltr'><strong>bello</strong></span> <span class='ocrx_word' id='word_1_443' title='bbox 2054 1430 2408 1506; x_wconf 78' lang='lat' dir='ltr'><strong>praeferebat</strong></span> <span class='ocrx_word' id='word_1_444' title='bbox 2464 1436 2771 1497; x_wconf 81' lang='lat' dir='ltr'><strong>dextram?</strong></span> <span class='ocrx_word' id='word_1_445' title='bbox 2824 1423 3054 1504; x_wconf 85' lang='lat' dir='ltr'><strong>Etenim</strong></span> <span class='ocrx_word' id='word_1_446' title='bbox 3085 1451 3214 1522; x_wconf 89' lang='lat' dir='ltr'><strong>ipsa</strong></span> <span class='ocrx_word' id='word_1_447' title='bbox 3247 1423 3506 1525; x_wconf 56' lang='lat' dir='ltr'><strong>optimos</strong></span> 
     </span>
    </p>
   </div>
   <div class='ocr_carea' id='block_1_73' title="bbox 1843 1520 3517 1616">
    <p class='ocr_par' dir='ltr' id='par_1_73' title="bbox 1843 1520 3517 1616">
     <span class='ocr_line' id='line_1_74' title="bbox 1843 1520 3517 1616; baseline 0.023 -51"><span class='ocrx_word' id='word_1_448' title='bbox 1843 1527 2113 1586; x_wconf 89' lang='lat' dir='ltr'><strong>quosque</strong></span> <span class='ocrx_word' id='word_1_449' title='bbox 2142 1520 2418 1590; x_wconf 87' lang='lat' dir='ltr'><strong>genitalis</strong></span> <span class='ocrx_word' id='word_1_450' title='bbox 2447 1527 2561 1581; x_wconf 91' lang='lat' dir='ltr'><strong>soli</strong></span> <span class='ocrx_word' id='word_1_451' title='bbox 2592 1528 2651 1583; x_wconf 90' lang='lat' dir='ltr'><strong>in</strong></span> <span class='ocrx_word' id='word_1_452' title='bbox 2681 1546 2819 1587; x_wconf 89' lang='lat' dir='ltr'><strong>sese</strong></span> <span class='ocrx_word' id='word_1_453' title='bbox 2869 1520 3125 1610; x_wconf 65' lang='lat' dir='ltr'><strong>elidens,</strong></span> <span class='ocrx_word' id='word_1_454' title='bbox 3152 1520 3303 1598; x_wconf 46' lang='lat' dir='ltr'><strong>tunc.</strong></span> <span class='ocrx_word' id='word_1_455' title='bbox 3328 1549 3517 1616; x_wconf 84' lang='lat' dir='ltr'><strong>patuit</strong></span> 
     </span>
    </p>
   </div>
   <div class='ocr_carea' id='block_1_74' title="bbox 1837 1603 3501 1707">
    <p class='ocr_par' dir='ltr' id='par_1_74' title="bbox 1837 1603 3501 1707">
     <span class='ocr_line' id='line_1_75' title="bbox 1837 1603 3501 1707; baseline 0.023 -53"><span class='ocrx_word' id='word_1_456' title='bbox 1837 1603 2330 1707; x_wconf 34' lang='lat' dir='ltr'><strong>praedaogentibus</strong></span> <span class='ocrx_word' id='word_1_457' title='bbox 2348 1612 2577 1670; x_wconf 88' lang='lat' dir='ltr'><strong>alienis.</strong></span> <span class='ocrx_word' id='word_1_458' title='bbox 2595 1618 2684 1673; x_wconf 91' lang='lat' dir='ltr'><strong>Ab</strong></span> <span class='ocrx_word' id='word_1_459' title='bbox 2703 1620 2833 1691; x_wconf 91' lang='lat' dir='ltr'><strong>ipso</strong></span> <span class='ocrx_word' id='word_1_460' title='bbox 2847 1626 3083 1699; x_wconf 87' lang='lat' dir='ltr'><strong>quippe,</strong></span> <span class='ocrx_word' id='word_1_461' title='bbox 3100 1603 3161 1685; x_wconf 84' lang='lat' dir='ltr'><strong>ut</strong></span> <span class='ocrx_word' id='word_1_462' title='bbox 3175 1632 3254 1687; x_wconf 89' lang='lat' dir='ltr'><strong>ita</strong></span> <span class='ocrx_word' id='word_1_463' title='bbox 3269 1603 3501 1707; x_wconf 68' lang='lat' dir='ltr'><strong>loquar,</strong></span> 
     </span>
    </p>
   </div>
   <div class='ocr_carea' id='block_1_75' title="bbox 1837 1689 3506 1786">
    <p class='ocr_par' dir='ltr' id='par_1_75' title="bbox 1837 1689 3506 1786">
     <span class='ocr_line' id='line_1_76' title="bbox 1837 1689 3506 1786; baseline 0.022 -42"><span class='ocrx_word' id='word_1_464' title='bbox 1837 1689 2055 1748; x_wconf 87' lang='lat' dir='ltr'><strong>Oceani</strong></span> <span class='ocrx_word' id='word_1_465' title='bbox 2073 1696 2266 1754; x_wconf 85' lang='lat' dir='ltr'><strong>littore</strong></span> <span class='ocrx_word' id='word_1_466' title='bbox 2278 1715 2497 1758; x_wconf 90' lang='lat' dir='ltr'><strong>versus</strong></span> <span class='ocrx_word' id='word_1_467' title='bbox 2515 1689 2800 1765; x_wconf 73' lang='lat' dir='ltr'><strong>orientem</strong></span> <span class='ocrx_word' id='word_1_468' title='bbox 2824 1728 3014 1786; x_wconf 91' lang='lat' dir='ltr'><strong>usque</strong></span> <span class='ocrx_word' id='word_1_469' title='bbox 3032 1689 3367 1778; x_wconf 75' lang='lat' dir='ltr'><strong>Arvernum</strong></span> <span class='ocrx_word' id='word_1_470' title='bbox 3381 1726 3506 1780; x_wconf 91' lang='lat' dir='ltr'><strong>cla-</strong></span> 
     </span>
    </p>
   </div>
   <div class='ocr_carea' id='block_1_76' title="bbox 1838 1779 3507 1880">
    <p class='ocr_par' dir='ltr' id='par_1_76' title="bbox 1838 1779 3507 1880">
     <span class='ocr_line' id='line_1_77' title="bbox 1838 1779 3507 1880; baseline 0.022 -47"><span class='ocrx_word' id='word_1_471' title='bbox 1838 1779 2140 1838; x_wconf 90' lang='lat' dir='ltr'><strong>rissimam</strong></span> <span class='ocrx_word' id='word_1_472' title='bbox 2169 1790 2353 1844; x_wconf 92' lang='lat' dir='ltr'><strong>veteri</strong></span> <span class='ocrx_word' id='word_1_473' title='bbox 2374 1794 2637 1875; x_wconf 88' lang='lat' dir='ltr'><strong>tempore</strong></span> <span class='ocrx_word' id='word_1_474' title='bbox 2672 1800 3001 1870; x_wconf 82' lang='lat' dir='ltr'><strong>Aquitaniae</strong></span> <span class='ocrx_word' id='word_1_475' title='bbox 3033 1807 3262 1880; x_wconf 88' lang='lat' dir='ltr'><strong>urbem,</strong></span> <span class='ocrx_word' id='word_1_476' title='bbox 3285 1814 3507 1870; x_wconf 90' lang='lat' dir='ltr'><strong>nullam</strong></span> 
     </span>
    </p>
   </div>
   <div class='ocr_carea' id='block_1_77' title="bbox 1838 1868 3510 1968">
    <p class='ocr_par' dir='ltr' id='par_1_77' title="bbox 1838 1868 3510 1968">
     <span class='ocr_line' id='line_1_78' title="bbox 1838 1868 3510 1968; baseline 0.021 -45"><span class='ocrx_word' id='word_1_477' title='bbox 1838 1868 2168 1929; x_wconf 91' lang='lat' dir='ltr'><strong>libertatem</strong></span> <span class='ocrx_word' id='word_1_478' title='bbox 2200 1878 2455 1937; x_wconf 88' lang='lat' dir='ltr'><strong>retinere</strong></span> <span class='ocrx_word' id='word_1_479' title='bbox 2492 1868 2674 1940; x_wconf 79' lang='lat' dir='ltr'><strong>valuit</strong></span> <span class='ocrx_word' id='word_1_480' title='bbox 2707 1868 2896 1961; x_wconf 80' lang='lat' dir='ltr'><strong>regio,</strong></span> <span class='ocrx_word' id='word_1_481' title='bbox 2950 1909 3067 1949; x_wconf 88' lang='lat' dir='ltr'><strong>non</strong></span> <span class='ocrx_word' id='word_1_482' title='bbox 3099 1868 3376 1968; x_wconf 87' lang='lat' dir='ltr'><strong>oppidum</strong></span> <span class='ocrx_word' id='word_1_483' title='bbox 3410 1868 3510 1957; x_wconf 84' lang='lat' dir='ltr'><strong>aut</strong></span> 
     </span>
    </p>
   </div>
   <div class='ocr_carea' id='block_1_78' title="bbox 1838 1958 3509 2059">
    <p class='ocr_par' dir='ltr' id='par_1_78' title="bbox 1838 1958 3509 2059">
     <span class='ocr_line' id='line_1_79' title="bbox 1838 1958 3509 2059; baseline 0.021 -48"><span class='ocrx_word' id='word_1_484' title='bbox 1838 1958 2030 2030; x_wconf 90' lang='lat' dir='ltr'><strong>vicus,</strong></span> <span class='ocrx_word' id='word_1_485' title='bbox 2060 1979 2176 2018; x_wconf 91' lang='lat' dir='ltr'><strong>non</strong></span> <span class='ocrx_word' id='word_1_486' title='bbox 2224 1965 2475 2040; x_wconf 90' lang='lat' dir='ltr'><strong>denique</strong></span> <span class='ocrx_word' id='word_1_487' title='bbox 2515 1973 2748 2046; x_wconf 90' lang='lat' dir='ltr'><strong>civitas,</strong></span> <span class='ocrx_word' id='word_1_488' title='bbox 2798 1994 2931 2050; x_wconf 88' lang='lat' dir='ltr'><strong>quae</strong></span> <span class='ocrx_word' id='word_1_489' title='bbox 2964 1999 3081 2038; x_wconf 89' lang='lat' dir='ltr'><strong>non</strong></span> <span class='ocrx_word' id='word_1_490' title='bbox 3104 1988 3305 2059; x_wconf 85' lang='lat' dir='ltr'><strong>strage</strong></span> <span class='ocrx_word' id='word_1_491' title='bbox 3339 1990 3509 2045; x_wconf 86' lang='lat' dir='ltr'><strong>ferali</strong></span> 
     </span>
    </p>
   </div>
   <div class='ocr_carea' id='block_1_79' title="bbox 1841 2050 3507 2134">
    <p class='ocr_par' dir='ltr' id='par_1_79' title="bbox 1841 2050 3507 2134">
     <span class='ocr_line' id='line_1_80' title="bbox 1841 2050 3507 2134; baseline 0.022 -35"><span class='ocrx_word' id='word_1_492' title='bbox 1841 2050 2162 2106; x_wconf 90' lang='lat' dir='ltr'><strong>conciderit</strong></span> <span class='ocrx_word' id='word_1_493' title='bbox 2194 2053 2405 2111; x_wconf 87' lang='lat' dir='ltr'><strong>horum</strong></span> <span class='ocrx_word' id='word_1_494' title='bbox 2436 2075 2819 2132; x_wconf 86' lang='lat' dir='ltr'><strong>paganorum.</strong></span> <span class='ocrx_word' id='word_1_495' title='bbox 2848 2068 3122 2127; x_wconf 87' lang='lat' dir='ltr'><strong>Testatur</strong></span> <span class='ocrx_word' id='word_1_496' title='bbox 3153 2075 3213 2129; x_wconf 91' lang='lat' dir='ltr'><strong>id</strong></span> <span class='ocrx_word' id='word_1_497' title='bbox 3235 2050 3507 2134; x_wconf 75' lang='lat' dir='ltr'><strong>Pictavis</strong></span> 
     </span>
    </p>
   </div>
   <div class='ocr_carea' id='block_1_80' title="bbox 1839 2134 3507 2236">
    <p class='ocr_par' dir='ltr' id='par_1_80' title="bbox 1839 2134 3507 2236">
     <span class='ocr_line' id='line_1_81' title="bbox 1839 2134 3507 2236; baseline 0.021 -47"><span class='ocrx_word' id='word_1_498' title='bbox 1839 2134 2266 2198; x_wconf 86' lang='lat' dir='ltr'><strong>fecundissima</strong></span> <span class='ocrx_word' id='word_1_499' title='bbox 2297 2147 2444 2201; x_wconf 91' lang='lat' dir='ltr'><strong>urbs</strong></span> <span class='ocrx_word' id='word_1_500' title='bbox 2465 2149 2819 2223; x_wconf 87' lang='lat' dir='ltr'><strong>Aquitaniae,</strong></span> <span class='ocrx_word' id='word_1_501' title='bbox 2844 2157 2957 2213; x_wconf 92' lang='lat' dir='ltr'><strong>hoc</strong></span> <span class='ocrx_word' id='word_1_502' title='bbox 2987 2160 3367 2236; x_wconf 89' lang='lat' dir='ltr'><strong>Sanctonum,</strong></span> <span class='ocrx_word' id='word_1_503' title='bbox 3392 2168 3507 2223; x_wconf 91' lang='lat' dir='ltr'><strong>hoc</strong></span> 
     </span>
    </p>
   </div>
   <div class='ocr_carea' id='block_1_81' title="bbox 1838 2224 3507 2326">
    <p class='ocr_par' dir='ltr' id='par_1_81' title="bbox 1838 2224 3507 2326">
     <span class='ocr_line' id='line_1_82' title="bbox 1838 2224 3507 2326; baseline 0.021 -48"><span class='ocrx_word' id='word_1_504' title='bbox 1838 2224 2204 2302; x_wconf 89' lang='lat' dir='ltr'><strong>Engolisma,</strong></span> <span class='ocrx_word' id='word_1_505' title='bbox 2239 2233 2351 2289; x_wconf 92' lang='lat' dir='ltr'><strong>hoc</strong></span> <span class='ocrx_word' id='word_1_506' title='bbox 2380 2237 2846 2317; x_wconf 87' lang='lat' dir='ltr'><strong>Petragoricum,</strong></span> <span class='ocrx_word' id='word_1_507' title='bbox 2867 2246 2978 2302; x_wconf 91' lang='lat' dir='ltr'><strong>hoc</strong></span> <span class='ocrx_word' id='word_1_508' title='bbox 3000 2249 3371 2326; x_wconf 90' lang='lat' dir='ltr'><strong>Lemovicas,</strong></span> <span class='ocrx_word' id='word_1_509' title='bbox 3393 2256 3507 2312; x_wconf 89' lang='lat' dir='ltr'><strong>hoc</strong></span> 
     </span>
    </p>
   </div>
   <div class='ocr_carea' id='block_1_82' title="bbox 1839 2317 3508 2416">
    <p class='ocr_par' dir='ltr' id='par_1_82' title="bbox 1839 2317 3508 2416">
     <span class='ocr_line' id='line_1_83' title="bbox 1839 2317 3508 2416; baseline 0.02 -48"><span class='ocrx_word' id='word_1_510' title='bbox 1839 2317 1997 2371; x_wconf 89' lang='lat' dir='ltr'><strong>certe</strong></span> <span class='ocrx_word' id='word_1_511' title='bbox 2027 2317 2356 2395; x_wconf 84' lang='lat' dir='ltr'><strong>Arvernus,</strong></span> <span class='ocrx_word' id='word_1_512' title='bbox 2388 2325 2705 2401; x_wconf 90' lang='lat' dir='ltr'><strong>ipsumque</strong></span> <span class='ocrx_word' id='word_1_513' title='bbox 2745 2332 3065 2393; x_wconf 87' lang='lat' dir='ltr'><strong>Avaricum</strong></span> <span class='ocrx_word' id='word_1_514' title='bbox 3116 2345 3291 2410; x_wconf 87' lang='lat' dir='ltr'><strong>caput</strong></span> <span class='ocrx_word' id='word_1_515' title='bbox 3335 2346 3508 2416; x_wconf 86' lang='lat' dir='ltr'><strong>regni</strong></span> 
     </span>
    </p>
   </div>
   <div class='ocr_carea' id='block_1_83' title="bbox 1837 2403 2191 2476">
    <p class='ocr_par' dir='ltr' id='par_1_83' title="bbox 1837 2403 2191 2476">
     <span class='ocr_line' id='line_1_84' title="bbox 1837 2403 2191 2476; baseline 0.017 -18"><span class='ocrx_word' id='word_1_516' title='bbox 1837 2403 2191 2476; x_wconf 83' lang='lat' dir='ltr'><strong>Aquitanici.</strong></span> 
     </span>
    </p>
   </div>
   <div class='ocr_carea' id='block_1_84' title="bbox 2474 2486 2866 2549">
    <p class='ocr_par' dir='ltr' id='par_1_84' title="bbox 2474 2486 2866 2549">
     <span class='ocr_line' id='line_1_85' title="bbox 2474 2486 2866 2549; baseline 0.018 -8"><span class='ocrx_word' id='word_1_517' title='bbox 2474 2486 2726 2546; x_wconf 87' lang='lat' dir='ltr'><strong>CAPUT</strong></span> <span class='ocrx_word' id='word_1_518' title='bbox 2767 2491 2866 2549; x_wconf 87' lang='lat' dir='ltr'><strong>IX.</strong></span> 
     </span>
    </p>
   </div>
   <div class='ocr_carea' id='block_1_85' title="bbox 1841 2563 3506 2657">
    <p class='ocr_par' dir='ltr' id='par_1_85' title="bbox 1841 2563 3506 2657">
     <span class='ocr_line' id='line_1_86' title="bbox 1841 2563 3506 2657; baseline 0.016 -37"><span class='ocrx_word' id='word_1_519' title='bbox 1841 2563 2005 2631; x_wconf 86' lang='lat' dir='ltr'><strong>Quod</strong></span> <span class='ocrx_word' id='word_1_520' title='bbox 2006 2576 2314 2643; x_wconf 84' lang='lat' dir='ltr'><strong>postquam</strong></span> <span class='ocrx_word' id='word_1_521' title='bbox 2326 2572 2369 2627; x_wconf 71' lang='lat' dir='ltr'>Iv</span> <span class='ocrx_word' id='word_1_522' title='bbox 2378 2588 2448 2630; x_wconf 87' lang='lat' dir='ltr'><strong>ra</strong></span> <span class='ocrx_word' id='word_1_523' title='bbox 2456 2577 2586 2631; x_wconf 86' lang='lat' dir='ltr'><strong>ncia</strong></span> <span class='ocrx_word' id='word_1_524' title='bbox 2592 2595 2955 2651; x_wconf 86' lang='lat' dir='ltr'><strong>paganorum</strong></span> <span class='ocrx_word' id='word_1_525' title='bbox 2969 2589 3322 2657; x_wconf 86' lang='lat' dir='ltr'><strong>appresione</strong></span> <span class='ocrx_word' id='word_1_526' title='bbox 3354 2590 3506 2645; x_wconf 77' lang='lat' dir='ltr'><strong>afﬂi-</strong></span> 
     </span>
    </p>
   </div>
   <div class='ocr_carea' id='block_1_86' title="bbox 1836 2657 3505 2747">
    <p class='ocr_par' dir='ltr' id='par_1_86' title="bbox 1836 2657 3505 2747">
     <span class='ocr_line' id='line_1_87' title="bbox 1836 2657 3505 2747; baseline 0.017 -39"><span class='ocrx_word' id='word_1_527' title='bbox 1836 2661 1929 2710; x_wconf 91' lang='lat' dir='ltr'><strong>cta</strong></span> <span class='ocrx_word' id='word_1_528' title='bbox 1944 2663 2036 2711; x_wconf 89' lang='lat' dir='ltr'><strong>est</strong></span> <span class='ocrx_word' id='word_1_529' title='bbox 2047 2657 2182 2714; x_wconf 77' lang='lat' dir='ltr'><strong>fere</strong></span> <span class='ocrx_word' id='word_1_530' title='bbox 2196 2678 2321 2716; x_wconf 86' lang='lat' dir='ltr'><strong>xxx</strong></span> <span class='ocrx_word' id='word_1_531' title='bbox 2337 2666 2514 2719; x_wconf 86' lang='lat' dir='ltr'><strong>annis</strong></span> <span class='ocrx_word' id='word_1_532' title='bbox 2526 2685 2545 2730; x_wconf 86' lang='lat'><strong>,-</strong></span> <span class='ocrx_word' id='word_1_533' title='bbox 2576 2667 2907 2742; x_wconf 87' lang='lat' dir='ltr'><strong>Hastingus</strong></span> <span class='ocrx_word' id='word_1_534' title='bbox 2939 2690 3009 2728; x_wconf 89' lang='lat' dir='ltr'><strong>na</strong></span> <span class='ocrx_word' id='word_1_535' title='bbox 3021 2675 3231 2747; x_wconf 80' lang='lat' dir='ltr'><strong>vigens</strong></span> <span class='ocrx_word' id='word_1_536' title='bbox 3264 2679 3505 2735; x_wconf 82' lang='lat' dir='ltr'><strong>Romam</strong></span> 
     </span>
    </p>
   </div>
   <div class='ocr_carea' id='block_1_87' title="bbox 1838 2748 3497 2836">
    <p class='ocr_par' dir='ltr' id='par_1_87' title="bbox 1838 2748 3497 2836">
     <span class='ocr_line' id='line_1_88' title="bbox 1838 2748 3497 2836; baseline 0.016 -39"><span class='ocrx_word' id='word_1_537' title='bbox 1838 2750 1896 2797; x_wconf 92' lang='lat' dir='ltr'><strong>ut</strong></span> <span class='ocrx_word' id='word_1_538' title='bbox 1927 2761 2052 2800; x_wconf 87' lang='lat' dir='ltr'><strong>eam</strong></span> <span class='ocrx_word' id='word_1_539' title='bbox 2082 2748 2369 2806; x_wconf 81' lang='lat' dir='ltr'><strong>subdere‘t</strong></span> <span class='ocrx_word' id='word_1_540' title='bbox 2399 2753 2549 2808; x_wconf 82' lang='lat' dir='ltr'><strong>Bicr</strong></span> <span class='ocrx_word' id='word_1_541' title='bbox 2574 2756 2807 2814; x_wconf 84' lang='lat' dir='ltr'><strong>domino</strong></span> <span class='ocrx_word' id='word_1_542' title='bbox 2832 2777 2954 2832; x_wconf 87' lang='lat' dir='ltr'><strong>suo,</strong></span> <span class='ocrx_word' id='word_1_543' title='bbox 2987 2770 3338 2836; x_wconf 85' lang='lat' dir='ltr'><strong>tempestate</strong></span> <span class='ocrx_word' id='word_1_544' title='bbox 3353 2786 3497 2824; x_wconf 89' lang='lat' dir='ltr'><strong>com-</strong></span> 
     </span>
    </p>
   </div>
   <div class='ocr_carea' id='block_1_88' title="bbox 1830 2832 2991 2909">
    <p class='ocr_par' dir='ltr' id='par_1_88' title="bbox 1830 2832 2991 2909">
     <span class='ocr_line' id='line_1_89' title="bbox 1830 2832 2991 2909; baseline 0.016 -23"><span class='ocrx_word' id='word_1_545' title='bbox 1830 2832 2055 2904; x_wconf 84' lang='lat' dir='ltr'><strong>pulsus,</strong></span> <span class='ocrx_word' id='word_1_546' title='bbox 2090 2839 2311 2909; x_wconf 83' lang='lat' dir='ltr'><strong>appulit</strong></span> <span class='ocrx_word' id='word_1_547' title='bbox 2342 2841 2525 2897; x_wconf 85' lang='lat' dir='ltr'><strong>Lunis</strong></span> <span class='ocrx_word' id='word_1_548' title='bbox 2546 2845 2751 2901; x_wconf 88' lang='lat' dir='ltr'><strong>urbem</strong></span> <span class='ocrx_word' id='word_1_549' title='bbox 2784 2848 2991 2906; x_wconf 79' lang='lat' dir='ltr'><strong>Italiae.</strong></span> 
     </span>
    </p>
   </div>
   <div class='ocr_carea' id='block_1_89' title="bbox 1906 2922 3501 3014">
    <p class='ocr_par' dir='ltr' id='par_1_89' title="bbox 1906 2922 3501 3014">
     <span class='ocr_line' id='line_1_90' title="bbox 1906 2922 3501 3014; baseline 0.016 -38"><span class='ocrx_word' id='word_1_550' title='bbox 1906 2922 2016 2977; x_wconf 87' lang='lat' dir='ltr'><strong>His</strong></span> <span class='ocrx_word' id='word_1_551' title='bbox 2034 2927 2206 2996; x_wconf 88' lang='lat' dir='ltr'><strong>atque</strong></span> <span class='ocrx_word' id='word_1_552' title='bbox 2224 2927 2641 3000; x_wconf 83' lang='lat' dir='ltr'><strong>hujuscemodi</strong></span> <span class='ocrx_word' id='word_1_553' title='bbox 2656 2937 3048 2995; x_wconf 87' lang='lat' dir='ltr'><strong>calamitatum</strong></span> <span class='ocrx_word' id='word_1_554' title='bbox 3064 2944 3257 3014; x_wconf 92' lang='lat' dir='ltr'><strong>malis,</strong></span> <span class='ocrx_word' id='word_1_555' title='bbox 3277 2947 3339 2999; x_wconf 92' lang='lat' dir='ltr'><strong>ut</strong></span> <span class='ocrx_word' id='word_1_556' title='bbox 3352 2962 3501 3014; x_wconf 87' lang='lat' dir='ltr'><strong>prae-</strong></span> 
     </span>
    </p>
   </div>
   <div class='ocr_carea' id='block_1_90' title="bbox 1832 3010 3500 3102">
    <p class='ocr_par' dir='ltr' id='par_1_90' title="bbox 1832 3010 3500 3102">
     <span class='ocr_line' id='line_1_91' title="bbox 1832 3010 3500 3102; baseline 0.014 -38"><span class='ocrx_word' id='word_1_557' title='bbox 1832 3010 2172 3084; x_wconf 88' lang='lat' dir='ltr'><strong>libavimus,</strong></span> <span class='ocrx_word' id='word_1_558' title='bbox 2204 3015 2409 3072; x_wconf 88' lang='lat' dir='ltr'><strong>Galliis</strong></span> <span class='ocrx_word' id='word_1_559' title='bbox 2452 3036 2568 3075; x_wconf 91' lang='lat' dir='ltr'><strong>non</strong></span> <span class='ocrx_word' id='word_1_560' title='bbox 2588 3023 2815 3095; x_wconf 88' lang='lat' dir='ltr'><strong>absque</strong></span> <span class='ocrx_word' id='word_1_561' title='bbox 2844 3027 3077 3095; x_wconf 89' lang='lat' dir='ltr'><strong>piaculo</strong></span> <span class='ocrx_word' id='word_1_562' title='bbox 3105 3010 3500 3102; x_wconf 78' lang='lat' dir='ltr'><strong>quorumlibet</strong></span> 
     </span>
    </p>
   </div>
   <div class='ocr_carea' id='block_1_91' title="bbox 1831 3101 3504 3189">
    <p class='ocr_par' dir='ltr' id='par_1_91' title="bbox 1831 3101 3504 3189">
     <span class='ocr_line' id='line_1_92' title="bbox 1831 3101 3504 3189; baseline 0.014 -36"><span class='ocrx_word' id='word_1_563' title='bbox 1831 3115 1943 3169; x_wconf 91' lang='lat' dir='ltr'><strong>per</strong></span> <span class='ocrx_word' id='word_1_564' title='bbox 1970 3101 2228 3158; x_wconf 83' lang='lat' dir='ltr'><strong>xxxfere</strong></span> <span class='ocrx_word' id='word_1_565' title='bbox 2243 3121 2530 3162; x_wconf 89' lang='lat' dir='ltr'><strong>annorum</strong></span> <span class='ocrx_word' id='word_1_566' title='bbox 2552 3113 2807 3181; x_wconf 88' lang='lat' dir='ltr'><strong>spatium</strong></span> <span class='ocrx_word' id='word_1_567' title='bbox 2828 3114 3082 3187; x_wconf 87' lang='lat' dir='ltr'><strong>lugubre</strong></span> <span class='ocrx_word' id='word_1_568' title='bbox 3113 3101 3364 3189; x_wconf 86' lang='lat' dir='ltr'><strong>detritis,</strong></span> <span class='ocrx_word' id='word_1_569' title='bbox 3387 3123 3504 3175; x_wconf 91' lang='lat' dir='ltr'><strong>Ha-</strong></span> 
     </span>
    </p>
   </div>
   <div class='ocr_carea' id='block_1_92' title="bbox 1833 3190 3502 3278">
    <p class='ocr_par' dir='ltr' id='par_1_92' title="bbox 1833 3190 3502 3278">
     <span class='ocr_line' id='line_1_93' title="bbox 1833 3190 3502 3278; baseline 0.013 -34"><span class='ocrx_word' id='word_1_570' title='bbox 1833 3190 2069 3262; x_wconf 89' lang='lat' dir='ltr'><strong>stingus</strong></span> <span class='ocrx_word' id='word_1_571' title='bbox 2083 3192 2382 3249; x_wconf 89' lang='lat' dir='ltr'><strong>dominum</strong></span> <span class='ocrx_word' id='word_1_572' title='bbox 2404 3211 2578 3251; x_wconf 90' lang='lat' dir='ltr'><strong>suum</strong></span> <span class='ocrx_word' id='word_1_573' title='bbox 2590 3200 2662 3254; x_wconf 91' lang='lat' dir='ltr'><strong>ad</strong></span> <span class='ocrx_word' id='word_1_574' title='bbox 2674 3201 2882 3256; x_wconf 87' lang='lat' dir='ltr'><strong>altiora</strong></span> <span class='ocrx_word' id='word_1_575' title='bbox 2900 3207 3148 3275; x_wconf 90' lang='lat' dir='ltr'><strong>cupiens</strong></span> <span class='ocrx_word' id='word_1_576' title='bbox 3166 3210 3502 3278; x_wconf 87' lang='lat' dir='ltr'><strong>provehere</strong></span> 
     </span>
    </p>
   </div>
   <div class='ocr_carea' id='block_1_93' title="bbox 1832 3277 3489 3366">
    <p class='ocr_par' dir='ltr' id='par_1_93' title="bbox 1832 3277 3489 3366">
     <span class='ocr_line' id='line_1_94' title="bbox 1832 3277 3489 3366; baseline 0.014 -35"><span class='ocrx_word' id='word_1_577' title='bbox 1832 3277 1904 3332; x_wconf 89' lang='lat' dir='ltr'><strong>de</strong></span> <span class='ocrx_word' id='word_1_578' title='bbox 1927 3280 2217 3350; x_wconf 89' lang='lat' dir='ltr'><strong>imperiali</strong></span> <span class='ocrx_word' id='word_1_579' title='bbox 2246 3283 2572 3340; x_wconf 84' lang='lat' dir='ltr'><strong>diademate</strong></span> <span class='ocrx_word' id='word_1_580' title='bbox 2586 3303 2718 3343; x_wconf 91' lang='lat' dir='ltr'><strong>cum</strong></span> <span class='ocrx_word' id='word_1_581' title='bbox 2748 3293 2983 3361; x_wconf 86' lang='lat' dir='ltr'><strong>agmine</strong></span> <span class='ocrx_word' id='word_1_582' title='bbox 3014 3277 3367 3366; x_wconf 79' lang='lat' dir='ltr'><strong>complicum</strong></span> <span class='ocrx_word' id='word_1_583' title='bbox 3400 3315 3489 3354; x_wconf 84' lang='lat' dir='ltr'><strong>ccc</strong></span> 
     </span>
    </p>
   </div>
   <div class='ocr_carea' id='block_1_94' title="bbox 1831 3367 3503 3451">
    <p class='ocr_par' dir='ltr' id='par_1_94' title="bbox 1831 3367 3503 3451">
     <span class='ocr_line' id='line_1_95' title="bbox 1831 3367 3503 3451; baseline 0.014 -31"><span class='ocrx_word' id='word_1_584' title='bbox 1831 3367 1915 3439; x_wconf 91' lang='lat' dir='ltr'><strong>pit</strong></span> <span class='ocrx_word' id='word_1_585' title='bbox 1936 3370 2213 3425; x_wconf 86' lang='lat' dir='ltr'><strong>attentius</strong></span> <span class='ocrx_word' id='word_1_586' title='bbox 2244 3374 2519 3429; x_wconf 87' lang='lat' dir='ltr'><strong>tractare.</strong></span> <span class='ocrx_word' id='word_1_587' title='bbox 2555 3377 2884 3451; x_wconf 88' lang='lat' dir='ltr'><strong>Postremo,</strong></span> <span class='ocrx_word' id='word_1_588' title='bbox 2918 3381 3059 3437; x_wconf 88' lang='lat' dir='ltr'><strong>inito</strong></span> <span class='ocrx_word' id='word_1_589' title='bbox 3090 3386 3318 3440; x_wconf 89' lang='lat' dir='ltr'><strong>consilo</strong></span> <span class='ocrx_word' id='word_1_590' title='bbox 3351 3388 3503 3442; x_wconf 89' lang='lat' dir='ltr'><strong>veli-</strong></span> 
     </span>
    </p>
   </div>
   <div class='ocr_carea' id='block_1_95' title="bbox 1830 3457 3505 3536">
    <p class='ocr_par' dir='ltr' id='par_1_95' title="bbox 1830 3457 3505 3536">
     <span class='ocr_line' id='line_1_96' title="bbox 1830 3457 3505 3536; baseline 0.013 -26"><span class='ocrx_word' id='word_1_591' title='bbox 1830 3457 2031 3512; x_wconf 89' lang='lat' dir='ltr'><strong>volum</strong></span> <span class='ocrx_word' id='word_1_592' title='bbox 2067 3466 2442 3530; x_wconf 87' lang='lat' dir='ltr'><strong>permeantes</strong></span> <span class='ocrx_word' id='word_1_593' title='bbox 2473 3479 2653 3536; x_wconf 90' lang='lat' dir='ltr'><strong>mare,</strong></span> <span class='ocrx_word' id='word_1_594' title='bbox 2697 3468 2943 3525; x_wconf 84' lang='lat' dir='ltr'><strong>Romam</strong></span> <span class='ocrx_word' id='word_1_595' title='bbox 2983 3472 3312 3529; x_wconf 88' lang='lat' dir='ltr'><strong>deliberant</strong></span> <span class='ocrx_word' id='word_1_596' title='bbox 3344 3477 3505 3531; x_wconf 90' lang='lat' dir='ltr'><strong>clan-</strong></span> 
     </span>
    </p>
   </div>
   <div class='ocr_carea' id='block_1_96' title="bbox 1831 3545 3495 3619">
    <p class='ocr_par' dir='ltr' id='par_1_96' title="bbox 1831 3545 3495 3619">
     <span class='ocr_line' id='line_1_97' title="bbox 1831 3545 3495 3619; baseline 0.013 -20"><span class='ocrx_word' id='word_1_597' title='bbox 1831 3545 2060 3602; x_wconf 90' lang='lat' dir='ltr'><strong>destina</strong></span> <span class='ocrx_word' id='word_1_598' title='bbox 2092 3550 2417 3619; x_wconf 90' lang='lat' dir='ltr'><strong>irruptione</strong></span> <span class='ocrx_word' id='word_1_599' title='bbox 2436 3553 2722 3610; x_wconf 88' lang='lat' dir='ltr'><strong>obtinere.</strong></span> <span class='ocrx_word' id='word_1_600' title='bbox 2756 3556 2872 3612; x_wconf 90' lang='lat' dir='ltr'><strong>Sed</strong></span> <span class='ocrx_word' id='word_1_601' title='bbox 2901 3559 3077 3615; x_wconf 89' lang='lat' dir='ltr'><strong>nimia</strong></span> <span class='ocrx_word' id='word_1_602' title='bbox 3109 3565 3312 3618; x_wconf 88' lang='lat' dir='ltr'><strong>exorta</strong></span> <span class='ocrx_word' id='word_1_603' title='bbox 3351 3568 3495 3619; x_wconf 90' lang='lat' dir='ltr'><strong>tem-</strong></span> 
     </span>
    </p>
   </div>
   <div class='ocr_carea' id='block_1_97' title="bbox 1832 3637 3499 3722">
    <p class='ocr_par' dir='ltr' id='par_1_97' title="bbox 1832 3637 3499 3722">
     <span class='ocr_line' id='line_1_98' title="bbox 1832 3637 3499 3722; baseline 0.011 -33"><span class='ocrx_word' id='word_1_604' title='bbox 1832 3637 2078 3707; x_wconf 89' lang='lat' dir='ltr'><strong>pestate,</strong></span> <span class='ocrx_word' id='word_1_605' title='bbox 2111 3637 2185 3691; x_wconf 93' lang='lat' dir='ltr'><strong>ad</strong></span> <span class='ocrx_word' id='word_1_606' title='bbox 2206 3638 2412 3693; x_wconf 90' lang='lat' dir='ltr'><strong>urbem</strong></span> <span class='ocrx_word' id='word_1_607' title='bbox 2441 3640 2628 3697; x_wconf 92' lang='lat' dir='ltr'><strong>Lunis</strong></span> <span class='ocrx_word' id='word_1_608' title='bbox 2659 3644 3070 3718; x_wconf 88' lang='lat' dir='ltr'><strong>dovolvontur,</strong></span> <span class='ocrx_word' id='word_1_609' title='bbox 3096 3654 3273 3705; x_wconf 87' lang='lat' dir='ltr'><strong>vento</strong></span> <span class='ocrx_word' id='word_1_610' title='bbox 3290 3652 3499 3722; x_wconf 89' lang='lat' dir='ltr'><strong>impel—</strong></span> 
     </span>
    </p>
   </div>
   <div class='ocr_carea' id='block_1_98' title="bbox 1832 3724 3499 3798">
    <p class='ocr_par' dir='ltr' id='par_1_98' title="bbox 1832 3724 3499 3798">
     <span class='ocr_line' id='line_1_99' title="bbox 1832 3724 3499 3798; baseline 0.011 -20"><span class='ocrx_word' id='word_1_611' title='bbox 1832 3724 2007 3796; x_wconf 91' lang='lat' dir='ltr'><strong>lente,</strong></span> <span class='ocrx_word' id='word_1_612' title='bbox 2042 3742 2175 3798; x_wconf 87' lang='lat' dir='ltr'><strong>quae</strong></span> <span class='ocrx_word' id='word_1_613' title='bbox 2204 3744 2312 3798; x_wconf 88' lang='lat' dir='ltr'><strong>pro</strong></span> <span class='ocrx_word' id='word_1_614' title='bbox 2357 3730 2453 3784; x_wconf 89' lang='lat' dir='ltr'><strong>sui</strong></span> <span class='ocrx_word' id='word_1_615' title='bbox 2488 3731 2704 3787; x_wconf 90' lang='lat' dir='ltr'><strong>decore</strong></span> <span class='ocrx_word' id='word_1_616' title='bbox 2748 3733 2861 3790; x_wconf 91' lang='lat' dir='ltr'><strong>hoc</strong></span> <span class='ocrx_word' id='word_1_617' title='bbox 2893 3738 3216 3793; x_wconf 89' lang='lat' dir='ltr'><strong>vocabatur</strong></span> <span class='ocrx_word' id='word_1_618' title='bbox 3243 3741 3499 3796; x_wconf 87' lang='lat' dir='ltr'><strong>nomine.</strong></span> 
     </span>
    </p>
   </div>
   <div class='ocr_carea' id='block_1_99' title="bbox 1837 3814 3504 3902">
    <p class='ocr_par' dir='ltr' id='par_1_99' title="bbox 1837 3814 3504 3902">
     <span class='ocr_line' id='line_1_100' title="bbox 1837 3814 3504 3902; baseline 0.011 -35"><span class='ocrx_word' id='word_1_619' title='bbox 1837 3814 2018 3869; x_wconf 91' lang='lat' dir='ltr'><strong>Porro</strong></span> <span class='ocrx_word' id='word_1_620' title='bbox 2054 3816 2217 3871; x_wconf 87' lang='lat' dir='ltr'><strong>cives</strong></span> <span class='ocrx_word' id='word_1_621' title='bbox 2242 3820 2399 3872; x_wconf 89' lang='lat' dir='ltr'><strong>tanta</strong></span> <span class='ocrx_word' id='word_1_622' title='bbox 2429 3821 2656 3876; x_wconf 82' lang='lat' dir='ltr'><strong>attoniti</strong></span> <span class='ocrx_word' id='word_1_623' title='bbox 2687 3824 2904 3893; x_wconf 89' lang='lat' dir='ltr'><strong>classe,</strong></span> <span class='ocrx_word' id='word_1_624' title='bbox 2939 3826 3196 3881; x_wconf 90' lang='lat' dir='ltr'><strong>civitatis</strong></span> <span class='ocrx_word' id='word_1_625' title='bbox 3216 3831 3504 3902; x_wconf 88' lang='lat' dir='ltr'><strong>repagula</strong></span> 
     </span>
    </p>
   </div>
   <div class='ocr_carea' id='block_1_100' title="bbox 1830 3904 3495 3991">
    <p class='ocr_par' dir='ltr' id='par_1_100' title="bbox 1830 3904 3495 3991">
     <span class='ocr_line' id='line_1_101' title="bbox 1830 3904 3495 3991; baseline 0.01 -34"><span class='ocrx_word' id='word_1_626' title='bbox 1830 3904 2018 3974; x_wconf 86' lang='lat' dir='ltr'><strong>portis</strong></span> <span class='ocrx_word' id='word_1_627' title='bbox 2049 3905 2351 3977; x_wconf 90' lang='lat' dir='ltr'><strong>inducunt,</strong></span> <span class='ocrx_word' id='word_1_628' title='bbox 2393 3913 2837 3982; x_wconf 88' lang='lat' dir='ltr'><strong>prepugnacula</strong></span> <span class='ocrx_word' id='word_1_629' title='bbox 2870 3917 2927 3967; x_wconf 89' lang='lat' dir='ltr'><strong>et</strong></span> <span class='ocrx_word' id='word_1_630' title='bbox 2949 3914 3171 3985; x_wconf 80' lang='lat' dir='ltr'><strong>jaculis</strong></span> <span class='ocrx_word' id='word_1_631' title='bbox 3203 3919 3495 3991; x_wconf 88' lang='lat' dir='ltr'><strong>muniunt,</strong></span> 
     </span>
    </p>
   </div>
   <div class='ocr_carea' id='block_1_101' title="bbox 1831 3994 3497 4071">
    <p class='ocr_par' dir='ltr' id='par_1_101' title="bbox 1831 3994 3497 4071">
     <span class='ocr_line' id='line_1_102' title="bbox 1831 3994 3497 4071; baseline 0.011 -26"><span class='ocrx_word' id='word_1_632' title='bbox 1831 3994 2003 4063; x_wconf 86' lang='lat' dir='ltr'><strong>atque</strong></span> <span class='ocrx_word' id='word_1_633' title='bbox 2018 3996 2376 4065; x_wconf 90' lang='lat' dir='ltr'><strong>semetipsos</strong></span> <span class='ocrx_word' id='word_1_634' title='bbox 2395 3997 2701 4053; x_wconf 88' lang='lat' dir='ltr'><strong>hortantur</strong></span> <span class='ocrx_word' id='word_1_635' title='bbox 2712 4002 2785 4054; x_wconf 91' lang='lat' dir='ltr'><strong>ad</strong></span> <span class='ocrx_word' id='word_1_636' title='bbox 2798 4002 3218 4060; x_wconf 87' lang='lat' dir='ltr'><strong>resistendum.</strong></span> <span class='ocrx_word' id='word_1_637' title='bbox 3235 4005 3497 4071; x_wconf 89' lang='lat' dir='ltr'><strong>Quorum</strong></span> 
     </span>
    </p>
   </div>
   <div class='ocr_carea' id='block_1_102' title="bbox 1832 4082 3499 4173">
    <p class='ocr_par' dir='ltr' id='par_1_102' title="bbox 1832 4082 3499 4173">
     <span class='ocr_line' id='line_1_103' title="bbox 1832 4082 3499 4173; baseline 0.011 -39"><span class='ocrx_word' id='word_1_638' title='bbox 1832 4082 2137 4136; x_wconf 90' lang='lat' dir='ltr'><strong>audaciam</strong></span> <span class='ocrx_word' id='word_1_639' title='bbox 2154 4083 2485 4156; x_wconf 86' lang='lat' dir='ltr'><strong>Hastingus</strong></span> <span class='ocrx_word' id='word_1_640' title='bbox 2500 4089 2562 4140; x_wconf 90' lang='lat' dir='ltr'><strong>ut</strong></span> <span class='ocrx_word' id='word_1_641' title='bbox 2579 4090 2884 4158; x_wconf 86' lang='lat' dir='ltr'><strong>comperit,</strong></span> <span class='ocrx_word' id='word_1_642' title='bbox 2910 4096 3070 4146; x_wconf 88' lang='lat' dir='ltr'><strong>ratur</strong></span> <span class='ocrx_word' id='word_1_643' title='bbox 3082 4093 3231 4173; x_wconf 85' lang='lat' dir='ltr'><strong>hanc</strong></span> <span class='ocrx_word' id='word_1_644' title='bbox 3248 4096 3499 4151; x_wconf 85' lang='lat' dir='ltr'><strong>Romam</strong></span> 
     </span>
    </p>
   </div>
   <div class='ocr_carea' id='block_1_103' title="bbox 1831 4168 3490 4253">
    <p class='ocr_par' dir='ltr' id='par_1_103' title="bbox 1831 4168 3490 4253">
     <span class='ocr_line' id='line_1_104' title="bbox 1831 4168 3490 4253; baseline 0.01 -30"><span class='ocrx_word' id='word_1_645' title='bbox 1831 4168 1977 4240; x_wconf 86' lang='lat' dir='ltr'><strong>fore,</strong></span> <span class='ocrx_word' id='word_1_646' title='bbox 2012 4171 2167 4225; x_wconf 91' lang='lat' dir='ltr'><strong>omni</strong></span> <span class='ocrx_word' id='word_1_647' title='bbox 2199 4177 2410 4228; x_wconf 86' lang='lat' dir='ltr'><strong>conatu</strong></span> <span class='ocrx_word' id='word_1_648' title='bbox 2442 4177 2618 4245; x_wconf 74' lang='lat' dir='ltr'><strong>cmpit</strong></span> <span class='ocrx_word' id='word_1_649' title='bbox 2645 4181 2932 4232; x_wconf 89' lang='lat' dir='ltr'><strong>attentare</strong></span> <span class='ocrx_word' id='word_1_650' title='bbox 2962 4196 3078 4250; x_wconf 92' lang='lat' dir='ltr'><strong>quo</strong></span> <span class='ocrx_word' id='word_1_651' title='bbox 3099 4168 3269 4250; x_wconf 81' lang='lat' dir='ltr'><strong>pacto</strong></span> <span class='ocrx_word' id='word_1_652' title='bbox 3295 4186 3490 4253; x_wconf 88' lang='lat' dir='ltr'><strong>possit</strong></span> 
     </span>
    </p>
   </div>
   <div class='ocr_carea' id='block_1_104' title="bbox 1831 4260 3504 4337">
    <p class='ocr_par' dir='ltr' id='par_1_104' title="bbox 1831 4260 3504 4337">
     <span class='ocr_line' id='line_1_105' title="bbox 1831 4260 3504 4337; baseline 0.008 -23"><span class='ocrx_word' id='word_1_653' title='bbox 1831 4275 1960 4314; x_wconf 91' lang='lat' dir='ltr'><strong>eam</strong></span> <span class='ocrx_word' id='word_1_654' title='bbox 1991 4260 2124 4315; x_wconf 92' lang='lat' dir='ltr'><strong>dolo</strong></span> <span class='ocrx_word' id='word_1_655' title='bbox 2152 4261 2452 4317; x_wconf 89' lang='lat' dir='ltr'><strong>invadere.</strong></span> <span class='ocrx_word' id='word_1_656' title='bbox 2486 4263 2749 4336; x_wconf 90' lang='lat' dir='ltr'><strong>Denique</strong></span> <span class='ocrx_word' id='word_1_657' title='bbox 2773 4267 3053 4337; x_wconf 88' lang='lat' dir='ltr'><strong>episcopo</strong></span> <span class='ocrx_word' id='word_1_658' title='bbox 3077 4274 3134 4323; x_wconf 86' lang='lat' dir='ltr'><strong>et</strong></span> <span class='ocrx_word' id='word_1_659' title='bbox 3164 4272 3504 4328; x_wconf 71' lang='lat' dir='ltr'><strong>comitisuae</strong></span> 
     </span>
    </p>
   </div>
   <div class='ocr_carea' id='block_1_105' title="bbox 1828 4348 3507 4429">
    <p class='ocr_par' dir='ltr' id='par_1_105' title="bbox 1828 4348 3507 4429">
     <span class='ocr_line' id='line_1_106' title="bbox 1828 4348 3507 4429; baseline 0.007 -27"><span class='ocrx_word' id='word_1_660' title='bbox 1828 4348 2091 4418; x_wconf 82' lang='lat' dir='ltr'><strong>perfidiae</strong></span> <span class='ocrx_word' id='word_1_661' title='bbox 2130 4350 2435 4405; x_wconf 89' lang='lat' dir='ltr'><strong>ministros</strong></span> <span class='ocrx_word' id='word_1_662' title='bbox 2455 4352 2674 4424; x_wconf 88' lang='lat' dir='ltr'><strong>dirigit,</strong></span> <span class='ocrx_word' id='word_1_663' title='bbox 2707 4355 2991 4410; x_wconf 88' lang='lat' dir='ltr'><strong>mandans</strong></span> <span class='ocrx_word' id='word_1_664' title='bbox 3005 4373 3123 4412; x_wconf 91' lang='lat' dir='ltr'><strong>non</strong></span> <span class='ocrx_word' id='word_1_665' title='bbox 3152 4373 3263 4412; x_wconf 88' lang='lat' dir='ltr'><strong>sua</strong></span> <span class='ocrx_word' id='word_1_666' title='bbox 3293 4363 3507 4429; x_wconf 91' lang='lat' dir='ltr'><strong>sponte</strong></span> 
     </span>
    </p>
   </div>
   <div class='ocr_carea' id='block_1_106' title="bbox 1826 4438 3499 4515">
    <p class='ocr_par' dir='ltr' id='par_1_106' title="bbox 1826 4438 3499 4515">
     <span class='ocr_line' id='line_1_107' title="bbox 1826 4438 3499 4515; baseline 0.008 -25"><span class='ocrx_word' id='word_1_667' title='bbox 1826 4438 1966 4491; x_wconf 89' lang='lat' dir='ltr'><strong>illuc</strong></span> <span class='ocrx_word' id='word_1_668' title='bbox 1998 4438 2319 4508; x_wconf 87' lang='lat' dir='ltr'><strong>appulisse,</strong></span> <span class='ocrx_word' id='word_1_669' title='bbox 2342 4441 2445 4494; x_wconf 90' lang='lat' dir='ltr'><strong>sed</strong></span> <span class='ocrx_word' id='word_1_670' title='bbox 2465 4456 2634 4495; x_wconf 88' lang='lat' dir='ltr'><strong>suam</strong></span> <span class='ocrx_word' id='word_1_671' title='bbox 2651 4444 2915 4513; x_wconf 86' lang='lat' dir='ltr'><strong>repetere</strong></span> <span class='ocrx_word' id='word_1_672' title='bbox 2938 4446 3184 4515; x_wconf 90' lang='lat' dir='ltr'><strong>patriam</strong></span> <span class='ocrx_word' id='word_1_673' title='bbox 3201 4448 3499 4503; x_wconf 88' lang='lat' dir='ltr'><strong>voluisse:</strong></span> 
     </span>
    </p>
   </div>
   <div class='ocr_carea' id='block_1_107' title="bbox 1829 4527 3500 4606">
    <p class='ocr_par' dir='ltr' id='par_1_107' title="bbox 1829 4527 3500 4606">
     <span class='ocr_line' id='line_1_108' title="bbox 1829 4527 3500 4606; baseline 0.008 -26"><span class='ocrx_word' id='word_1_674' title='bbox 1829 4527 2111 4597; x_wconf 82' lang='lat' dir='ltr'><strong>paciﬁcos</strong></span> <span class='ocrx_word' id='word_1_675' title='bbox 2142 4544 2208 4582; x_wconf 91' lang='lat' dir='ltr'><strong>se</strong></span> <span class='ocrx_word' id='word_1_676' title='bbox 2242 4544 2402 4597; x_wconf 88' lang='lat' dir='ltr'><strong>esse,</strong></span> <span class='ocrx_word' id='word_1_677' title='bbox 2437 4546 2640 4599; x_wconf 87' lang='lat' dir='ltr'><strong>pacem</strong></span> <span class='ocrx_word' id='word_1_678' title='bbox 2690 4531 2974 4604; x_wconf 91' lang='lat' dir='ltr'><strong>deinceps</strong></span> <span class='ocrx_word' id='word_1_679' title='bbox 3020 4552 3309 4606; x_wconf 88' lang='lat' dir='ltr'><strong>quaerere,</strong></span> <span class='ocrx_word' id='word_1_680' title='bbox 3349 4539 3406 4591; x_wconf 92' lang='lat' dir='ltr'><strong>et</strong></span> <span class='ocrx_word' id='word_1_681' title='bbox 3432 4552 3500 4593; x_wconf 91' lang='lat' dir='ltr'><strong>se</strong></span> 
     </span>
    </p>
   </div>
   <div class='ocr_carea' id='block_1_108' title="bbox 1830 4616 3504 4696">
    <p class='ocr_par' dir='ltr' id='par_1_108' title="bbox 1830 4616 3504 4696">
     <span class='ocr_line' id='line_1_109' title="bbox 1830 4616 3504 4696; baseline 0.008 -28"><span class='ocrx_word' id='word_1_682' title='bbox 1830 4616 2031 4669; x_wconf 87' lang='lat' dir='ltr'><strong>lethali</strong></span> <span class='ocrx_word' id='word_1_683' title='bbox 2045 4619 2675 4690; x_wconf 87' lang='lat' dir='ltr'><strong>pressumlangore,ab</strong></span> <span class='ocrx_word' id='word_1_684' title='bbox 2698 4622 2786 4675; x_wconf 91' lang='lat' dir='ltr'><strong>eis</strong></span> <span class='ocrx_word' id='word_1_685' title='bbox 2800 4622 3200 4680; x_wconf 87' lang='lat' dir='ltr'><strong>Christianum</strong></span> <span class='ocrx_word' id='word_1_686' title='bbox 3214 4626 3504 4696; x_wconf 84' lang='lat' dir='ltr'><strong>fieritsup-</strong></span> 
     </span>
    </p>
   </div>
   <div class='ocr_carea' id='block_1_109' title="bbox 1830 4704 3503 4781">
    <p class='ocr_par' dir='ltr' id='par_1_109' title="bbox 1830 4704 3503 4781">
     <span class='ocr_line' id='line_1_110' title="bbox 1830 4704 3503 4781; baseline 0.006 -24"><span class='ocrx_word' id='word_1_687' title='bbox 1830 4704 1969 4773; x_wconf 88' lang='lat' dir='ltr'><strong>plici</strong></span> <span class='ocrx_word' id='word_1_688' title='bbox 1999 4721 2177 4774; x_wconf 90' lang='lat' dir='ltr'><strong>prece</strong></span> <span class='ocrx_word' id='word_1_689' title='bbox 2209 4706 2555 4777; x_wconf 85' lang='lat' dir='ltr'><strong>deposcere.</strong></span> <span class='ocrx_word' id='word_1_690' title='bbox 2592 4709 2700 4763; x_wconf 87' lang='lat' dir='ltr'><strong>His</strong></span> <span class='ocrx_word' id='word_1_691' title='bbox 2716 4711 3319 4781; x_wconf 86' lang='lat' dir='ltr'><strong>cpiscopusetcomes</strong></span> <span class='ocrx_word' id='word_1_692' title='bbox 3338 4714 3503 4768; x_wconf 88' lang='lat' dir='ltr'><strong>audi-</strong></span> 
     </span>
    </p>
   </div>
   <div class='ocr_carea' id='block_1_110' title="bbox 1830 4794 3501 4868">
    <p class='ocr_par' dir='ltr' id='par_1_110' title="bbox 1830 4794 3501 4868">
     <span class='ocr_line' id='line_1_111' title="bbox 1830 4794 3501 4868; baseline 0.007 -22"><span class='ocrx_word' id='word_1_693' title='bbox 1830 4794 1933 4863; x_wconf 89' lang='lat' dir='ltr'><strong>tis,</strong></span> <span class='ocrx_word' id='word_1_694' title='bbox 1981 4795 2197 4866; x_wconf 89' lang='lat' dir='ltr'><strong>gaudio</strong></span> <span class='ocrx_word' id='word_1_695' title='bbox 2242 4795 2569 4866; x_wconf 85' lang='lat' dir='ltr'><strong>exhilarati,</strong></span> <span class='ocrx_word' id='word_1_696' title='bbox 2620 4814 2825 4868; x_wconf 89' lang='lat' dir='ltr'><strong>pacem</strong></span> <span class='ocrx_word' id='word_1_697' title='bbox 2882 4817 3017 4856; x_wconf 90' lang='lat' dir='ltr'><strong>cum</strong></span> <span class='ocrx_word' id='word_1_698' title='bbox 3070 4802 3501 4857; x_wconf 90' lang='lat' dir='ltr'><strong>nefandissimo</strong></span> 
     </span>
    </p>
   </div>
   <div class='ocr_carea' id='block_1_111' title="bbox 1832 4882 3504 4962">
    <p class='ocr_par' dir='ltr' id='par_1_111' title="bbox 1832 4882 3504 4962">
     <span class='ocr_line' id='line_1_112' title="bbox 1832 4882 3504 4962; baseline 0.007 -27"><span class='ocrx_word' id='word_1_699' title='bbox 1832 4882 1998 4952; x_wconf 90' lang='lat' dir='ltr'><strong>pacis</strong></span> <span class='ocrx_word' id='word_1_700' title='bbox 2029 4883 2266 4938; x_wconf 90' lang='lat' dir='ltr'><strong>inimico</strong></span> <span class='ocrx_word' id='word_1_701' title='bbox 2299 4883 2534 4940; x_wconf 84' lang='lat' dir='ltr'><strong>firmant</strong></span> <span class='ocrx_word' id='word_1_702' title='bbox 2562 4886 2743 4957; x_wconf 83' lang='lat' dir='ltr'><strong>ﬁtque</strong></span> <span class='ocrx_word' id='word_1_703' title='bbox 2776 4890 3103 4945; x_wconf 90' lang='lat' dir='ltr'><strong>communis</strong></span> <span class='ocrx_word' id='word_1_704' title='bbox 3137 4890 3371 4962; x_wconf 87' lang='lat' dir='ltr'><strong>utrique</strong></span> <span class='ocrx_word' id='word_1_705' title='bbox 3402 4907 3504 4961; x_wconf 84' lang='lat' dir='ltr'><strong>po-</strong></span> 
     </span>
    </p>
   </div>
   <div class='ocr_carea' id='block_1_112' title="bbox 1834 4970 2543 5044">
    <p class='ocr_par' dir='ltr' id='par_1_112' title="bbox 1834 4970 2543 5044">
     <span class='ocr_line' id='line_1_113' title="bbox 1834 4970 2543 5044; baseline 0.008 -21"><span class='ocrx_word' id='word_1_706' title='bbox 1834 4970 1972 5040; x_wconf 89' lang='lat' dir='ltr'><strong>pulo</strong></span> <span class='ocrx_word' id='word_1_707' title='bbox 2001 4971 2170 5026; x_wconf 90' lang='lat' dir='ltr'><strong>urbis</strong></span> <span class='ocrx_word' id='word_1_708' title='bbox 2204 4973 2543 5044; x_wconf 88' lang='lat' dir='ltr'><strong>ingressus.</strong></span> 
     </span>
    </p>
   </div>
   <div class='ocr_carea' id='block_1_113' title="bbox 2490 5062 2862 5119">
    <p class='ocr_par' dir='ltr' id='par_1_113' title="bbox 2490 5062 2862 5119">
     <span class='ocr_line' id='line_1_114' title="bbox 2490 5062 2862 5119; baseline 0.003 -1"><span class='ocrx_word' id='word_1_709' title='bbox 2490 5062 2741 5118; x_wconf 89' lang='lat' dir='ltr'><strong>CAPUT</strong></span> <span class='ocrx_word' id='word_1_710' title='bbox 2789 5065 2862 5119; x_wconf 88' lang='lat' dir='ltr'><strong>X.</strong></span> 
     </span>
    </p>
   </div>
   <div class='ocr_carea' id='block_1_114' title="bbox 1842 5147 3496 5227">
    <p class='ocr_par' dir='ltr' id='par_1_114' title="bbox 1842 5147 3496 5227">
     <span class='ocr_line' id='line_1_115' title="bbox 1842 5147 3496 5227; baseline 0.004 -24"><span class='ocrx_word' id='word_1_711' title='bbox 1842 5147 2132 5214; x_wconf 86' lang='lat' dir='ltr'><strong>Quomodo</strong></span> <span class='ocrx_word' id='word_1_712' title='bbox 2160 5149 2491 5223; x_wconf 86' lang='lat' dir='ltr'><strong>Hastiugus</strong></span> <span class='ocrx_word' id='word_1_713' title='bbox 2517 5158 2802 5223; x_wconf 83' lang='lat' dir='ltr'><strong>reputans</strong></span> <span class='ocrx_word' id='word_1_714' title='bbox 2828 5153 3013 5207; x_wconf 85' lang='lat' dir='ltr'><strong>Lunis</strong></span> <span class='ocrx_word' id='word_1_715' title='bbox 3063 5169 3198 5209; x_wconf 87' lang='lat' dir='ltr'><strong>esse</strong></span> <span class='ocrx_word' id='word_1_716' title='bbox 3236 5154 3496 5227; x_wconf 84' lang='lat' dir='ltr'><strong>Romam,</strong></span> 
     </span>
    </p>
   </div>
   <div class='ocr_carea' id='block_1_115' title="bbox 1877 5239 3467 5312">
    <p class='ocr_par' dir='ltr' id='par_1_115' title="bbox 1877 5239 3467 5312">
     <span class='ocr_line' id='line_1_116' title="bbox 1877 5239 3467 5312; baseline 0.004 -20"><span class='ocrx_word' id='word_1_717' title='bbox 1877 5239 2009 5310; x_wconf 89' lang='lat' dir='ltr'><strong>quia</strong></span> <span class='ocrx_word' id='word_1_718' title='bbox 2045 5239 2105 5292; x_wconf 84' lang='lat' dir='ltr'><strong>vi</strong></span> <span class='ocrx_word' id='word_1_719' title='bbox 2123 5254 2233 5293; x_wconf 84' lang='lat' dir='ltr'><strong>non</strong></span> <span class='ocrx_word' id='word_1_720' title='bbox 2261 5246 2516 5310; x_wconf 85' lang='lat' dir='ltr'><strong>poterat,</strong></span> <span class='ocrx_word' id='word_1_721' title='bbox 2546 5240 2677 5295; x_wconf 86' lang='lat' dir='ltr'><strong>dolo</strong></span> <span class='ocrx_word' id='word_1_722' title='bbox 2705 5241 2860 5312; x_wconf 87' lang='lat' dir='ltr'><strong>cepit</strong></span> <span class='ocrx_word' id='word_1_723' title='bbox 2891 5257 3036 5307; x_wconf 87' lang='lat' dir='ltr'><strong>eam,</strong></span> <span class='ocrx_word' id='word_1_724' title='bbox 3075 5249 3136 5297; x_wconf 85' lang='lat' dir='ltr'><strong>et</strong></span> <span class='ocrx_word' id='word_1_725' title='bbox 3162 5243 3467 5300; x_wconf 68' lang='lat' dir='ltr'><strong>destruxit</strong></span> 
     </span>
    </p>
   </div>
   <div class='ocr_carea' id='block_1_116' title="bbox 1906 5327 3502 5406">
    <p class='ocr_par' dir='ltr' id='par_1_116' title="bbox 1906 5327 3502 5406">
     <span class='ocr_line' id='line_1_117' title="bbox 1906 5327 3502 5406; baseline 0.005 -24"><span class='ocrx_word' id='word_1_726' title='bbox 1906 5327 2164 5382; x_wconf 89' lang='lat' dir='ltr'><strong>Tandem</strong></span> <span class='ocrx_word' id='word_1_727' title='bbox 2179 5330 2474 5385; x_wconf 84' lang='lat' dir='ltr'><strong>scelestus</strong></span> <span class='ocrx_word' id='word_1_728' title='bbox 2487 5329 2561 5382; x_wconf 91' lang='lat' dir='ltr'><strong>ad</strong></span> <span class='ocrx_word' id='word_1_729' title='bbox 2587 5329 2914 5383; x_wconf 78' lang='lat' dir='ltr'><strong>Ecclesium</strong></span> <span class='ocrx_word' id='word_1_730' title='bbox 2928 5330 3113 5386; x_wconf 84' lang='lat' dir='ltr'><strong>fertur</strong></span> <span class='ocrx_word' id='word_1_731' title='bbox 3147 5332 3502 5406; x_wconf 87' lang='lat' dir='ltr'><strong>Hastingus,</strong></span> 
     </span>
    </p>
   </div>
   <div class='ocr_carea' id='block_1_117' title="bbox 1838 5417 3505 5493">
    <p class='ocr_par' dir='ltr' id='par_1_117' title="bbox 1838 5417 3505 5493">
     <span class='ocr_line' id='line_1_118' title="bbox 1838 5417 3505 5493; baseline 0.004 -22"><span class='ocrx_word' id='word_1_732' title='bbox 1838 5432 2008 5471; x_wconf 88' lang='lat' dir='ltr'><strong>sacro</strong></span> <span class='ocrx_word' id='word_1_733' title='bbox 2020 5417 2314 5487; x_wconf 88' lang='lat' dir='ltr'><strong>baptismo</strong></span> <span class='ocrx_word' id='word_1_734' title='bbox 2338 5418 2624 5489; x_wconf 90' lang='lat' dir='ltr'><strong>mergitur</strong></span> <span class='ocrx_word' id='word_1_735' title='bbox 2638 5418 2811 5473; x_wconf 92' lang='lat' dir='ltr'><strong>homo</strong></span> <span class='ocrx_word' id='word_1_736' title='bbox 2824 5424 3108 5473; x_wconf 88' lang='lat' dir='ltr'><strong>versutus</strong></span> <span class='ocrx_word' id='word_1_737' title='bbox 3128 5424 3183 5476; x_wconf 89' lang='lat' dir='ltr'><strong>et</strong></span> <span class='ocrx_word' id='word_1_738' title='bbox 3196 5423 3316 5477; x_wconf 89' lang='lat' dir='ltr'><strong>exit</strong></span> <span class='ocrx_word' id='word_1_739' title='bbox 3328 5439 3505 5493; x_wconf 85' lang='lat' dir='ltr'><strong>rapa-</strong></span> 
     </span>
    </p>
   </div>
   <div class='ocr_carea' id='block_1_118' title="bbox 1838 5505 3504 5578">
    <p class='ocr_par' dir='ltr' id='par_1_118' title="bbox 1838 5505 3504 5578">
     <span class='ocr_line' id='line_1_119' title="bbox 1838 5505 3504 5578; baseline 0.005 -19"><span class='ocrx_word' id='word_1_740' title='bbox 1838 5505 2121 5561; x_wconf 87' lang='lat' dir='ltr'><strong>cissimus</strong></span> <span class='ocrx_word' id='word_1_741' title='bbox 2149 5506 2345 5576; x_wconf 91' lang='lat' dir='ltr'><strong>lupus.</strong></span> <span class='ocrx_word' id='word_1_742' title='bbox 2371 5505 2555 5571; x_wconf 91' lang='lat' dir='ltr'><strong>Quem</strong></span> <span class='ocrx_word' id='word_1_743' title='bbox 2585 5506 2659 5560; x_wconf 91' lang='lat' dir='ltr'><strong>ad</strong></span> <span class='ocrx_word' id='word_1_744' title='bbox 2681 5508 2776 5561; x_wconf 90' lang='lat' dir='ltr'><strong>sui</strong></span> <span class='ocrx_word' id='word_1_745' title='bbox 2795 5508 3119 5578; x_wconf 89' lang='lat' dir='ltr'><strong>perniciem</strong></span> <span class='ocrx_word' id='word_1_746' title='bbox 3148 5526 3181 5564; x_wconf 87' lang='lat' dir='ltr'><strong>a</strong></span> <span class='ocrx_word' id='word_1_747' title='bbox 3203 5511 3362 5567; x_wconf 89' lang='lat' dir='ltr'><strong>fonte</strong></span> <span class='ocrx_word' id='word_1_748' title='bbox 3397 5528 3504 5566; x_wconf 89' lang='lat' dir='ltr'><strong>ex-</strong></span> 
     </span>
    </p>
   </div>
   <div class='ocr_carea' id='block_1_119' title="bbox 1837 5594 3507 5670">
    <p class='ocr_par' dir='ltr' id='par_1_119' title="bbox 1837 5594 3507 5670">
     <span class='ocr_line' id='line_1_120' title="bbox 1837 5594 3507 5670; baseline 0.002 -20"><span class='ocrx_word' id='word_1_749' title='bbox 1837 5594 2059 5666; x_wconf 87' lang='lat' dir='ltr'><strong>cipiunt</strong></span> <span class='ocrx_word' id='word_1_750' title='bbox 2089 5595 2409 5666; x_wconf 91' lang='lat' dir='ltr'><strong>episcopus</strong></span> <span class='ocrx_word' id='word_1_751' title='bbox 2431 5598 2487 5650; x_wconf 88' lang='lat' dir='ltr'><strong>et</strong></span> <span class='ocrx_word' id='word_1_752' title='bbox 2519 5611 2742 5668; x_wconf 90' lang='lat' dir='ltr'><strong>comes,</strong></span> <span class='ocrx_word' id='word_1_753' title='bbox 2762 5596 3017 5669; x_wconf 85' lang='lat' dir='ltr'><strong>hincque</strong></span> <span class='ocrx_word' id='word_1_754' title='bbox 3030 5598 3368 5670; x_wconf 79' lang='lat' dir='ltr'><strong>bajulorum</strong></span> <span class='ocrx_word' id='word_1_755' title='bbox 3380 5616 3507 5654; x_wconf 91' lang='lat' dir='ltr'><strong>ma-</strong></span> 
     </span>
    </p>
   </div>
   <div class='ocr_carea' id='block_1_120' title="bbox 1838 5684 3508 5744">
    <p class='ocr_par' dir='ltr' id='par_1_120' title="bbox 1838 5684 3508 5744">
     <span class='ocr_line' id='line_1_121' title="bbox 1838 5684 3508 5744; baseline 0 -4"><span class='ocrx_word' id='word_1_756' title='bbox 1838 5684 2017 5740; x_wconf 91' lang='lat' dir='ltr'><strong>nibus</strong></span> <span class='ocrx_word' id='word_1_757' title='bbox 2045 5684 2304 5740; x_wconf 89' lang='lat' dir='ltr'><strong>refertur</strong></span> <span class='ocrx_word' id='word_1_758' title='bbox 2334 5684 2407 5739; x_wconf 90' lang='lat' dir='ltr'><strong>ad</strong></span> <span class='ocrx_word' id='word_1_759' title='bbox 2427 5684 2621 5739; x_wconf 87' lang='lat' dir='ltr'><strong>navim</strong></span> <span class='ocrx_word' id='word_1_760' title='bbox 2643 5685 2962 5741; x_wconf 90' lang='lat' dir='ltr'><strong>chrismate</strong></span> <span class='ocrx_word' id='word_1_761' title='bbox 2994 5687 3315 5744; x_wconf 89' lang='lat' dir='ltr'><strong>delibutus.</strong></span> <span class='ocrx_word' id='word_1_762' title='bbox 3361 5689 3508 5742; x_wconf 87' lang='lat' dir='ltr'><strong>Post</strong></span> 
     </span>
    </p>
   </div>
   <div class='ocr_carea' id='block_1_121' title="bbox 1839 5773 3508 5846">
    <p class='ocr_par' dir='ltr' id='par_1_121' title="bbox 1839 5773 3508 5846">
     <span class='ocr_line' id='line_1_122' title="bbox 1839 5773 3508 5846; baseline -0.001 -15"><span class='ocrx_word' id='word_1_763' title='bbox 1839 5774 1975 5846; x_wconf 92' lang='lat' dir='ltr'><strong>hoc,</strong></span> <span class='ocrx_word' id='word_1_764' title='bbox 2008 5773 2360 5844; x_wconf 82' lang='lat' dir='ltr'><strong>intempesta</strong></span> <span class='ocrx_word' id='word_1_765' title='bbox 2390 5774 2585 5831; x_wconf 88' lang='lat' dir='ltr'><strong>noctis</strong></span> <span class='ocrx_word' id='word_1_766' title='bbox 2621 5775 2837 5845; x_wconf 90' lang='lat' dir='ltr'><strong>medio,</strong></span> <span class='ocrx_word' id='word_1_767' title='bbox 2871 5775 3154 5831; x_wconf 88' lang='lat' dir='ltr'><strong>loricatus</strong></span> <span class='ocrx_word' id='word_1_768' title='bbox 3188 5776 3414 5831; x_wconf 89' lang='lat' dir='ltr'><strong>locatur</strong></span> <span class='ocrx_word' id='word_1_769' title='bbox 3444 5775 3508 5830; x_wconf 91' lang='lat' dir='ltr'><strong>in</strong></span> 
     </span>
    </p>
   </div>
  </div>
