3956 6176
117 405 208 469 789
387 397 800 462 HISTORI/E
844 393 1650 460 NORTHMANNORUM
1692 392 1919 454 LIBRI
1968 391 2212 454 OCTO.
2265 426 2343 437 —
2388 391 2641 454 LIBER
2686 390 3144 455 SECUNDUS.

3363 393 3482 455 '790

118 604 378 660 convocata
405 599 633 668 cepiosa
663 613 859 666 manu,
895 596 1365 668 congruentique
1394 595 1701 665 pubertate
1722 575 1784 642 Α
1817 591 2084 646 Rollouis
2112 590 2582 662 quampluribus,
2600 590 3028 645 ceciditGurim
3059 591 3240 646 frater
3261 591 3397 662 ejus
3423 591 3482 646 in

119 692 406 759 ﬂorentium,
431 690 897 760 congregataque
920 686 1287 740 multitudine
1319 685 1527 739 mediae
1561 687 1703 738 aeta-

114 785 186 851 tis,
212 796 411 847 senum,
430 782 596 848 atque
613 777 685 830 ad
709 775 1218 830 exterminandum
1238 774 1700 844 descriptorum,

119 872 250 926 elatis
269 868 485 929 dextris,
505 865 781 920 mandant
813 864 1133 919 silentium.

694 952 947 1008 CAPUT
979 954 1047 1007 ΙΙ.

117 1045 349 1114 Quomodo
395 1043 630 1099 Bellone
678 1042 1015 1097 rebellante
1071 1046 1276 1096 contra
1337 1056 1540 1114 regem
1597 1055 1708 1110 per

167 1116 587 1190 quinquennium,
613 1130 728 1169 rex
757 1114 830 1168 ab
853 1129 922 1168 eo
934 1129 1138 1184 pacem
1162 1113 1389 1183 expetit
1413 1112 1632 1166 dolose.

165 1205 560 1260 Tumultuantes
598 1203 821 1274 pepuli,
857 1217 1159 1256 murmure
1197 1202 1432 1272 penitus
1480 1200 1703 1268 sedato,

114 1296 338 1365 sedisque
358 1293 614 1347 decentis
633 1294 928 1362 suggestu
951 1290 1284 1344 sublimiter
1303 1289 1552 1343 Rollone
1576 1287 1708 1342 suf-

110 1383 244 1451 lecto,
272 1382 383 1436 iniit
411 1397 508 1435 ore
536 1381 847 1435 mellifluo:
911 1402 931 1429 α
954 1379 1096 1444 Vos,
1147 1379 1364 1449 quibus
1400 1377 1707 1431 incalescit

107 1472 336 1541 juvenilis
351 1471 536 1539 ardor,
559 1470 776 1541 quique
799 1469 942 1523 ﬂore
959 1468 1407 1538 praestantiorcs
1423 1466 1568 1520 estis
1588 1466 1709 1518 vir-

108 1559 213 1612 tutis
236 1559 496 1629 alloquor.
531 1557 747 1612 Solerti
775 1559 1076 1627 preposito
1111 1557 1478 1611 reverendos
1505 1558 1708 1624 patres

108 1663 314 1717 avosque
325 1652 374 1701 et
386 1662 639 1718 proavos
658 1644 1446 1700 imitaminor.Convalescitc
1461 1643 1710 1697 viriliter

109 1735 590 1804 etconfortaminor,
607 1739 664 1790 et
692 1751 765 1789 ne
784 1735 1103 1806 aequiperis
1122 1733 1354 1788 vicibus
1373 1734 1490 1788 illis
1506 1733 1706 1787 valea-

107 1825 166 1878 tis
180 1828 540 1897 congruenter
552 1824 868 1879 convenire
887 1823 1356 1895 dedignaminor.
1379 1823 1508 1876 Rex
1527 1822 1709 1892 siqui-

111 1912 209 1967 dem
221 1913 380 1984 hujus
397 1914 570 1985 regni
586 1913 826 1967 molitur
840 1927 952 1967 nos
975 1912 1350 1983 supergredi,
1371 1914 1711 1982 nostraeque

109 2001 441 2056 monarchiam
459 2002 701 2057 ditionis
726 2001 1027 2070 invadere,
1047 2016 1277 2071 nosque
1296 2004 1352 2055 ct
1376 2016 1486 2054 vos
1505 2015 1712 2055 omnes

105 2090 320 2159 perdere,
339 2095 409 2159 et,
428 2096 745 2161 antequam
765 2090 1199 2144 haereditariam
1219 2092 1439 2144 nostrae
1458 2089 1716 2143 domina-

105 2180 240 2233 tionis
257 2184 451 2234 terram
484 2180 800 2249 maneipet,
822 2179 914 2232 sui
945 2179 1255 2250 regiminis
1298 2181 1519 2232 terram
1562 2178 1714 2232 anti-

103 2267 296 2336 cipando
310 2284 817 2339 praeoccupemus,
835 2267 1477 2321 hostiliterresistendo
1496 2267 1712 2321 adven-

103 2356 160 2407 tui
175 2356 497 2428 ejus.»Illico
519 2372 728 2412 omnes
743 2356 836 2410 his
851 2356 1022 2410 dictis
1046 2355 1356 2410 exhilarati
1372 2358 1595 2427 regiam
1610 2359 1717 2410 ter-

103 2459 194 2496 ram
223 2447 575 2517 conglobatis
607 2445 971 2499 exercitibus
1007 2445 1372 2515 invaserunt,
1414 2448 1713 2515 totamque

102 2534 328 2588 saeviente
355 2535 622 2589 Vulcano
646 2535 1093 2604 depopularunt.
1119 2535 1262 2588 Haec
1280 2538 1474 2588 autem
1488 2550 1596 2588 rex
1612 2550 1711 2588 au-

101 2619 452 2690 diens,contra
471 2624 786 2679 Rollonem
809 2628 864 2677 et
898 2623 1138 2677 fratrem
1171 2622 1306 2693 ejus
1338 2622 1540 2677 Gurim
1575 2639 1712 2692 per-

99 2709 232 2779 gitad
251 2713 522 2782 praelium,
558 2714 773 2784 diuque
804 2711 1135 2766 dimicando
1169 2714 1339 2784 terga
1385 2712 1582 2781 vertit,
1620 2712 1715 2765 fu-

100 2798 302 2867 giensad
318 2802 866 2871 praesidiaurbium.
891 2803 1056 2856 Tunc
1089 2802 1260 2856 Rollo
1292 2801 1386 2855 sui
1418 2801 1714 2855 exercitus

99 2891 310 2944 mortuos
331 2892 626 2962 sepelivit,
651 2891 817 2962 regis
847 2895 1042 2945 autem
1079 2890 1414 2944 inhumatos
1455 2891 1710 2960 reliquit.

100 2973 249 3031 Unius
268 2995 398 3034 vero
419 2980 601 3034 lustri
625 2980 813 3049 spatio
833 2983 1252 3049 perseverante
1271 2980 1422 3034 inter
1439 2995 1642 3050 regem
1660 2983 1717 3034 et

103 3062 352 3121 Rollenem
371 3069 594 3138 duello,
616 3068 775 3123 misit
810 3085 918 3122 rex
939 3067 1204 3138 pacificis
1237 3068 1438 3122 verbis
1475 3068 1546 3122 ad
1583 3084 1714 3122 eum

101 3150 382 3223 huiusmodi
417 3158 475 3212 in
516 3157 676 3212 dolo.
719 3178 741 3207 ι
765 3156 924 3210 Nihil
963 3157 1104 3210 mihi
1136 3161 1192 3211 et
1221 3158 1348 3225 tibi,
1374 3157 1490 3210 nisi
1524 3158 1713 3227 gratia

99 3244 602 3316 propinquitatis.Ut
622 3248 958 3318 requiescat
970 3245 1715 3316 respublica,precor,per-

95 3309 234 3398 mitte,
252 3309 305 3388 ut
335 3337 488 3405 quod
528 3335 648 3390 mei
677 3309 836 3406 juris
867 3340 979 3404 est,
1017 3309 1502 3406 meusque-pater
1533 3309 1717 3389 tenuit
1748 3309 1800 3373 Ο

100 3418 230 3474 liceat
263 3439 345 3478 me
378 3425 682 3495 sapienter
720 3425 1061 3494 possidere;
1088 3425 1190 3478 tibi
1216 3427 1410 3478 autem
1441 3426 1597 3494 quod
1630 3409 1716 3482 tui

91 3506 212 3575 juris
232 3515 328 3580 est,
348 3513 628 3583 quodque
644 3511 1015 3582 tuus.Sitque
1045 3513 1200 3567 inter
1217 3528 1309 3566 me
1332 3516 1388 3567 et
1409 3518 1463 3568 te
1497 3530 1609 3582 pax
1657 3519 1714 3570 et

99 3600 526 3656 concordiainext
536 3601 766 3656 ricabili
779 3600 1002 3655 fcedere
1018 3605 1318 3672 compacta
1330 3601 1706 3676 [paciﬁcata]»

97 3681 220 3739 Tunc
247 3689 401 3744 Rullo
420 3696 476 3744 et
496 3690 728 3758 Gurim,
751 3690 1107 3760 illorumque
1143 3691 1379 3760 milites,
1414 3696 1587 3763 atque
1605 3693 1711 3748 de-

98 3774 257 3843 scripti
295 3778 360 3831 ad
397 3779 928 3849 exterminandum,
959 3795 1164 3849 pacem
1209 3781 1708 3838 collaudaverunt.

97 3858 435 3921 Determinato
462 3867 652 3940 igitur
687 3867 1069 3938 conjurandae
1113 3868 1383 3923 amicitiae
1423 3873 1707 3943 tempore,

96 3952 292 4022 uterque
319 3956 474 4010 venit
505 3956 584 4010 ad
626 3956 924 4027 placitum,
971 3958 1309 4029 mutuisque
1365 3960 1712 4014 muneribus

97 4034 220 4093 ditati
241 4040 495 4098 ftederati
530 4049 692 4099 sunt.

681 4132 934 4187 CAPUT
976 4133 1073 4188 III.

100 4209 337 4294 Quomodo
360 4237 474 4277 rex
493 4237 826 4294 aggressus
855 4228 948 4294 est
980 4227 1152 4277 noctu
1185 4223 1467 4279 civitates
1512 4224 1711 4280 Hollo-

146 4289 283 4365 riiset
297 4291 368 4365 de
394 4289 595 4365 morte
621 4292 826 4347 Gurim
862 4292 1080 4365 fratris
1108 4294 1236 4365 ejus
1258 4301 1316 4349 et
1337 4296 1410 4350 de
1453 4297 1713 4351 adventu

148 4356 384 4417 Rollenis
405 4365 468 4417 in
490 4364 785 4418 Scanzam
809 4364 1060 4417 insulam
1085 4356 1210 4419 cum
1233 4381 1347 4420 sex
1364 4367 1638 4422 navibus.

145 4442 371 4521 Denique
402 4452 669 4521 perﬁdus
692 4468 799 4507 rex
820 4452 1190 4507 dolositatem
1221 4458 1518 4524 conceptae
1551 4456 1713 4510 frau-

93 4528 162 4586 dis
175 4535 363 4594 infesto
377 4541 560 4596 corde
574 4541 880 4595 ruminans
896 4546 1219 4597 convocato
1234 4544 1529 4614 quondam
1544 4561 1713 4600 exer-

94 4620 182 4727 Eitu
199 4639 312 4697 suo,
331 4631 387 4683 et
403 4632 579 4684 nocte
599 4645 860 4702 pergens
879 4633 1080 4685 contra
1110 4631 1267 4702 illos,
1306 4632 1712 4705 invadensque
1741 4662 1796 4727 Ι)

95 4707 209 4765 ﬁnes
227 4715 464 4787 illorum,
496 4719 1142 4774 abscondensinsidias
1161 4736 1343 4791 prope
1375 4723 1590 4776 moenia
1625 4723 1712 4777 ci-

93 4796 610 4878 vitatis,eppugnare
633 4808 827 4878 coepit.
852 4808 1015 4862 Tunc
1035 4809 1207 4863 Rollo
1228 4813 1284 4864 et
1304 4809 1507 4864 Gurim
1531 4812 1715 4866 frater

94 4884 195 4952 ejus
212 4895 261 4945 et
285 4896 378 4964 qui
401 4911 540 4950 cum
570 4912 641 4950 eo
660 4896 1163 4967 erant,exilientes
1188 4898 1260 4952 de
1288 4899 1540 4967 civitate,
1573 4917 1712 4970 per-

94 4978 440 5046 sequebantur
461 4999 667 5056 regem
689 4988 857 5057 terga
893 4988 1241 5056 vertentem,
1276 4987 1594 5059 fugamque
1626 4991 1712 5043 si-

94 5064 376 5125 mulantem.
437 5073 850 5145 Transgresso
895 5074 1077 5146 igitur
1118 5075 1313 5130 locum
1360 5076 1714 5132 insidiarum

97 5147 312 5225 Rollone,
331 5176 472 5230 pars
491 5162 1012 5232 qumdamillarum
1054 5163 1125 5218 de
1161 5163 1419 5219 latibulis
1459 5182 1713 5237 egressa

94 5241 200 5331 petit
239 5247 454 5303 urbem.
494 5249 678 5314 Quam
725 5252 1039 5322 armigeris
1084 5267 1329 5308 vacuam
1377 5253 1709 5325 inveniens,

96 5333 320 5403 Incendit,
344 5338 720 5410 omniumque
739 5341 1195 5408 supellectilium
1227 5342 1416 5410 spolia
1445 5343 1560 5398 sibi
1607 5344 1713 5398 de-

95 5412 207 5504 tulit.
227 5419 493 5485 Quaedam
527 5443 664 5482 vero
712 5429 1074 5499 sequebatur
1128 5430 1455 5499 Rollonem,
1509 5448 1712 5504 regem

97 5497 255 5594 hostili
287 5512 635 5570 immanitate
677 5497 1001 5588 fugantem.
1038 5518 1303 5574 Cernens
1365 5497 1559 5574 autem
1580 5497 1714 5576 'rex

95 5603 350 5654 Incensam
361 5603 588 5675 urbem,
606 5605 978 5677 insidiasque
999 5609 1344 5678 praevalere,
1379 5612 1714 5682 retrogres-

96 5689 178 5736 sus
191 5687 549 5754 praeliabatur
573 5696 776 5752 contra
806 5695 992 5754 illum.
1013 5695 1204 5754 Caesis
1253 5713 1398 5755 vero
1430 5713 1503 5755 ex
1548 5703 1712 5769 parte

1818 681 2042 750 praelio.
2059 681 2279 734 Videns
2305 683 2499 734 autem
2522 680 2690 734 Rollo
2712 697 2775 733 sc
2807 681 2955 734 inter
2979 685 3288 752 utrumque
3311 698 3483 736 exer-

1821 771 2018 839 citum,
2054 785 2233 823 unum
2265 769 2467 839 fugam
2510 770 2902 838 simulantem,
2947 769 3193 822 alterum
3239 771 3482 825 latebris

1821 875 2155 930 egressum,
2179 859 2535 928 fratremque
2553 863 2875 926 mortuum;
2908 859 3009 910 vix
3038 858 3326 911 livoribus
3350 860 3483 927 plu-

1821 948 1987 1000 rimi.c
2019 948 2066 998 lc
2089 952 2330 1014 1":‘ns,
2367 963 2498 1001 cum
2527 947 2735 1016 paucis
2782 947 3016 1000 divertit
3060 947 3131 1000 ab
3165 947 3274 1000 eis.
3321 947 3486 1001 Tunc

1821 1051 1926 1089 rex
1954 1036 2237 1089 obsidens
2271 1039 2325 1088 et.
2357 1036 2596 1105 rapiens
2638 1036 2840 1103 urbes,
2877 1035 3156 1105 pepulum
3185 1038 3387 1089 contra
3420 1051 3487 1089 se

1823 1124 2237 1195 objurgantem
2260 1126 2374 1178 sibi
2402 1124 2764 1196 subjugavit.
2786 1126 2957 1178 R0110
2977 1141 3116 1178 vero
3141 1125 3487 1178 morarinon

1822 1214 2026 1267 valens
2058 1213 2116 1266 in
2148 1199 2324 1266 Dacia
2356 1218 2595 1283 propter
2621 1229 2846 1284 regem,
2877 1213 3154 1266 difﬁdens
3179 1213 3273 1266 sui
3297 1214 3486 1266 Scan-

1823 1319 1946 1355 zam
1978 1302 2231 1356 insulam
2265 1318 2397 1355 cum
2429 1317 2538 1354 sex
2567 1302 2819 1355 navibus
2840 1317 3175 1373 aggressus
3200 1302 3488 1355 est.Tunc

1823 1391 2001 1444 Dacia
2031 1391 2124 1459 pio
2157 1391 2325 1460 duce,
2354 1391 2716 1460 patricioquc
2744 1395 2916 1460 atque
2939 1391 3358 1444 robustissimo
3389 1389 3489 1442 ad-

1824 1482 2032 1533 vocato
2063 1479 2308 1549 privata,
2351 1495 2565 1550 magno
2597 1479 2820 1550 ejulatu
2859 1495 3156 1533 concussa
3188 1479 3364 1548 coepit
3394 1478 3487 1531 ni-

1823 1568 2004 1622 mium
2031 1569 2192 1622 ﬂere.

2459 1679 2710 1733 CAPUT
2751 1678 2846 1732 IV.

1821 1769 1908 1824 De
1921 1767 2319 1823 admonitione
2340 1766 2497 1840 facta
2530 1769 2590 1821 in
2614 1767 3090 1840 semnisRolloni
3111 1772 3177 1820 ut
3208 1766 3488 1840 Angliam

2029 1844 2287 1911 peteret,
2315 1847 2374 1893 et
2406 1839 2480 1893 de
2520 1840 2767 1892 victoria
2802 1838 2930 1909 ejus
2960 1838 3034 1892 de
3057 1838 3278 1909 Anglis

1737 1952 1793 2019 Β
1892 1944 2154 2015 Cumque
2186 1944 2284 1998 diu
2332 1943 2556 1998 Scanza
2593 1943 2789 1997 insula
2840 1946 3090 1998 moestus
3140 1946 3488 2011 moraretur,

1822 2033 2192 2104 sollicitaque
2227 2032 2670 2104 contorquentis
2711 2032 3101 2086 animositatis
3135 2032 3493 2103 cogitatione

1823 2126 2107 2189 aestuans,
2125 2123 2427 2176 moliretur
2448 2125 2510 2175 ut
2525 2121 2852 2175 vindicaret
2877 2137 2942 2175 se
2961 2121 3032 2175 de
3051 2121 3310 2175 inimicis
3337 2121 3489 2190 suis,

1822 2211 2174 2281 plurimique
2207 2226 2357 2280 quos
2391 2210 2623 2280 fugarat
2655 2210 2725 2263 de
2761 2211 2937 2262 Dacia
2967 2209 3191 2281 regalis
3223 2210 3491 2262 immani-

1823 2304 1935 2366 tas,
1970 2300 2039 2353 ad
2082 2315 2214 2352 eum
2262 2304 2718 2367 reverterentur,
2753 2299 2938 2352 fessis
2979 2299 3181 2351 labore
3216 2299 3488 2368 artubus,

1825 2405 2040 2458 sepore
2080 2404 2431 2457 Oppressus,
2466 2403 2584 2440 vox
2631 2387 2828 2440 divina
2859 2387 2942 2439 illi
2993 2387 3210 2454 sonuit,
3247 2386 3489 2454 dicens;

1830 2500 1850 2524 «
1880 2478 2068 2546 Bello,
2099 2477 2382 2532 velociter
2401 2479 2861 2548 surge,pontum
2881 2477 3230 2530 festinanter
3250 2477 3490 2546 navigio

1825 2569 2197 2620 transmeans
2226 2567 2300 2619 ad
2332 2568 2560 2638 Anglos
2591 2581 2775 2636 perge
2812 2583 2822 2619 :
2859 2566 2937 2619 ibi
2969 2565 3174 2619 audies
3207 2565 3368 2634 quod
3418 2564 3490 2618 ad

1824 2657 2070 2724 patriam
2104 2671 2318 2725 sospes
2351 2655 2689 2722 reverteris,
2726 2657 3126 2724 perpetuaque
3158 2669 3303 2723 pace
3334 2654 3392 2706 in
3424 2668 3492 2707 ea

1826 2745 1953 2798 sine
1969 2744 2314 2798 detrimento
2334 2743 2578 2798 frueris.
2601 2769 2622 2792 »ι
2643 2744 2770 2797 Hoc
2789 2743 3084 2797 somnium
3106 2759 3241 2797 cum
3260 2743 3493 2796 cuidam

1826 2834 2077 2903 sapienti
2105 2833 2231 2886 viro
2265 2836 2322 2886 et
2363 2833 2733 2887 Christicolae
2779 2833 3104 2902 retulisset,
3137 2831 3488 2902 hujusmodi

1825 2937 2100 2975 sermone
2134 2922 2550 2991 interpretatus
2589 2923 2717 2975 est:
2759 2943 2779 2971 α
2818 2921 2903 2974 Tu
2929 2925 3214 2991 vergente
3253 2920 3494 2974 venturi

1824 3010 2106 3079 temporis
2129 3026 2326 3073 cursu,
2354 3011 2740 3064 sacrosancto
2758 3010 3110 3078 baptismate
3129 3008 3489 3078 purifieabe-

1823 3099 1930 3167 ris,
1954 3099 2220 3169 praedign
2231 3114 2418 3169 usque
2431 3098 2785 3152 Christicola
2799 3098 3102 3166 efﬁcieris,
3121 3100 3178 3150 et
3195 3097 3267 3150 ab
3283 3112 3488 3151 errore

1824 3187 2160 3241 fluctuantis
2175 3187 2460 3240 saeculiad
2479 3187 2728 3257 Anglos,
2746 3187 3010 3256 Angelos
3026 3185 3272 3254 scilicet,
3296 3200 3487 3256 usque

1825 3277 1962 3329 olim
1990 3275 2325 3345 pervenies,
2344 3290 2664 3344 pacemque
2687 3274 2962 3343 perennis
2990 3275 3195 3344 gloriae
3211 3290 3346 3327 cum
3367 3274 3486 3328 illis

1824 3365 2094 3418 habebis.
2133 3387 2153 3411 »
2188 3363 2348 3416 Illico
2380 3363 2510 3416 vela
2539 3363 2790 3416 navibus
2814 3366 3042 3431 aptans,
3065 3362 3364 3432 remisque
3383 3377 3486 3416 eas

1823 3469 2142 3522 exornans,
2178 3455 2349 3522 atque
2392 3451 2704 3520 frumento,
2747 3452 2904 3518 vino,
2959 3451 3263 3522 tergisque
3313 3467 3488 3505 suum

1823 3558 1924 3596 eas
1957 3557 2230 3610 onerans,
2273 3541 2590 3594 velivolum
2631 3556 2790 3594 mare
2835 3541 3108 3594 celeriter
3147 3555 3483 3609 permeans,

1823 3630 2050 3701 Anglos
2069 3630 2434 3702 aggreditur,
2466 3629 2661 3700 ibique
2690 3630 2902 3683 morari
2933 3629 3126 3698 quiete
3158 3628 3259 3681 diu
3290 3628 3485 3698 suspi-

1825 3723 2008 3773 catur.
2061 3719 2382 3772 Audientes
2423 3722 2616 3772 autem
2653 3718 2810 3772 illius
2861 3717 3140 3772 territorii
3185 3732 3486 3788 pagenses

1825 3808 1981 3877 quod
2012 3807 2180 3862 Rollo
2214 3807 2408 3860 Dacus
2441 3807 2762 3874 adveniret,
2784 3808 2967 3861 aciem
2991 3821 3262 3876 magnam
3285 3809 3486 3860 contra

1826 3894 1987 3947 illum
2020 3895 2500 3962 construxerunt,
2523 3909 2773 3963 eumque
2798 3895 2868 3946 ab
2893 3893 3010 3946 illis
3030 3893 3248 3946 ﬁnibus
3273 3893 3484 3964 fugare

1825 3981 2010 4036 conati
2037 3980 2317 4044 sunt.Qui
2341 3997 2501 4035 more
2522 3983 2694 4035 solito
2714 3982 3114 4035 indubitanter
3130 3996 3388 4053 pergens
3413 3981 3487 4034 ad

1821 4070 2238 4140 prmlium,illis
2258 4071 2534 4138 occurrit,
2549 4071 2959 4140 plurimosque
2979 4070 3210 4124 illorum
3224 4074 3485 4139 prostra-

1821 4160 2104 4228 vit,atque
2120 4160 2465 4212 caeterorum
2489 4159 2633 4229 fuga
2656 4160 3009 4212 vertentium
3021 4159 3202 4212 dorsa
3215 4158 3385 4212 hasta
3406 4160 3486 4213 fa-

1823 4246 2047 4319 tigavit.
2072 4247 2334 4317 Denique
2367 4261 2665 4316 pagenses
2685 4246 2984 4316 prioribus
3014 4247 3217 4316 plures
3238 4262 3485 4303 .coacer-

1823 4339 2261 4406 vantes,contra
2279 4335 2589 4390 Rollonem
2602 4335 2813 4388 iterum
2830 4334 3016 4387 aciem
3034 4335 3313 4406 dirigunt,
3330 4350 3487 4389 eum-

1825 4441 1938 4496 que
1953 4424 2281 4493 oeciderea,
2298 4428 2360 4478 ut
2377 4424 2515 4494 fuga
2539 4423 2656 4476 labi
2677 4422 2738 4495 [f-
2760 4423 3143 4494 supplendum
3157 4421 3381 4494 facere]
3395 4439 3486 4478 co-

1824 4516 2054 4568 nantur.
2073 4513 2172 4567 Ille
2195 4528 2336 4567 vero
2352 4513 2566 4566 studiis
2581 4513 2720 4566 belli
2735 4512 3003 4581 edoctus,
3027 4512 3484 4581 certaminisque

1821 4603 2178 4656 necessitate
2199 4601 2588 4670 asperrimus,
2608 4601 2777 4672 galea
2797 4617 2939 4655 auro
2963 4601 3210 4656 mirifice
3231 4605 3480 4669 compta,

1825 4688 2390 4761 triplieique[trilici]
2431 4690 2612 4743 lorica
2634 4690 2892 4758 indutus,
2929 4695 3134 4743 contra
3156 4690 3486 4760 objurgan-

1823 4781 1966 4834 tium
1986 4778 2551 4848 etproﬁciscentium
2567 4778 2622 4831 in
2642 4794 2709 4833 se
2725 4782 2947 4832 turmas
2967 4779 3296 4849 armigeras
3321 4778 3485 4831 velo-

1827 4869 1973 4922 citer
2001 4871 2174 4937 atque
2203 4867 2602 4922 indubitanter
2621 4869 2898 4936 porrexit,
2933 4868 3232 4936 milliaquc
3253 4867 3487 4920 illorum

1825 4957 2158 5010 immaniter
2171 4956 2489 5025 prostravit
2509 4956 2750 5009 victrice
2765 4972 2960 5025 manu,
2980 4956 3274 5025 celerique
3307 4971 3487 5009 cursu

1824 5045 2115 5115 profugos
2131 5044 2865 5115 persequens,multosque
2880 5044 3208 5113 principum
3223 5045 3484 5113 capiens.

1825 5134 1965 5188 Inde
1992 5133 2065 5186 ad
2091 5133 2287 5186 locum
2317 5132 2848 5202 prmliirevertens,
2884 5133 3221 5187 occisorum
3242 5148 3490 5203 corpora

1823 5224 1984 5276 terra
2007 5222 2223 5289 condit,
2246 5225 2614 5290 caeterosque
2638 5221 2832 5291 plagis
2857 5220 3109 5274 infectos
3136 5221 3488 5292 deportavit,

1828 5314 2148 5380 captosque
2178 5310 2429 5363 navibus
2449 5310 2785 5363 connexuit.
2813 5310 2975 5363 Tunc
3000 5310 3252 5364 trimodo
3285 5327 3492 5365 errore

1828 5403 2112 5466 aestuans,
2148 5398 2201 5452 si
2231 5398 2467 5451 Daciam
2499 5400 2808 5468 repeteret,
2846 5415 2916 5452 an
2951 5398 3259 5452 Franciam
3291 5415 3497 5471 perge-

1826 5492 1947 5554 ret,
2004 5491 2102 5542 aut
2166 5486 2476 5557 Anglicam
2533 5489 2752 5540 terram
2810 5488 3032 5556 praeliis
3093 5487 3387 5560 afﬂigeret
3441 5490 3499 5542 et

1828 5577 1944 5632 sibi
1972 5577 2315 5644 vindicaret,
2352 5575 2529 5645 coepit
2559 5577 2807 5647 anxiari,
2830 5577 3074 5631 nimium
3105 5592 3219 5648 que
3250 5575 3494 5632 tristari.
