3956 6176
475 368 591 432 ’791

1129 556 1381 614 CAPUT
1421 555 1492 610 V.

481 659 572 716 De
609 655 837 712 somnio
865 651 994 724 ejus
1017 655 1076 724 et
1108 648 1182 703 de
1196 645 1595 724 expositione
1631 639 1822 724 ipsius
1856 636 2072 693 somnii
2113 652 2144 690 a

907 712 1150 795 Quodam
1183 712 1528 773 Christiano
1558 712 1734 768 facta.

478 819 626 875 Cum
646 819 839 873 autem
854 808 1273 884 hujuscemodi
1288 802 1833 878 perturbationibus
1856 798 2148 854 sollicitus

479 908 754 974 haereret,
770 903 1164 970 hominesque
1177 897 1441 967 regionis
1467 893 1625 946 illius
1644 890 1849 946 ditioni
1866 904 1994 943 suae
2009 887 2148 942 ﬁde-

480 998 660 1053 litatis
684 994 872 1068 gratia
903 989 1256 1059 vinculoque
1289 1000 1426 1039 sese
1459 982 1592 1052 subj
1604 983 1871 1052 ugarent,
1893 977 2150 1048 quadam

480 1089 652 1144 nocte
683 1065 1033 1154 soporifera,
1069 1078 1280 1132 letheae
1319 1073 1492 1128 molis
1522 1072 1716 1143 quiete
1750 1085 1855 1139 per
1885 1065 2149 1121 membra

479 1178 688 1232 leviter
719 1176 1014 1241 serpente,
1049 1169 1252 1221 videre
1295 1163 1604 1217 videbatur
1650 1154 2144 1229 praecellentissi-

476 1282 612 1322 mus
625 1258 1275 1336 quodampraecelsiore
1291 1251 1556 1307 Franciae
1574 1246 1952 1303 habitationis
1972 1260 2140 1299 mon-

477 1360 533 1411 te
561 1371 628 1410 se
645 1335 924 1424 positum,
951 1348 1204 1420 ejusque
1236 1342 1453 1398 montis
1490 1341 1551 1393 in
1591 1337 1897 1394 cacumine
1929 1335 2149 1390 fontem

475 1444 764 1516 liquidum
795 1443 852 1495 et
870 1436 1250 1502 odoriferum,
1287 1446 1472 1503 seque
1495 1429 1553 1482 in
1583 1443 1653 1483 eo
1694 1426 1856 1481 ablui
1887 1427 1943 1480 et
1975 1424 2046 1478 ab
2077 1438 2148 1477 eo

478 1512 707 1604 expiari
737 1528 1088 1599 contagione
1119 1525 1303 1592 leprae
1335 1523 1391 1574 et
1419 1516 1727 1589 prurigine
1785 1512 2149 1570 contamina-

476 1626 620 1678 tum.
655 1619 922 1689 Denique
940 1615 1100 1670 illius
1123 1611 1340 1667 montis
1373 1607 1678 1664 cacumine
1711 1605 1903 1658 adhuc
1934 1617 2149 1671 super-

481 1716 629 1783 stes,
663 1712 826 1767 cirea
852 1707 1046 1762 basim
1079 1701 1238 1756 illius
1298 1699 1436 1753 hinc
1497 1696 1632 1750 inde
1678 1696 1734 1749 et
1790 1693 2148 1746 altrinsecus

477 1779 660 1858 multa
687 1799 868 1854 millia
887 1795 1081 1850 avium
1094 1792 1467 1847 diversorum
1489 1799 1675 1857 gener
1703 1799 1801 1836 um
1817 1781 1968 1835 varii
1990 1779 2146 1835 colo-

1213 352 1650 420 WILLELMI
1679 348 2032 414 CALCULI
2060 343 2744 410 GEMMETICENSIS
2777 341 3166 407 MONACHI

3723 349 3808 415 '79?

2169 527 2230 590 Α
2259 547 2443 620 igitur
2458 544 2813 600 mirabilium
2825 541 3361 614 interpretationum
3372 542 3696 600 sermonibus
3709 546 3810 602 Rei.

2258 638 2314 692 lo
2347 635 2734 705 exhilaratus,
2767 633 3019 688 visionis
3049 649 3176 686 suae
3222 631 3567 702 interpretem
3594 638 3810 690 caeteros-

2258 742 2371 797 que
2398 741 2549 798 quos
2568 724 2724 779 bello
2745 725 2999 793 ceperat,
3016 721 3270 776 vinculis
3287 722 3467 788 solvit,
3487 722 3646 776 variis
3657 739 3813 780 mune-

2255 817 2423 871 ribus
2445 818 2502 872 et
2531 814 2703 870 donis
2737 813 2994 868 diversis
3015 813 3228 866 ditatos
3246 811 3314 865 ad
3339 826 3439 866 sua
3466 813 3614 867 laetos
3629 815 3815 868 remisit.

2894 900 3146 955 CAPUT
3180 900 3274 954 V'I.

2255 994 2343 1050 De
2377 993 2648 1048 AIstemo
2675 1007 2822 1061 rege
2850 989 3179 1061 Anglorum
3217 988 3701 1061 Christianissimo,
3727 1007 3819 1045 cum

2246 1097 2252 1100 ~
2329 1082 2441 1137 quo
2471 1065 2609 1118 iniit
2640 1060 2807 1118 Bello
2843 1060 3038 1117 [ludus
3076 1060 3502 1115 indissolubilis
3527 1062 3768 1116 amicitiae.

2325 1155 2408 1208 Eo
2438 1169 2690 1224 namque
2724 1155 3003 1221 tempore,
3025 1165 3133 1204 rex
3154 1149 3469 1221 Anglorum
3486 1150 3827 1205 christianissi-

2255 1260 2409 1314 mus,
2443 1243 2679 1299 nomine
2718 1241 3053 1312 Alstemus,
3105 1240 3362 1295 omnium
3406 1239 3660 1294 bonorum
3684 1240 3822 1292 titulis

2256 1335 2594 1400 exornatus,
2631 1331 3032 1386 sacrosanctae
3063 1329 3350 1384 Ecclesia
3370 1328 3678 1400 praedignus
3702 1330 3829 1383 advo-

2257 1429 2445 1492 catus,
2471 1422 2738 1477 habenas
2773 1420 2946 1492 regni
2975 1420 3308 1490 Anglorum
3335 1419 3644 1473 moderabat
3675 1418 3828 1487 piissi-

2254 1511 2534 1568 mus.Cui
2555 1511 2830 1566 continuo
2854 1508 3027 1564 Rollo
3062 1509 3294 1580 legatos
3330 1521 3468 1562 suos
3495 1506 3636 1560 misit
3663 1511 3707 1560 et
3729 1505 3830 1576 quid

2256 1603 2520 1658 dicerent
2544 1600 2792 1656 auribus
2841 1599 3075 1653 illorum
3108 1596 3412 1652 intimavit.
3449 1594 3549 1660 Qui
3591 1595 3829 1649 venientes

2255 1692 2328 1748 ad
2368 1707 2522 1760 eum,
2555 1691 2651 1760 pio
2683 1689 2850 1744 vocis
2877 1685 3089 1742 affectu
3118 1684 3442 1741 submissis
3469 1683 3698 1738 vultibus
3723 1683 3832 1737 dixe-

2257 1784 2420 1836 runt:
2444 1778 2749 1834 «Omnium
2765 1775 3347 1849 praepotentissimus
3360 1773 3642 1845 patricius,
3656 1772 3831 1842 duxque

477 1892 590 1960 ris,
617 1889 896 1944 sinistras
918 1884 1043 1937 alas
1065 1878 1384 1952 quinetiam
1398 1873 1763 1930 rubicundas
1780 1871 2141 1938 habentium,
2173 1908 2226 1970 Β
2258 1871 2554 1925 Dacorum
2571 1866 3162 1938 praecellentissimus
3194 1865 3387 1933 Rollo,
3411 1865 3599 1918 noster
3623 1860 3781 1916 senior
3794 1861 3833 1913 et

480 1957 731 2052 quarum
761 1972 993 2029 diffusae
1011 1968 1433 2040 longelateque
1445 1961 1834 2016 multitudinis
1855 1957 2146 2014 inexhau-

482 2048 635 2125 stam
673 2062 1100 2121 extremitatem
1128 2053 1460 2127 perspicaci
1500 2054 1556 2106 et
1587 2051 1900 2121 angustata
1941 2048 2146 2102 obtutu

481 2173 601 2213 non
631 2155 861 2226 poterat
889 2144 1414 2218 comprehendere.
1447 2143 1759 2206 Caeterum,
1795 2134 2145 2209 congruenti

479 2225 726 2302 incessu
791 2245 965 2311 atque
1016 2237 1219 2291 volatu
1280 2249 1383 2289 eas
1433 2230 1549 2286 sibi
1605 2228 1846 2283 alternis
1910 2225 2145 2280 vicibus

478 2335 736 2391 invicem
767 2330 1046 2386 cedentes
1079 2325 1299 2379 fontem
1331 2321 1548 2375 montis
1571 2322 1790 2389 petere,
1823 2331 2046 2387 easque
2077 2329 2144 2368 se

479 2419 856 2480 eonvenienti
897 2415 1210 2484 natatione,
1275 2411 1450 2466 sicuti
1480 2409 1674 2463 solent
1729 2411 1990 2476 tempore
2049 2403 2144 2458 fu-

476 2517 628 2568 turae
653 2509 870 2581 pluviae
903 2507 1163 2561 abluere.
1210 2501 1615 2569 Omnibusque
1647 2496 1798 2550 mira
1847 2493 2142 2548 infusione

479 2600 781 2668 delibutis,
828 2610 1092 2666 congrua
1135 2607 1236 2646 eas
1286 2589 1537 2644 statione
1599 2586 1727 2639 sine
1786 2583 2141 2637 discretione

481 2704 769 2763 generum
798 2690 855 2741 et
887 2683 1241 2754 specierum,
1279 2680 1408 2734 sine
1433 2677 1552 2731 ullo
1585 2673 1977 2729 contentionis
2004 2669 2142 2741 jur-

480 2780 604 2852 gio,
674 2779 876 2831 mutuo
942 2771 1214 2826 vicissim
1278 2771 1453 2838 pastu
1510 2764 1678 2835 quasi
1762 2760 2144 2815 amicabiliter

480 2848 812 2933 comedere,
847 2877 1068 2933 easque
1101 2857 1424 2929 deportatis
1455 2852 1811 2908 ramusculis
1843 2848 2143 2904 festinanti

477 2957 682 3012 labore
703 2953 1004 3008 nidificare
1031 2966 1045 3020 ;
1073 2949 1214 3020 quin
1239 2947 1410 3001 etiam
1443 2941 1878 3013 suaejussionis
1896 2937 2142 3008 imperio

477 3043 808 3101 voluntarie
865 3039 1275 3096 succumbere.
1330 3034 1469 3087 Mox
1528 3028 2020 3101 exspergefactus
2087 3027 2145 3080 et

476 3134 732 3189 visionis
764 3147 938 3203 quam
973 3128 1203 3181 viderat
1232 3121 1647 3188 reminiscens,
1680 3116 1990 3172 accersitis
2022 3130 2142 3167 ma-

472 3224 708 3296 joribus
768 3219 1100 3292 principum
1149 3214 1454 3285 captisque
1502 3209 1706 3281 praelio
1769 3203 2140 3276 principibus

477 3313 655 3368 simul
695 3311 920 3377 ascitis,
965 3320 1197 3362 omnem
1243 3302 1426 3373 hujus
1482 3297 1733 3352 visionis
1782 3295 1999 3349 seriem
2047 3292 2141 3344 in-

477 3403 821 3458 cunctanter
852 3395 1156 3462 disseruit,
1189 3396 1245 3446 et
1275 3390 1415 3461 quid
1448 3387 1629 3458 hujus
1658 3384 1909 3438 visionis
1940 3380 2141 3451 mysti-

477 3507 612 3546 cum
643 3489 924 3543 sentirent
963 3485 1036 3538 ab
1069 3483 1158 3536 eis
1190 3478 1452 3550 inquirit.
1496 3477 1659 3529 Tunc
1693 3473 1921 3528 cunctis
1953 3469 2141 3525 conti-

477 3578 772 3645 centibus,
821 3575 1125 3644 captorum
1164 3584 1320 3622 unus
1349 3564 1704 3621 Christianae
1734 3557 2140 3634 religiositatis

477 3667 593 3722 fide
623 3665 907 3732 imbutus,
930 3657 1230 3730 praesagio
1263 3655 1478 3708 divinae
1508 3651 1914 3723 inSpirationis
1945 3663 2143 3719 asper-

479 3771 586 3810 sus
619 3752 937 3824 mysticum
984 3747 1152 3802 illius
1184 3743 1436 3800 visionis
1468 3742 1829 3796 intellectum
1861 3739 2140 3810 explana-

479 3846 583 3914 vit,
617 3843 824 3897 dicens
859 3855 872 3895 :
913 3863 935 3887 «
961 3838 1134 3892 Mons
1157 3835 1444 3902 Franciae,
1480 3848 1596 3904 quo
1629 3835 1786 3886 stare
1816 3827 2138 3897 videbaris,

478 3932 752 3988 Ecclesia
777 3929 938 3984 illius
969 3927 1336 3999 designatur.
1372 3922 1552 3992 Fons,
1585 3920 1685 3993 qui
1714 3920 1773 3974 in
1806 3917 2139 3973 summitate

476 4021 695 4077 montis
726 4022 869 4086 erat,
899 4016 1232 4088 baptismus
1266 4010 1736 4085 regenerationis
1785 4009 2138 4079 interpreta-

472 4115 588 4166 tur.
633 4111 754 4164 Per
811 4109 1034 4179 lepram
1088 4103 1475 4176 pruriginem,
1537 4115 1651 4170 quo
1703 4097 1957 4151 infectus
2002 4109 2138 4149 eras

474 4197 916 4255 commissionis
941 4200 1057 4250 tuas
1077 4193 1305 4248 scelera
1339 4194 1393 4245 et
1405 4193 1646 4261 peccata
1680 4185 2134 4241 animadvertes.

471 4290 554 4344 Te
583 4289 642 4342 in
674 4303 743 4342 eo
775 4285 936 4340 ablui
965 4289 1021 4339 et
1051 4283 1124 4336 ab
1159 4297 1228 4336 eo
1257 4281 1438 4350 leprae
1461 4275 1906 4348 pruriginisque
1930 4273 2136 4327 morbo

469 4377 814 4448 expurgari,
846 4378 903 4429 te
935 4375 1174 4426 lavacro
1209 4370 1366 4424 sacri
1394 4365 1764 4437 baptismatis
1795 4359 2138 4434 regenerari

470 4470 528 4522 et
556 4467 629 4520 ab
658 4465 932 4520 omnibus
963 4461 1223 4532 peccatis
1250 4457 1574 4513 emundari.
1600 4457 1712 4509 Per
1734 4455 2008 4508 volucres
2041 4450 2131 4504 di-

466 4570 781 4610 versorum
797 4566 1086 4624 generum
1109 4549 1292 4604 laevas
1315 4549 1438 4601 alas
1462 4545 1748 4599 habentes
1770 4544 2051 4613 puniceas
2075 4541 2130 4594 et

466 4660 716 4718 quarum
732 4641 1188 4695 inlinitissimam
1212 4636 1641 4691 extremitatem
1661 4631 1974 4687 exhaurire
1992 4630 2127 4682 visu

464 4751 581 4789 non
603 4735 862 4803 poteras,
880 4729 1113 4783 homine
1128 4726 1499 4779 diversarum
1530 4720 1973 4792 provinciarum
1992 4734 2126 4772 scu-

459 4823 642 4878 tulata
670 4819 912 4875 brachia
945 4817 1253 4882 habentes,
1277 4813 1477 4884 tuique
1511 4810 1701 4866 effecti
1725 4809 1952 4877 ﬁdeles,
1985 4823 2128 4877 quo-

459 4928 593 4967 rum
612 4913 978 4964 innumeram
1009 4904 1437 4960 multitudinem
1463 4901 1844 4955 coadunatam
1866 4895 2121 4964 videbis,

460 5002 656 5056 animo
698 4997 1130 5070 deprehendas.
1173 4994 1288 5047 Per
1323 4992 1493 5045 alites
1526 4991 1684 5046 fonte
1715 4989 1947 5042 infusus
1979 4989 2036 5040 et
2065 4987 2125 5038 in

459 5106 530 5144 eo
578 5089 907 5143 alternatim
955 5085 1207 5153 ablutas,
1272 5081 1684 5150 communique
1761 5075 2124 5130 eomestione

459 5178 722 5245 edentes,
731 5177 1010 5246 populum
1023 5175 1277 5242 antiquae
1291 5171 1518 5225 fraudis
1534 5168 1806 5238 contagio
1819 5165 2122 5236 pollutum,

455 5263 652 5336 typico
693 5265 1039 5333 baptismate
1069 5260 1425 5315 abluendum
1447 5256 1818 5312 sacrosancti
1848 5253 2122 5323 corporis

457 5355 514 5408 et
526 5353 836 5422 sanguinis
859 5352 1076 5404 Christi
1093 5349 1368 5404 alimonia
1387 5346 1800 5418 saginandum.
1821 5344 1934 5397 Per
1948 5343 2121 5396 nidos

453 5457 609 5514 quos
641 5441 796 5494 circa
853 5441 1070 5493 fontem
1121 5439 1431 5505 faciebant,
1466 5437 1827 5489 vastatarum
1880 5431 2113 5485 urbium

453 5531 668 5587 moenia
690 5528 1102 5584 reaedificanda
1126 5527 1407 5597 intellige.
1434 5525 1720 5579 Tibiaves
1743 5522 2115 5575 diversarum

451 5620 788 5691 specierum
801 5616 1307 5686 obtemperabunt,
1323 5614 1428 5668 tibi
1445 5613 1714 5668 homines
1740 5611 2114 5664 diversorum

450 5724 773 5785 regnorum
815 5705 1131 5764 serviendo
1186 5703 1504 5760 accubitati
1559 5700 1852 5758 obedient.
1916 5722 1938 5748 »
2001 5697 2112 5753 His

2154 4598 2210 4662 D

2259 1962 2603 2029 advocatus,
2634 1958 2741 2013 tibi
2779 1957 2950 2011 ﬁdele
2995 1955 3323 2023 servitium,
3365 1954 3588 2025 tuisque
3629 1950 3833 2005 amicitia

2251 2066 2469 2106 munus
2495 2046 2932 2103 inconvulsum.
2964 2044 3267 2116 Magnum,
3301 2043 3525 2098 domine
3552 2055 3664 2108 rex,
3691 2037 3834 2091 Daciae

2251 2156 2439 2212 regno
2470 2136 2857 2193 infortunium
2883 2148 3210 2205 perpessos
3245 2134 3303 2188 et
3331 2132 3401 2187 ab
3436 2146 3526 2199 eo,
3563 2129 3664 2183 heu
3689 2123 3834 2182 dolor!

2254 2229 2658 2284 fraudulenter
2703 2226 3149 2293 exterminatos,
3193 2222 3392 2277 Eurus
3421 2219 3688 2275 obnoxius
3713 2215 3836 2269 nobis

2251 2320 2487 2389 penitus
2509 2314 3142 2384 intumescentiumque
3159 2310 3549 2382 procellarum
3561 2304 3839 2364 elationibus

2251 2408 2504 2462 afﬂictos
2533 2405 2755 2460 vestris
2787 2403 3005 2458 ﬁnibus
3036 2400 3263 2472 appulit
3292 2399 3447 2454 omni
3468 2398 3588 2469 Spei
3615 2400 3661 2451 et
3683 2393 3838 2450 salutis

2250 2496 2535 2568 praesidio
2567 2494 2850 2564 privatos.
2883 2491 3028 2546 Cum
3061 2492 3258 2544 autem
3294 2502 3631 2545 conaremur
3661 2483 3841 2538 Daciam

2253 2588 2519 2655 repetere
2551 2587 2608 2637 et
2637 2598 2746 2636 nos
2777 2583 2849 2636 de
2881 2581 3138 2635 inimicis
3168 2579 3397 2634 nostris
3426 2577 3718 2644 vindicare,
3743 2574 3840 2626 obs-

2249 2675 2361 2728 titit
2390 2678 2447 2728 et
2473 2671 2805 2726 interclusit
2837 2686 2946 2725 nos
2979 2669 3250 2741 glacialis
3271 2669 3483 2738 hiems,
3517 2665 3736 2739 geluque
3755 2676 3843 2715 cru-

2253 2766 2443 2817 stante
2467 2766 2683 2816 terram
2715 2766 2771 2815 et
2801 2761 3102 2831 afﬂigente
3129 2758 3361 2813 flexiles
3403 2757 3693 2811 herbarum
3718 2757 3762 2806 et
3777 2766 3844 2802 ar-

2251 2854 2481 2920 borum,
2535 2866 2758 2918 comas,
2811 2850 2997 2904 densa
3055 2848 3400 2920 glacialitm
3439 2845 3584 2901 mole
3617 2842 3846 2897 refrenata

2253 2944 2608 3010 crustarum,
2647 2941 2990 2994 struxerunt
3016 2938 3188 2992 nobis
3236 2953 3470 2992 murum
3503 2935 3740 2992 flumina,
3770 2942 3846 2982 nec

2250 3029 2502 3100 praebuit
2523 3028 2694 3082 nobis
2718 3042 3071 3098 prosperum
3092 3027 3204 3080 iter
3233 3027 3414 3080 unda.
3440 3024 3729 3078 Audientes
3753 3016 3846 3088 qui-

2250 3120 2382 3173 dam
2396 3118 2610 3172 milites
2631 3118 2692 3172 in
2705 3118 2958 3172 conﬁnio
2972 3117 3161 3171 nostri
3174 3115 3244 3169 ad
3259 3119 3474 3170 ventus
3489 3111 3846 3167 commorantes

2248 3208 2687 3279 praemaximam
2720 3207 2906 3260 aciem
2932 3209 3133 3260 contra
3161 3220 3238 3260 no
3259 3226 3273 3254 ξ
3307 3203 3654 3268 struxerunt,
3675 3207 3848 3264 nosque

2172 3265 2222 3326 Ο
2249 3297 2617 3351 lacessentes
2631 3294 3130 3350 invaserunt.Nos
3149 3309 3316 3365 vero,
3334 3309 3444 3348 nec
3471 3291 3579 3346 sub
3595 3287 3756 3361 glacie
3772 3297 3849 3337 nec

2249 3401 2426 3455 supra
2446 3386 2660 3455 naviga
2668 3401 2732 3439 re
2746 3385 3034 3453 valentes,
3044 3384 3281 3438 illorum
3294 3381 3555 3437 audaciae
3567 3367 3852 3436 restitimus,

2245 3475 2582 3546 multosque
2609 3474 2845 3529 illorum
2867 3473 3074 3544 praelio
3107 3476 3449 3527 exarmatos
3479 3469 3734 3540 cepimus.
3755 3461 3851 3517 Non

2245 3575 2438 3629 autem
2457 3581 2712 3640 regnum
2728 3568 2890 3620 tuum
2904 3562 3424 3634 depopulabimus,
3443 3575 3514 3615 ne
3524 3575 3554 3614 c
3565 3556 3765 3628 praedas
3781 3565 3850 3604 us-

2244 3677 2420 3734 quam
2445 3661 2646 3729 raptas
2698 3655 2769 3709 ad
2799 3669 2985 3708 naves
3015 3654 3348 3707 vertemus.
3401 3644 3692 3705 Vendendi
3724 3646 3853 3712 atque

2244 3749 2475 3806 emendi
2490 3746 2862 3818 sequestram
2879 3757 3085 3812 pacem
3107 3739 3391 3812 petimus,
3408 3738 3543 3809 quia
3559 3727 3851 3790 imminentis

2242 3839 2407 3894 veris
2423 3840 2686 3906 tempore
2701 3833 2772 3888 ad
2787 3832 3093 3887 Franciam
3108 3829 3583 3900 proﬁciscemur.
3606 3848 3625 3873 ι»
3643 3823 3755 3877 Rex
3776 3832 3852 3872 au-

2242 3931 2359 3983 tem
2380 3927 2629 3981 hilarem
2642 3924 2867 3978 vultum
2889 3920 3257 3976 summissus
3272 3919 3371 3973 his
3385 3916 3597 3973 auditis
3615 3910 3848 3985 profatur:

2249 4041 2270 4066 α
2296 4015 2471 4071 Nulla
2502 4015 2678 4069 tellus
2704 4011 2872 4067 effert
2891 4011 3058 4065 viros
3091 4009 3288 4080 magis
3313 4023 3492 4080 quam
3521 4003 3684 4059 Dacia
3696 3995 3856 4072 praeci-

2241 4121 2414 4177 puos,
2431 4105 2732 4174 armisque
2751 4103 2992 4156 strenue
3007 4099 3252 4153 edoctos
3270 4115 3284 4164 ;
3310 4095 3664 4168 parentelam
3676 4087 3854 4143 diffusae

2242 4192 2668 4267 generositatis
2709 4189 2897 4244 vestri
2928 4186 3219 4256 senioris,
3245 4199 3550 4257 casusque
3596 4183 3650 4235 et
3673 4178 3858 4233 labores

2240 4264 2502 4347 vestros,
2539 4279 2857 4351 quinetiam
2901 4276 3335 4330 fraudulentam
3368 4273 3668 4345 perﬁdiam
3705 4264 3857 4321 Dacis

2240 4373 2404 4444 regis
2419 4370 2593 4426 nobis
2613 4368 2939 4423 retulerunt
2950 4365 3185 4436 plurimi
3195 4364 3410 4420 .Nemo
3423 4363 3654 4418 seniore
3667 4359 3716 4412 in
3729 4352 3859 4409 factis

2233 4462 2456 4533 justior
2476 4463 2698 4528 vestro,
2731 4473 2902 4513 nemo
2937 4455 3208 4526 majorin
3230 4454 3439 4509 armis.
3467 4453 3655 4522 Hujus
3686 4441 3859 4516 negotii

2242 4567 2417 4606 curas
2441 4548 2748 4616 secludite,
2775 4561 3075 4600 armorum
3102 4544 3326 4612 securi,
3362 4541 3693 4614 praeliorum
3715 4535 3858 4602 impa'

2241 4640 2474 4707 tientes,
2499 4641 2673 4708 atque
2691 4636 2948 4692 omnium
2967 4635 3255 4688 malorum
3277 4633 3576 4686 immunes
3597 4619 3861 4684 estote.Li-

2240 4733 2368 4783 ceat
2387 4729 2560 4782 vobis
2582 4726 2920 4795 ubicunque
2942 4727 3232 4778 terrarum
3256 4724 3486 4776 nostra:
3507 4715 3728 4774 ditionis
3747 4724 3858 4764 ven-

2237 4819 2378 4874 dere
2410 4821 2465 4871 et
2495 4831 2712 4871 emere.
2761 4814 3040 4867 Vestrum
3071 4811 3402 4878 seniorem,
3439 4820 3757 4880 precamur,
3789 4813 3860 4853 co-

2215 4891 2355 4978 gite
2407 4907 2469 4960 ut
2519 4908 2738 4958 nostrae
2789 4901 2927 4956 ﬁdei
2970 4900 3308 4971 integritate
3357 4898 3632 4970 dignetur
3683 4891 3746 4946 ad
3776 4899 3858 4941 nos

2236 4997 2475 5062 venire;
2510 4994 2645 5065 quia
2677 5009 2811 5048 eum
2843 4991 3117 5046 desidero
3147 4988 3388 5056 intueri,
3413 4997 3701 5057 superque
3727 4975 3861 5034 malis

2237 5085 2364 5138 suis
2415 5083 2616 5138 solari.
2655 5105 2676 5130 ι»
2719 5082 3026 5135 Abeuntes
3075 5080 3269 5132 autem
3306 5076 3508 5144 missi,
3542 5076 3858 5145 quaecunque

2235 5173 2542 5228 audierant
2570 5170 3054 5225 renuntiaverunt
3094 5166 3353 5222 Rolloni.
3401 5161 3698 5232 Extemplo
3727 5153 3859 5211 Rollo

2234 5262 2533 5315 audaciter
2556 5263 2612 5314 et
2650 5260 3056 5313 incunctanter
3085 5255 3350 5325 perrexit
3381 5253 3456 5307 ad
3477 5266 3672 5323 regem
3700 5243 3859 5300 contra

2234 5367 2300 5405 se
2329 5351 2683 5404 venientem.
2707 5347 2817 5412 Qui
2846 5349 3045 5401 mutuo
3079 5343 3394 5414 amplexati
3417 5345 3474 5396 et
3498 5339 3693 5396 oscula
3712 5326 3856 5393 libati,

2227 5439 2574 5494 cedentibus
2592 5438 2903 5507 utriusque
2934 5434 3230 5490 exercitus
3259 5432 3478 5485 turmis
3505 5428 3766 5484 sederunt
3784 5432 3857 5473 Se-

2223 5530 2421 5600 positi.
2457 5529 2619 5582 Tunc
2667 5542 2772 5581 rex
2801 5526 3106 5579 Alstemus
3136 5523 3297 5594 prior
3331 5525 3427 5576 est
3455 5520 3735 5573 allocutus
3761 5527 3774 5565 ἶ

2220 5618 2507 5689 Prosapia
2537 5616 2790 5688 pollens,
2823 5617 3132 5687 gestorum
3161 5610 3384 5666 lumine
3415 5609 3681 5681 fulgens,

2222 5709 2494 5766 Moribus
2525 5709 2582 5764 et
2621 5704 2850 5762 meritis
2879 5701 3232 5778 praecelsior
3257 5699 3562 5770 omnibus,
3595 5698 3770 5766 atque,
