3956 6176
164 370 262 438 793

161 573 381 629 Fmdere
413 571 754 643 complacita
785 571 921 628 fidei
953 574 1263 628 nectamur
1285 573 1346 628 in
1383 588 1522 628 uno.

163 663 259 731 Sis,
281 666 422 732 peto,
441 679 576 733 pars
594 663 803 718 animae
829 678 1183 734 semperque
1215 679 1362 718 meae
1377 679 1598 733 comes,
1615 665 1789 734 atque

166 751 379 806 Finibus
403 752 459 805 in
477 751 698 806 nostris
725 754 903 806 temet
933 753 1193 822 deposco
1224 753 1464 818 morari,

165 841 350 911 Sicque
382 841 678 895 salutifero
709 841 1060 911 baptismate
1092 843 1268 896 sorde
1298 842 1466 911 piari.

165 929 237 983 En
265 929 392 1000 quid
421 932 608 1001 gestis
638 930 789 985 habe
831 935 1052 986 nostrae
1085 931 1323 986 ditionis
1347 931 1403 984 in
1435 931 1599 985 orbe.

163 1019 243 1073 Sis
271 1034 480 1072 memor
507 1018 637 1087 ipse
670 1019 805 1090 mei,
841 1019 1011 1075 fuero
1043 1037 1150 1074 ceu
1183 1036 1420 1090 semper
1438 1021 1496 1073 in
1527 1018 1703 1075 omni.

161 1107 219 1161 Et
244 1108 289 1161 si
317 1106 459 1160 velle
487 1108 636 1163 alias
667 1113 757 1163 est
787 1125 945 1163 nunc
976 1109 1348 1179 proﬂciscier
1373 1125 1532 1179 oras,

160 1197 208 1251 Si
229 1213 360 1268 gens
382 1202 563 1265 torva,
602 1197 790 1266 ferox,
819 1197 1068 1269 jamjam
1103 1199 1447 1267 feritaverit,
1480 1200 1538 1252 in
1566 1214 1678 1268 me,

164 1285 398 1354 Improba
427 1302 541 1340 non
576 1302 829 1342 servans
855 1287 991 1342 fidei
1021 1289 1402 1358 retinensque
1435 1291 1700 1342 tenorem

158 1373 219 1429 Ut
246 1375 386 1444 potis
416 1391 481 1429 es
512 1375 606 1429 fer
635 1390 801 1446 opem
836 1375 1034 1430 stabili
1071 1377 1376 1431 conamine
1407 1377 1647 1431 salvans

161 1462 220 1517 Et
241 1463 332 1518 tibi
362 1479 711 1519 succurram
745 1465 923 1519 simili
954 1466 1178 1520 ratione
1205 1464 1489 1537 juvando.

157 1551 221 1607 Te
236 1555 378 1623 teget
406 1557 583 1625 atque
613 1569 810 1609 meum
840 1557 1040 1608 mutuo
1073 1555 1390 1609 certamine
1423 1557 1679 1608 scutum.

751 1677 1004 1733 CAPUT
1044 1679 1144 1732 VII

159 1765 230 1820 De
249 1771 587 1839 tempestate
621 1783 785 1838 quam
812 1784 1029 1838 passus
1061 1774 1152 1822 est
1197 1767 1383 1838 Rollo,
1409 1784 1535 1822 cum
1566 1767 1629 1821 in
1651 1783 1787 1839 reg-

212 1837 727 1912 numFrancorun}
758 1837 832 1912 ea
851 1839 1072 1909 Anglia
1106 1840 1442 1912 navigaret,
1477 1845 1535 1894 et
1568 1837 1790 1912 quom'o-

209 1907 272 1962 do
297 1908 603 1964 littoribus
637 1907 1013 1981 Walgroruin
1047 1907 1288 1982 appulit.

209 2014 356 2069 Tunc
387 2015 562 2070 Rollo
583 2031 766 2085 super
799 2016 972 2070 dictis
996 2017 1161 2088 regis
1192 2015 1387 2085 laetus,
1413 2016 1642 2071 dixisse
1667 2015 1788 2071 fer-

155 2106 236 2157 tur
265 2119 276 2158 :
310 2126 330 2150 ex
362 2104 575 2159 Grates
605 2104 730 2175 tibi,
765 2106 1025 2159 omnium
1043 2121 1249 2176 regum
1269 2105 1785 2176 praestantissime,

154 2208 309 2264 super
335 2193 689 2249 voluntariis
721 2194 1030 2250 beneﬂciis
1078 2196 1354 2265 rependo,
1409 2198 1465 2250 et
1503 2195 1786 2266 quidquid

152 2279 281 2336 inter
307 2298 393 2337 me
415 2286 470 2338 et
492 2287 554 2337 te
574 2283 801 2355 agenda
821 2283 1094 2349 rctulisti,
1122 2283 1213 2338 fac
1244 2288 1305 2338 ut
1327 2289 1480 2354 opto.
1503 2283 1787 2339 Diutissi-

150 2385 225 2423 me
250 2372 305 2424 in
333 2387 517 2444 regno
554 2375 653 2428 tuo
693 2387 812 2427 non
841 2372 1138 2442 morabor,
1191 2374 1298 2428 sed
1329 2373 1583 2428 celerius
1613 2389 1787 2444 quam

149 2462 324 2529 potero
367 2459 683 2516 Franciam
713 2462 908 2516 adibo.
946 2462 1297 2533 Ubicunque
1331 2465 1621 2516 terrarum
1658 2461 1789 2516 fue-

148 2564 218 2617 ro,
246 2552 373 2604 tuus
394 2551 628 2604 amicus
647 2551 1045 2605 indissolubili
1074 2551 1406 2606 dilectionis
1431 2551 1788 2623 conjunctus

152 2635 342 2693 {cedere
366 2639 752 2708 permanebo.
791 2661 813 2689 ι
846 2640 955 2694 His
978 2640 1172 2710 dictis,
1209 2641 1520 2697 admodum
1549 2641 1808 2695 inextri-’

152 2726 384 2782 cabiliter
411 2729 710 2796 foederati,
732 2729 1206 2801 alternarumque
1229 2745 1424 2784 rerum
1448 2734 1787 2799 competen-

149 2815 228 2868 tiis
256 2816 598 2873 mirabiliter
620 2819 801 2888 ditati,
823 2819 993 2873 rediit
1012 2819 1266 2889 quisque
1280 2835 1411 2873 cum
1427 2819 1555 2874 suis
1569 2819 1639 2872 ad
1655 2834 1783 2873 sua.

151 2901 273 2958 Toto
296 2922 546 2977 namque
574 2906 888 2962 hiemantis
909 2908 1048 2961 anni
1070 2911 1352 2978 tempore,
1379 2923 1563 2962 naves
1577 2923 1784 2978 sump-

150 2994 332 3064 tusque
352 2996 983 3066 quinecessariierant
1006 2997 1220 3066 itineri,
1254 3012 1589 3068 praeparare
1614 2997 1784 3052 Rollo

151 3079 248 3135 dux
266 3083 494 3139 solertis
521 3100 683 3139 curae
708 3083 863 3139 fecit.
897 3085 1245 3156 Anglosque
1275 3086 1540 3140 ﬂorentis
1563 3085 1785 3156 juven-

149 3171 268 3225 tutis
293 3174 503 3229 milites
521 3175 628 3245 qui
649 3178 814 3228 erant
831 3174 924 3228 sui
937 3173 1127 3229 eﬂ'ecti
1149 3179 1203 3229 et
1217 3190 1422 3230 secum
1443 3175 1578 3229 ituri
1596 3177 1780 3244 erant,

150 3260 347 3315 ascivit.
377 3261 526 3318 Cum
547 3267 741 3317 autem
765 3263 970 3332 primae
989 3263 1216 3318 aestatis
1246 3267 1508 3333 tempore
1536 3263 1782 3317 rutilan-

149 3347 268 3403 tium
295 3351 555 3407 molliter
585 3352 796 3406 ﬂorum
829 3353 1121 3406 arrideret
1139 3353 1324 3421 copia,
1349 3352 1782 3423 purpureisque

147 3433 317 3492 blattis
363 3440 557 3496 lactea
598 3444 656 3496 et
707 3441 1001 3496 odorifera
1059 3441 1326 3496 alberent
1367 3441 1506 3511 lilia,
1558 3457 1783 3497 memor

149 3539 354 3598 semper
380 3530 640 3585 visionis
671 3530 966 3586 monentis
995 3530 1069 3584 ad
1113 3530 1418 3585 Franciam
1458 3531 1779 3602 proficisci,

151 3615 414 3673 classibus
430 3619 591 3674 velis
605 3619 758 3674 datis
770 3619 1073 3691 navigium
1087 3619 1450 3674 conscendit.
1475 3619 1620 3674 Cum
1639 3636 1783 3677 vero

147 3701 351 3762 lenibus
365 3708 565 3764 ventis
588 3723 957 3780 congressus
971 3707 1194 3780 navigii
1212 3708 1404 3764 factus
1418 3712 1582 3764 esset
1594 3725 1785 3780 usque

148 3791 208 3845 ad
223 3796 464 3852 medium
508 3798 796 3868 aequoris,
824 3796 1089 3868 nihilque
1121 3797 1394 3852 viderent
1425 3797 1542 3853 nisi
1571 3797 1786 3853 cmlum

148 3885 484 3954 complexum
551 3902 734 3958 super
792 3886 1004 3942 faciem
1056 3887 1262 3958 maris,
1303 3887 1486 3941 invidi
1537 3887 1785 3957 spiritus

150 3971 377 4029 scientes
398 3976 543 4031 illos
558 3975 911 4046 baptismate
931 3975 1152 4031 Christi
1177 3977 1412 4031 nomine
1432 3975 1781 4047 abluendos,

148 4058 486 4137 gloriamque
516 4081 699 4136 quam
725 4065 1112 4136 perdiderunt
1152 4065 1494 4136 adepturos,
1529 4065 1784 4137 ingemi-

151 4155 360 4207 scentes
390 4159 786 4210 occurrerunt
814 4155 1139 4209 excitantes
1171 4154 1435 4224 pericula
1456 4154 1593 4209 illis.
1615 4154 1785 4209 Venti

148 4239 267 4307 quin
295 4243 464 4298 etiam
494 4261 526 4299 a
564 4243 810 4298 sedibus
842 4243 973 4298 suis
1007 4246 1186 4297 ruunt
1214 4245 1288 4313 et,
1312 4243 1510 4298 hiante
1531 4247 1730 4314 ponto,
1753 4259 1787 4297 a

150 4329 367 4386 sedibus
395 4333 538 4388 imis
571 4335 630 4387 in
652 4332 1042 4403 praacipitium
1072 4333 1286 4387 ﬂuctus
1317 4332 1531 4387 nimios
1545 4335 1602 4387 et
1617 4331 1688 4386 ad
1708 4332 1786 4386 si-

148 4414 264 4472 dera
283 4421 508 4477 tollunt.
545 4422 769 4477 Caelum
801 4421 1321 4476 crebrescentibus
1343 4421 1786 4493 fulguribusin-

150 4504 328 4577 tonuit,
352 4511 794 4582 densarumque
815 4511 1192 4566 tenebrarum
1220 4527 1337 4566 nox
1355 4511 1609 4566 atraillis
1633 4511 1790 4566 incu-

151 4589 273 4650 buit.
307 4599 509 4655 Remis
531 4599 875 4669 confractis,
897 4603 1206 4655 ventorum
1229 4600 1453 4655 rabiem
1475 4600 1604 4655 vela
1629 4600 1788 4656 ferre

516 369 944 436 HlSTORI-IE
972 369 1777 438 NORTHMANNORUM
1809 373 2034 438 LIBRI
2069 373 2397 438 OCTO.—
2427 375 2679 441 LIBER
2709 375 3158 444 SECUNDUS

3442 381 3560 445 794

1807 562 1861 629 Α
1895 572 2150 629 Casibus
2180 574 2438 645 eripiens
2471 575 2605 630 istis
2628 591 2740 632 nos
2770 537 2944 649 atque
2963 578 3187 649 labore,

1895 664 2226 734 Comprime
2257 665 2622 734 demulcens,
2662 665 3004 736 mitescens,
3039 671 3213 740 atque
3242 684 3454 724 serena

1896 752 2227 808 Undantcm
2257 753 2502 808 nimium
2534 755 2788 810 violenta
2819 756 3054 811 turbine
3086 760 3346 826 pontum.

1971 840 2197 896 Harum
2215 857 2356 897 vero
2371 846 2698 898 orationum
2717 845 2996 914 precibus
3015 843 3217 915 finitis,
3232 861 3370 900 mox
3399 861 3560 900 mare

1896 929 2151 998 quiescit
2172 932 2466 986 serenatis
2496 932 2798 1002 procellis,
2831 932 3274 1004 immensosque
3304 936 3564 1004 aequoris

1897 1021 2124 1072 tractus
2137 1021 2332 1088 optato
2357 1020 2589 1074 ﬂamine
2619 1020 2883 1075 breviter
2902 1020 3313 1090 explicuerunt
3340 1020 3561 1093 [venti],

1896 1122 2206 1178 navesque
2225 1111 2570 1179 tempestate
2587 1109 2854 1180 diruptas
2872 1109 3165 1165 littoribus
3179 1109 3565 1182 \Nalgrorum

1895 1197 2320 1266 applicuerunt.

2508 1286 2760 1341 CAPUT
2792 1287 2941 1342 VIII.

1894 1371 2185 1447 Quomodo
2209 1373 2638 1447 ,Rollogdevic-it
2683 1375 3075 1447 Walgrenses
3103 1375 3477 1432 rebellantes
3503 1383 3562 1433 et

1962 1444 2310 1502 Rainerium
2341 1444 3042 1502 Hainaucensem'ducem
3072 1454 3130 1503 et
3155 1448 3561 1504 Radeboldum

1964 1519 2296 1589 principem
2329 1517 2570 1586 Frisia);
2605 1524 2660 1572 et
2679 1519 2752 1573 de
2770 1535 2850 1572 xu
2872 1535 2943 1572 na
2959 1519 3127 1574 ribus
3147 1520 3377 1574 onustis
3403 1521 3562 1575 victu

1966 1596 2025 1662 et
2041 1589 2294 1662 todjdem
2311 1594 2536 1662 armato
2547 1589 2737 1662 milite
2743 1589 3121 1662 p1enis,quas
3131 1589 3437 1645 Alstemus
3448 1607 3564 1646 rex

1965 1659 2296 1731 Anglorum
2326 1659 2449 1714 sibi
2475 1660 2660 1727 misit,
2693 1659 2826 1714 dum
2859 1659 3014 1715 inibi
3041 1668 3402 1717 moraretur.

1963 1748 2292 1804 Audientes
2311 1752 2505 1803 autem
2529 1747 2929 1821 VValgrenses
2959 1750 3114 1820 quod
3137 1766 3288 1822 gens
3306 1750 3562 1806 barbara

1892 1839 2238 1908 tempestate
2270 1837 2456 1892 maris
2488 1837 2767 1892 ferociter
2795 1841 3075 1910 quassata
3105 1840 3234 1894 suis
3262 1839 3560 1894 littoribus

1812 1940 1862 2002 Β
1893 1931 2058 1983 esset
2088 1927 2352 1997 advecta,
2385 1930 2750 2000 congregata
2781 1928 3152 1984 multitudine
3180 1929 3557 2002 pagensium,

1894 2017 2207 2073 Rollonem
2255 2016 2467 2071 ducem
2514 2019 2921 2088 tempestuoso
2969 2017 3113 2072 mari
3153 2017 3256 2072 vix
3294 2020 3561 2090 ereptum

1891 2106 2254 2161 assilierunt.
2287 2104 2398 2170 Qui
2429 2105 2604 2161 solito
2640 2121 2804 2162 more
2843 2107 3133 2178 concitus,
3167 2110 3369 2163 contra
3425 2107 3562 2162 illos

1890 2196 2240 2250 debellanda
2263 2196 2544 2266 perrexit,
2569 2198 2743 2266 atque
2772 2197 2975 2265 plures
2999 2197 3233 2251 illorum
3266 2211 3412 2252 nece
3433 2211 3564 2266 pro-

1893 2287 2111 2338 stratos
2138 2299 2278 2338 orco
2295 2284 2653 2354 transmisit;
2674 2284 3069 2356 residuosque
3092 2285 3326 2340 illorum
3344 2287 3443 2339 aut
3462 2284 3560 2340 fu-

1893 2373 2072 2444 gavit,
2106 2375 2204 2427 aut
2222 2373 2393 2443 cepit.
2417 2371 2680 2443 Cumque
2703 2373 3034 2428 diutissime
3055 2375 3357 2429 morulans
3387 2373 3563 2427 Wal-

1892 2478 2035 2534 gras
2059 2460 2239 2534 [forte
2269 2461 2674 2532 Walcherem,
2699 2463 2864 2518 inter
2879 2461 3183 2518 Zelandiaa
3211 2461 3457 2530 insulas,
3491 2462 3555 2516 in

1891 2567 1998 2623 qua
2031 2549 2380 2623 Flushinga]
2408 2551 2812 2622 dep0pularet,
2836 2552 3232 2607 reminiscens
3254 2551 3560 2606 Alstemus

1889 2655 1993 2693 rex
2009 2639 2337 2711 Anglorum
2355 2639 2914 2710 christianissimus,
2931 2641 3189 2696 omnium
3209 2656 3422 2713 regum
3433 2655 3564 2710 pro-

1890 2728 2072 2782 bitate
2096 2729 2711 2798 praecellentissimus,
2744 2729 3017 2784 amicitiae
3040 2745 3154 2800 qua
3179 2745 3246 2785 se
3268 2732 3325 2784 et
3353 2729 3561 2784 Rollo-

1893 2832 2028 2872 nem
2050 2818 2354 2889 colligaret
2375 2819 2434 2871 in
2457 2819 2680 2872 foedera
2709 2819 3085 2888 sempiterna,
3115 2836 3197 2872 xu
3222 2833 3408 2873 naves
3431 2818 3560 2873 fru-

1894 2911 2112 2976 mento,
2137 2907 2274 2962 vino
2287 2909 2460 2978 atque
2482 2907 2648 2962 lardo
2662 2911 2958 2974 oneratas,
2976 2909 3116 2979 quin
3131 2909 3304 2963 etiam
3322 2907 3562 2962 totidem

1894 2998 2115 3049 armato
2144 2996 2328 3050 milite
2362 2996 2637 3066 repletas,
2681 2997 2816 3052 duci
2836 2998 3126 3067 praecelso
3150 2997 3481 3050 transmisit
3503 2996 3562 3050 in

1894 3083 2200 3155 Walgras.
2223 3084 2332 3138 His
2357 3084 2528 3140 Rollo
2551 3085 2724 3139 donis
2750 3085 2940 3150 laetus,
2966 3085 3195 3157 legatos
3212 3084 3562 3139 muneribus

1890 3173 2292 3242 praemaximis
2315 3173 2530 3228 ditatos
2546 3189 2678 3227 cum
2691 3175 3015 3246 gratiarum
3029 3175 3258 3229 actione
3271 3174 3340 3227 ad
3356 3187 3561 3244 regem

1891 3261 2140 3331 remisit,
2172 3277 2357 3334 seque
2379 3277 2484 3332 per
2511 3277 2616 3317 eos
2640 3262 3054 3317 femulaturum
3087 3263 3220 3334 regi
3240 3262 3558 3316 mandavit.

1889 3350 2284 3406 Estimantes
2315 3354 2507 3406 autem
2555 3351 2950 3424 Walgrenses
2981 3355 3224 3422 propter
3272 3349 3563 3421 deportati

1891 3439 2168 3494 frumenti
2200 3441 2430 3511 copiam
2461 3441 2620 3496 omni
2648 3445 2909 3511 tempore
2944 3441 3252 3496 Rollonem
3286 3437 3562 3512 Walgris

1889 3531 2274 3598 moraturum,
2335 3531 2738 3584 convocarunt
2796 3528 3136 3584 Rainerium
3176 3528 3368 3601 Longi
3413 3525 3564 3582 Colli

1892 3616 2339 3672 Hasbacensem
2365 3622 2421 3674 et
2445 3618 2917 3674 Hainaucensem
2942 3617 3173 3688 ducem,
3198 3621 3254 3672 et
3277 3615 3566 3672 Radebol-

1894 3707 2032 3761 dum
2047 3706 2258 3762 Frisiaa
2275 3707 2542 3780 regionis
2563 3707 2908 3778 principem,
2935 3711 2992 3762 et
3013 3707 3365 3780 conglobato
3393 3721 3563 3762 exer-

1893 3795 2012 3850 citu
2032 3797 2281 3852 aliorum
2301 3812 2610 3869 pagorum,
2636 3797 2982 3852 invaserunt
2996 3797 3324 3852 Rollonem.
3348 3795 3563 3861 Quisic

1894 3886 2119 3955 saepius
2150 3886 2221 3940 ad
2251 3885 2472 3941 bellum
2508 3886 2906 3941 indubitanter
2942 3887 3248 3958 perrexit,
3280 3889 3339 3942 et
3379 3887 3560 3941 multa

1893 3974 2076 4029 millia
2105 3975 2338 4030 illorum
2369 3975 2602 4044 occidit,
2636 3979 2811 4047 atque
2836 3977 3177 4031 Rainerium
3200 3976 3394 4050 Longi
3413 3975 3561 4032 Colli

1895 4068 1953 4120 et
2007 4064 2390 4119 Radebodum
2440 4063 2750 4119 Frisonem
2799 4065 2871 4119 ad
2916 4081 3025 4120 sua
3074 4069 3268 4120 castra
3312 4065 3561 4138 fugavit.

1895 4153 2120 4208 Deinde
2147 4157 2325 4208 totam
2355 4156 2574 4208 terram
2610 4153 2995 4225 Walgrorum
3027 4153 3357 4209 devastavit
3385 4158 3563 4225 atque

1893 4243 2166 4297 incendio
2198 4241 2611 4297 cencremavit.
2638 4242 2788 4296 Post
2818 4241 2955 4296 hinc
2981 4241 3254 4313 huiusrei
3278 4258 3460 4297 causa
3479 4243 3564 4298 in-

1893 4332 2170 4404 dignatos
2210 4331 2498 4386 Frisones
2547 4330 2822 4385 celeriter
2866 4331 3164 4401 expetivit,
3227 4334 3564 4403 terramque

1895 4421 2130 4476 illorum
2159 4421 2470 4476 devastare
2501 4420 2694 4490 coepit.
2735 4419 2898 4474 Tunc
2929 4419 3215 4474 Frisones
3245 4419 3564 4475 multorum

1893 4511 2235 4583 congeriem
2251 4511 2602 4584 populorum
2621 4509 2847 4565 concite
2861 4513 3305 4580 coacervantes,
3324 4509 3558 4581 sibique

1893 4599 2322 4654 multitudinem
2365 4599 2626 4670 plebium
2666 4599 2725 4652 in
2758 4599 3011 4654 conﬁnio
3048 4599 3259 4655 Frisia:
3307 4613 3564 4655 commo-

151 4696 246 4737 non
271 4693 538 4756 possunt.
564 4688 764 4759 Itaque
795 4686 1024 4742 viribus
1052 4689 1347 4757 exhausti,
1381 4689 1575 4744 omnia
1595 4689 1788 4744 ventis
1815 4661 1870 4728 ο
1894 4690 2149 4744 rantium
2187 4689 2648 4759 accumulantes,
2694 4689 2872 4743 ﬂuvio
2906 4689 3158 4744 Almerae
3199 4703 3564 4744 commoran-

156 4776 484 4837 permittunt.
513 4778 645 4832 Huc
665 4778 924 4849 illucque
953 4793 1136 4832 naves
1169 4779 1342 4849 quasi
1358 4794 1464 4848 per
1479 4783 1708 4834 montes
1731 4782 1788 4834 et

153 4861 313 4917 valles
347 4865 652 4935 ﬂuctuant,
698 4870 1064 4937 mortemque
1104 4868 1470 4937 repentinam
1510 4867 1786 4922 omnibus

153 4945 424 5008 intentant.
450 4955 618 5009 Tunc
641 4955 810 5010 Rollo
830 4957 1130 5026 protensis
1154 4957 1426 5010 manibus
1450 4958 1788 5026 prostratus

154 5035 388 5096 incubuit
415 5043 576 5114 navi,
611 5041 935 5116 humilique
968 5061 1115 5100 voce
1144 5046 1280 5099 talia
1311 5045 1588 5116 profudit.

152 5123 189 5176 0
213 5127 357 5185 Deus
389 5134 783 5203 omnipotens,
819 5135 1083 5189 cmlestia
1103 5135 1320 5189 lumine
1351 5133 1676 5206 complens,

153 5211 244 5277 Qui
271 5220 478 5275 ccelum
509 5226 844 5294 terramque
875 5227 1066 5293 tenes,
1100 5239 1206 5293 per
1235 5223 1459 5278 saecula
1487 5222 1664 5295 cujus

156 5299 379 5378 Numen,
411 5313 469 5364 et
490 5313 710 5366 aeterno
752 5313 1152 5382 complectens
1183 5313 1378 5368 omnia
1406 5327 1590 5384 gyro;

155 5385 413 5451 Infectum
443 5399 605 5454 vitiis
636 5400 863 5471 peccati
893 5404 950 5455 et
977 5400 1125 5456 fmce
1153 5401 1462 5472 repletum,

155 5475 246 5541 011i
272 5500 359 5539 me
389 5487 803 5544 Christicolum
832 5489 963 5545 ﬂeri
992 5490 1084 5544 vis
1103 5506 1347 5545 munere
1376 5491 1514 5562 visi,

155 5563 434 5643 Temporis
457 5577 673 5650 exiguo
705 5595 889 5634 cursu
921 5579 1193 5634 volvente
1224 5577 1425 5651 futuri,

155 5654 379 5744 suscipe
407 5667 545 5720 vota
570 5666 782 5740 libens,
815 5667 1222 5741 precibusque
1249 5667 1444 5724 faveto
1463 5667 1786 5744 benignus,

156 5742 480 5827 Sedatisque
511 5753 670 5814 feros
699 5757 918 5816 ﬂuctus
949 5770 1262 5832 compesce
1291 5757 1502 5831 ruinis,

1893 4780 2032 4849 tem,
2067 4777 2406 4850 agminibus
2421 4777 2623 4832 multis
2639 4779 3007 4849 praeparatis,
3030 4779 3355 4833 accelerata
3373 4777 3567 4833 incur-

1899 4867 2068 4921 sione
2101 4869 2388 4922 conantur
2416 4867 2694 4921 invadere
2748 4867 3075 4922 Rollonem.
3128 4867 3298 4922 Rollo
3327 4881 3469 4922 vero
3510 4869 3566 4921 et

1899 4957 2000 5028 qui
2031 4972 2163 5010 cum
2178 4971 2247 5010 eo
2262 4959 2444 5024 erant,
2466 4972 2622 5027 genu
2644 4956 2796 5010 ﬂexo
2809 4971 3222 5028 armorumque
3252 4956 3566 5028 ingruente

1900 5045 2172 5114 horrore,
2225 5049 2528 5100 scutorum
2577 5044 2836 5116 tegmine
2879 5046 3159 5116 cooperti,
3217 5045 3560 5117 strictaeque

1903 5134 2052 5188 aciei
2071 5135 2456 5189 mucronibus
2490 5133 2762 5188 coruscis
2795 5133 3144 5203 complicati,
3180 5133 3566 5204 expectabant

1902 5223 2504 5294 initiumlcertaminis.
2525 5222 2808 5277 Frisones
2830 5238 2974 5294 ergo
2987 5222 3404 5293 parvissimam
3425 5238 3566 5279 esse

1904 5314 2177 5382 putantes
2200 5310 2628 5366 multitudinem
2650 5311 2912 5380 illorum,
2937 5311 3424 5368 inieruntbellum
3447 5312 3564 5367 sibi

1902 5417 2020 5456 non
2053 5401 2447 5471 profuturum.
2483 5399 2625 5454 Daci
2662 5415 2804 5454 vero
2853 5400 3196 5456 exsihentes
3227 5405 3284 5457 et
3323 5402 3383 5456 in
3427 5401 3564 5456 illos

1903 5489 2221 5561 irruentes,
2254 5503 2445 5561 usque
2485 5488 2558 5543 ad
2587 5489 3049 5546 internecionem
3093 5493 3563 5561 prostraverunt,

1902 5579 2229 5650 pluresque
2279 5577 2580 5650 principes
2619 5581 2929 5651 ceperunt,
2954 5579 3564 5650 innumerabilemtu

1899 5683 2139 5724 manum
2169 5668 2241 5723 ad
2279 5681 2462 5723 naves
2502 5667 3106 5725 duxerunt.Frisones
3137 5669 3319 5741 igitur
3338 5666 3566 5725 residui

1900 5757 2241 5816 difﬁdentes
2253 5757 2370 5830 sui,
2384 5756 2602 5816 exhinc
2614 5757 2908 5817 tributarii
2917 5757 3108 5826 effecti
3119 5760 3279 5833 sunt,
3295 5755 3567 5818 Rollonis
