3956 6176
122 391 222 454 797

438 385 864 448 HISTORIIE
897 383 1703 448 NORTHMANNORUM
1735 381 1966 445 LIBRI
2001 381 2246 445 OCTO.
2282 415 2361 429 --
2398 381 2655 445 LIBER
2699 327 3148 448 SECUNDUS

3395 387 3514 452 ’798

123 588 313 660 inquit,
360 586 559 641 Carolo
603 586 736 658 regi
785 585 1019 640 subdi?
1066 615 1138 624 —
1179 585 1606 656 Nequaquam,
1657 583 1736 638 ait
1763 577 1823 644 λ
1852 582 1962 637 leri
1993 582 2244 654 remigio
2283 583 2574 637 Parisium
2618 583 2779 654 petit,
2833 584 3258 658 obsidioneque
3308 586 3511 659 cingit,

127 679 290 744 Rollo,
319 675 483 729 alicui
513 674 932 745 subjiciemur;
981 674 1089 728 sed
1134 688 1505 745 quaecunque
1553 672 1738 727 armis

125 765 478 836 nequiremus,
507 767 708 818 nostro
732 762 857 833 juri
887 763 1342 817 vindicabimus.
1381 761 1532 833 Regi
1563 760 1738 832 cujus

123 861 167 909 te
187 855 420 924 legatum
448 851 743 923 gloriaris,
769 852 963 906 audita
993 851 1045 906 si
1074 851 1168 905 vis
1207 851 1497 906 renuntia.
1537 875 1558 899 ιι
1596 850 1740 904 Haec

129 941 420 1012 Hastingus
451 944 660 994 cuncta
693 941 962 1010 expedite
987 941 1289 995 suorefert
1322 940 1476 995 duci.
1503 939 1740 994 Interim

125 1031 266 1085 Rollo
286 1034 338 1084 et
363 1030 460 1100 qui
492 1045 622 1084 cum
653 1044 722 1083 eo
755 1031 949 1098 erant,
985 1029 1250 1083 fecerunt
1295 1029 1412 1084 sibi
1443 1029 1741 1083 munimen

124 1124 169 1174 et
193 1118 538 1173 obstaculum
567 1119 628 1172 in
659 1119 895 1172 modum
942 1119 1141 1187 castri,
1177 1118 1508 1172 munientes
1540 1133 1606 1172 se
1639 1133 1744 1187 per

124 1223 297 1279 gyrum
325 1206 545 1260 avulsae
575 1211 751 1262 terrae
783 1223 1028 1278 aggere,
1064 1207 1313 1278 locoque
1343 1211 1530 1276 portae
1561 1206 1744 1260 relin-

123 1299 332 1366 quentes
355 1295 606 1365 spatium
625 1295 870 1365 prolixae
893 1295 1316 1364 amplitudinis,
1337 1295 1493 1366 quod
1507 1297 1748 1365 apparet

124 1385 179 1439 ad
197 1389 407 1454 tempus
427 1400 618 1454 usque
643 1385 818 1438 istius
841 1385 976 1438 diei.
994 1385 1203 1438 Franci
1220 1399 1360 1438 vero
1377 1384 1616 1438 diliculo
1639 1399 1747 1437 ve-

124 1477 306 1527 nerunt
331 1473 400 1526 ad
426 1473 742 1527 ecclesiam
761 1473 949 1527 sancti
971 1474 1264 1541 Germani,
1282 1473 1478 1544 ibique
1502 1473 1748 1527 missam

121 1562 408 1628 audientes,
426 1563 849 1631 participantur
871 1578 1120 1631 corpore
1135 1567 1189 1616 et
1203 1562 1492 1633 sanguine
1505 1561 1743 1616 Christi.

124 1651 319 1704 Abhinc
349 1651 701 1721 equitantes,
723 1651 780 1704 in
802 1652 928 1721 ripa
951 1651 1208 1705 fluminis
1230 1667 1414 1705 naves
1440 1651 1749 1720 Dacosque

122 1739 170 1792 in
195 1739 491 1794 munimine
524 1739 752 1794 avulsa
773 1742 952 1794 terrae
976 1739 1266 1807 videntes,
1292 1739 1547 1808 amplum
1566 1741 1751 1809 portae

123 1828 307 1881 aditum
319 1829 509 1882 solum
531 1828 895 1883 invaserunt.
915 1829 1053 1882 Daci
1072 1844 1213 1882 vero
1233 1829 1593 1882 intrinsecus
1616 1827 1754 1881 hinc

123 1920 167 1970 et
206 1916 327 1971 inde
366 1932 472 1987 per
512 1916 814 1986 planitiem
861 1917 1041 1971 castri
1093 1917 1527 1985 accubitarunt,
1579 1920 1754 1986 atque

125 2005 282 2060 scutis
311 2021 374 2060 se
425 1993 884 2075 cooperuer'unt,
936 2009 1000 2060 ut
1047 2005 1402 2075 parvissima
1453 2008 1758 2075 putaretur

123 2109 318 2147 summa
356 2109 586 2148 eorum.
623 2093 948 2148 Rotlandus
989 2093 1242 2165 signifer
1293 2093 1579 2162 Rainaldi,
1624 2109 1758 2147 cum

124 2183 226 2236 acie
251 2198 376 2254 quae
405 2182 660 2252 praeibat
691 2185 1034 2252 exercitum,
1068 2182 1358 2237 violenter
1386 2197 1494 2253 per
1537 2182 1759 2235 aditum

123 2271 264 2324 mirae
290 2270 648 2340 prolixitatis
670 2270 926 2340 amplum
945 2285 1128 2340 super
1143 2285 1248 2324 eos
1280 2270 1449 2325 irruit
1481 2274 1536 2324 et
1559 2270 1760 2324 debel-

125 2359 223 2413 lare
239 2374 334 2413 eos
358 2343 558 2430 ccepit.
576 2358 719 2413 Daci
737 2374 878 2413 vero
897 2361 1316 2431 exsurgentes,
1335 2357 1687 2413 Rotlandum
1702 2358 1759 2412 in

126 2452 381 2502 momento
398 2447 830 2502 interemerunt
848 2450 905 2501 et
929 2446 1064 2518 ejus
1091 2462 1407 2518 sequaces.
1435 2447 1758 2502 Rainaldus

127 2540 171 2590 et
198 2536 530 2608 Hastingus,
559 2536 880 2607 eaeterique
904 2537 1172 2606 comites,
1190 2536 1308 2590 illic
1331 2540 1576 2591 cunctos
1599 2552 1760 2590 mor-

128 2627 236 2679 tuos
266 2625 734 2694 considerantes,
767 2628 933 2698 terga
964 2627 1268 2680 vertentes
1299 2625 1500 2698 fugam
1533 2626 1762 2696 expeti-

129 2717 309 2768 verunt
321 2713 544 2769 hilares
555 2713 800 2778 .Quibus
811 2713 1268 2784 peractis,Rollo
1283 2715 1535 2769 navibus
1549 2714 1762 2771 festiue

132 2801 355 2858 Mellenti
382 2803 771 2873 municipium
792 2805 1057 2873 occupat.
1073 2801 1197 2867 Quo
1216 2804 1529 2874 subverso,
1555 2819 1762 2860 omnes

129 2890 318 2948 incolas
347 2892 552 2966 gladio
582 2894 772 2947 necat.

720 2980 972 3036 CAPUT
1011 2981 1111 3035 XI.

134 3067 232 3134 Qua
250 3068 474 3125 fallacia
515 3069 844 3126 Tetboldus
873 3085 1068 3125 comes
1121 3069 1513 3125 Carnotenam
1558 3071 1764 3127 urbem

187 3141 249 3194 ab
275 3142 572 3213 Hastingo
589 3143 750 3209 emit,
775 3147 833 3195 et
864 3142 1284 3213 quomodoipse
1303 3141 1633 3213 Hastingus
1650 3159 1766 3198 om-

187 3213 344 3266 nibus
372 3212 698 3267 distractis
725 3228 987 3283 peregre
1009 3212 1321 3284 prol‘ectus
1341 3212 1656 3284 disparuit.

1853 673 2051 742 praeda
2082 673 2474 744 undequaque
2506 672 2660 727 illico
2690 673 3099 743 adducta._Quo
3124 676 3240 730 illic
3263 678 3516 732 moranti

1857 761 2264 831 exploratores
2295 762 2749 832 superveniunt,
2784 761 3119 816 nuntiantes
3149 763 3518 834 Baiocacen-

1856 865 1983 904 sem
2014 850 2220 904 urbem
2250 866 2282 904 a
2311 849 2734 905 defensoribus
2757 867 3003 905 vacuam
3035 865 3172 906 esse
3205 856 3260 906 et
3289 852 3518 924 absque

1854 939 2202 994 detrimento
2243 938 2568 1010 cujuslibet
2603 939 2848 994 victoris
2873 939 3150 994 facillime
3182 940 3328 1009 capi.
3356 941 3518 997 Illico

1856 1027 2083 1081 avulsis
2117 1027 2189 1082 ab
2222 1026 2530 1082 obsidione
2555 1028 2830 1097 navibus,
2860 1026 3239 1099 Bajocasium
3264 1029 3521 1085 velivoto

1855 1115 2016 1170 venit
2038 1131 2240 1170 cursu.
2257 1115 2440 1181 Quam
2455 1119 2681 1186 captam
2694 1115 3066 1186 aliquatenus
3089 1117 3402 1189 subvertit,
3420 1117 3522 1172 ha-

1857 1204 2212 1258 bitatoribus
2227 1203 2362 1275 ejus
2375 1205 2722 1259 interfectis.
2739 1205 2801 1259 In
2815 1221 2928 1277 qua
2950 1207 3260 1276 quamdam
3276 1207 3522 1262 nobilis-

1859 1293 2066 1348 simam
2081 1293 2333 1363 puellam
2347 1294 2581 1348 nomine
2605 1294 2842 1364 Popam,
2859 1295 3038 1348 tiliam
3053 1295 3283 1350 scilicet
3305 1296 3526 1351 Beren-

1859 1382 2010 1453 garii
2044 1381 2297 1435 illustris
2329 1382 2460 1451 viri,
2496 1383 2758 1452 capiens,
2800 1399 2917 1438 non
2948 1385 3128 1438 multo
3178 1387 3314 1455 post
3361 1400 3526 1440 more

1861 1471 2082 1524 Dauico
2116 1471 2231 1524 sibi
2263 1471 2576 1540 copulavit,
2611 1487 2684 1525 ex
2727 1487 2840 1542 qua
2893 1473 3258 1528 Willelmum
3299 1474 3524 1545 genuit,

1861 1559 2158 1629 filiamque
2173 1559 2406 1613 nomine
2427 1560 2638 1615 Gerloc
2662 1561 2831 1616 valde
2853 1561 3148 1616 decoram.
3165 1561 3248 1616 Ea
3269 1563 3358 1617 sic
3377 1563 3527 1618 urbe

1863 1647 2154 1717 demolita,
2191 1647 2358 1702 Rollo
2383 1649 2610 1703 concite
2634 1649 2921 1703 Lutetiam
2943 1651 3305 1722 regreditur,
3350 1650 3525 1705 Cum-

1864 1751 1977 1806 que
2008 1737 2068 1790 in
2099 1737 2535 1808 expugnatione
2549 1737 2683 1808 ejus
2707 1738 2992 1792 arietibus
3016 1743 3072 1792 et
3093 1739 3325 1794 balistis
3347 1739 3531 1795 inten-

1863 1823 2048 1894 deret,
2084 1825 2244 1880 misit
2275 1825 2598 1881 exercitum
2620 1826 2868 1881 militum
2889 1827 2962 1881 ad
2984 1827 3299 1883 Ebroicam
3321 1829 3530 1883 civita-

1865 1917 2011 1982 tem,
2059 1917 2120 1966 ut
2163 1929 2290 1968 eam
2339 1915 2830 1982 exterminarunt,
2884 1915 3232 1986 episcopum
3293 1917 3530 1973 nomine

1866 2000 2040 2056 Sibor
2060 2016 2193 2056 cum
2220 2017 2330 2056 suo
2352 2002 2568 2073 populo
2603 2003 2986 2058 trucidarent.
3007 2004 3132 2069 Quo
3164 2021 3298 2060 cum
3324 2005 3532 2062 venis-

1868 2092 2020 2160 sent,
2037 2091 2379 2160 episeopum
2395 2091 2535 2163 fuga
2548 2091 2779 2162 lapsum
2793 2107 2908 2146 non
2921 2093 3308 2164 reperientes,
3326 2109 3534 2150 omnes

1869 2177 2033 2232 cives
2064 2180 2361 2248 perimunt
2377 2182 2433 2233 et
2463 2195 2595 2233 cum
2617 2181 2870 2234 maxima
2891 2181 3090 2250 praeda
3122 2181 3331 2236 ducem
3359 2198 3535 2238 suum

1867 2269 2158 2336 repetunt.
2189 2267 2434 2322 Talibus
2465 2268 2661 2339 itaque
2692 2269 2990 2322 exterritae
3021 2269 3291 2338 plurimae
3321 2274 3535 2342 gentes

1869 2353 2157 2425 Franciae,
2189 2355 2408 2410 tributa
2437 2356 2750 2411 solvebant
2783 2356 3036 2427 Rolloni,
3069 2357 3340 2428 plurimae
3392 2373 3534 2415 vero

1870 2443 2233 2500 resistebant
2261 2445 2334 2500 ei.

2484 2569 2736 2626 CAPUT
2776 2570 2932 2626 XIII.

1875 2654 2269 2736 DeElstanno
2288 2655 3230 2736 [Alstemo].regeAnglorum,_qui
3253 2676 3367 2733 per
3378 2660 3537 2736 lega-

1949 2730 2227 2806 t_oSpetii_t
2242 2729 2526 2806 auxilium
2549 2729 2906 2806 ejus‘contra
2923 2729 3190 2806 rebelles
3207 2729 3270 2788 ei
3293 2729 3539 2806 accepit.

1947 2799 2031 2853 Et
2063 2800 2211 2871 quod
2230 2799 2397 2875 Rollo
2412 2801 2556 2875 inde
2573 2799 2838 2875 rediens,
2861 2802 3198 2875 subjugatis
3211 2799 3449 2875 Anglis,
3467 2804 3542 2860 ad

1954 2847 2146 2945 vottjm
2175 2872 2362 2943 regis,
2384 2873 2672 2945 maximis
2712 2847 2937 2928 ditatus
2962 2847 3140 2929 dehis
3174 2881 3233 2929 et
3273 2847 3538 2945 ainIiis,

1950 2941 2013 2996 di
2022 2941 2232 3018 videns
2241 2941 2488 3018 comites
2504 2945 2810 3018 exercitus
2835 2945 2946 3014 sui,
2955 2945 3104 3018 alios
3125 2945 3296 3018 alveo
3312 2941 3540 3018 Seque?-

1953 3029 2061 3081 nae,
2095 3011 2245 3087 alios
2273 3013 2533 3087 Ligeris,
2568 3013 2718 3068 alios
2752 3011 3080 3087 Gerundee,
3109 3011 3544 3087 interjacentes

1946 3099 2058 3154 pro
2067 3085 2677 3155 vinciaspraedaturos
2693 3085 2882 3140 celeri
2895 3103 2966 3140 na
2978 3087 3036 3139 vi
3035 3085 3278 3157 gatione
3287 3087 3538 3142 direxit.

1954 3190 2103 3244 Dum
2133 3190 2264 3245 haec
2296 3193 2601 3262 geruntur,
2632 3191 2796 3263 regis
2820 3192 3149 3263 Anglorum
3170 3192 3438 3248 Elstauni
3461 3193 3542 3248 le-

187 3297 576 3357 Considerans
609 3279 753 3373 ergo
785 3279 1109 3355 Tctboldus
1133 3315 1335 3355 comes
1368 3279 1451 3356 sei
1468 3303 1766 3371 reperisse
1799 3301 1855 3372 α
1881 3280 2002 3373 εδίί
2033 3279 2790 3373 adiéPiUD‘JePWCMOPFE
2814 3281 2992 3373 verba
3017 3281 3247 3373 nonani
3270 3282 3543 3373 derercn‘

132 3390 331 3458 tempus
377 3394 780 3461 opportunum
810 3390 883 3444 ad
927 3389 1338 3460 decipiendum
1371 3390 1727 3464 Hastingum
1752 3434 1766 3463 ,

130 3475 314 3533 talibus
344 3479 554 3535 verbis
609 3479 760 3534 falso
791 3479 1008 3549 appetit
1048 3479 1248 3534 illum:
1302 3500 1324 3527 α
1375 3477 1512 3548 Cur,
1559 3479 1766 3552 inquit,

132 3566 508 3638 insignissime
556 3568 670 3636 vir,
704 3567 942 3639 ignavia
987 3569 1232 3637 torpes?
1277 3567 1524 3638 Ignoras
1565 3585 1770 3640 regem

133 3654 372 3711 Carolum
401 3661 458 3712 te
477 3656 638 3712 velle
663 3660 848 3711 morte
878 3659 1172 3727 appetere,
1198 3656 1272 3710 ob
1298 3656 1768 3712 Christianorum

136 3747 452 3816 sanguinem
483 3762 518 3800 a
552 3747 611 3799 te
641 3745 780 3800 olim
820 3745 1020 3800 fusum
1049 3743 1315 3816 injuste?
1347 3745 1773 3802 Reminiscitur

135 3833 264 3887 enim
291 3835 585 3890 malorum
617 3851 749 3905 qua)
781 3833 864 3888 illi
893 3837 1034 3889 tunc
1077 3832 1342 3904 improbe
1370 3833 1684 3905 intorsisti,
1718 3839 1776 3891 et

134 3920 246 3976 ideo
272 3923 339 3977 de
367 3927 527 3978 terra
564 3926 618 3977 te
647 3923 1040 3977 exterminare
1063 3922 1343 3977 decernit.
1369 3923 1578 3979 Manus
1601 3929 1775 3981 etiam

138 4010 234 4078 tua,
264 4015 320 4065 ut
347 4012 476 4082 ipse
507 4013 614 4080 ait,
649 4028 783 4066 cum
816 4013 1062 4068 Rolloue
1095 4027 1325 4085 pagano
1369 4018 1441 4072 ad
1491 4015 1776 4072 delendas

139 4096 369 4155 Francos
401 4102 608 4156 sentit.
640 4100 763 4165 Qua
795 4101 867 4155 de
896 4117 961 4155 re
989 4101 1045 4156 in
1076 4105 1346 4173 proxima
1377 4107 1639 4177 pessime
1669 4107 1777 4160 de-

138 4184 328 4243 leberis
355 4190 426 4244 ab
459 4191 577 4245 eis.
611 4188 868 4244 Consule
900 4195 1094 4245 autem
1122 4193 1248 4263 tibi,
1281 4211 1354 4250 ne
1403 4195 1778 4250 inconsultus

138 4277 395 4349 puniaris,
432 4303 454 4328 ιδ
491 4278 726 4344 Quibus
757 4279 960 4333 verbis
993 4279 1322 4354 Hastingus
1353 4285 1614 4354 territus,
1643 4299 1782 4339 con-

144 4363 313 4420 festim
341 4367 736 4422 Carnotenam
759 4368 968 4423 urbem
996 4367 1262 4426 Tctboldi
1284 4373 1565 4444 vendidit,
1581 4376 1638 4429 et
1653 4373 1782 4428 dis-

143 4454 318 4511 tractis
348 4457 629 4512 omnibus
660 4471 910 4528 peregre
942 4458 1244 4526 profectus
1274 4461 1584 4533 disparuit.

740 4544 992 4600 CAPUT
1032 4548 1160 4603 XII.

145 4627 341 4709 Bellum
381 4635 604 4709 iterum
655 4634 984 4709 Regenoldi
1015 4638 1311 4709 principis
1348 4637 1622 4694 Francia?
1653 4655 1780 4694 cum

206 4703 455 4776 Rollone,
473 4713 533 4760 et
557 4706 633 4760 de
651 4703 840 4759 morte
857 4703 1066 4776 ipsius,
1084 4716 1142 4762 et
1165 4703 1239 4762 de
1260 4726 1449 4764 annua
1474 4710 1784 4765 obsidione

207 4775 738 4853 urbisParisius,et_
752 4777 826 4830 de
840 4775 1247 4853 destructione
1263 4780 1433 4853 urbis
1446 4781 1746 4853 Baiocasj
1751 4799 1785 4834 η

209 4862 303 4916 qua
333 4849 506 4923 cepit_
526 4847 832 4923 quamdam
869 4849 1163 4923 virginem
1191 4852 1424 4905 nomine
1448 4847 1792 4923 Po'pam,ex

213 4932 306 4986 qua
326 4917 917 4988 genuit'li’illelmum
933 4917 994 4972 et
1021 4919 1236 4975 Gerloc
1263 4917 1547 4976 sororem'
1561 4917 1707 4988 ejus,
1729 4929 1789 4978 et

211 4990 471 5060 quomodo
484 4991 794 5044 exercitus
821 4989 950 5060 ejus
972 4991 1296 5046 trucidavit
1326 4993 1493 5048 cives
1514 4989 1792 5050 Ebroicae

209 5057 256 5181 gi
265 5061 479 5183 rigatis,
492 5061 621 5132 ipso
635 5064 827 5114 tamen
841 5057 968 5114 eum
983 5062 1328 5134 quibusdam
1343 5063 1623 5119 Parisios
1635 5065 1792 5120 obsi-

250 5144 314 5182 en
346 5146 396 5183 e.
1691 5153 1696 5156 ·

250 5144 396 5185 ente.
1691 5153 1696 5156 ’

218 5217 529 5274 Rainaldus
549 5234 694 5290 ergo
725 5219 885 5292 fugae
904 5220 1162 5278 dedecus
1191 5237 1308 5278 non
1327 5222 1549 5292 ferens,
1582 5224 1795 5279 iterum

159 5311 493 5379 congregato
526 5309 790 5362 exercitu
819 5309 1047 5381 majore
1092 5312 1400 5368 Rollonem
1450 5313 1798 5385 aggreditur

159 5398 391 5464 repente.
423 5395 616 5466 Cujus
647 5400 894 5452 conatus
925 5398 1054 5468 ipse
1075 5402 1477 5471 praeveniens,
1510 5401 1800 5472 quosdam

161 5493 378 5537 suorum
397 5484 615 5555 gladiis
633 5484 961 5554 obtruncat,
979 5487 1126 5541 alios
1140 5488 1484 5543 indecenter
1501 5488 1798 5560 fugientes

160 5564 322 5641 fugat.
372 5571 577 5642 Ipsum
617 5575 809 5627 autem
856 5574 1206 5629 Rainaldum
1259 5577 1496 5648 quidam
1542 5577 1803 5647 piscator

163 5652 430 5728 Sequana:
463 5659 700 5716 Rolloni
718 5662 1265 5735 attributus,jaeulo
1292 5664 1643 5720 transfixum
1661 5681 1806 5721 mor-

155 5741 303 5799 tuum
332 5748 567 5805 sternit.
584 5747 807 5806 Dehinc
832 5751 1003 5809 Rollo
1033 5753 1321 5811 anchoris
1353 5752 1805 5828 subductis,ce-

1880 3372 1994 3437 tes,
2027 3372 2089 3422 ut
2116 3368 2199 3422 illi
2228 3369 2580 3439 quantocius
2611 3369 2895 3423 auxilium
2927 3370 3095 3424 ferat.
3153 3369 3544 3441 Conspirave-

1879 3461 2010 3512 rant
2058 3458 2212 3512 enim
2270 3457 2560 3512 adversus
2622 3473 2753 3512 eum
2785 3459 3021 3530 quidam
3069 3459 3346 3530 rebelles,
3381 3475 3546 3515 arma

1881 3547 2404 3618 moventes.Cujus
2419 3547 2695 3602 anxietati
2709 3547 3092 3617 compatiens,
3110 3549 3181 3604 de
3194 3549 3361 3603 urbis
3375 3548 3545 3604 Pari-

1889 3635 2069 3690 siacae
2100 3637 2537 3706 expugnatione
2585 3635 2882 3706 difﬁdens,
2917 3637 2991 3691 ob
3034 3637 3309 3692 videlicet
3352 3638 3547 3693 aditus

1887 3724 2290 3781 difﬁcultatem
2309 3727 2365 3778 et
2395 3725 2633 3779 nimiam
2659 3725 2951 3781 alimonia:
2973 3725 3125 3781 intra
3147 3741 3274 3781 eam
3295 3726 3545 3798 copiam,

1885 3813 2133 3870 dimissa
2178 3813 2510 3882 obsidione,
2562 3815 2790 3886 Anglos
2837 3816 3207 3887 aggreditur.
3258 3815 3384 3881 Quo
3415 3833 3550 3871 cum

1885 3903 2173 3971 venisset,
2197 3903 2454 3957 rebelles
2477 3919 2849 3975 expugnans,
2867 3920 2999 3958 cum
3022 3905 3361 3960 austeritate
3385 3921 3550 3960 coer-

1887 3992 2026 4061 cuit,
2062 3992 2441 4062 acceptisque
2473 3991 2786 4046 obsidibus
2824 3993 2952 4064 regi
3001 4009 3112 4048 suo
3161 4009 3384 4064 pronos
3415 3993 3550 4050 effe-

1890 4079 1987 4135 cit.
2023 4078 2249 4133 Exhinc
2272 4080 2478 4134 iterato
2501 4080 2685 4135 electa
2701 4080 2992 4151 juvenum
3011 4081 3400 4152 multitudine,
3416 4099 3552 4138 cum

1890 4167 2124 4239 magnis
2155 4167 2500 4222 muneribus
2522 4184 2554 4222 a
2577 4184 2718 4240 rege
2738 4169 2854 4222 sibi
2887 4169 3134 4238 collatis,
3156 4170 3216 4224 in
3245 4170 3555 4226 Franciam

1890 4259 2130 4322 remeat,
2167 4255 2360 4310 statim
2386 4257 2631 4311 comites
2655 4257 2952 4312 exercitus
2976 4257 3071 4311 sui
3091 4257 3381 4323 dividens,
3403 4258 3554 4313 alios

1891 4346 2058 4401 alveo
2081 4345 2391 4416 Sequanae,
2409 4345 2556 4399 alios
2574 4345 2808 4417 Ligeris
2827 4346 3064 4414 ﬂuento,
3080 4347 3231 4400 alios
3251 4361 3423 4401 amne
3444 4346 3556 4402 Ge-

1891 4435 2097 4490 rundaa
2129 4433 2550 4505 iuterjacentes
2580 4434 2918 4505 provincias
2956 4435 3326 4506 praedatums
3377 4434 3558 4490 celeri

1893 4524 2270 4595 navigatione
2301 4523 2620 4593 misit.Ipse
2656 4528 2852 4579 autem
2890 4524 3160 4580 Parisius
3201 4523 3410 4578 iterum
3450 4539 3557 4579 ve-

1894 4614 2086 4682 niens,
2104 4613 2280 4683 coepit
2301 4612 2507 4668 urbem
2531 4629 2876 4684 Oppugnare
2907 4617 2963 4670 et
2987 4618 3205 4670 terram
3232 4628 3413 4684 super
3442 4611 3558 4667 ini-

1894 4703 2084 4758 micos
2116 4717 2262 4757 suos
2294 4701 2624 4757 devastare.

2500 4808 2753 4864 CAPUT
2800 4809 2954 4864 XIV.

1903 4898 2066 4966 Quod
2097 4897 2344 4953 Carolus
2375 4898 2622 4953 audiens
2653 4899 2910 4954 reditum
2942 4896 3226 4966 Rollonis,
3254 4911 3459 4968 pacem
3482 4893 3564 4968 ab

1973 4987 2041 5026 eo
2071 4969 2249 5023 trium
2281 4970 2567 5040 mensium
2597 4976 2813 5040 petens
2845 4970 3102 5040 accepit;
3156 4967 3271 5040 quo
3312 4967 3567 5040 termino

1971 5042 2158 5110 linito,
2192 5039 2360 5095 Bello
2388 5056 2526 5094 suos
2548 5039 2728 5112 usque
2758 5039 3564 5112 Burgundiam’praedaturos

1973 5114 2426 5183 circumquaque
2455 5112 2640 5165 misit.

1975 5218 2240 5274 Audiens
2255 5221 2450 5273 autem
2463 5218 2710 5273 Carolus
2723 5233 2850 5286 rex,
2867 5215 2939 5270 ab
2961 5215 3288 5288 Anglorum
3301 5215 3568 5287 partibus

1906 5307 2090 5364 rebus
2116 5322 2403 5377 prospere
2438 5307 2647 5379 gestis,
2675 5305 2983 5359 Rollonem
3013 5305 3288 5374 rediisse,
3315 5304 3476 5358 misit
3495 5301 3571 5357 ad

1909 5413 2041 5452 eum
2063 5396 2448 5464 Francorum,
2468 5395 3009 5466 Rolhomagensem
3031 5393 3570 5465 archiepiscopum,

1907 5485 2192 5540 mandans
2218 5487 2280 5538 ut
2309 5500 2342 5538 a
2372 5483 2681 5539 vexatione
2720 5483 3087 5538 Franconem
3127 5481 3386 5552 cederet,
3421 5485 3476 5535 et
3518 5478 3576 5533 ei

1909 5573 2180 5630 inducias
2210 5573 2385 5627 trium
2416 5571 2711 5627 mensium
2741 5573 2924 5627 daret.
2957 5571 3189 5638 Quibus
3224 5566 3572 5641 impetratis,

1909 5663 2214 5737 paulisper
2242 5661 2466 5736 quievit
2492 5664 2650 5718 terra
2681 5678 2716 5717 a
2759 5676 3127 5735 paganorum
3169 5659 3416 5731 rapinis.
3452 5654 3576 5709 Ex-

1911 5753 2085 5828 pletis
2100 5753 2296 5808 autem
2326 5751 2520 5810 tribus
2547 5751 2881 5827 mensibus,
2901 5749 3060 5808 illico
3080 5746 3252 5807 R0110
3271 5747 3488 5819 puteus
3505 5755 3578 5798 se
