3956 6176
150 311 239 375 801
449 302 872 368 HISTORLE
914 302 1719 369 NORTHMANNORUM
1762 303 1985 369 LIBRI
2031 304 2280 372 OC’I‘O.
2315 344 2390 357 —
2422 309 2684 376 LIBER
2723 313 3158 381 SECUNDUS

147 506 397 565 tumultus.
427 504 727 574 Caeterum,
757 501 1009 559 Carolus
1055 518 1184 574 rex,
1219 503 1456 576 duxque
1488 503 1750 560 Franco-
1773 487 1832 554 Α

145 614 246 652 rum
271 595 556 661 Robertus,
581 593 945 664 comitesque
969 597 1025 647 et
1041 609 1350 664 proceres,
1379 596 1674 664 praesules
1694 599 1750 650 et

145 687 364 753 abbates,
389 683 730 754 juraverunt
753 685 1122 737 sacramento
1146 683 1452 738 catholica
1484 683 1619 738 ﬁdei
1647 702 1746 754 pa-

141 774 276 830 tricio
306 772 516 827 Rolloni
557 771 737 826 vitam
769 787 938 825 suam
969 775 1025 826 et
1065 772 1328 827 membra
1359 775 1415 826 et
1459 773 1745 828 honorem

142 864 286 917 totius
314 861 468 932 regni
485 879 497 925 ;
527 876 712 931 super
731 864 946 915 terram
971 861 1421 930 denominatam,
1454 867 1745 934 quatenus

136 952 289 1022 ipsam
318 953 522 1004 teneret
543 955 600 1004 et
623 949 978 1020 possideret,
1006 950 1468 1021 haredibusque
1490 952 1747 1007 traderet

136 1044 176 1093 et
200 1055 290 1109 per
316 1039 590 1093 curricula
617 1044 965 1094 cunctorum
985 1055 1275 1094 annorum
1297 1041 1608 1095 successio
1644 1057 1746 1096 ne-

135 1130 294 1199 potum
322 1127 551 1182 haberet
579 1132 635 1182 et
666 1129 964 1184 excoleret
993 1129 1051 1182 in
1084 1129 1404 1200 progenies
1435 1131 1749 1202 progenie-

136 1234 252 1271 rum.
295 1216 504 1283 Quibus
550 1218 829 1274 nobiliter
858 1219 1132 1288 expletis,
1179 1234 1287 1273 rex
1330 1219 1505 1274 latus
1537 1220 1610 1274 ad
1641 1236 1749 1274 sua

134 1305 436 1377 regreditur,
468 1309 524 1361 et
559 1307 727 1362 Rollo
758 1324 892 1362 cum
945 1307 1204 1362 Roberto
1235 1308 1384 1364 duce
1417 1309 1489 1363 ad
1523 1309 1749 1364 Rotho-

131 1396 386 1467 magensis
416 1395 580 1450 urbis
615 1397 830 1451 moenia
862 1397 1285 1466 proﬁciscitur.

663 1484 914 1540 CAPUT
954 1487 1160 1541 XVIII.

133 1572 261 1637 Quod
279 1587 416 1627 anno
434 1573 735 1646 incarnati
764 1574 945 1629 Verbi
968 1575 1097 1630 912
1114 1575 1453 1646 baptizatus
1470 1581 1561 1630 est
1584 1574 1752 1631 Bello

190 1647 246 1722 et.
263 1645 553 1698 exercitus
571 1645 708 1725 ejus
728 1653 785 1699 et
805 1647 954 1725 quod
986 1645 1538 1725 venerabilioribus
1557 1647 1749 1702 eccle-

181 1714 274 1790 siis
297 1731 408 1769 suae
426 1714 758 1790 provinciae
781 1714 947 1772 dedit
975 1725 1206 1788 partem
1229 1723 1748 1790 terra,antequam

182 1786 288 1839 suis
325 1801 459 1860 eam
478 1786 1098 1860 divideretrsatrapis
1111 1808 1130 1853 ;
1171 1795 1229 1844 et
1260 1789 1336 1844 de
1383 1786 1746 1860 Brenneval,

180 1872 318 1926 quam
349 1857 510 1911 dedit
543 1858 765 1914 Sancto
795 1857 1082 1932 Dionysio
1109 1860 1514 1932 Areopagitae.

178 1945 320 1998 Anno
337 1945 512 2016 igitur
531 1946 954 2002 incarnationis
974 1949 1297 2003 Dominica
1314 1947 1418 2002 912
1436 1949 1749 2003 benedicto

123 2031 247 2085 fonte
275 2035 493 2089 nomine
547 2034 777 2090 Sancta
810 2037 1138 2108 Trinitatis,
1175 2037 1344 2092 Rollo
1381 2053 1413 2090 a
1444 2036 1749 2092 Francone

122 2121 526 2193 archiepiscopo
575 2124 933 2195 baptizatur;
984 2142 1160 2198 quem
1206 2127 1503 2182 Robertus
1556 2127 1676 2180 dux
1717 2141 1750 2180 a

123 2209 249 2266 fonte
289 2213 606 2283 accipiens,
657 2215 711 2270 ei
759 2231 934 2270 suum
981 2231 1195 2270 nomen
1236 2215 1538 2286 imposuit.
1577 2213 1749 2269 Rollo

121 2303 277 2353 autem
304 2305 614 2373 postquam
650 2300 976 2374 baptizatus
1027 2308 1138 2368 est.
1172 2321 1281 2375 per
1313 2308 1542 2374 septem
1595 2303 1746 2372 dies,

121 2386 297 2455 quibus
325 2390 381 2443 in
410 2391 570 2445 albis
592 2393 826 2462 mansit,
853 2393 1042 2447 Deum
1068 2397 1124 2447 et
1146 2396 1410 2448 sanctam
1433 2391 1750 2446 ecclesiam

122 2475 291 2532 devote
319 2479 462 2534 datis
495 2481 850 2536 muneribus
881 2481 1212 2536 honoravit.
1245 2482 1394 2536 Nam
1430 2481 1624 2552 primo
1655 2479 1749 2534 die

120 2563 246 2620 dedit
272 2571 476 2622 terram
507 2571 954 2640 pramaximam
1003 2571 1235 2626 Sanctae
1267 2571 1468 2626 Maria
1520 2569 1743 2625 Rotho-

120 2656 339 2725 magensi
358 2658 658 2727 ecclesiae;
674 2660 937 2715 secundo
951 2659 1185 2714 Sanctae
1209 2660 1409 2715 Maria
1430 2659 1750 2732 Bajocensi

118 2742 363 2811 ecclesia;
396 2748 596 2814 tertio,
624 2748 819 2803 Santa
845 2749 1044 2804 Mariae
1073 2749 1424 2804 Ebroicensi
1450 2749 1746 2818 ecclesia;

118 2837 306 2903 quarto,
336 2834 537 2890 Sancti
563 2837 870 2892 Michaelis
897 2839 1239 2911 archangeli
1267 2839 1541 2894 ecclesia
1569 2839 1624 2892 in
1647 2854 1746 2910 pe-

117 2921 265 2976 riculo
294 2926 467 2979 maris
499 2942 690 2995 supra
735 2931 989 2982 montem
1022 2929 1252 2997 posita;
1289 2929 1511 2999 quinto,
1548 2927 1746 2982 Sancti

117 3007 239 3062 Petri
266 3015 315 3065 et
342 3013 547 3069 Sancti
576 3016 845 3071 Audoeni
877 3017 936 3070 in
960 3017 1250 3072 suburbio
1277 3017 1746 3089 Rothomagensi

116 3100 372 3169 ecclesia;
418 3106 618 3174 sexto,
675 3105 877 3160 Sancti
925 3106 1080 3162 Petri
1133 3111 1190 3162 et
1238 3106 1436 3162 Sancti
1465 3105 1747 3161 Aichadri

117 3184 526 3248 Gemmeticensi
579 3194 887 3264 ecclesia;
922 3196 1193 3266 septimo,
1230 3195 1562 3251 Brenneval
1610 3212 1743 3250 eum
1779 3223 1833 3289 ο

114 3277 343 3336 omnibus
373 3283 748 3354 appendiciis
779 3284 994 3340 Sancto
1023 3285 1302 3357 Dionysio
1336 3285 1516 3340 dedit.

679 3373 931 3429 CAPUT
971 3374 1129 3430 XIX.

117 3451 362 3518 Quomodo
377 3460 441 3514 di
450 3463 601 3515 viszt
619 3467 845 3516 terram
866 3464 996 3518 suis
1014 3463 1354 3518 hominibus
1375 3469 1433 3518 et
1456 3462 1745 3518 ecclesias

167 3527 477 3603 destructas
502 3538 569 3587 et
590 3550 789 3588 muros
811 3535 1117 3589 civitatum
1135 3535 1434 3590 readiﬁca
1447 3536 1549 3603 vit;
1585 3539 1642 3588 et
1669 3534 1743 3589 de

166 3597 490 3658 Britonibus
528 3621 674 3675 quos
705 3605 828 3658 sibi
857 3605 1227 3660 rebellantes
1257 3597 1622 3678 subjugavit.

164 3685 354 3745 Octavo
379 3694 472 3747 die
495 3693 857 3763 expiationis
881 3694 1034 3766 ejus,
1061 3697 1431 3750 vestimentis
1457 3695 1740 3749 chrisma-

113 3773 236 3830 libus
255 3784 477 3852 exutus,
504 3783 720 3837 verbis
745 3785 1286 3856 coepitacquisitam
1309 3788 1526 3838 terram
1551 3784 1743 3838 metiri

111 3867 500 3941 comitibusque
542 3873 671 3925 suis
702 3876 757 3926 et
789 3874 1022 3927 cateris
1056 3873 1331 3928 fidelibus
1363 3874 1492 3928 suis
1511 3873 1739 3944 largiri.

110 3949 346 4010 Videntes
391 3963 592 4015 autem
638 3961 853 4032 pagani
883 3961 1092 4016 ducem
1132 3979 1305 4017 suum
1344 3962 1744 4016 Christianum

109 4053 236 4113 esse,
253 4046 466 4101 relictis
482 4049 664 4103 idolis
679 4049 897 4104 Christi
913 4066 1046 4105 nom
1055 4067 1145 4106 em
1159 4051 1510 4122 suscipiunt,
1526 4067 1594 4105 ac
1609 4033 1744 4106 lina-

111 4130 266 4187 nimes
295 4137 364 4190 ad
393 4137 760 4208 baptismum
809 4140 1138 4196 convolant.
1188 4141 1410 4195 Dehinc
1442 4141 1740 4196 Robertus

109 4215 432 4280 Francorum
457 4229 604 4294 dux,
631 4228 834 4297 rebus,
859 4245 964 4299 pro
987 4231 1202 4300 quibus
1223 4232 1484 4298 venerat,
1511 4245 1744 4299 compe-

108 4310 261 4364 tenter
288 4317 497 4386 gestis,
540 4316 850 4371 Franciam
878 4319 1087 4389 repetit
1118 4319 1347 4374 hilaris.
1397 4320 1583 4373 Porro
1619 4320 1743 4374 Ro-

109 4395 280 4454 bertus
311 4403 858 4460 Northmannorum
881 4408 1020 4478 dux,
1046 4411 1372 4478 praparato
1395 4407 1743 4478 nuptialium

110 4501 269 4543 rerum
317 4509 534 4566 magno
587 4499 887 4566 apparatu,
952 4513 1132 4568 supra
1189 4497 1546 4552 nominatam
1601 4497 1743 4551 tanti

3402 316 3527 382 802

2479 507 2732 565 CAPUT
2761 511 2889 569 XX.

1859 610 2097 694 Denlege
2129 628 2295 694 quam
2325 617 2558 694 statuit,
2583 622 2641 670 ut
2672 618 2866 694 nullus
2888 635 3194 694 assensum
3216 623 3524 694 praberet

1931 681 2073 751 furi,
2092 681 2153 766 et
2172 685 2246 740 de
2262 687 2488 766 rustico
2502 681 2560 741 et
2583 705 2764 743 uxore
2784 691 2838 762 ej
2843 707 2910 744 us
2927 709 3068 766 quos
3085 681 3253 766 affiji
3262 696 3526 766 patibulo

1926 761 2177 825 propter
2222 756 2472 811 cultrum
2514 766 2573 814 et
2609 756 2902 816 vomerem
2932 756 3522 839 Turatumvpracepit.

1933 862 2224 918 Posthac
2246 865 2398 919 intra
2421 865 2918 924 Northmannicos
2940 869 3154 926 limites
3180 873 3375 944 legem
3408 877 3524 928 sta-

1861 949 1988 1020 tuit,
2021 954 2084 1004 ut
2108 951 2306 1007 nullus
2336 969 2652 1010 assensum
2683 957 2796 1011 furi
2817 959 3130 1027 praeberet.
3165 960 3330 1026 Quod
3353 960 3405 1015 si
3427 962 3526 1016 de-

1864 1039 2348 1112 prehenderetur,
2369 1044 2540 1098 ambo
2562 1045 2840 1114 patibulis
2858 1049 3347 1117 appenderentur.
3368 1049 3527 1104 Con-

1864 1127 1992 1198 tigit
2021 1131 2216 1184 autem
2245 1146 2363 1185 non
2408 1133 2590 1188 multo
2620 1138 2756 1204 post
2784 1135 2843 1189 in
2885 1136 3350 1209 Longapetentis
3389 1138 3527 1193 villa

1860 1218 2170 1288 quemdam
2214 1221 2535 1292 agricolam
2578 1224 2880 1279 reficiendi
2913 1242 3115 1296 causa,
3166 1227 3368 1283 labore
3420 1244 3528 1282 su-

1860 1322 2104 1376 spenso,
2130 1308 2368 1363 domum
2389 1311 2604 1382 redire,
2629 1312 2900 1368 dimissis
2919 1315 3064 1370 loris
3087 1315 3146 1370 in
3169 1331 3375 1387 campo
3394 1332 3528 1372 cum

1861 1397 2048 1451 cultro
2093 1399 2151 1452 et
2193 1414 2461 1455 vomere.
2502 1399 2646 1466 Quae
2695 1406 2812 1456 tam
2842 1403 3049 1459 infelix
3087 1420 3262 1476 quam
3304 1421 3529 1460 vesana

1859 1500 2012 1540 uxor
2058 1487 2251 1556 ipsius
2297 1489 2446 1542 clam
2487 1493 2696 1546 cuncta
2727 1492 2986 1562 sustulit,
3030 1495 3286 1562 experiri
3316 1495 3527 1550 volens

1858 1573 2112 1628 edictum
2132 1576 2323 1630 ducis.
2343 1577 2626 1633 Rusticus
2644 1595 2786 1635 vero
2804 1581 2875 1634 ad
2890 1596 3156 1651 campum
3176 1598 3524 1655 regressus,

1856 1663 2039 1717 rebus
2067 1680 2184 1718 non
2216 1665 2494 1736 inventis,
2542 1683 2788 1723 uxorem
2830 1684 2904 1722 an
2935 1685 3038 1724 eas
3069 1671 3312 1726 haberet
3336 1671 3528 1743 inqui-

1856 1750 1950 1804 rit.
1983 1749 2107 1815 Qua
2137 1757 2410 1824 negante,
2447 1755 2657 1810 ducem
2704 1757 3054 1828 aggreditur
3082 1763 3292 1828 petens
3322 1763 3386 1814 ut
3417 1776 3526 1815 sua

1783 1868 1836 1931 Β
1859 1839 1973 1931 sibi
2005 1841 2687 1931 ustensiliareddantur.
2719 1844 2828 1909 Qui
2851 1848 3044 1900 motus
3076 1846 3232 1901 illico
3265 1849 3524 1920 pietatte,

1860 1929 2131 1983 damnum
2166 1930 2280 1984 viri
2311 1930 2463 1986 datis
2494 1933 2753 2005 quinque
2785 1933 2994 1989 solidis
3027 1935 3297 1990 relevare
3330 1940 3386 1991 et
3416 1952 3526 2007 po-

1859 2018 2061 2087 pulum
2089 2033 2200 2088 per
2249 2020 2558 2076 circuitum
2590 2023 2664 2076 ad
2711 2038 2958 2078 examen
3003 2023 3212 2079 calibis
3251 2027 3528 2080 cunctum

1853 2106 2042 2177 jussit
2073 2109 2446 2178 compellere.
2471 2110 2596 2175 Quo
2621 2111 2740 2167 Deo
2759 2111 3063 2184 judicante
3083 2114 3352 2184 liberato,
3374 2131 3530 2171 uxor

1860 2198 2067 2251 rustici
2095 2213 2130 2251 a
2155 2199 2447 2253 ministris
2471 2204 2748 2256 arctatur.
2781 2201 2924 2267 Quae
2946 2207 3148 2257 coacta
3170 2203 3527 2259 verberibus

1863 2290 2090 2340 reatum
2106 2287 2428 2356 profitetur.
2451 2289 2582 2343 Dux
2605 2292 2800 2344 autem
2821 2291 3047 2345 rustico
3066 2293 3172 2346 ait:
3202 2313 3225 2338 α
3252 2292 3526 2348 Noveras

1861 2378 2031 2430 antea
2061 2375 2214 2430 hanc
2245 2376 2433 2431 furem
2466 2379 2649 2433 esse?
2683 2401 2704 2425 ιτ
2739 2378 2810 2432 Et
2836 2379 3101 2434 rusticus
3123 2381 3201 2434 ait
3227 2395 3240 2435 :
3271 2401 3294 2428 «ι
3329 2381 3526 2436 Nove-

1862 2480 2008 2519 ram.
2038 2484 2061 2514 ι
2087 2464 2176 2518 Ad
2200 2465 2327 2520 haec
2350 2466 2466 2520 dux
2489 2467 2711 2522 intulit:
2742 2490 2763 2514 ιι
2786 2467 2975 2522 Tuum
2993 2473 3133 2525 oste
3153 2469 3523 2541 condemnat,

1864 2569 2039 2608 serve
2061 2570 2332 2626 nequam.
2361 2578 2384 2604 υ
2410 2555 2481 2610 Et
2507 2557 2783 2612 continuo
2805 2557 3013 2612 ambos
3040 2558 3212 2629 jubet
3237 2558 3526 2629 suspendi

1862 2643 2144 2712 patibulo.
2179 2643 2463 2699 Dicuntur
2510 2646 2683 2700 etiam
2727 2647 2839 2701 alia
2885 2647 3065 2702 multa
3113 2647 3291 2720 digna
3339 2647 3526 2703 relatu

1862 2731 2043 2803 vulgo
2075 2731 2147 2786 de
2178 2747 2268 2802 eo,
2302 2748 2552 2803 quorum
2581 2749 2763 2789 unum
2789 2735 3051 2790 breviter
3078 2735 3175 2790 hic
3220 2736 3522 2792 intimabo.

1864 2819 2010 2874 Dum
2035 2825 2166 2890 post
2191 2823 2560 2877 venationem
2583 2824 2642 2878 in
2662 2824 2894 2895 silvam,
2919 2840 3053 2896 quae
3073 2824 3337 2880 imminet
3356 2825 3527 2881 alveo

1861 2908 2330 2982 Sequanajuxta
2344 2912 2777 2985 Rothomagum
2801 2915 3052 2984 stipatus
3072 2913 3527 2985 obsequentium

1859 2999 2052 3054 turbis
2083 3001 2438 3071 comederet,
2490 3003 2710 3057 sedens
2754 3018 2937 3072 super
2965 3003 3159 3058 lacum
3205 3019 3381 3074 quem
3407 3017 3525 3058 usu

1861 3088 2200 3159 quotidiano
2229 3089 2508 3160 loquendi
2538 3091 2762 3146 Maram
2791 3106 3098 3162 vocamus,
3133 3091 3394 3146 armillas
3424 3106 3526 3145 au-

1861 3192 1996 3232 reas
2025 3178 2087 3232 in
2118 3194 2342 3249 quercu
2372 3179 2664 3249 pependit.
2688 3179 2831 3245 Qua
2862 3196 2969 3250 per
2989 3184 3112 3236 tres
3148 3195 3337 3235 annos
3361 3180 3435 3235 ob
3453 3178 3527 3235 ti-

1859 3282 2084 3321 morem
2116 3266 2306 3336 ipsius
2329 3267 2560 3322 intactae
2582 3268 2800 3323 ibidem
2823 3269 3082 3324 fuernnt.
3108 3267 3179 3324 Et
3201 3268 3338 3341 quia
3353 3268 3527 3342 juxta

1858 3356 2080 3410 Maram
2129 3356 2271 3410 illud
2316 3355 2533 3412 factum
2576 3357 2957 3413 memorabile
3007 3358 3164 3428 fecit,
3218 3359 3350 3414 ideo
3392 3357 3526 3428 ipsa

1859 3445 2010 3498 silva
2042 3460 2234 3516 usque
2264 3445 2323 3500 in
2357 3447 2704 3501 hobiernum
2737 3447 2893 3501 diem
2926 3447 3195 3503 Rollonis
3225 3447 3388 3502 Mare
3415 3462 3525 3502 vo-

1859 3536 2043 3588 catur.
2079 3535 2188 3590 His
2213 3537 2270 3590 et
2300 3534 2646 3608 hujusmodi
2667 3537 2836 3592 Rollo
2855 3537 2976 3592 dux
2990 3537 3320 3592 terroribus
3341 3551 3527 3608 popu-

1858 3622 1979 3677 lum
2009 3623 2273 3693 frenans,
2292 3627 2414 3679 tum
2432 3625 2506 3680 ob
2527 3641 2788 3682 amorem
2803 3625 3074 3697 justitia,
3099 3641 3276 3697 quem
3307 3624 3527 3680 divinis

1859 3711 2062 3767 debuit
2090 3713 2347 3785 legibus,
2400 3717 2523 3769 tum
2564 3731 2670 3785 pro
2721 3715 3094 3770 subditorum
3138 3714 3422 3770 concordi
3469 3715 3528 3769 et

1861 3801 2057 3871 quieta
2085 3803 2223 3872 vita,
2275 3805 2398 3858 tum
2427 3819 2535 3874 pro
2567 3805 2662 3859 sui
2692 3803 2938 3860 honoris
2982 3803 3300 3875 tranquillo
3349 3805 3525 3874 statu,

1860 3890 2134 3945 ducatum
2183 3892 2300 3947 sibi
2329 3909 2364 3946 a
2395 3894 2516 3949 Deo
2548 3892 2892 3948 attributum
2937 3896 3202 3966 tempore
3249 3893 3527 3965 longavo

1857 3979 2102 4050 paciﬁce
2133 3981 2519 4052 gubernabat.

2462 4051 2714 4107 CAPUT
2753 4053 2909 4108 XXI.

1861 4139 1950 4194 De
1979 4137 2204 4194 duobus
2223 4139 2517 4194 militibus
2541 4139 2742 4196 Caroli
2768 4141 2938 4212 regis
2970 4155 3112 4213 quos
3134 4139 3282 4196 fecit
3296 4139 3524 4212 puniri.

1932 4227 2180 4282 Carolus
2227 4227 2508 4298 Simplex,
2570 4229 2730 4283 filius
2788 4229 3075 4284 Ludovici
3133 4231 3527 4301 cognomento

1861 4316 2208 4374 Nihil-fecit
2237 4320 2364 4370 erat
2402 4332 2578 4372 socer
2625 4317 2928 4386 Rollonis;
2961 4315 3214 4389 quodam
3261 4319 3526 4386 tempore

1860 4407 2022 4462 misit
2051 4406 2200 4462 duos
2235 4406 2450 4460 milites
2491 4405 2672 4461 Gisla
2701 4405 2838 4460 filia
2870 4421 3020 4460 sua.
3053 4404 3216 4470 Quos
3246 4405 3346 4459 illa
3375 4405 3530 4475 apud

1859 4511 1926 4550 se
1954 4495 2183 4550 occulte
2215 4495 2315 4549 diu
2343 4495 2561 4550 morari
2582 4495 2740 4565 fecit,
2764 4495 2975 4550 nolens
3005 4510 3112 4550 eos
3145 4494 3527 4550 manifestare

112 4577 243 4646 regis
271 4581 441 4636 ﬁliam
467 4584 527 4636 in
559 4587 929 4639 consortium
954 4587 1046 4640 sui
1079 4587 1191 4640 tori
1220 4585 1556 4642 Christiano
1581 4601 1741 4641 more
1781 4581 1837 4646 D
1862 4585 2116 4640 Rolloni.
2149 4583 2314 4649 Quod
2340 4600 2473 4639 cum
2503 4583 2602 4638 ille
2631 4585 3038 4656 cognovisset,
3058 4583 3245 4638 iratus
3267 4587 3324 4639 et
3355 4598 3526 4653 repu-

111 4662 257 4721 duxit.
288 4671 679 4727 Securitatem
729 4675 1002 4728 omnibus
1033 4675 1314 4748 gentibus
1346 4675 1404 4730 in
1446 4692 1553 4730 sua
1586 4679 1744 4730 terra

111 4766 308 4810 manere
338 4761 717 4830 cupientibus
745 4763 898 4817 fecit.
925 4763 1090 4818 Illam
1113 4769 1327 4819 terram
1352 4765 1445 4818 sui
1469 4765 1743 4818 fidelibus

110 4839 332 4902 funiculo
359 4850 590 4918 divisit,
614 4854 1076 4924 universumque
1095 4854 1194 4908 diu
1218 4855 1514 4908 desertam
1537 4853 1744 4909 readi-

110 4928 286 5002 ticavit;
305 4941 480 5008 atque
505 4939 577 4993 de
604 4940 732 4994 suis
758 4942 1042 4997 militibus
1068 4943 1438 5014 advenisque
1463 4943 1743 5015 gentibus

107 5019 342 5079 refertam
360 5029 668 5082 restruxit.
695 5029 838 5084 Jura
856 5034 911 5084 et
933 5030 1100 5102 leges
1124 5032 1519 5102 sempiternas
1539 5032 1744 5085 volun-

108 5108 196 5162 tate
223 5115 549 5186 principum
598 5118 856 5172 sancitas
914 5124 970 5174 et
1001 5121 1270 5175 decretas
1302 5119 1458 5190 plebi
1507 5121 1738 5192 indixit,

106 5199 245 5267 atque
277 5205 523 5271 paciﬁca
554 5209 1006 5262 conversatione
1040 5208 1262 5264 morari
1313 5209 1508 5280 coegit
1539 5209 1736 5265 simul.

109 5283 373 5346 Ecclesias
407 5293 675 5349 funditus
700 5296 869 5350 fusas
911 5300 1108 5368 statut,
1148 5299 1362 5369 templa
1413 5298 1743 5370 frequentia

107 5389 434 5446 paganorum
467 5383 768 5440 destructa
800 5388 1174 5441 restauravit.
1211 5387 1414 5442 Muros
1443 5387 1742 5443 civitatum

109 5466 148 5512 et
176 5475 603 5541 proliugnacula
632 5475 838 5529 refecit
869 5479 923 5529 et
955 5478 1374 5547 augmentavit.
1423 5476 1737 5532 Britannos

109 5552 328 5611 rebelles
352 5561 468 5614 sibi
494 5562 856 5634 subjugavit,
883 5567 1055 5634 atque
1077 5565 1148 5620 de
1171 5565 1412 5620 cibariis
1435 5566 1740 5621 Britonum

106 5639 261 5698 totum
291 5663 543 5720 regnum
571 5651 683 5707 sibi
705 5668 1062 5709 concessum
1086 5654 1456 5712 sufficienter
1485 5656 1663 5727 pavit.

1859 4677 1991 4729 tans
2023 4690 2129 4730 eos
2160 4673 2796 4746 exploratores,jussit
2817 4674 2951 4729 illos
2975 4673 3168 4742 educi,
3203 4675 3260 4728 et
3279 4673 3527 4728 eductos

1859 4765 1918 4817 in
1951 4764 2078 4818 foro
2127 4779 2327 4818 rerum
2354 4763 2650 4818 venalium
2689 4763 2977 4836 jugulari.
3011 4763 3278 4817 Audiens
3329 4764 3527 4816 autem

1859 4853 2158 4908 Robertus
2190 4852 2308 4906 dux
2336 4851 2722 4921 Francorum,
2755 4853 3024 4923 patrinus
3052 4851 3341 4921 Rollonis,
3367 4849 3529 4921 quod

1856 4958 1964 5014 pro
2009 4957 2153 4997 nece
2197 4942 2446 4997 duorum
2491 4941 2758 5011 militum,
2809 4941 3101 5012 colligata
3151 4939 3320 5010 pacis
3374 4939 3530 4995 inter

1858 5046 2062 5103 regem
2081 5034 2135 5084 et
2155 5030 2478 5086 Robertum
2496 5031 2705 5086 ducem
2728 5029 3267 5085 Northmannorum
3286 5027 3526 5083 vincula

1863 5120 2054 5175 soluta
2085 5119 2433 5192 diruptaque
2457 5122 2681 5189 essent,
2715 5121 2919 5174 contra
2943 5132 3078 5172 eum
3106 5116 3436 5186 rebellavit,
3469 5119 3529 5172 et

1862 5225 2111 5281 regnum
2162 5209 2426 5263 Francia
2468 5209 2776 5271 invadens,
2811 5207 2871 5260 in
2901 5221 3106 5278 regem
3136 5223 3199 5260 ιιι
3230 5205 3527 5261 Kalendas

1860 5298 1999 5352 Julii
2020 5301 2234 5352 unctus
2258 5300 2368 5352 est.
2391 5297 2639 5352 Carolus
2657 5312 2800 5351 vero
2824 5298 3137 5366 antequam
3153 5311 3346 5350 annus
3366 5311 3523 5350 com-

1857 5387 2137 5456 pleretur,
2157 5390 2360 5442 contra
2379 5386 2552 5458 regni
2573 5385 2914 5440 invasorem
2930 5384 3279 5440 Suessionis
3297 5400 3524 5456 pugna-

1857 5476 1958 5546 vit,
1993 5478 2306 5548 ipsumque
2338 5477 2460 5530 Deo
2487 5474 2806 5545 adjuvante
2840 5473 3090 5528 vincens
3112 5475 3378 5544 peremit.
3411 5472 3528 5527 Sed

1855 5567 1928 5635 ei,
1980 5566 2118 5620 dum
2147 5583 2180 5619 a
2209 5565 2365 5620 bello
2405 5565 2595 5618 victor
2640 5565 3062 5632 reverteretur,
3115 5561 3526 5634 nequissimus

1855 5670 2055 5713 comes
2089 5655 2417 5714 Herbertus
2449 5654 2730 5725 occurrit,
2755 5657 2812 5711 et
2841 5653 2954 5710 sub
2978 5653 3114 5710 ﬁcta
3140 5652 3306 5723 pacis
3338 5649 3526 5707 simu-
