  <div class='ocr_page' id='page_1' title='image "/cluster/home/n/w/nwhite01/storage/ocr_20150623/149/hvd.32044054760079/407.png"; bbox 0 0 3956 6176; ppageno 0'>
   <div class='ocr_carea' id='block_1_1' title="bbox 394 279 514 344">
    <p class='ocr_par' dir='ltr' id='par_1_1' title="bbox 394 279 514 344">
     <span class='ocr_line' id='line_1_1' title="bbox 394 279 514 344; baseline 0 0"><span class='ocrx_word' id='word_1_1' title='bbox 394 279 514 344; x_wconf 90' lang='grc'>803</span> 
     </span>
    </p>
   </div>
   <div class='ocr_carea' id='block_1_2' title="bbox 1098 272 3125 340">
    <p class='ocr_par' dir='ltr' id='par_1_2' title="bbox 1098 272 3125 340">
     <span class='ocr_line' id='line_1_2' title="bbox 1098 272 3125 340; baseline 0.001 -4"><span class='ocrx_word' id='word_1_2' title='bbox 1098 275 1540 340; x_wconf 86' lang='lat' dir='ltr'>WILLELMI</span> <span class='ocrx_word' id='word_1_3' title='bbox 1587 273 1948 338; x_wconf 86' lang='lat' dir='ltr'>CALCULI</span> <span class='ocrx_word' id='word_1_4' title='bbox 1993 272 2688 338; x_wconf 81' lang='lat' dir='ltr'>GEMMETICENSIS</span> <span class='ocrx_word' id='word_1_5' title='bbox 2729 275 3125 339; x_wconf 85' lang='lat' dir='ltr'>MONACHI</span> 
     </span>
    </p>
   </div>
   <div class='ocr_carea' id='block_1_3' title="bbox 3621 289 3708 355">
    <p class='ocr_par' dir='ltr' id='par_1_3' title="bbox 3621 289 3708 355">
     <span class='ocr_line' id='line_1_3' title="bbox 3621 289 3708 355; baseline 0 0"><span class='ocrx_word' id='word_1_6' title='bbox 3621 289 3708 355; x_wconf 76' lang='lat'>804</span> 
     </span>
    </p>
   </div>
   <div class='ocr_carea' id='block_1_4' title="bbox 395 455 3714 556">
    <p class='ocr_par' dir='ltr' id='par_1_4' title="bbox 395 455 3714 556">
     <span class='ocr_line' id='line_1_4' title="bbox 395 455 3714 556; baseline 0.001 -16"><span class='ocrx_word' id='word_1_7' title='bbox 395 481 613 540; x_wconf 83' lang='lat' dir='ltr'>latione</span> <span class='ocrx_word' id='word_1_8' title='bbox 644 479 716 536; x_wconf 89' lang='lat' dir='ltr'>ad</span> <span class='ocrx_word' id='word_1_9' title='bbox 739 480 1069 534; x_wconf 88' lang='lat' dir='ltr'>Parronam</span> <span class='ocrx_word' id='word_1_10' title='bbox 1096 481 1357 532; x_wconf 90' lang='lat' dir='ltr'>castrum</span> <span class='ocrx_word' id='word_1_11' title='bbox 1386 474 1725 546; x_wconf 86' lang='lat' dir='ltr'>hospitandi</span> <span class='ocrx_word' id='word_1_12' title='bbox 1747 475 1937 546; x_wconf 88' lang='lat' dir='ltr'>gratia</span> <span class='ocrx_word' id='word_1_13' title='bbox 1979 475 2064 528; x_wconf 85' lang='lat' dir='ltr'>di-</span> <span class='ocrx_word' id='word_1_14' title='bbox 2084 455 2144 518; x_wconf 83' lang='grc' dir='ltr'>Α</span> <span class='ocrx_word' id='word_1_15' title='bbox 2163 474 2298 546; x_wconf 88' lang='lat' dir='ltr'>ejus</span> <span class='ocrx_word' id='word_1_16' title='bbox 2330 479 2516 532; x_wconf 87' lang='lat' dir='ltr'>morte</span> <span class='ocrx_word' id='word_1_17' title='bbox 2547 481 2848 548; x_wconf 82' lang='lat' dir='ltr'>praeventa</span> <span class='ocrx_word' id='word_1_18' title='bbox 2869 477 3099 550; x_wconf 86' lang='lat' dir='ltr'>absque</span> <span class='ocrx_word' id='word_1_19' title='bbox 3121 477 3312 534; x_wconf 86' lang='lat' dir='ltr'>liberis</span> <span class='ocrx_word' id='word_1_20' title='bbox 3331 486 3525 537; x_wconf 86' lang='lat' dir='ltr'>mortua</span> <span class='ocrx_word' id='word_1_21' title='bbox 3539 491 3628 556; x_wconf 88' lang='lat' dir='ltr'>est,</span> <span class='ocrx_word' id='word_1_22' title='bbox 3650 504 3714 544; x_wconf 86' lang='lat' dir='ltr'>re-</span> 
     </span>
    </p>
   </div>
   <div class='ocr_carea' id='block_1_5' title="bbox 397 563 2069 639">
    <p class='ocr_par' dir='ltr' id='par_1_5' title="bbox 397 563 2069 639">
     <span class='ocr_line' id='line_1_5' title="bbox 397 563 2069 639; baseline -0.006 -12"><span class='ocrx_word' id='word_1_23' title='bbox 397 574 632 628; x_wconf 79' lang='lat' dir='ltr'>vertere</span> <span class='ocrx_word' id='word_1_24' title='bbox 659 569 958 639; x_wconf 85' lang='lat' dir='ltr'>compulit,</span> <span class='ocrx_word' id='word_1_25' title='bbox 991 572 1048 622; x_wconf 93' lang='lat' dir='ltr'>et</span> <span class='ocrx_word' id='word_1_26' title='bbox 1076 567 1157 621; x_wconf 87' lang='lat' dir='ltr'>ibi</span> <span class='ocrx_word' id='word_1_27' title='bbox 1184 582 1318 621; x_wconf 90' lang='lat' dir='ltr'>eum</span> <span class='ocrx_word' id='word_1_28' title='bbox 1349 565 1484 620; x_wconf 92' lang='lat' dir='ltr'>dolo</span> <span class='ocrx_word' id='word_1_29' title='bbox 1515 567 1747 633; x_wconf 88' lang='lat' dir='ltr'>captum</span> <span class='ocrx_word' id='word_1_30' title='bbox 1772 579 1963 635; x_wconf 91' lang='lat' dir='ltr'>usque</span> <span class='ocrx_word' id='word_1_31' title='bbox 1993 563 2069 618; x_wconf 88' lang='lat' dir='ltr'>ad</span> 
     </span>
    </p>
   </div>
   <div class='ocr_carea' id='block_1_6' title="bbox 399 654 2066 717">
    <p class='ocr_par' dir='ltr' id='par_1_6' title="bbox 399 654 2066 717">
     <span class='ocr_line' id='line_1_6' title="bbox 399 654 2066 717; baseline -0.005 -1"><span class='ocrx_word' id='word_1_32' title='bbox 399 663 648 717; x_wconf 91' lang='lat' dir='ltr'>mortem</span> <span class='ocrx_word' id='word_1_33' title='bbox 678 657 936 714; x_wconf 82' lang='lat' dir='ltr'>retinuit.</span> <span class='ocrx_word' id='word_1_34' title='bbox 965 657 1267 711; x_wconf 83' lang='lat' dir='ltr'>Robertus</span> <span class='ocrx_word' id='word_1_35' title='bbox 1299 655 1454 709; x_wconf 90' lang='lat' dir='ltr'>enim</span> <span class='ocrx_word' id='word_1_36' title='bbox 1478 655 1595 708; x_wconf 84' lang='lat' dir='ltr'>dux</span> <span class='ocrx_word' id='word_1_37' title='bbox 1621 669 1890 709; x_wconf 84' lang='lat' dir='ltr'>sororem</span> <span class='ocrx_word' id='word_1_38' title='bbox 1921 654 2066 708; x_wconf 87' lang='lat' dir='ltr'>Her-</span> 
     </span>
    </p>
   </div>
   <div class='ocr_carea' id='block_1_7' title="bbox 401 743 2072 817">
    <p class='ocr_par' dir='ltr' id='par_1_7' title="bbox 401 743 2072 817">
     <span class='ocr_line' id='line_1_7' title="bbox 401 743 2072 817; baseline -0.006 -11"><span class='ocrx_word' id='word_1_39' title='bbox 401 749 558 806; x_wconf 87' lang='lat' dir='ltr'>berti</span> <span class='ocrx_word' id='word_1_40' title='bbox 579 749 640 804; x_wconf 90' lang='lat' dir='ltr'>in</span> <span class='ocrx_word' id='word_1_41' title='bbox 663 745 946 817; x_wconf 90' lang='lat' dir='ltr'>conjugio</span> <span class='ocrx_word' id='word_1_42' title='bbox 971 745 1194 812; x_wconf 86' lang='lat' dir='ltr'>habuit,</span> <span class='ocrx_word' id='word_1_43' title='bbox 1225 760 1300 798; x_wconf 81' lang='lat' dir='ltr'>ex</span> <span class='ocrx_word' id='word_1_44' title='bbox 1321 759 1434 814; x_wconf 92' lang='lat' dir='ltr'>qua</span> <span class='ocrx_word' id='word_1_45' title='bbox 1457 743 1768 814; x_wconf 84' lang='lat' dir='ltr'>Hugonem</span> <span class='ocrx_word' id='word_1_46' title='bbox 1792 757 2072 814; x_wconf 90' lang='lat' dir='ltr'>magnum</span> 
     </span>
    </p>
   </div>
   <div class='ocr_carea' id='block_1_8' title="bbox 403 831 2074 911">
    <p class='ocr_par' dir='ltr' id='par_1_8' title="bbox 403 831 2074 911">
     <span class='ocr_line' id='line_1_8' title="bbox 403 831 2074 911; baseline -0.006 -17"><span class='ocrx_word' id='word_1_47' title='bbox 403 837 627 911; x_wconf 91' lang='lat' dir='ltr'>genuit.</span> <span class='ocrx_word' id='word_1_48' title='bbox 660 835 910 892; x_wconf 83' lang='lat' dir='ltr'>Carolus</span> <span class='ocrx_word' id='word_1_49' title='bbox 949 837 1144 889; x_wconf 90' lang='lat' dir='ltr'>autem</span> <span class='ocrx_word' id='word_1_50' title='bbox 1178 833 1279 888; x_wconf 92' lang='lat' dir='ltr'>ubi</span> <span class='ocrx_word' id='word_1_51' title='bbox 1311 834 1518 902; x_wconf 83' lang='lat' dir='ltr'>captus</span> <span class='ocrx_word' id='word_1_52' title='bbox 1549 834 1659 900; x_wconf 89' lang='lat' dir='ltr'>est,</span> <span class='ocrx_word' id='word_1_53' title='bbox 1695 831 2074 902; x_wconf 81' lang='lat' dir='ltr'>Rodulphum</span> 
     </span>
    </p>
   </div>
   <div class='ocr_carea' id='block_1_9' title="bbox 403 920 2075 992">
    <p class='ocr_par' dir='ltr' id='par_1_9' title="bbox 403 920 2075 992">
     <span class='ocr_line' id='line_1_9' title="bbox 403 920 2075 992; baseline -0.005 -11"><span class='ocrx_word' id='word_1_54' title='bbox 403 927 590 982; x_wconf 92' lang='lat' dir='ltr'>ﬁlium</span> <span class='ocrx_word' id='word_1_55' title='bbox 608 924 867 980; x_wconf 87' lang='lat' dir='ltr'>nobilem</span> <span class='ocrx_word' id='word_1_56' title='bbox 887 922 1168 978; x_wconf 85' lang='lat' dir='ltr'>Ricbardi</span> <span class='ocrx_word' id='word_1_57' title='bbox 1186 921 1673 992; x_wconf 81' lang='lat' dir='ltr'>Burgundionum</span> <span class='ocrx_word' id='word_1_58' title='bbox 1691 920 1881 989; x_wconf 91' lang='lat' dir='ltr'>ducis,</span> <span class='ocrx_word' id='word_1_59' title='bbox 1899 935 2075 990; x_wconf 89' lang='lat' dir='ltr'>quem</span> 
     </span>
    </p>
   </div>
   <div class='ocr_carea' id='block_1_10' title="bbox 403 1008 2075 1080">
    <p class='ocr_par' dir='ltr' id='par_1_10' title="bbox 403 1008 2075 1080">
     <span class='ocr_line' id='line_1_10' title="bbox 403 1008 2075 1080; baseline -0.005 -11"><span class='ocrx_word' id='word_1_60' title='bbox 403 1015 478 1070; x_wconf 91' lang='lat' dir='ltr'>de</span> <span class='ocrx_word' id='word_1_61' title='bbox 508 1028 683 1069; x_wconf 90' lang='lat' dir='ltr'>sacro</span> <span class='ocrx_word' id='word_1_62' title='bbox 699 1013 864 1066; x_wconf 87' lang='lat' dir='ltr'>fonte</span> <span class='ocrx_word' id='word_1_63' title='bbox 883 1013 1250 1080; x_wconf 83' lang='lat' dir='ltr'>susceperat,</span> <span class='ocrx_word' id='word_1_64' title='bbox 1281 1010 1529 1065; x_wconf 84' lang='lat' dir='ltr'>consilio</span> <span class='ocrx_word' id='word_1_65' title='bbox 1549 1025 1861 1080; x_wconf 87' lang='lat' dir='ltr'>procerum</span> <span class='ocrx_word' id='word_1_66' title='bbox 1883 1008 2075 1062; x_wconf 89' lang='lat' dir='ltr'>Fran-</span> 
     </span>
    </p>
   </div>
   <div class='ocr_carea' id='block_1_11' title="bbox 405 1097 2076 1171">
    <p class='ocr_par' dir='ltr' id='par_1_11' title="bbox 405 1097 2076 1171">
     <span class='ocr_line' id='line_1_11' title="bbox 405 1097 2076 1171; baseline -0.005 -13"><span class='ocrx_word' id='word_1_67' title='bbox 405 1118 614 1159; x_wconf 91' lang='lat' dir='ltr'>corum</span> <span class='ocrx_word' id='word_1_68' title='bbox 645 1101 705 1154; x_wconf 91' lang='lat' dir='ltr'>in</span> <span class='ocrx_word' id='word_1_69' title='bbox 751 1116 1003 1171; x_wconf 82' lang='lat' dir='ltr'>regnum</span> <span class='ocrx_word' id='word_1_70' title='bbox 1036 1099 1393 1153; x_wconf 89' lang='lat' dir='ltr'>sublimavit.</span> <span class='ocrx_word' id='word_1_71' title='bbox 1426 1098 1613 1169; x_wconf 87' lang='lat' dir='ltr'>Ogiva</span> <span class='ocrx_word' id='word_1_72' title='bbox 1660 1113 1803 1153; x_wconf 90' lang='lat' dir='ltr'>vero</span> <span class='ocrx_word' id='word_1_73' title='bbox 1852 1097 2076 1168; x_wconf 82' lang='lat' dir='ltr'>conjux</span> 
     </span>
    </p>
   </div>
   <div class='ocr_carea' id='block_1_12' title="bbox 409 1186 2077 1259">
    <p class='ocr_par' dir='ltr' id='par_1_12' title="bbox 409 1186 2077 1259">
     <span class='ocr_line' id='line_1_12' title="bbox 409 1186 2077 1259; baseline -0.004 -13"><span class='ocrx_word' id='word_1_74' title='bbox 409 1190 626 1256; x_wconf 84' lang='lat' dir='ltr'>Caroli,</span> <span class='ocrx_word' id='word_1_75' title='bbox 663 1189 781 1243; x_wconf 89' lang='lat' dir='ltr'>ﬁlia</span> <span class='ocrx_word' id='word_1_76' title='bbox 812 1188 1078 1242; x_wconf 87' lang='lat' dir='ltr'>Elstanni</span> <span class='ocrx_word' id='word_1_77' title='bbox 1125 1187 1290 1259; x_wconf 87' lang='lat' dir='ltr'>regis</span> <span class='ocrx_word' id='word_1_78' title='bbox 1334 1187 1687 1259; x_wconf 83' lang='lat' dir='ltr'>Anglorum,</span> <span class='ocrx_word' id='word_1_79' title='bbox 1739 1186 2077 1241; x_wconf 88' lang='lat' dir='ltr'>infortuniis</span> 
     </span>
    </p>
   </div>
   <div class='ocr_carea' id='block_1_13' title="bbox 408 1275 2079 1347">
    <p class='ocr_par' dir='ltr' id='par_1_13' title="bbox 408 1275 2079 1347">
     <span class='ocr_line' id='line_1_13' title="bbox 408 1275 2079 1347; baseline -0.003 -13"><span class='ocrx_word' id='word_1_80' title='bbox 408 1278 604 1334; x_wconf 89' lang='lat' dir='ltr'>mariti</span> <span class='ocrx_word' id='word_1_81' title='bbox 635 1278 730 1333; x_wconf 91' lang='lat' dir='ltr'>sui</span> <span class='ocrx_word' id='word_1_82' title='bbox 762 1278 985 1346; x_wconf 88' lang='lat' dir='ltr'>territa,</span> <span class='ocrx_word' id='word_1_83' title='bbox 1034 1278 1107 1331; x_wconf 91' lang='lat' dir='ltr'>ad</span> <span class='ocrx_word' id='word_1_84' title='bbox 1137 1281 1360 1347; x_wconf 83' lang='lat' dir='ltr'>patrem</span> <span class='ocrx_word' id='word_1_85' title='bbox 1389 1292 1564 1330; x_wconf 91' lang='lat' dir='ltr'>suum</span> <span class='ocrx_word' id='word_1_86' title='bbox 1613 1291 1748 1331; x_wconf 93' lang='lat' dir='ltr'>cum</span> <span class='ocrx_word' id='word_1_87' title='bbox 1779 1275 2079 1330; x_wconf 88' lang='lat' dir='ltr'>Ludovico</span> 
     </span>
    </p>
   </div>
   <div class='ocr_carea' id='block_1_14' title="bbox 411 1364 2082 1437">
    <p class='ocr_par' dir='ltr' id='par_1_14' title="bbox 411 1364 2082 1437">
     <span class='ocr_line' id='line_1_14' title="bbox 411 1364 2082 1437; baseline -0.004 -14"><span class='ocrx_word' id='word_1_88' title='bbox 411 1368 532 1423; x_wconf 89' lang='lat' dir='ltr'>ﬁlio</span> <span class='ocrx_word' id='word_1_89' title='bbox 557 1381 668 1422; x_wconf 91' lang='lat' dir='ltr'>suo</span> <span class='ocrx_word' id='word_1_90' title='bbox 692 1367 751 1420; x_wconf 94' lang='lat' dir='ltr'>in</span> <span class='ocrx_word' id='word_1_91' title='bbox 774 1365 1046 1437; x_wconf 81' lang='lat' dir='ltr'>Angliam</span> <span class='ocrx_word' id='word_1_92' title='bbox 1072 1365 1241 1437; x_wconf 82' lang='lat' dir='ltr'>fugit,</span> <span class='ocrx_word' id='word_1_93' title='bbox 1275 1365 1708 1420; x_wconf 86' lang='lat' dir='ltr'>animositatem</span> <span class='ocrx_word' id='word_1_94' title='bbox 1729 1364 2007 1418; x_wconf 86' lang='lat' dir='ltr'>Herberti</span> <span class='ocrx_word' id='word_1_95' title='bbox 2025 1365 2082 1418; x_wconf 90' lang='lat' dir='ltr'>et</span> 
     </span>
    </p>
   </div>
   <div class='ocr_carea' id='block_1_15' title="bbox 413 1450 1625 1529">
    <p class='ocr_par' dir='ltr' id='par_1_15' title="bbox 413 1450 1625 1529">
     <span class='ocr_line' id='line_1_15' title="bbox 413 1450 1625 1529; baseline -0.004 -17"><span class='ocrx_word' id='word_1_96' title='bbox 413 1457 688 1529; x_wconf 87' lang='lat' dir='ltr'>Hugonis</span> <span class='ocrx_word' id='word_1_97' title='bbox 719 1455 920 1528; x_wconf 86' lang='lat' dir='ltr'>magni</span> <span class='ocrx_word' id='word_1_98' title='bbox 949 1455 1195 1509; x_wconf 90' lang='lat' dir='ltr'>nimium</span> <span class='ocrx_word' id='word_1_99' title='bbox 1227 1458 1517 1509; x_wconf 86' lang='lat' dir='ltr'>metuens.</span> <span class='ocrx_word' id='word_1_100' title='bbox 1621 1450 1625 1453; x_wconf 78' lang='grc'><strong>’</strong></span> 
     </span>
    </p>
   </div>
   <div class='ocr_carea' id='block_1_16' title="bbox 1009 1542 1488 1598">
    <p class='ocr_par' dir='ltr' id='par_1_16' title="bbox 1009 1542 1488 1598">
     <span class='ocr_line' id='line_1_16' title="bbox 1009 1542 1488 1598; baseline 0 -1"><span class='ocrx_word' id='word_1_101' title='bbox 1009 1542 1260 1598; x_wconf 81' lang='lat' dir='ltr'>CAPUT</span> <span class='ocrx_word' id='word_1_102' title='bbox 1300 1543 1488 1597; x_wconf 79' lang='lat' dir='ltr'>XXII.</span> 
     </span>
    </p>
   </div>
   <div class='ocr_carea' id='block_1_17' title="bbox 417 1627 2080 1704">
    <p class='ocr_par' dir='ltr' id='par_1_17' title="bbox 417 1627 2080 1704">
     <span class='ocr_line' id='line_1_17' title="bbox 417 1627 2080 1704; baseline -0.005 -13"><span class='ocrx_word' id='word_1_103' title='bbox 417 1634 599 1704; x_wconf 86' lang='lat' dir='ltr'>Quod,</span> <span class='ocrx_word' id='word_1_104' title='bbox 625 1640 852 1689; x_wconf 86' lang='lat' dir='ltr'>mortua</span> <span class='ocrx_word' id='word_1_105' title='bbox 879 1647 1062 1704; x_wconf 76' lang='lat' dir='ltr'>uxore</span> <span class='ocrx_word' id='word_1_106' title='bbox 1086 1632 1214 1703; x_wconf 83' lang='lat' dir='ltr'>ejus</span> <span class='ocrx_word' id='word_1_107' title='bbox 1231 1631 1452 1704; x_wconf 83' lang='lat' dir='ltr'>absque</span> <span class='ocrx_word' id='word_1_108' title='bbox 1468 1630 1708 1704; x_wconf 63' lang='lat' dir='ltr'>liberis,</span> <span class='ocrx_word' id='word_1_109' title='bbox 1733 1630 1948 1704; x_wconf 74' lang='lat' dir='ltr'>iterum</span> <span class='ocrx_word' id='word_1_110' title='bbox 1971 1627 2080 1704; x_wconf 73' lang='grc' dir='ltr'>[ἶο-</span> 
     </span>
    </p>
   </div>
   <div class='ocr_carea' id='block_1_18' title="bbox 477 1699 2083 1778">
    <p class='ocr_par' dir='ltr' id='par_1_18' title="bbox 477 1699 2083 1778">
     <span class='ocr_line' id='line_1_18' title="bbox 477 1699 2083 1778; baseline -0.004 -19"><span class='ocrx_word' id='word_1_111' title='bbox 477 1699 634 1778; x_wconf 83' lang='lat' dir='ltr'>pam,</span> <span class='ocrx_word' id='word_1_112' title='bbox 658 1721 824 1778; x_wconf 81' lang='lat' dir='ltr'>quam</span> <span class='ocrx_word' id='word_1_113' title='bbox 844 1709 990 1778; x_wconf 74' lang='lat' dir='ltr'>ante</span> <span class='ocrx_word' id='word_1_114' title='bbox 1008 1699 1837 1778; x_wconf 56' lang='lat' dir='ltr'>bap&#39;tismum&#39;babuerat,sibi</span> <span class='ocrx_word' id='word_1_115' title='bbox 1858 1699 2083 1778; x_wconf 44' lang='lat' dir='ltr'>copiilaj</span> 
     </span>
    </p>
   </div>
   <div class='ocr_carea' id='block_1_19' title="bbox 490 1772 2087 1846">
    <p class='ocr_par' dir='ltr' id='par_1_19' title="bbox 490 1772 2087 1846">
     <span class='ocr_line' id='line_1_19' title="bbox 490 1772 2087 1846; baseline -0.004 -15"><span class='ocrx_word' id='word_1_116' title='bbox 490 1772 594 1846; x_wconf 73' lang='lat' dir='ltr'>&#39;m,</span> <span class='ocrx_word' id='word_1_117' title='bbox 622 1772 688 1831; x_wconf 75' lang='grc' dir='ltr'>ἐὶ</span> <span class='ocrx_word' id='word_1_118' title='bbox 719 1776 792 1830; x_wconf 87' lang='lat' dir='ltr'>de</span> <span class='ocrx_word' id='word_1_119' title='bbox 826 1774 1330 1846; x_wconf 9' lang='lat' dir='ltr'>[ideIilate‘rquam</span> <span class='ocrx_word' id='word_1_120' title='bbox 1362 1773 1508 1846; x_wconf 76' lang='lat' dir='ltr'>fecit</span> <span class='ocrx_word' id='word_1_121' title='bbox 1539 1772 1985 1846; x_wconf 77' lang='lat' dir='ltr'>Nortbmannos</span> <span class='ocrx_word' id='word_1_122' title='bbox 2028 1775 2087 1824; x_wconf 86' lang='lat' dir='ltr'>et</span> 
     </span>
    </p>
   </div>
   <div class='ocr_carea' id='block_1_20' title="bbox 485 1843 2089 1928">
    <p class='ocr_par' dir='ltr' id='par_1_20' title="bbox 485 1843 2089 1928">
     <span class='ocr_line' id='line_1_20' title="bbox 485 1843 2089 1928; baseline -0.004 -27"><span class='ocrx_word' id='word_1_123' title='bbox 485 1843 772 1928; x_wconf 65' lang='lat' dir='ltr'>Britones</span> <span class='ocrx_word' id='word_1_124' title='bbox 787 1846 1008 1918; x_wconf 82' lang='lat' dir='ltr'>jurare</span> <span class='ocrx_word' id='word_1_125' title='bbox 1053 1843 1351 1900; x_wconf 72' lang='lat' dir='ltr'>Willelmo</span> <span class='ocrx_word' id='word_1_126' title='bbox 1379 1843 1503 1899; x_wconf 76' lang='lat' dir='ltr'>{ilio</span> <span class='ocrx_word' id='word_1_127' title='bbox 1541 1859 1663 1911; x_wconf 88' lang='lat' dir='ltr'>suo,</span> <span class='ocrx_word' id='word_1_128' title='bbox 1700 1850 1758 1897; x_wconf 86' lang='lat' dir='ltr'>et</span> <span class='ocrx_word' id='word_1_129' title='bbox 1796 1843 1872 1897; x_wconf 89' lang='lat' dir='ltr'>de</span> <span class='ocrx_word' id='word_1_130' title='bbox 1900 1847 2089 1896; x_wconf 82' lang='lat' dir='ltr'>morte</span> 
     </span>
    </p>
   </div>
   <div class='ocr_carea' id='block_1_21' title="bbox 487 1934 636 1990">
    <p class='ocr_par' dir='ltr' id='par_1_21' title="bbox 487 1934 636 1990">
     <span class='ocr_line' id='line_1_21' title="bbox 487 1934 636 1990; baseline -0.02 -16"><span class='ocrx_word' id='word_1_131' title='bbox 487 1935 542 1990; x_wconf 72' lang='lat' dir='ltr'>ej</span> <span class='ocrx_word' id='word_1_132' title='bbox 551 1934 636 1972; x_wconf 92' lang='lat' dir='ltr'>us.</span> 
     </span>
    </p>
   </div>
   <div class='ocr_carea' id='block_1_22' title="bbox 496 2003 2165 2096">
    <p class='ocr_par' dir='ltr' id='par_1_22' title="bbox 496 2003 2165 2096">
     <span class='ocr_line' id='line_1_22' title="bbox 496 2003 2165 2096; baseline -0.004 -35"><span class='ocrx_word' id='word_1_133' title='bbox 496 2006 667 2061; x_wconf 78' lang='lat' dir='ltr'>Rollo</span> <span class='ocrx_word' id='word_1_134' title='bbox 687 2009 881 2060; x_wconf 88' lang='lat' dir='ltr'>autem</span> <span class='ocrx_word' id='word_1_135' title='bbox 903 2004 1040 2074; x_wconf 87' lang='lat' dir='ltr'>dux,</span> <span class='ocrx_word' id='word_1_136' title='bbox 1066 2003 1166 2075; x_wconf 88' lang='lat' dir='ltr'>qui</span> <span class='ocrx_word' id='word_1_137' title='bbox 1187 2007 1244 2059; x_wconf 91' lang='lat' dir='ltr'>et</span> <span class='ocrx_word' id='word_1_138' title='bbox 1263 2003 1582 2074; x_wconf 81' lang='lat' dir='ltr'>Robertus,</span> <span class='ocrx_word' id='word_1_139' title='bbox 1605 2005 1919 2074; x_wconf 86' lang='lat' dir='ltr'>postquam</span> <span class='ocrx_word' id='word_1_140' title='bbox 1939 2015 2093 2056; x_wconf 83' lang='lat' dir='ltr'>uxor</span> <span class='ocrx_word' id='word_1_141' title='bbox 2114 2033 2165 2096; x_wconf 81' lang='grc' dir='ltr'>Β</span> 
     </span>
    </p>
   </div>
   <div class='ocr_carea' id='block_1_23' title="bbox 2164 565 3718 638">
    <p class='ocr_par' dir='ltr' id='par_1_23' title="bbox 2164 565 3718 638">
     <span class='ocr_line' id='line_1_23' title="bbox 2164 565 3718 638; baseline 0.007 -19"><span class='ocrx_word' id='word_1_142' title='bbox 2164 565 2460 636; x_wconf 90' lang='lat' dir='ltr'>pudiatam</span> <span class='ocrx_word' id='word_1_143' title='bbox 2490 567 2730 636; x_wconf 88' lang='lat' dir='ltr'>Popam,</span> <span class='ocrx_word' id='word_1_144' title='bbox 2761 583 2834 622; x_wconf 64' lang='lat' dir='ltr'>ex</span> <span class='ocrx_word' id='word_1_145' title='bbox 2855 583 2969 638; x_wconf 90' lang='lat' dir='ltr'>qua</span> <span class='ocrx_word' id='word_1_146' title='bbox 3000 568 3181 622; x_wconf 87' lang='lat' dir='ltr'>ﬁlium</span> <span class='ocrx_word' id='word_1_147' title='bbox 3203 571 3415 624; x_wconf 90' lang='lat' dir='ltr'>nomine</span> <span class='ocrx_word' id='word_1_148' title='bbox 3435 572 3718 630; x_wconf 86' lang='lat' dir='ltr'>Willelmum</span> 
     </span>
    </p>
   </div>
   <div class='ocr_carea' id='block_1_24' title="bbox 2157 654 3718 733">
    <p class='ocr_par' dir='ltr' id='par_1_24' title="bbox 2157 654 3718 733">
     <span class='ocr_line' id='line_1_24' title="bbox 2157 654 3718 733; baseline 0.006 -25"><span class='ocrx_word' id='word_1_149' title='bbox 2157 654 2284 726; x_wconf 88' lang='lat' dir='ltr'>jam</span> <span class='ocrx_word' id='word_1_150' title='bbox 2315 654 2575 710; x_wconf 90' lang='lat' dir='ltr'>adultum</span> <span class='ocrx_word' id='word_1_151' title='bbox 2607 660 2913 728; x_wconf 81' lang='lat' dir='ltr'>genuerat,</span> <span class='ocrx_word' id='word_1_152' title='bbox 2948 657 3159 710; x_wconf 90' lang='lat' dir='ltr'>iterum</span> <span class='ocrx_word' id='word_1_153' title='bbox 3189 661 3434 726; x_wconf 89' lang='lat' dir='ltr'>repetens</span> <span class='ocrx_word' id='word_1_154' title='bbox 3463 660 3558 714; x_wconf 86' lang='lat' dir='ltr'>sibi</span> <span class='ocrx_word' id='word_1_155' title='bbox 3582 677 3718 733; x_wconf 82' lang='lat' dir='ltr'>copu-</span> 
     </span>
    </p>
   </div>
   <div class='ocr_carea' id='block_1_25' title="bbox 2165 743 3727 820">
    <p class='ocr_par' dir='ltr' id='par_1_25' title="bbox 2165 743 3727 820">
     <span class='ocr_line' id='line_1_25' title="bbox 2165 743 3727 820; baseline 0.005 -23"><span class='ocrx_word' id='word_1_156' title='bbox 2165 743 2329 798; x_wconf 89' lang='lat' dir='ltr'>lavit.</span> <span class='ocrx_word' id='word_1_157' title='bbox 2364 744 2582 799; x_wconf 91' lang='lat' dir='ltr'>Verum</span> <span class='ocrx_word' id='word_1_158' title='bbox 2611 745 2834 800; x_wconf 84' lang='lat' dir='ltr'>fractus</span> <span class='ocrx_word' id='word_1_159' title='bbox 2859 745 2986 818; x_wconf 85' lang='lat' dir='ltr'>jam</span> <span class='ocrx_word' id='word_1_160' title='bbox 3006 745 3252 814; x_wconf 88' lang='lat' dir='ltr'>viribus,</span> <span class='ocrx_word' id='word_1_161' title='bbox 3278 746 3543 802; x_wconf 87' lang='lat' dir='ltr'>laboribus</span> <span class='ocrx_word' id='word_1_162' title='bbox 3557 753 3602 803; x_wconf 88' lang='lat' dir='ltr'>et</span> <span class='ocrx_word' id='word_1_163' title='bbox 3618 767 3727 820; x_wconf 62' lang='lat' dir='ltr'>prai-</span> 
     </span>
    </p>
   </div>
   <div class='ocr_carea' id='block_1_26' title="bbox 2167 831 3728 908">
    <p class='ocr_par' dir='ltr' id='par_1_26' title="bbox 2167 831 3728 908">
     <span class='ocr_line' id='line_1_26' title="bbox 2167 831 3728 908; baseline 0.004 -23"><span class='ocrx_word' id='word_1_164' title='bbox 2167 831 2285 902; x_wconf 92' lang='lat' dir='ltr'>liis,</span> <span class='ocrx_word' id='word_1_165' title='bbox 2307 835 2366 887; x_wconf 92' lang='lat' dir='ltr'>in</span> <span class='ocrx_word' id='word_1_166' title='bbox 2384 834 2602 904; x_wconf 88' lang='lat' dir='ltr'>quibus</span> <span class='ocrx_word' id='word_1_167' title='bbox 2622 835 3138 906; x_wconf 91' lang='lat' dir='ltr'>omnejuventutis</span> <span class='ocrx_word' id='word_1_168' title='bbox 3161 835 3330 890; x_wconf 86' lang='lat' dir='ltr'>robur</span> <span class='ocrx_word' id='word_1_169' title='bbox 3345 843 3728 908; x_wconf 77' lang='lat' dir='ltr'>consumpserat,</span> 
     </span>
    </p>
   </div>
   <div class='ocr_carea' id='block_1_27' title="bbox 2169 923 3733 994">
    <p class='ocr_par' dir='ltr' id='par_1_27' title="bbox 2169 923 3733 994">
     <span class='ocr_line' id='line_1_27' title="bbox 2169 923 3733 994; baseline 0.001 -17"><span class='ocrx_word' id='word_1_170' title='bbox 2169 923 2241 977; x_wconf 92' lang='lat' dir='ltr'>de</span> <span class='ocrx_word' id='word_1_171' title='bbox 2285 923 2535 978; x_wconf 88' lang='lat' dir='ltr'>ducatus</span> <span class='ocrx_word' id='word_1_172' title='bbox 2590 924 2684 978; x_wconf 91' lang='lat' dir='ltr'>sui</span> <span class='ocrx_word' id='word_1_173' title='bbox 2734 923 3124 993; x_wconf 88' lang='lat' dir='ltr'>dispositione</span> <span class='ocrx_word' id='word_1_174' title='bbox 3171 924 3315 994; x_wconf 90' lang='lat' dir='ltr'>apud</span> <span class='ocrx_word' id='word_1_175' title='bbox 3361 939 3421 978; x_wconf 89' lang='lat' dir='ltr'>se</span> <span class='ocrx_word' id='word_1_176' title='bbox 3465 927 3564 979; x_wconf 90' lang='lat' dir='ltr'>toto</span> <span class='ocrx_word' id='word_1_177' title='bbox 3599 941 3733 979; x_wconf 90' lang='lat' dir='ltr'>cona-</span> 
     </span>
    </p>
   </div>
   <div class='ocr_carea' id='block_1_28' title="bbox 2169 1012 3731 1083">
    <p class='ocr_par' dir='ltr' id='par_1_28' title="bbox 2169 1012 3731 1083">
     <span class='ocr_line' id='line_1_28' title="bbox 2169 1012 3731 1083; baseline 0.001 -17"><span class='ocrx_word' id='word_1_178' title='bbox 2169 1013 2346 1081; x_wconf 89' lang='lat' dir='ltr'>mine,</span> <span class='ocrx_word' id='word_1_179' title='bbox 2369 1013 2462 1066; x_wconf 92' lang='lat' dir='ltr'>cui</span> <span class='ocrx_word' id='word_1_180' title='bbox 2481 1013 2576 1066; x_wconf 91' lang='lat' dir='ltr'>vel</span> <span class='ocrx_word' id='word_1_181' title='bbox 2594 1013 2845 1083; x_wconf 89' lang='lat' dir='ltr'>qualiter</span> <span class='ocrx_word' id='word_1_182' title='bbox 2861 1012 3023 1066; x_wconf 90' lang='lat' dir='ltr'>illum</span> <span class='ocrx_word' id='word_1_183' title='bbox 3047 1012 3405 1083; x_wconf 87' lang='lat' dir='ltr'>relinqueret,</span> <span class='ocrx_word' id='word_1_184' title='bbox 3427 1013 3731 1068; x_wconf 82' lang='lat' dir='ltr'>deliberabat.</span> 
     </span>
    </p>
   </div>
   <div class='ocr_carea' id='block_1_29' title="bbox 2170 1100 3738 1172">
    <p class='ocr_par' dir='ltr' id='par_1_29' title="bbox 2170 1100 3738 1172">
     <span class='ocr_line' id='line_1_29' title="bbox 2170 1100 3738 1172; baseline 0.001 -18"><span class='ocrx_word' id='word_1_185' title='bbox 2170 1100 2643 1172; x_wconf 90' lang='lat' dir='ltr'>Convocatisque</span> <span class='ocrx_word' id='word_1_186' title='bbox 2657 1102 2837 1156; x_wconf 89' lang='lat' dir='ltr'>totius</span> <span class='ocrx_word' id='word_1_187' title='bbox 2857 1101 3293 1156; x_wconf 86' lang='lat' dir='ltr'>Northmanniae</span> <span class='ocrx_word' id='word_1_188' title='bbox 3309 1102 3738 1171; x_wconf 89' lang='lat' dir='ltr'>proceribus,cum</span> 
     </span>
    </p>
   </div>
   <div class='ocr_carea' id='block_1_30' title="bbox 2172 1189 3739 1263">
    <p class='ocr_par' dir='ltr' id='par_1_30' title="bbox 2172 1189 3739 1263">
     <span class='ocr_line' id='line_1_30' title="bbox 2172 1189 3739 1263; baseline -0.003 -17"><span class='ocrx_word' id='word_1_189' title='bbox 2172 1193 2402 1254; x_wconf 87' lang='lat' dir='ltr'>Alanno</span> <span class='ocrx_word' id='word_1_190' title='bbox 2425 1193 2480 1245; x_wconf 91' lang='lat' dir='ltr'>et</span> <span class='ocrx_word' id='word_1_191' title='bbox 2501 1191 2864 1263; x_wconf 89' lang='lat' dir='ltr'>Berengerio</span> <span class='ocrx_word' id='word_1_192' title='bbox 2886 1190 3246 1259; x_wconf 86' lang='lat' dir='ltr'>Britonibus,</span> <span class='ocrx_word' id='word_1_193' title='bbox 3267 1190 3588 1244; x_wconf 88' lang='lat' dir='ltr'>Willelmum</span> <span class='ocrx_word' id='word_1_194' title='bbox 3604 1189 3739 1243; x_wconf 85' lang='lat' dir='ltr'>ﬁlium</span> 
     </span>
    </p>
   </div>
   <div class='ocr_carea' id='block_1_31' title="bbox 2173 1277 3742 1351">
    <p class='ocr_par' dir='ltr' id='par_1_31' title="bbox 2173 1277 3742 1351">
     <span class='ocr_line' id='line_1_31' title="bbox 2173 1277 3742 1351; baseline -0.004 -15"><span class='ocrx_word' id='word_1_195' title='bbox 2173 1297 2346 1337; x_wconf 90' lang='lat' dir='ltr'>suum</span> <span class='ocrx_word' id='word_1_196' title='bbox 2373 1280 2792 1351; x_wconf 83' lang='lat' dir='ltr'>pulcherrimae</span> <span class='ocrx_word' id='word_1_197' title='bbox 2813 1280 3144 1351; x_wconf 91' lang='lat' dir='ltr'>juventutis</span> <span class='ocrx_word' id='word_1_198' title='bbox 3170 1279 3310 1334; x_wconf 85' lang='lat' dir='ltr'>ﬂore</span> <span class='ocrx_word' id='word_1_199' title='bbox 3338 1281 3635 1332; x_wconf 87' lang='lat' dir='ltr'>vernantem</span> <span class='ocrx_word' id='word_1_200' title='bbox 3658 1277 3742 1331; x_wconf 86' lang='lat' dir='ltr'>illis</span> 
     </span>
    </p>
   </div>
   <div class='ocr_carea' id='block_1_32' title="bbox 2174 1367 3744 1441">
    <p class='ocr_par' dir='ltr' id='par_1_32' title="bbox 2174 1367 3744 1441">
     <span class='ocr_line' id='line_1_32' title="bbox 2174 1367 3744 1441; baseline -0.005 -15"><span class='ocrx_word' id='word_1_201' title='bbox 2174 1372 2434 1441; x_wconf 83' lang='lat' dir='ltr'>exponit,</span> <span class='ocrx_word' id='word_1_202' title='bbox 2485 1371 2708 1441; x_wconf 86' lang='lat' dir='ltr'>jubens</span> <span class='ocrx_word' id='word_1_203' title='bbox 2742 1372 2803 1424; x_wconf 89' lang='lat' dir='ltr'>ut</span> <span class='ocrx_word' id='word_1_204' title='bbox 2852 1385 2985 1424; x_wconf 91' lang='lat' dir='ltr'>eum</span> <span class='ocrx_word' id='word_1_205' title='bbox 3031 1369 3145 1423; x_wconf 92' lang='lat' dir='ltr'>sibi</span> <span class='ocrx_word' id='word_1_206' title='bbox 3188 1368 3466 1422; x_wconf 90' lang='lat' dir='ltr'>dominum</span> <span class='ocrx_word' id='word_1_207' title='bbox 3505 1367 3744 1438; x_wconf 83' lang='lat' dir='ltr'>eligerent,</span> 
     </span>
    </p>
   </div>
   <div class='ocr_carea' id='block_1_33' title="bbox 2177 1455 3747 1531">
    <p class='ocr_par' dir='ltr' id='par_1_33' title="bbox 2177 1455 3747 1531">
     <span class='ocr_line' id='line_1_33' title="bbox 2177 1455 3747 1531; baseline -0.005 -17"><span class='ocrx_word' id='word_1_208' title='bbox 2177 1475 2422 1531; x_wconf 83' lang='lat' dir='ltr'>suaeque</span> <span class='ocrx_word' id='word_1_209' title='bbox 2454 1459 2675 1512; x_wconf 72' lang='lat' dir='ltr'>militiae</span> <span class='ocrx_word' id='word_1_210' title='bbox 2722 1458 3048 1528; x_wconf 86' lang='lat' dir='ltr'>principem</span> <span class='ocrx_word' id='word_1_211' title='bbox 3081 1457 3450 1526; x_wconf 65' lang='lat' dir='ltr'>praelicerent.</span> <span class='ocrx_word' id='word_1_212' title='bbox 3480 1455 3552 1508; x_wconf 89' lang='lat' dir='ltr'>De</span> <span class='ocrx_word' id='word_1_213' title='bbox 3583 1456 3747 1508; x_wconf 68' lang='lat' dir='ltr'>caetero</span> 
     </span>
    </p>
   </div>
   <div class='ocr_carea' id='block_1_34' title="bbox 2177 1543 3754 1612">
    <p class='ocr_par' dir='ltr' id='par_1_34' title="bbox 2177 1543 3754 1612">
     <span class='ocr_line' id='line_1_34' title="bbox 2177 1543 3754 1612; baseline -0.006 -9"><span class='ocrx_word' id='word_1_214' title='bbox 2177 1551 2426 1604; x_wconf 88' lang='lat' dir='ltr'>cunctos</span> <span class='ocrx_word' id='word_1_215' title='bbox 2453 1546 2845 1601; x_wconf 89' lang='lat' dir='ltr'>suasibilibus</span> <span class='ocrx_word' id='word_1_216' title='bbox 2877 1545 3220 1599; x_wconf 92' lang='lat' dir='ltr'>demulcens</span> <span class='ocrx_word' id='word_1_217' title='bbox 3251 1544 3457 1612; x_wconf 87' lang='lat' dir='ltr'>verbis,</span> <span class='ocrx_word' id='word_1_218' title='bbox 3487 1543 3584 1596; x_wconf 89' lang='lat' dir='ltr'>sub</span> <span class='ocrx_word' id='word_1_219' title='bbox 3610 1556 3754 1595; x_wconf 85' lang='lat' dir='ltr'>sacra-</span> 
     </span>
    </p>
   </div>
   <div class='ocr_carea' id='block_1_35' title="bbox 2178 1631 3752 1706">
    <p class='ocr_par' dir='ltr' id='par_1_35' title="bbox 2178 1631 3752 1706">
     <span class='ocr_line' id='line_1_35' title="bbox 2178 1631 3752 1706; baseline -0.006 -14"><span class='ocrx_word' id='word_1_220' title='bbox 2178 1639 2374 1693; x_wconf 91' lang='lat' dir='ltr'>mento</span> <span class='ocrx_word' id='word_1_221' title='bbox 2407 1636 2540 1691; x_wconf 84' lang='lat' dir='ltr'>ﬁdei</span> <span class='ocrx_word' id='word_1_222' title='bbox 2572 1635 2691 1689; x_wconf 90' lang='lat' dir='ltr'>ﬁlio</span> <span class='ocrx_word' id='word_1_223' title='bbox 2716 1635 2850 1689; x_wconf 91' lang='lat' dir='ltr'>illos</span> <span class='ocrx_word' id='word_1_224' title='bbox 2875 1635 3134 1706; x_wconf 89' lang='lat' dir='ltr'>subegit.</span> <span class='ocrx_word' id='word_1_225' title='bbox 3157 1634 3298 1686; x_wconf 88' lang='lat' dir='ltr'>Post</span> <span class='ocrx_word' id='word_1_226' title='bbox 3328 1633 3446 1686; x_wconf 84' lang='lat' dir='ltr'>haec</span> <span class='ocrx_word' id='word_1_227' title='bbox 3471 1646 3569 1686; x_wconf 89' lang='lat' dir='ltr'>uno</span> <span class='ocrx_word' id='word_1_228' title='bbox 3594 1631 3752 1682; x_wconf 82' lang='lat' dir='ltr'>vivens</span> 
     </span>
    </p>
   </div>
   <div class='ocr_carea' id='block_1_36' title="bbox 2179 1717 3756 1796">
    <p class='ocr_par' dir='ltr' id='par_1_36' title="bbox 2179 1717 3756 1796">
     <span class='ocr_line' id='line_1_36' title="bbox 2179 1717 3756 1796; baseline -0.008 -15"><span class='ocrx_word' id='word_1_229' title='bbox 2179 1727 2389 1796; x_wconf 93' lang='lat' dir='ltr'>lustro,</span> <span class='ocrx_word' id='word_1_230' title='bbox 2423 1727 2810 1794; x_wconf 87' lang='lat' dir='ltr'>consumptus</span> <span class='ocrx_word' id='word_1_231' title='bbox 2843 1723 3010 1778; x_wconf 92' lang='lat' dir='ltr'>senio</span> <span class='ocrx_word' id='word_1_232' title='bbox 3053 1722 3345 1777; x_wconf 89' lang='lat' dir='ltr'>hominem</span> <span class='ocrx_word' id='word_1_233' title='bbox 3374 1721 3519 1776; x_wconf 86' lang='lat' dir='ltr'>exuit</span> <span class='ocrx_word' id='word_1_234' title='bbox 3555 1720 3603 1772; x_wconf 90' lang='lat' dir='ltr'>in</span> <span class='ocrx_word' id='word_1_235' title='bbox 3628 1717 3756 1770; x_wconf 82' lang='lat' dir='ltr'>Chri-</span> 
     </span>
    </p>
   </div>
   <div class='ocr_carea' id='block_1_37' title="bbox 2183 1806 3757 1886">
    <p class='ocr_par' dir='ltr' id='par_1_37' title="bbox 2183 1806 3757 1886">
     <span class='ocr_line' id='line_1_37' title="bbox 2183 1806 3757 1886; baseline -0.007 -16"><span class='ocrx_word' id='word_1_236' title='bbox 2183 1819 2296 1886; x_wconf 90' lang='lat' dir='ltr'>sto,</span> <span class='ocrx_word' id='word_1_237' title='bbox 2331 1815 2427 1868; x_wconf 92' lang='lat' dir='ltr'>cui</span> <span class='ocrx_word' id='word_1_238' title='bbox 2471 1816 2564 1869; x_wconf 92' lang='lat' dir='ltr'>est</span> <span class='ocrx_word' id='word_1_239' title='bbox 2593 1813 2781 1868; x_wconf 88' lang='lat' dir='ltr'>honor</span> <span class='ocrx_word' id='word_1_240' title='bbox 2809 1815 2866 1867; x_wconf 91' lang='lat' dir='ltr'>et</span> <span class='ocrx_word' id='word_1_241' title='bbox 2896 1811 3086 1884; x_wconf 89' lang='lat' dir='ltr'>gloria</span> <span class='ocrx_word' id='word_1_242' title='bbox 3116 1813 3176 1866; x_wconf 92' lang='lat' dir='ltr'>in</span> <span class='ocrx_word' id='word_1_243' title='bbox 3208 1810 3420 1866; x_wconf 58' lang='lat' dir='ltr'>saecula</span> <span class='ocrx_word' id='word_1_244' title='bbox 3448 1806 3757 1864; x_wconf 64' lang='lat' dir='ltr'>saeculorum.</span> 
     </span>
    </p>
   </div>
   <div class='ocr_carea' id='block_1_38' title="bbox 2185 1909 2394 1961">
    <p class='ocr_par' dir='ltr' id='par_1_38' title="bbox 2185 1909 2394 1961">
     <span class='ocr_line' id='line_1_38' title="bbox 2185 1909 2394 1961; baseline -0.005 0"><span class='ocrx_word' id='word_1_245' title='bbox 2185 1909 2394 1961; x_wconf 91' lang='lat' dir='ltr'>Amen.</span> 
     </span>
    </p>
   </div>
   <div class='ocr_carea' id='block_1_39' title="bbox 1793 2201 3760 2234">
    <p class='ocr_par' dir='ltr' id='par_1_39' title="bbox 1793 2201 3760 2234">
     <span class='ocr_line' id='line_1_39' title="bbox 1793 2201 3760 2234; baseline -0.008 -6"><span class='ocrx_word' id='word_1_246' title='bbox 1793 2201 3760 2234; x_wconf 82' lang='lat'>________________________________—</span> 
     </span>
    </p>
   </div>
   <div class='ocr_carea' id='block_1_40' title="bbox 747 2357 3530 2533">
    <p class='ocr_par' dir='ltr' id='par_1_40' title="bbox 747 2357 3530 2533">
     <span class='ocr_line' id='line_1_40' title="bbox 747 2357 3530 2533; baseline -0.006 -1"><span class='ocrx_word' id='word_1_247' title='bbox 747 2369 1716 2533; x_wconf 74' lang='lat' dir='ltr'>HISTOBUE</span> <span class='ocrx_word' id='word_1_248' title='bbox 1829 2357 3530 2528; x_wconf 78' lang='lat' dir='ltr'>NORTHMANNORUM</span> 
     </span>
    </p>
   </div>
   <div class='ocr_carea' id='block_1_41' title="bbox 1760 2692 2550 2779">
    <p class='ocr_par' dir='ltr' id='par_1_41' title="bbox 1760 2692 2550 2779">
     <span class='ocr_line' id='line_1_41' title="bbox 1760 2692 2550 2779; baseline -0.008 -2"><span class='ocrx_word' id='word_1_249' title='bbox 1760 2698 2045 2779; x_wconf 82' lang='lat' dir='ltr'>LIBER</span> <span class='ocrx_word' id='word_1_250' title='bbox 2125 2692 2550 2776; x_wconf 80' lang='lat' dir='ltr'>TERTIUS</span> 
     </span>
    </p>
   </div>
   <div class='ocr_carea' id='block_1_42' title="bbox 1472 2890 2827 2956">
    <p class='ocr_par' dir='ltr' id='par_1_42' title="bbox 1472 2890 2827 2956">
     <span class='ocr_line' id='line_1_42' title="bbox 1472 2890 2827 2956; baseline -0.007 -2"><span class='ocrx_word' id='word_1_251' title='bbox 1472 2899 1562 2956; x_wconf 87' lang='lat' dir='ltr'>De</span> <span class='ocrx_word' id='word_1_252' title='bbox 1590 2897 1849 2955; x_wconf 89' lang='lat' dir='ltr'>secundo</span> <span class='ocrx_word' id='word_1_253' title='bbox 1876 2897 2024 2954; x_wconf 88' lang='lat' dir='ltr'>duce</span> <span class='ocrx_word' id='word_1_254' title='bbox 2067 2893 2364 2951; x_wconf 84' lang='lat' dir='ltr'>WiIIeImo</span> <span class='ocrx_word' id='word_1_255' title='bbox 2391 2892 2515 2949; x_wconf 74' lang='lat' dir='ltr'>filio</span> <span class='ocrx_word' id='word_1_256' title='bbox 2542 2890 2827 2947; x_wconf 84' lang='lat' dir='ltr'>Rollom&#39;s.</span> 
     </span>
    </p>
   </div>
   <div class='ocr_carea' id='block_1_43' title="bbox 971 3115 1568 3175">
    <p class='ocr_par' dir='ltr' id='par_1_43' title="bbox 971 3115 1568 3175">
     <span class='ocr_line' id='line_1_43' title="bbox 971 3115 1568 3175; baseline -0.008 0"><span class='ocrx_word' id='word_1_257' title='bbox 971 3119 1224 3175; x_wconf 85' lang='lat' dir='ltr'>CAPUT</span> <span class='ocrx_word' id='word_1_258' title='bbox 1257 3115 1568 3174; x_wconf 78' lang='lat' dir='ltr'>PRIMUM</span> 
     </span>
    </p>
   </div>
   <div class='ocr_carea' id='block_1_44' title="bbox 436 3198 2112 3274">
    <p class='ocr_par' dir='ltr' id='par_1_44' title="bbox 436 3198 2112 3274">
     <span class='ocr_line' id='line_1_44' title="bbox 436 3198 2112 3274; baseline -0.011 -4"><span class='ocrx_word' id='word_1_259' title='bbox 436 3213 526 3270; x_wconf 87' lang='lat' dir='ltr'>De</span> <span class='ocrx_word' id='word_1_260' title='bbox 545 3214 857 3269; x_wconf 78' lang='lat' dir='ltr'>honestate</span> <span class='ocrx_word' id='word_1_261' title='bbox 872 3226 1096 3266; x_wconf 83' lang='lat' dir='ltr'>morum</span> <span class='ocrx_word' id='word_1_262' title='bbox 1131 3207 1418 3263; x_wconf 82' lang='lat' dir='ltr'>Willelmi</span> <span class='ocrx_word' id='word_1_263' title='bbox 1435 3206 1622 3272; x_wconf 85' lang='lat' dir='ltr'>ducis,</span> <span class='ocrx_word' id='word_1_264' title='bbox 1645 3208 1702 3258; x_wconf 84' lang='lat' dir='ltr'>et</span> <span class='ocrx_word' id='word_1_265' title='bbox 1722 3201 1869 3274; x_wconf 85' lang='lat' dir='ltr'>quod</span> <span class='ocrx_word' id='word_1_266' title='bbox 1884 3198 2112 3274; x_wconf 78' lang='lat' dir='ltr'>Franci</span> 
     </span>
    </p>
   </div>
   <div class='ocr_carea' id='block_1_45' title="bbox 2271 3092 3799 3174">
    <p class='ocr_par' dir='ltr' id='par_1_45' title="bbox 2271 3092 3799 3174">
     <span class='ocr_line' id='line_1_45' title="bbox 2271 3092 3799 3174; baseline -0.014 -12"><span class='ocrx_word' id='word_1_267' title='bbox 2271 3104 2644 3162; x_wconf 86' lang='lat' dir='ltr'>nobilissima</span> <span class='ocrx_word' id='word_1_268' title='bbox 2662 3101 2858 3174; x_wconf 80' lang='lat' dir='ltr'>puella</span> <span class='ocrx_word' id='word_1_269' title='bbox 2880 3098 3294 3174; x_wconf 25' lang='lat' dir='ltr'>{ilium-natum</span> <span class='ocrx_word' id='word_1_270' title='bbox 3317 3095 3466 3174; x_wconf 81' lang='lat' dir='ltr'>apud</span> <span class='ocrx_word' id='word_1_271' title='bbox 3490 3092 3799 3167; x_wconf 25' lang='lat' dir='ltr'>Fiscannoam,</span> 
     </span>
    </p>
   </div>
   <div class='ocr_carea' id='block_1_46' title="bbox 2274 3169 3734 3251">
    <p class='ocr_par' dir='ltr' id='par_1_46' title="bbox 2274 3169 3734 3251">
     <span class='ocr_line' id='line_1_46' title="bbox 2274 3169 3734 3251; baseline -0.014 -18"><span class='ocrx_word' id='word_1_272' title='bbox 2274 3194 2440 3251; x_wconf 86' lang='lat' dir='ltr'>quem</span> <span class='ocrx_word' id='word_1_273' title='bbox 2473 3169 2836 3230; x_wconf 59' lang='lat' dir='ltr'>Hic/lardum</span> <span class='ocrx_word' id='word_1_274' title='bbox 2851 3171 3042 3244; x_wconf 79' lang='lat' dir='ltr'>jussit</span> <span class='ocrx_word' id='word_1_275' title='bbox 3073 3171 3135 3224; x_wconf 85' lang='lat' dir='ltr'>iu</span> <span class='ocrx_word' id='word_1_276' title='bbox 3165 3169 3520 3240; x_wconf 81' lang='lat' dir='ltr'>baptismate</span> <span class='ocrx_word' id='word_1_277' title='bbox 3554 3175 3734 3216; x_wconf 81' lang='lat' dir='ltr'>vocari.</span> 
     </span>
    </p>
   </div>
   <div class='ocr_carea' id='block_1_47' title="bbox 510 3257 3809 3353">
    <p class='ocr_par' dir='ltr' id='par_1_47' title="bbox 510 3257 3809 3353">
     <span class='ocr_line' id='line_1_47' title="bbox 510 3257 3809 3353; baseline -0.012 -12"><span class='ocrx_word' id='word_1_278' title='bbox 510 3257 1798 3353; x_wconf 40' lang='lat' dir='ltr'>.e-iv,-q-uodin-_ciieuitudilataret</span> <span class='ocrx_word' id='word_1_279' title='bbox 1825 3272 2114 3353; x_wconf 66' lang='lat' dir='ltr'>terminos</span> <span class='ocrx_word' id='word_1_280' title='bbox 2135 3281 2183 3340; x_wconf 84' lang='lat' dir='ltr'>C</span> <span class='ocrx_word' id='word_1_281' title='bbox 2277 3268 2387 3321; x_wconf 87' lang='lat' dir='ltr'>His</span> <span class='ocrx_word' id='word_1_282' title='bbox 2407 3265 2482 3320; x_wconf 89' lang='lat' dir='ltr'>ita</span> <span class='ocrx_word' id='word_1_283' title='bbox 2500 3263 2769 3330; x_wconf 84' lang='lat' dir='ltr'>devictis,</span> <span class='ocrx_word' id='word_1_284' title='bbox 2793 3261 3027 3316; x_wconf 89' lang='lat' dir='ltr'>diabolo</span> <span class='ocrx_word' id='word_1_285' title='bbox 3045 3258 3308 3330; x_wconf 88' lang='lat' dir='ltr'>agitante</span> <span class='ocrx_word' id='word_1_286' title='bbox 3331 3257 3644 3327; x_wconf 90' lang='lat' dir='ltr'>iniquorum</span> <span class='ocrx_word' id='word_1_287' title='bbox 3659 3261 3809 3353; x_wconf 61' lang='lat' dir='ltr'>quam:</span> 
     </span>
    </p>
   </div>
   <div class='ocr_carea' id='block_1_48' title="bbox 511 3343 2112 3472">
    <p class='ocr_par' dir='ltr' id='par_1_48' title="bbox 511 3343 2112 3472">
     <span class='ocr_line' id='line_1_48' title="bbox 511 3343 2112 3472; baseline -0.01 -61"><span class='ocrx_word' id='word_1_288' title='bbox 511 3357 759 3412; x_wconf 77' lang='lat' dir='ltr'>ducatus</span> <span class='ocrx_word' id='word_1_289' title='bbox 775 3355 888 3418; x_wconf 91' lang='lat' dir='ltr'>sui;</span> <span class='ocrx_word' id='word_1_290' title='bbox 910 3343 968 3408; x_wconf 76' lang='lat' dir='ltr'>et</span> <span class='ocrx_word' id='word_1_291' title='bbox 991 3343 1269 3424; x_wconf 57' lang='lat' dir='ltr'>quomodo</span> <span class='ocrx_word' id='word_1_292' title='bbox 1288 3347 1722 3472; x_wconf 66' lang='lat' dir='ltr'>Berenlqerium</span> <span class='ocrx_word' id='word_1_293' title='bbox 1741 3351 1800 3399; x_wconf 88' lang='lat' dir='ltr'>et</span> <span class='ocrx_word' id='word_1_294' title='bbox 1819 3343 2112 3398; x_wconf 87' lang='lat' dir='ltr'>Alannum</span> 
     </span>
     <span class='ocr_line' id='line_1_49' title="bbox 517 3416 1948 3472; baseline -0.004 0"><span class='ocrx_word' id='word_1_295' title='bbox 517 3428 823 3472; x_wconf 77' lang='lat' dir='ltr'>Rritnnnm</span> <span class='ocrx_word' id='word_1_296' title='bbox 853 3425 1114 3472; x_wconf 79' lang='lat' dir='ltr'>comites.</span> <span class='ocrx_word' id='word_1_297' title='bbox 1151 3421 1274 3472; x_wconf 85' lang='lat' dir='ltr'>sibi</span> <span class='ocrx_word' id='word_1_298' title='bbox 1303 3418 1478 3472; x_wconf 88' lang='lat' dir='ltr'>rebel</span> <span class='ocrx_word' id='word_1_299' title='bbox 1503 3423 1673 3472; x_wconf 85' lang='lat' dir='ltr'>antes</span> <span class='ocrx_word' id='word_1_300' title='bbox 1703 3416 1948 3470; x_wconf 74' lang='lat' dir='ltr'>devicrt.</span> 
     </span>
    </p>
   </div>
   <div class='ocr_carea' id='block_1_49' title="bbox 511 3416 1948 3487">
    <p class='ocr_par' dir='ltr' id='par_1_49' title="bbox 511 3416 1948 3487">
     <span class='ocr_line' id='line_1_50' title="bbox 511 3416 1948 3487; baseline -0.011 -5"><span class='ocrx_word' id='word_1_301' title='bbox 511 3428 823 3482; x_wconf 81' lang='lat' dir='ltr'>Britonum</span> <span class='ocrx_word' id='word_1_302' title='bbox 853 3416 1115 3487; x_wconf 70' lang='lat' dir='ltr'>comites,</span> <span class='ocrx_word' id='word_1_303' title='bbox 1151 3421 1274 3476; x_wconf 87' lang='lat' dir='ltr'>sibi</span> <span class='ocrx_word' id='word_1_304' title='bbox 1303 3416 1673 3474; x_wconf 79' lang='lat' dir='ltr'>rebellantes</span> <span class='ocrx_word' id='word_1_305' title='bbox 1703 3416 1948 3470; x_wconf 73' lang='lat' dir='ltr'>devicrt.</span> 
     </span>
    </p>
   </div>
   <div class='ocr_carea' id='block_1_50' title="bbox 514 3519 2112 3604">
    <p class='ocr_par' dir='ltr' id='par_1_50' title="bbox 514 3519 2112 3604">
     <span class='ocr_line' id='line_1_51' title="bbox 514 3519 2112 3604; baseline -0.01 -17"><span class='ocrx_word' id='word_1_306' title='bbox 514 3533 702 3604; x_wconf 87' lang='lat' dir='ltr'>Igitur</span> <span class='ocrx_word' id='word_1_307' title='bbox 722 3532 872 3586; x_wconf 90' lang='lat' dir='ltr'>duce</span> <span class='ocrx_word' id='word_1_308' title='bbox 895 3529 1158 3583; x_wconf 83' lang='lat' dir='ltr'>Roberto</span> <span class='ocrx_word' id='word_1_309' title='bbox 1182 3526 1380 3580; x_wconf 90' lang='lat' dir='ltr'>carnis</span> <span class='ocrx_word' id='word_1_310' title='bbox 1403 3525 1476 3578; x_wconf 90' lang='lat' dir='ltr'>ab</span> <span class='ocrx_word' id='word_1_311' title='bbox 1501 3521 1820 3592; x_wconf 91' lang='lat' dir='ltr'>onerejam</span> <span class='ocrx_word' id='word_1_312' title='bbox 1841 3519 2112 3586; x_wconf 90' lang='lat' dir='ltr'>liberato,</span> 
     </span>
    </p>
   </div>
   <div class='ocr_carea' id='block_1_51' title="bbox 444 3607 2112 3687">
    <p class='ocr_par' dir='ltr' id='par_1_51' title="bbox 444 3607 2112 3687">
     <span class='ocr_line' id='line_1_52' title="bbox 444 3607 2112 3687; baseline -0.011 -11"><span class='ocrx_word' id='word_1_313' title='bbox 444 3621 787 3676; x_wconf 89' lang='lat' dir='ltr'>Willelmus</span> <span class='ocrx_word' id='word_1_314' title='bbox 809 3619 968 3672; x_wconf 83' lang='lat' dir='ltr'>ﬁlius</span> <span class='ocrx_word' id='word_1_315' title='bbox 989 3617 1124 3687; x_wconf 90' lang='lat' dir='ltr'>ejus</span> <span class='ocrx_word' id='word_1_316' title='bbox 1145 3614 1328 3669; x_wconf 91' lang='lat' dir='ltr'>totius</span> <span class='ocrx_word' id='word_1_317' title='bbox 1348 3610 1749 3668; x_wconf 89' lang='lat' dir='ltr'>monarchiam</span> <span class='ocrx_word' id='word_1_318' title='bbox 1771 3607 2112 3662; x_wconf 86' lang='lat' dir='ltr'>Northman-</span> 
     </span>
    </p>
   </div>
   <div class='ocr_carea' id='block_1_52' title="bbox 444 3695 2117 3777">
    <p class='ocr_par' dir='ltr' id='par_1_52' title="bbox 444 3695 2117 3777">
     <span class='ocr_line' id='line_1_53' title="bbox 444 3695 2117 3777; baseline -0.011 -12"><span class='ocrx_word' id='word_1_319' title='bbox 444 3709 565 3766; x_wconf 91' lang='lat' dir='ltr'>nici</span> <span class='ocrx_word' id='word_1_320' title='bbox 577 3709 825 3763; x_wconf 90' lang='lat' dir='ltr'>ducatus</span> <span class='ocrx_word' id='word_1_321' title='bbox 839 3705 1043 3777; x_wconf 90' lang='lat' dir='ltr'>sagaci</span> <span class='ocrx_word' id='word_1_322' title='bbox 1058 3701 1460 3758; x_wconf 89' lang='lat' dir='ltr'>moderamine</span> <span class='ocrx_word' id='word_1_323' title='bbox 1471 3713 1690 3771; x_wconf 90' lang='lat' dir='ltr'>regens</span> <span class='ocrx_word' id='word_1_324' title='bbox 1704 3695 2117 3751; x_wconf 90' lang='lat' dir='ltr'>inconvulsam</span> 
     </span>
    </p>
   </div>
   <div class='ocr_carea' id='block_1_53' title="bbox 444 3783 2115 3866">
    <p class='ocr_par' dir='ltr' id='par_1_53' title="bbox 444 3783 2115 3866">
     <span class='ocr_line' id='line_1_54' title="bbox 444 3783 2115 3866; baseline -0.011 -13"><span class='ocrx_word' id='word_1_325' title='bbox 444 3797 682 3854; x_wconf 89' lang='lat' dir='ltr'>Christo</span> <span class='ocrx_word' id='word_1_326' title='bbox 699 3795 830 3866; x_wconf 90' lang='lat' dir='ltr'>regi</span> <span class='ocrx_word' id='word_1_327' title='bbox 847 3793 1020 3847; x_wconf 84' lang='lat' dir='ltr'>ﬁdem</span> <span class='ocrx_word' id='word_1_328' title='bbox 1041 3806 1282 3846; x_wconf 90' lang='lat' dir='ltr'>servare</span> <span class='ocrx_word' id='word_1_329' title='bbox 1300 3789 1478 3844; x_wconf 90' lang='lat' dir='ltr'>corde</span> <span class='ocrx_word' id='word_1_330' title='bbox 1498 3787 1765 3842; x_wconf 90' lang='lat' dir='ltr'>ultroneo</span> <span class='ocrx_word' id='word_1_331' title='bbox 1787 3783 2115 3855; x_wconf 89' lang='lat' dir='ltr'>satagebat.</span> 
     </span>
    </p>
   </div>
   <div class='ocr_carea' id='block_1_54' title="bbox 447 3872 2120 3955">
    <p class='ocr_par' dir='ltr' id='par_1_54' title="bbox 447 3872 2120 3955">
     <span class='ocr_line' id='line_1_55' title="bbox 447 3872 2120 3955; baseline -0.01 -15"><span class='ocrx_word' id='word_1_332' title='bbox 447 3886 592 3941; x_wconf 85' lang='lat' dir='ltr'>Erat</span> <span class='ocrx_word' id='word_1_333' title='bbox 607 3884 822 3955; x_wconf 89' lang='lat' dir='ltr'>quippe</span> <span class='ocrx_word' id='word_1_334' title='bbox 843 3885 1064 3936; x_wconf 88' lang='lat' dir='ltr'>statura</span> <span class='ocrx_word' id='word_1_335' title='bbox 1081 3894 1390 3950; x_wconf 90' lang='lat' dir='ltr'>procerus,</span> <span class='ocrx_word' id='word_1_336' title='bbox 1415 3877 1578 3931; x_wconf 91' lang='lat' dir='ltr'>vultu</span> <span class='ocrx_word' id='word_1_337' title='bbox 1597 3875 1873 3940; x_wconf 89' lang='lat' dir='ltr'>decorus,</span> <span class='ocrx_word' id='word_1_338' title='bbox 1901 3872 2120 3926; x_wconf 89' lang='lat' dir='ltr'>mican-</span> 
     </span>
    </p>
   </div>
   <div class='ocr_carea' id='block_1_55' title="bbox 447 3959 2119 4041">
    <p class='ocr_par' dir='ltr' id='par_1_55' title="bbox 447 3959 2119 4041">
     <span class='ocr_line' id='line_1_56' title="bbox 447 3959 2119 4041; baseline -0.01 -12"><span class='ocrx_word' id='word_1_339' title='bbox 447 3974 609 4030; x_wconf 89' lang='lat' dir='ltr'>tibus</span> <span class='ocrx_word' id='word_1_340' title='bbox 628 3971 838 4041; x_wconf 90' lang='lat' dir='ltr'>oculis,</span> <span class='ocrx_word' id='word_1_341' title='bbox 855 3973 1202 4024; x_wconf 85' lang='lat' dir='ltr'>mansuetus</span> <span class='ocrx_word' id='word_1_342' title='bbox 1221 3965 1550 4035; x_wconf 89' lang='lat' dir='ltr'>benevolis,</span> <span class='ocrx_word' id='word_1_343' title='bbox 1569 3963 1739 4035; x_wconf 90' lang='lat' dir='ltr'>quasi</span> <span class='ocrx_word' id='word_1_344' title='bbox 1756 3963 1848 4016; x_wconf 93' lang='lat' dir='ltr'>leo</span> <span class='ocrx_word' id='word_1_345' title='bbox 1865 3959 2119 4014; x_wconf 88' lang='lat' dir='ltr'>inimicis</span> 
     </span>
    </p>
   </div>
   <div class='ocr_carea' id='block_1_56' title="bbox 448 4047 2121 4130">
    <p class='ocr_par' dir='ltr' id='par_1_56' title="bbox 448 4047 2121 4130">
     <span class='ocr_line' id='line_1_57' title="bbox 448 4047 2121 4130; baseline -0.011 -12"><span class='ocrx_word' id='word_1_346' title='bbox 448 4060 755 4130; x_wconf 88' lang='lat' dir='ltr'>terribilis,</span> <span class='ocrx_word' id='word_1_347' title='bbox 791 4062 846 4114; x_wconf 90' lang='lat' dir='ltr'>et</span> <span class='ocrx_word' id='word_1_348' title='bbox 876 4062 938 4112; x_wconf 91' lang='lat' dir='ltr'>ut</span> <span class='ocrx_word' id='word_1_349' title='bbox 957 4059 1132 4130; x_wconf 88' lang='lat' dir='ltr'>gigas</span> <span class='ocrx_word' id='word_1_350' title='bbox 1154 4055 1326 4111; x_wconf 87' lang='lat' dir='ltr'>fortis</span> <span class='ocrx_word' id='word_1_351' title='bbox 1350 4055 1409 4108; x_wconf 91' lang='lat' dir='ltr'>in</span> <span class='ocrx_word' id='word_1_352' title='bbox 1431 4054 1678 4125; x_wconf 85' lang='lat' dir='ltr'>praeliis,</span> <span class='ocrx_word' id='word_1_353' title='bbox 1713 4051 1998 4106; x_wconf 90' lang='lat' dir='ltr'>terminos</span> <span class='ocrx_word' id='word_1_354' title='bbox 2027 4047 2121 4102; x_wconf 87' lang='lat' dir='ltr'>sui</span> 
     </span>
    </p>
   </div>
   <div class='ocr_carea' id='block_1_57' title="bbox 451 4135 2122 4220">
    <p class='ocr_par' dir='ltr' id='par_1_57' title="bbox 451 4135 2122 4220">
     <span class='ocr_line' id='line_1_58' title="bbox 451 4135 2122 4220; baseline -0.011 -14"><span class='ocrx_word' id='word_1_355' title='bbox 451 4151 700 4206; x_wconf 86' lang='lat' dir='ltr'>ducatus</span> <span class='ocrx_word' id='word_1_356' title='bbox 731 4163 839 4220; x_wconf 91' lang='lat' dir='ltr'>per</span> <span class='ocrx_word' id='word_1_357' title='bbox 863 4147 1171 4202; x_wconf 90' lang='lat' dir='ltr'>circuitum</span> <span class='ocrx_word' id='word_1_358' title='bbox 1200 4145 1442 4200; x_wconf 85' lang='lat' dir='ltr'>dilatare</span> <span class='ocrx_word' id='word_1_359' title='bbox 1473 4158 1591 4196; x_wconf 93' lang='lat' dir='ltr'>non</span> <span class='ocrx_word' id='word_1_360' title='bbox 1621 4140 1943 4196; x_wconf 89' lang='lat' dir='ltr'>desistens.</span> <span class='ocrx_word' id='word_1_361' title='bbox 1975 4135 2122 4200; x_wconf 84' lang='lat' dir='ltr'>Quae</span> 
     </span>
    </p>
   </div>
   <div class='ocr_carea' id='block_1_58' title="bbox 451 4225 2119 4299">
    <p class='ocr_par' dir='ltr' id='par_1_58' title="bbox 451 4225 2119 4299">
     <span class='ocr_line' id='line_1_59' title="bbox 451 4225 2119 4299; baseline -0.011 -4"><span class='ocrx_word' id='word_1_362' title='bbox 451 4255 552 4295; x_wconf 90' lang='lat' dir='ltr'>res</span> <span class='ocrx_word' id='word_1_363' title='bbox 582 4237 911 4292; x_wconf 88' lang='lat' dir='ltr'>invasionis</span> <span class='ocrx_word' id='word_1_364' title='bbox 942 4239 1001 4291; x_wconf 90' lang='lat' dir='ltr'>et</span> <span class='ocrx_word' id='word_1_365' title='bbox 1047 4234 1310 4289; x_wconf 84' lang='lat' dir='ltr'>audaciae</span> <span class='ocrx_word' id='word_1_366' title='bbox 1342 4232 1710 4287; x_wconf 84' lang='lat' dir='ltr'>Francorum</span> <span class='ocrx_word' id='word_1_367' title='bbox 1741 4225 2119 4299; x_wconf 86' lang='lat' dir='ltr'>proceribus,</span> 
     </span>
    </p>
   </div>
   <div class='ocr_carea' id='block_1_59' title="bbox 455 4316 2123 4384">
    <p class='ocr_par' dir='ltr' id='par_1_59' title="bbox 455 4316 2123 4384">
     <span class='ocr_line' id='line_1_60' title="bbox 455 4316 2123 4384; baseline -0.011 0"><span class='ocrx_word' id='word_1_368' title='bbox 455 4328 573 4384; x_wconf 91' lang='lat' dir='ltr'>odii</span> <span class='ocrx_word' id='word_1_369' title='bbox 591 4331 647 4382; x_wconf 92' lang='lat' dir='ltr'>et</span> <span class='ocrx_word' id='word_1_370' title='bbox 664 4326 900 4381; x_wconf 58' lang='lat' dir='ltr'>invidiae</span> <span class='ocrx_word' id='word_1_371' title='bbox 922 4325 1186 4380; x_wconf 86' lang='lat' dir='ltr'>fomitem</span> <span class='ocrx_word' id='word_1_372' title='bbox 1207 4320 1580 4376; x_wconf 90' lang='lat' dir='ltr'>ministravit.</span> <span class='ocrx_word' id='word_1_373' title='bbox 1606 4318 1728 4372; x_wconf 90' lang='lat' dir='ltr'>Sub</span> <span class='ocrx_word' id='word_1_374' title='bbox 1753 4316 1955 4371; x_wconf 90' lang='lat' dir='ltr'>eadem</span> <span class='ocrx_word' id='word_1_375' title='bbox 1979 4328 2123 4367; x_wconf 89' lang='lat' dir='ltr'>sane</span> 
     </span>
    </p>
   </div>
   <div class='ocr_carea' id='block_1_60' title="bbox 453 4406 2124 4487">
    <p class='ocr_par' dir='ltr' id='par_1_60' title="bbox 453 4406 2124 4487">
     <span class='ocr_line' id='line_1_61' title="bbox 453 4406 2124 4487; baseline -0.01 -16"><span class='ocrx_word' id='word_1_376' title='bbox 453 4413 1208 4487; x_wconf 89' lang='lat' dir='ltr'>tempestateBerengerius</span> <span class='ocrx_word' id='word_1_377' title='bbox 1221 4417 1277 4466; x_wconf 89' lang='lat' dir='ltr'>et</span> <span class='ocrx_word' id='word_1_378' title='bbox 1291 4411 1556 4464; x_wconf 86' lang='lat' dir='ltr'>Alannus</span> <span class='ocrx_word' id='word_1_379' title='bbox 1571 4407 1907 4472; x_wconf 91' lang='lat' dir='ltr'>Britones,a</span> <span class='ocrx_word' id='word_1_380' title='bbox 1920 4406 2124 4457; x_wconf 91' lang='lat' dir='ltr'>tenore</span> 
     </span>
    </p>
   </div>
   <div class='ocr_carea' id='block_1_61' title="bbox 454 4489 2125 4576">
    <p class='ocr_par' dir='ltr' id='par_1_61' title="bbox 454 4489 2125 4576">
     <span class='ocr_line' id='line_1_62' title="bbox 454 4489 2125 4576; baseline -0.011 -15"><span class='ocrx_word' id='word_1_381' title='bbox 454 4505 592 4561; x_wconf 84' lang='lat' dir='ltr'>ﬁdei</span> <span class='ocrx_word' id='word_1_382' title='bbox 623 4519 799 4576; x_wconf 90' lang='lat' dir='ltr'>quam</span> <span class='ocrx_word' id='word_1_383' title='bbox 833 4518 966 4557; x_wconf 91' lang='lat' dir='ltr'>cum</span> <span class='ocrx_word' id='word_1_384' title='bbox 999 4500 1420 4572; x_wconf 89' lang='lat' dir='ltr'>eopepigerant</span> <span class='ocrx_word' id='word_1_385' title='bbox 1449 4495 1811 4551; x_wconf 87' lang='lat' dir='ltr'>dissidentes</span> <span class='ocrx_word' id='word_1_386' title='bbox 1831 4534 1844 4561; x_wconf 92' lang='lat'>,</span> <span class='ocrx_word' id='word_1_387' title='bbox 1876 4492 1948 4545; x_wconf 89' lang='lat' dir='ltr'>ab</span> <span class='ocrx_word' id='word_1_388' title='bbox 1992 4489 2125 4560; x_wconf 85' lang='lat' dir='ltr'>ejus</span> 
     </span>
    </p>
   </div>
   <div class='ocr_carea' id='block_1_62' title="bbox 457 4579 2122 4662">
    <p class='ocr_par' dir='ltr' id='par_1_62' title="bbox 457 4579 2122 4662">
     <span class='ocr_line' id='line_1_63' title="bbox 457 4579 2122 4662; baseline -0.01 -13"><span class='ocrx_word' id='word_1_389' title='bbox 457 4593 716 4649; x_wconf 92' lang='lat' dir='ltr'>dominio</span> <span class='ocrx_word' id='word_1_390' title='bbox 755 4591 1178 4662; x_wconf 87' lang='lat' dir='ltr'>praesumptivo</span> <span class='ocrx_word' id='word_1_391' title='bbox 1221 4603 1371 4642; x_wconf 89' lang='lat' dir='ltr'>ausu</span> <span class='ocrx_word' id='word_1_392' title='bbox 1416 4584 1608 4639; x_wconf 86' lang='lat' dir='ltr'>conati</span> <span class='ocrx_word' id='word_1_393' title='bbox 1647 4585 1785 4637; x_wconf 90' lang='lat' dir='ltr'>sunt</span> <span class='ocrx_word' id='word_1_394' title='bbox 1820 4579 2122 4646; x_wconf 89' lang='lat' dir='ltr'>recedere,</span> 
     </span>
    </p>
   </div>
   <div class='ocr_carea' id='block_1_63' title="bbox 458 4665 2126 4756">
    <p class='ocr_par' dir='ltr' id='par_1_63' title="bbox 458 4665 2126 4756">
     <span class='ocr_line' id='line_1_64' title="bbox 458 4665 2126 4756; baseline -0.01 -18"><span class='ocrx_word' id='word_1_395' title='bbox 458 4682 590 4756; x_wconf 89' lang='lat' dir='ltr'>regi</span> <span class='ocrx_word' id='word_1_396' title='bbox 623 4681 987 4737; x_wconf 87' lang='lat' dir='ltr'>Francorum</span> <span class='ocrx_word' id='word_1_397' title='bbox 1014 4677 1264 4733; x_wconf 90' lang='lat' dir='ltr'>ulterius</span> <span class='ocrx_word' id='word_1_398' title='bbox 1279 4675 1664 4744; x_wconf 85' lang='lat' dir='ltr'>disponentes</span> <span class='ocrx_word' id='word_1_399' title='bbox 1683 4671 1954 4724; x_wconf 88' lang='lat' dir='ltr'>militare.</span> <span class='ocrx_word' id='word_1_400' title='bbox 1972 4665 2126 4731; x_wconf 89' lang='lat' dir='ltr'>Quo-</span> 
     </span>
    </p>
   </div>
   <div class='ocr_carea' id='block_1_64' title="bbox 457 4757 2125 4832">
    <p class='ocr_par' dir='ltr' id='par_1_64' title="bbox 457 4757 2125 4832">
     <span class='ocr_line' id='line_1_65' title="bbox 457 4757 2125 4832; baseline -0.011 -5"><span class='ocrx_word' id='word_1_401' title='bbox 457 4787 590 4827; x_wconf 90' lang='lat' dir='ltr'>rum</span> <span class='ocrx_word' id='word_1_402' title='bbox 617 4769 1004 4825; x_wconf 90' lang='lat' dir='ltr'>temeritatem</span> <span class='ocrx_word' id='word_1_403' title='bbox 1026 4768 1146 4822; x_wconf 78' lang='lat' dir='ltr'>dux</span> <span class='ocrx_word' id='word_1_404' title='bbox 1167 4765 1442 4820; x_wconf 86' lang='lat' dir='ltr'>festinato</span> <span class='ocrx_word' id='word_1_405' title='bbox 1465 4763 1684 4832; x_wconf 91' lang='lat' dir='ltr'>impetu</span> <span class='ocrx_word' id='word_1_406' title='bbox 1704 4757 2125 4828; x_wconf 90' lang='lat' dir='ltr'>comprimens,</span> 
     </span>
    </p>
   </div>
   <div class='ocr_carea' id='block_1_65' title="bbox 459 4844 2129 4923">
    <p class='ocr_par' dir='ltr' id='par_1_65' title="bbox 459 4844 2129 4923">
     <span class='ocr_line' id='line_1_66' title="bbox 459 4844 2129 4923; baseline -0.011 -7"><span class='ocrx_word' id='word_1_407' title='bbox 459 4860 821 4915; x_wconf 89' lang='lat' dir='ltr'>Britanniam</span> <span class='ocrx_word' id='word_1_408' title='bbox 847 4856 1047 4912; x_wconf 90' lang='lat' dir='ltr'>tandiu</span> <span class='ocrx_word' id='word_1_409' title='bbox 1077 4854 1277 4910; x_wconf 91' lang='lat' dir='ltr'>hostili</span> <span class='ocrx_word' id='word_1_410' title='bbox 1299 4852 1670 4923; x_wconf 81' lang='lat' dir='ltr'>expeditione</span> <span class='ocrx_word' id='word_1_411' title='bbox 1695 4846 1967 4912; x_wconf 87' lang='lat' dir='ltr'>vastavit,</span> <span class='ocrx_word' id='word_1_412' title='bbox 2001 4844 2129 4914; x_wconf 89' lang='lat' dir='ltr'>plu-</span> 
     </span>
    </p>
   </div>
   <div class='ocr_carea' id='block_1_66' title="bbox 459 4935 2129 5022">
    <p class='ocr_par' dir='ltr' id='par_1_66' title="bbox 459 4935 2129 5022">
     <span class='ocr_line' id='line_1_67' title="bbox 459 4935 2129 5022; baseline -0.011 -18"><span class='ocrx_word' id='word_1_413' title='bbox 459 4951 726 5022; x_wconf 90' lang='lat' dir='ltr'>rimaque</span> <span class='ocrx_word' id='word_1_414' title='bbox 773 4962 977 5004; x_wconf 92' lang='lat' dir='ltr'>eorum</span> <span class='ocrx_word' id='word_1_415' title='bbox 1026 4942 1341 5014; x_wconf 89' lang='lat' dir='ltr'>municipia</span> <span class='ocrx_word' id='word_1_416' title='bbox 1374 4939 1683 5007; x_wconf 88' lang='lat' dir='ltr'>subvertit,</span> <span class='ocrx_word' id='word_1_417' title='bbox 1739 4935 2129 5007; x_wconf 88' lang='lat' dir='ltr'>quoadusque</span> 
     </span>
    </p>
   </div>
   <div class='ocr_carea' id='block_1_67' title="bbox 462 5026 2130 5106">
    <p class='ocr_par' dir='ltr' id='par_1_67' title="bbox 462 5026 2130 5106">
     <span class='ocr_line' id='line_1_68' title="bbox 462 5026 2130 5106; baseline -0.011 -12"><span class='ocrx_word' id='word_1_418' title='bbox 462 5039 756 5093; x_wconf 91' lang='lat' dir='ltr'>Alannum</span> <span class='ocrx_word' id='word_1_419' title='bbox 787 5037 968 5092; x_wconf 91' lang='lat' dir='ltr'>totius</span> <span class='ocrx_word' id='word_1_420' title='bbox 986 5033 1262 5106; x_wconf 62' lang='lat' dir='ltr'>nequitiae</span> <span class='ocrx_word' id='word_1_421' title='bbox 1280 5032 1643 5085; x_wconf 90' lang='lat' dir='ltr'>incentorem</span> <span class='ocrx_word' id='word_1_422' title='bbox 1665 5042 1698 5081; x_wconf 93' lang='lat' dir='ltr'>a</span> <span class='ocrx_word' id='word_1_423' title='bbox 1721 5039 1904 5096; x_wconf 89' lang='lat' dir='ltr'>regno</span> <span class='ocrx_word' id='word_1_424' title='bbox 1937 5026 2130 5077; x_wconf 85' lang='lat' dir='ltr'>extur-</span> 
     </span>
    </p>
   </div>
   <div class='ocr_carea' id='block_1_68' title="bbox 2201 3334 3810 3427">
    <p class='ocr_par' dir='ltr' id='par_1_68' title="bbox 2201 3334 3810 3427">
     <span class='ocr_line' id='line_1_69' title="bbox 2201 3334 3810 3427; baseline -0.017 -15"><span class='ocrx_word' id='word_1_425' title='bbox 2201 3357 2426 3427; x_wconf 88' lang='lat' dir='ltr'>plures,</span> <span class='ocrx_word' id='word_1_426' title='bbox 2479 3354 2691 3408; x_wconf 86' lang='lat' dir='ltr'>iterum</span> <span class='ocrx_word' id='word_1_427' title='bbox 2722 3349 2999 3404; x_wconf 90' lang='lat' dir='ltr'>intestina</span> <span class='ocrx_word' id='word_1_428' title='bbox 3039 3349 3337 3402; x_wconf 88' lang='lat' dir='ltr'>adversus</span> <span class='ocrx_word' id='word_1_429' title='bbox 3381 3359 3510 3399; x_wconf 91' lang='lat' dir='ltr'>eum</span> <span class='ocrx_word' id='word_1_430' title='bbox 3553 3334 3810 3408; x_wconf 81' lang='lat' dir='ltr'>insurgunt</span> 
     </span>
    </p>
   </div>
   <div class='ocr_carea' id='block_1_69' title="bbox 2203 3433 3908 3510">
    <p class='ocr_par' dir='ltr' id='par_1_69' title="bbox 2203 3433 3908 3510">
     <span class='ocr_line' id='line_1_70' title="bbox 2203 3433 3908 3510; baseline -0.013 -12"><span class='ocrx_word' id='word_1_431' title='bbox 2203 3443 2522 3500; x_wconf 90' lang='lat' dir='ltr'>molimina.</span> <span class='ocrx_word' id='word_1_432' title='bbox 2558 3441 2706 3494; x_wconf 89' lang='lat' dir='ltr'>Nam</span> <span class='ocrx_word' id='word_1_433' title='bbox 2729 3439 2965 3510; x_wconf 90' lang='lat' dir='ltr'>quidam</span> <span class='ocrx_word' id='word_1_434' title='bbox 2992 3436 3228 3491; x_wconf 80' lang='lat' dir='ltr'>Biulfus</span> <span class='ocrx_word' id='word_1_435' title='bbox 3248 3433 3517 3506; x_wconf 73' lang='lat' dir='ltr'>perﬁdiae</span> <span class='ocrx_word' id='word_1_436' title='bbox 3540 3437 3812 3484; x_wconf 89' lang='lat' dir='ltr'>succensus</span> <span class='ocrx_word' id='word_1_437' title='bbox 3901 3465 3908 3484; x_wconf 83' lang='lat'><em>.</em></span> 
     </span>
    </p>
   </div>
   <div class='ocr_carea' id='block_1_70' title="bbox 2206 3521 3817 3602">
    <p class='ocr_par' dir='ltr' id='par_1_70' title="bbox 2206 3521 3817 3602">
     <span class='ocr_line' id='line_1_71' title="bbox 2206 3521 3817 3602; baseline -0.016 -14"><span class='ocrx_word' id='word_1_438' title='bbox 2206 3533 2400 3600; x_wconf 88' lang='lat' dir='ltr'>furiis,</span> <span class='ocrx_word' id='word_1_439' title='bbox 2434 3529 2706 3602; x_wconf 87' lang='lat' dir='ltr'>plurimis</span> <span class='ocrx_word' id='word_1_440' title='bbox 2736 3543 2964 3582; x_wconf 88' lang='lat' dir='ltr'>veneno</span> <span class='ocrx_word' id='word_1_441' title='bbox 2992 3525 3294 3580; x_wconf 88' lang='lat' dir='ltr'>discordia</span> <span class='ocrx_word' id='word_1_442' title='bbox 3317 3521 3568 3589; x_wconf 83' lang='lat' dir='ltr'>infectis,</span> <span class='ocrx_word' id='word_1_443' title='bbox 3592 3529 3731 3571; x_wconf 88' lang='lat' dir='ltr'>arma</span> <span class='ocrx_word' id='word_1_444' title='bbox 3753 3526 3817 3564; x_wconf 82' lang='lat' dir='ltr'>ar-</span> 
     </span>
    </p>
   </div>
   <div class='ocr_carea' id='block_1_71' title="bbox 2206 3601 3818 3692">
    <p class='ocr_par' dir='ltr' id='par_1_71' title="bbox 2206 3601 3818 3692">
     <span class='ocr_line' id='line_1_72' title="bbox 2206 3601 3818 3692; baseline -0.015 -15"><span class='ocrx_word' id='word_1_445' title='bbox 2206 3601 2453 3692; x_wconf 74' lang='lat' dir='ltr'>ripiens,</span> <span class='ocrx_word' id='word_1_446' title='bbox 2478 3637 2508 3674; x_wconf 86' lang='lat' dir='ltr'>a</span> <span class='ocrx_word' id='word_1_447' title='bbox 2530 3632 2717 3690; x_wconf 87' lang='lat' dir='ltr'>regno</span> <span class='ocrx_word' id='word_1_448' title='bbox 2742 3617 2994 3672; x_wconf 89' lang='lat' dir='ltr'>adorsus</span> <span class='ocrx_word' id='word_1_449' title='bbox 3015 3620 3106 3670; x_wconf 91' lang='lat' dir='ltr'>est</span> <span class='ocrx_word' id='word_1_450' title='bbox 3122 3629 3256 3668; x_wconf 91' lang='lat' dir='ltr'>eum</span> <span class='ocrx_word' id='word_1_451' title='bbox 3284 3613 3546 3668; x_wconf 85' lang='lat' dir='ltr'>funditus</span> <span class='ocrx_word' id='word_1_452' title='bbox 3563 3601 3818 3662; x_wconf 76' lang='lat' dir='ltr'>extrudere</span> 
     </span>
    </p>
   </div>
   <div class='ocr_carea' id='block_1_72' title="bbox 2207 3692 3816 3777">
    <p class='ocr_par' dir='ltr' id='par_1_72' title="bbox 2207 3692 3816 3777">
     <span class='ocr_line' id='line_1_73' title="bbox 2207 3692 3816 3777; baseline -0.014 -12"><span class='ocrx_word' id='word_1_453' title='bbox 2207 3710 2352 3764; x_wconf 90' lang='lat' dir='ltr'>adeo</span> <span class='ocrx_word' id='word_1_454' title='bbox 2381 3711 2444 3763; x_wconf 90' lang='lat' dir='ltr'>ut</span> <span class='ocrx_word' id='word_1_455' title='bbox 2472 3708 2864 3777; x_wconf 92' lang='lat' dir='ltr'>undequaque</span> <span class='ocrx_word' id='word_1_456' title='bbox 2897 3704 3141 3758; x_wconf 92' lang='lat' dir='ltr'>collecta</span> <span class='ocrx_word' id='word_1_457' title='bbox 3171 3704 3443 3757; x_wconf 91' lang='lat' dir='ltr'>virorum</span> <span class='ocrx_word' id='word_1_458' title='bbox 3485 3692 3816 3752; x_wconf 85' lang='lat' dir='ltr'>multitudine,</span> 
     </span>
    </p>
   </div>
   <div class='ocr_carea' id='block_1_73' title="bbox 2209 3781 3822 3866">
    <p class='ocr_par' dir='ltr' id='par_1_73' title="bbox 2209 3781 3822 3866">
     <span class='ocr_line' id='line_1_74' title="bbox 2209 3781 3822 3866; baseline -0.014 -13"><span class='ocrx_word' id='word_1_459' title='bbox 2209 3799 2365 3853; x_wconf 86' lang='lat' dir='ltr'>circa</span> <span class='ocrx_word' id='word_1_460' title='bbox 2379 3795 2884 3866; x_wconf 85' lang='lat' dir='ltr'>Rothomagensis</span> <span class='ocrx_word' id='word_1_461' title='bbox 2900 3793 3152 3847; x_wconf 89' lang='lat' dir='ltr'>civitatis</span> <span class='ocrx_word' id='word_1_462' title='bbox 3165 3791 3509 3846; x_wconf 87' lang='lat' dir='ltr'>suburbana</span> <span class='ocrx_word' id='word_1_463' title='bbox 3520 3781 3822 3842; x_wconf 86' lang='lat' dir='ltr'>transmeato</span> 
     </span>
    </p>
   </div>
   <div class='ocr_carea' id='block_1_74' title="bbox 2208 3874 3824 3959">
    <p class='ocr_par' dir='ltr' id='par_1_74' title="bbox 2208 3874 3824 3959">
     <span class='ocr_line' id='line_1_75' title="bbox 2208 3874 3824 3959; baseline -0.016 -15"><span class='ocrx_word' id='word_1_464' title='bbox 2208 3887 2498 3959; x_wconf 78' lang='lat' dir='ltr'>Sequanae</span> <span class='ocrx_word' id='word_1_465' title='bbox 2529 3885 2696 3938; x_wconf 91' lang='lat' dir='ltr'>alveo</span> <span class='ocrx_word' id='word_1_466' title='bbox 2728 3882 3100 3937; x_wconf 91' lang='lat' dir='ltr'>obsidionem</span> <span class='ocrx_word' id='word_1_467' title='bbox 3140 3880 3542 3950; x_wconf 89' lang='lat' dir='ltr'>componeret,</span> <span class='ocrx_word' id='word_1_468' title='bbox 3586 3874 3824 3944; x_wconf 86' lang='lat' dir='ltr'>quatenus</span> 
     </span>
    </p>
   </div>
   <div class='ocr_carea' id='block_1_75' title="bbox 2209 3953 3826 4043">
    <p class='ocr_par' dir='ltr' id='par_1_75' title="bbox 2209 3953 3826 4043">
     <span class='ocr_line' id='line_1_76' title="bbox 2209 3953 3826 4043; baseline -0.015 -12"><span class='ocrx_word' id='word_1_469' title='bbox 2209 3953 2419 4031; x_wconf 77' lang='lat' dir='ltr'>ducem</span> <span class='ocrx_word' id='word_1_470' title='bbox 2447 3975 2519 4028; x_wconf 89' lang='lat' dir='ltr'>ab</span> <span class='ocrx_word' id='word_1_471' title='bbox 2545 3989 2612 4028; x_wconf 89' lang='lat' dir='ltr'>ea</span> <span class='ocrx_word' id='word_1_472' title='bbox 2635 3971 3013 4043; x_wconf 89' lang='lat' dir='ltr'>propelleret,</span> <span class='ocrx_word' id='word_1_473' title='bbox 3041 3975 3138 4024; x_wconf 89' lang='lat' dir='ltr'>aut</span> <span class='ocrx_word' id='word_1_474' title='bbox 3160 3974 3397 4039; x_wconf 84' lang='lat' dir='ltr'>captum</span> <span class='ocrx_word' id='word_1_475' title='bbox 3427 3963 3679 4036; x_wconf 85' lang='lat' dir='ltr'>nequiter</span> <span class='ocrx_word' id='word_1_476' title='bbox 3704 3953 3826 4028; x_wconf 88' lang='lat' dir='ltr'>peri-</span> 
     </span>
    </p>
   </div>
   <div class='ocr_carea' id='block_1_76' title="bbox 2208 4050 3828 4133">
    <p class='ocr_par' dir='ltr' id='par_1_76' title="bbox 2208 4050 3828 4133">
     <span class='ocr_line' id='line_1_77' title="bbox 2208 4050 3828 4133; baseline -0.014 -12"><span class='ocrx_word' id='word_1_477' title='bbox 2208 4068 2415 4133; x_wconf 88' lang='lat' dir='ltr'>meret,</span> <span class='ocrx_word' id='word_1_478' title='bbox 2451 4062 2878 4117; x_wconf 87' lang='lat' dir='ltr'>Northmannia</span> <span class='ocrx_word' id='word_1_479' title='bbox 2909 4060 3022 4114; x_wconf 90' lang='lat' dir='ltr'>sibi</span> <span class='ocrx_word' id='word_1_480' title='bbox 3062 4060 3381 4113; x_wconf 85' lang='lat' dir='ltr'>vindicata.</span> <span class='ocrx_word' id='word_1_481' title='bbox 3417 4055 3629 4110; x_wconf 83' lang='lat' dir='ltr'>Videas</span> <span class='ocrx_word' id='word_1_482' title='bbox 3675 4050 3828 4133; x_wconf 62' lang='lat' dir='ltr'>itaque</span> 
     </span>
    </p>
   </div>
   <div class='ocr_carea' id='block_1_77' title="bbox 2211 4129 3831 4216">
    <p class='ocr_par' dir='ltr' id='par_1_77' title="bbox 2211 4129 3831 4216">
     <span class='ocr_line' id='line_1_78' title="bbox 2211 4129 3831 4216; baseline -0.01 -9"><span class='ocrx_word' id='word_1_483' title='bbox 2211 4154 2328 4208; x_wconf 87' lang='lat' dir='ltr'>dux</span> <span class='ocrx_word' id='word_1_484' title='bbox 2361 4168 2426 4207; x_wconf 93' lang='lat' dir='ltr'>se</span> <span class='ocrx_word' id='word_1_485' title='bbox 2459 4167 2492 4204; x_wconf 89' lang='lat' dir='ltr'>a</span> <span class='ocrx_word' id='word_1_486' title='bbox 2536 4150 2665 4204; x_wconf 89' lang='lat' dir='ltr'>suis</span> <span class='ocrx_word' id='word_1_487' title='bbox 2710 4150 2797 4203; x_wconf 91' lang='lat' dir='ltr'>sic</span> <span class='ocrx_word' id='word_1_488' title='bbox 2831 4149 3172 4216; x_wconf 88' lang='lat' dir='ltr'>obsessum,</span> <span class='ocrx_word' id='word_1_489' title='bbox 3225 4143 3567 4201; x_wconf 89' lang='lat' dir='ltr'>multimode</span> <span class='ocrx_word' id='word_1_490' title='bbox 3612 4129 3831 4192; x_wconf 72' lang='lat' dir='ltr'>meditari</span> 
     </span>
    </p>
   </div>
   <div class='ocr_carea' id='block_1_78' title="bbox 2213 4220 3834 4312">
    <p class='ocr_par' dir='ltr' id='par_1_78' title="bbox 2213 4220 3834 4312">
     <span class='ocr_line' id='line_1_79' title="bbox 2213 4220 3834 4312; baseline -0.014 -16"><span class='ocrx_word' id='word_1_491' title='bbox 2213 4241 2408 4312; x_wconf 81' lang='lat' dir='ltr'>cmpit,</span> <span class='ocrx_word' id='word_1_492' title='bbox 2445 4255 2557 4310; x_wconf 90' lang='lat' dir='ltr'>qua</span> <span class='ocrx_word' id='word_1_493' title='bbox 2590 4238 2683 4292; x_wconf 90' lang='lat' dir='ltr'>via</span> <span class='ocrx_word' id='word_1_494' title='bbox 2716 4254 2842 4292; x_wconf 72' lang='lat' dir='ltr'>suae</span> <span class='ocrx_word' id='word_1_495' title='bbox 2872 4239 3210 4292; x_wconf 88' lang='lat' dir='ltr'>consuleret</span> <span class='ocrx_word' id='word_1_496' title='bbox 3241 4236 3423 4290; x_wconf 81' lang='lat' dir='ltr'>saluti</span> <span class='ocrx_word' id='word_1_497' title='bbox 3449 4237 3616 4302; x_wconf 86' lang='lat' dir='ltr'>atque</span> <span class='ocrx_word' id='word_1_498' title='bbox 3645 4220 3834 4286; x_wconf 85' lang='lat' dir='ltr'>honori,</span> 
     </span>
    </p>
   </div>
   <div class='ocr_carea' id='block_1_79' title="bbox 2213 4312 3835 4394">
    <p class='ocr_par' dir='ltr' id='par_1_79' title="bbox 2213 4312 3835 4394">
     <span class='ocr_line' id='line_1_80' title="bbox 2213 4312 3835 4394; baseline -0.013 -8"><span class='ocrx_word' id='word_1_499' title='bbox 2213 4334 2270 4386; x_wconf 91' lang='lat' dir='ltr'>et</span> <span class='ocrx_word' id='word_1_500' title='bbox 2296 4330 2513 4384; x_wconf 91' lang='lat' dir='ltr'>milites</span> <span class='ocrx_word' id='word_1_501' title='bbox 2545 4343 2691 4382; x_wconf 89' lang='lat' dir='ltr'>suos</span> <span class='ocrx_word' id='word_1_502' title='bbox 2726 4343 2758 4380; x_wconf 88' lang='lat' dir='ltr'>a</span> <span class='ocrx_word' id='word_1_503' title='bbox 2806 4330 2923 4380; x_wconf 89' lang='lat' dir='ltr'>tam</span> <span class='ocrx_word' id='word_1_504' title='bbox 2964 4327 3172 4380; x_wconf 87' lang='lat' dir='ltr'>audaci</span> <span class='ocrx_word' id='word_1_505' title='bbox 3225 4318 3674 4394; x_wconf 79' lang='lat' dir='ltr'>conspirationis</span> <span class='ocrx_word' id='word_1_506' title='bbox 3712 4312 3835 4366; x_wconf 76' lang='lat' dir='ltr'>metu</span> 
     </span>
    </p>
   </div>
   <div class='ocr_carea' id='block_1_80' title="bbox 2214 4411 3840 4486">
    <p class='ocr_par' dir='ltr' id='par_1_80' title="bbox 2214 4411 3840 4486">
     <span class='ocr_line' id='line_1_81' title="bbox 2214 4411 3840 4486; baseline -0.015 -11"><span class='ocrx_word' id='word_1_507' title='bbox 2214 4419 2536 4475; x_wconf 89' lang='lat' dir='ltr'>cohiberet.</span> <span class='ocrx_word' id='word_1_508' title='bbox 2562 4417 2653 4471; x_wconf 91' lang='lat' dir='ltr'>Ad</span> <span class='ocrx_word' id='word_1_509' title='bbox 2675 4419 3029 4484; x_wconf 82' lang='lat' dir='ltr'>extremum,</span> <span class='ocrx_word' id='word_1_510' title='bbox 3056 4433 3087 4470; x_wconf 90' lang='lat' dir='ltr'>a</span> <span class='ocrx_word' id='word_1_511' title='bbox 3112 4415 3370 4486; x_wconf 90' lang='lat' dir='ltr'>quodam</span> <span class='ocrx_word' id='word_1_512' title='bbox 3394 4411 3651 4467; x_wconf 91' lang='lat' dir='ltr'>Bothone</span> <span class='ocrx_word' id='word_1_513' title='bbox 3678 4414 3840 4474; x_wconf 86' lang='lat' dir='ltr'>procu-</span> 
     </span>
    </p>
   </div>
   <div class='ocr_carea' id='block_1_81' title="bbox 2214 4501 3841 4566">
    <p class='ocr_par' dir='ltr' id='par_1_81' title="bbox 2214 4501 3841 4566">
     <span class='ocr_line' id='line_1_82' title="bbox 2214 4501 3841 4566; baseline -0.012 -2"><span class='ocrx_word' id='word_1_514' title='bbox 2214 4513 2410 4566; x_wconf 89' lang='lat' dir='ltr'>ratore</span> <span class='ocrx_word' id='word_1_515' title='bbox 2435 4523 2544 4562; x_wconf 90' lang='lat' dir='ltr'>suo</span> <span class='ocrx_word' id='word_1_516' title='bbox 2569 4506 2907 4560; x_wconf 88' lang='lat' dir='ltr'>indecenter</span> <span class='ocrx_word' id='word_1_517' title='bbox 2927 4505 3249 4559; x_wconf 81' lang='lat' dir='ltr'>lacessitus</span> <span class='ocrx_word' id='word_1_518' title='bbox 3276 4501 3588 4565; x_wconf 89' lang='lat' dir='ltr'>conviciis,</span> <span class='ocrx_word' id='word_1_519' title='bbox 3613 4507 3752 4548; x_wconf 87' lang='lat' dir='ltr'>arma</span> <span class='ocrx_word' id='word_1_520' title='bbox 3770 4502 3841 4539; x_wconf 84' lang='lat' dir='ltr'>su-</span> 
     </span>
    </p>
   </div>
   <div class='ocr_carea' id='block_1_82' title="bbox 2217 4577 3846 4654">
    <p class='ocr_par' dir='ltr' id='par_1_82' title="bbox 2217 4577 3846 4654">
     <span class='ocr_line' id='line_1_83' title="bbox 2217 4577 3846 4654; baseline -0.017 -1"><span class='ocrx_word' id='word_1_521' title='bbox 2217 4599 2320 4654; x_wconf 92' lang='lat' dir='ltr'>mit</span> <span class='ocrx_word' id='word_1_522' title='bbox 2350 4601 2404 4653; x_wconf 91' lang='lat' dir='ltr'>et</span> <span class='ocrx_word' id='word_1_523' title='bbox 2438 4612 2571 4650; x_wconf 91' lang='lat' dir='ltr'>cum</span> <span class='ocrx_word' id='word_1_524' title='bbox 2607 4595 2889 4648; x_wconf 91' lang='lat' dir='ltr'>trecentis</span> <span class='ocrx_word' id='word_1_525' title='bbox 2919 4593 3186 4648; x_wconf 89' lang='lat' dir='ltr'>loricatis</span> <span class='ocrx_word' id='word_1_526' title='bbox 3237 4591 3530 4646; x_wconf 87' lang='lat' dir='ltr'>militibus</span> <span class='ocrx_word' id='word_1_527' title='bbox 3578 4577 3846 4641; x_wconf 87' lang='lat' dir='ltr'>temeraria</span> 
     </span>
    </p>
   </div>
   <div class='ocr_carea' id='block_1_83' title="bbox 2221 4671 3845 4754">
    <p class='ocr_par' dir='ltr' id='par_1_83' title="bbox 2221 4671 3845 4754">
     <span class='ocr_line' id='line_1_84' title="bbox 2221 4671 3845 4754; baseline -0.015 -11"><span class='ocrx_word' id='word_1_528' title='bbox 2221 4691 2416 4743; x_wconf 90' lang='lat' dir='ltr'>castra</span> <span class='ocrx_word' id='word_1_529' title='bbox 2445 4686 2804 4754; x_wconf 90' lang='lat' dir='ltr'>irrumpens,</span> <span class='ocrx_word' id='word_1_530' title='bbox 2853 4683 3164 4736; x_wconf 86' lang='lat' dir='ltr'>maximam</span> <span class='ocrx_word' id='word_1_531' title='bbox 3211 4697 3423 4736; x_wconf 91' lang='lat' dir='ltr'>eorum</span> <span class='ocrx_word' id='word_1_532' title='bbox 3467 4671 3845 4732; x_wconf 85' lang='lat' dir='ltr'>multitudinem</span> 
     </span>
    </p>
   </div>
   <div class='ocr_carea' id='block_1_84' title="bbox 2221 4767 3851 4849">
    <p class='ocr_par' dir='ltr' id='par_1_84' title="bbox 2221 4767 3851 4849">
     <span class='ocr_line' id='line_1_85' title="bbox 2221 4767 3851 4849; baseline -0.01 -18"><span class='ocrx_word' id='word_1_533' title='bbox 2221 4775 2436 4849; x_wconf 90' lang='lat' dir='ltr'>gladiis</span> <span class='ocrx_word' id='word_1_534' title='bbox 2485 4775 2842 4843; x_wconf 84' lang='lat' dir='ltr'>prostratam</span> <span class='ocrx_word' id='word_1_535' title='bbox 2901 4787 3042 4826; x_wconf 90' lang='lat' dir='ltr'>orco</span> <span class='ocrx_word' id='word_1_536' title='bbox 3073 4770 3433 4838; x_wconf 89' lang='lat' dir='ltr'>transmisit,</span> <span class='ocrx_word' id='word_1_537' title='bbox 3467 4767 3720 4832; x_wconf 87' lang='lat' dir='ltr'>aliosque</span> <span class='ocrx_word' id='word_1_538' title='bbox 3768 4769 3851 4826; x_wconf 74' lang='lat' dir='ltr'>per</span> 
     </span>
    </p>
   </div>
   <div class='ocr_carea' id='block_1_85' title="bbox 2222 4855 3853 4923">
    <p class='ocr_par' dir='ltr' id='par_1_85' title="bbox 2222 4855 3853 4923">
     <span class='ocr_line' id='line_1_86' title="bbox 2222 4855 3853 4923; baseline -0.015 -4"><span class='ocrx_word' id='word_1_539' title='bbox 2222 4865 2460 4920; x_wconf 89' lang='lat' dir='ltr'>diversa</span> <span class='ocrx_word' id='word_1_540' title='bbox 2477 4863 2762 4918; x_wconf 89' lang='lat' dir='ltr'>silvarum</span> <span class='ocrx_word' id='word_1_541' title='bbox 2787 4863 2972 4915; x_wconf 89' lang='lat' dir='ltr'>lustra</span> <span class='ocrx_word' id='word_1_542' title='bbox 2995 4876 3062 4915; x_wconf 91' lang='lat' dir='ltr'>se</span> <span class='ocrx_word' id='word_1_543' title='bbox 3080 4860 3450 4915; x_wconf 90' lang='lat' dir='ltr'>occultantes</span> <span class='ocrx_word' id='word_1_544' title='bbox 3475 4857 3534 4910; x_wconf 90' lang='lat' dir='ltr'>in</span> <span class='ocrx_word' id='word_1_545' title='bbox 3553 4855 3738 4923; x_wconf 81' lang='lat' dir='ltr'>fugam</span> <span class='ocrx_word' id='word_1_546' title='bbox 3755 4858 3853 4897; x_wconf 82' lang='lat' dir='ltr'>ver-</span> 
     </span>
    </p>
   </div>
   <div class='ocr_carea' id='block_1_86' title="bbox 2223 4939 3854 5010">
    <p class='ocr_par' dir='ltr' id='par_1_86' title="bbox 2223 4939 3854 5010">
     <span class='ocr_line' id='line_1_87' title="bbox 2223 4939 3854 5010; baseline -0.014 -1"><span class='ocrx_word' id='word_1_547' title='bbox 2223 4956 2308 5010; x_wconf 89' lang='lat' dir='ltr'>tit.</span> <span class='ocrx_word' id='word_1_548' title='bbox 2344 4952 2582 5009; x_wconf 85' lang='lat' dir='ltr'>Riulfus</span> <span class='ocrx_word' id='word_1_549' title='bbox 2605 4954 2799 5006; x_wconf 89' lang='lat' dir='ltr'>autem</span> <span class='ocrx_word' id='word_1_550' title='bbox 2821 4950 3283 5004; x_wconf 90' lang='lat' dir='ltr'>commilitonum</span> <span class='ocrx_word' id='word_1_551' title='bbox 3307 4947 3527 5001; x_wconf 89' lang='lat' dir='ltr'>ﬁducia</span> <span class='ocrx_word' id='word_1_552' title='bbox 3557 4939 3854 4997; x_wconf 87' lang='lat' dir='ltr'>destitutus,</span> 
     </span>
    </p>
   </div>
   <div class='ocr_carea' id='block_1_87' title="bbox 2225 5024 3856 5113">
    <p class='ocr_par' dir='ltr' id='par_1_87' title="bbox 2225 5024 3856 5113">
     <span class='ocr_line' id='line_1_88' title="bbox 2225 5024 3856 5113; baseline -0.015 -15"><span class='ocrx_word' id='word_1_553' title='bbox 2225 5044 2377 5098; x_wconf 91' lang='lat' dir='ltr'>inter</span> <span class='ocrx_word' id='word_1_554' title='bbox 2389 5040 2684 5113; x_wconf 88' lang='lat' dir='ltr'>profugos</span> <span class='ocrx_word' id='word_1_555' title='bbox 2697 5040 3059 5095; x_wconf 90' lang='lat' dir='ltr'>delitescens</span> <span class='ocrx_word' id='word_1_556' title='bbox 3077 5038 3236 5110; x_wconf 84' lang='lat' dir='ltr'>fugae</span> <span class='ocrx_word' id='word_1_557' title='bbox 3250 5035 3529 5093; x_wconf 90' lang='lat' dir='ltr'>subsidio</span> <span class='ocrx_word' id='word_1_558' title='bbox 3544 5029 3738 5088; x_wconf 84' lang='lat' dir='ltr'>evasit.</span> <span class='ocrx_word' id='word_1_559' title='bbox 3753 5024 3856 5076; x_wconf 75' lang='lat' dir='ltr'>Dux</span> 
     </span>
    </p>
   </div>
   <div class='ocr_carea' id='block_1_88' title="bbox 462 5110 3858 5206">
    <p class='ocr_par' dir='ltr' id='par_1_88' title="bbox 462 5110 3858 5206">
     <span class='ocr_line' id='line_1_89' title="bbox 462 5110 3858 5206; baseline -0.011 -24"><span class='ocrx_word' id='word_1_560' title='bbox 462 5127 632 5182; x_wconf 89' lang='lat' dir='ltr'>baret</span> <span class='ocrx_word' id='word_1_561' title='bbox 659 5131 716 5181; x_wconf 90' lang='lat' dir='ltr'>et</span> <span class='ocrx_word' id='word_1_562' title='bbox 737 5125 968 5198; x_wconf 81' lang='lat' dir='ltr'>Anglos</span> <span class='ocrx_word' id='word_1_563' title='bbox 990 5123 1150 5178; x_wconf 89' lang='lat' dir='ltr'>adire</span> <span class='ocrx_word' id='word_1_564' title='bbox 1182 5119 1580 5191; x_wconf 90' lang='lat' dir='ltr'>compelleret,</span> <span class='ocrx_word' id='word_1_565' title='bbox 1613 5113 1978 5186; x_wconf 90' lang='lat' dir='ltr'>Berengerio</span> <span class='ocrx_word' id='word_1_566' title='bbox 2009 5110 2129 5166; x_wconf 87' lang='lat' dir='ltr'>sibi</span> <span class='ocrx_word' id='word_1_567' title='bbox 2153 5119 2204 5180; x_wconf 83' lang='lat'>1)</span> <span class='ocrx_word' id='word_1_568' title='bbox 2227 5110 2746 5206; x_wconf 56' lang='lat' dir='ltr'>8,.80;p,.oﬂi&#39;gaus</span> <span class='ocrx_word' id='word_1_569' title='bbox 2770 5129 3048 5197; x_wconf 54' lang='lat' dir='ltr'>inimicis,</span> <span class='ocrx_word' id='word_1_570' title='bbox 3075 5143 3320 5183; x_wconf 59' lang='lat' dir='ltr'>suorum</span> <span class='ocrx_word' id='word_1_571' title='bbox 3340 5135 3670 5181; x_wconf 59' lang='lat' dir='ltr'>recensens</span> <span class='ocrx_word' id='word_1_572' title='bbox 3691 5125 3858 5170; x_wconf 65' lang='lat' dir='ltr'>nume.</span> 
     </span>
    </p>
   </div>
   <div class='ocr_carea' id='block_1_89' title="bbox 471 5213 1216 5270">
    <p class='ocr_par' dir='ltr' id='par_1_89' title="bbox 471 5213 1216 5270">
     <span class='ocr_line' id='line_1_90' title="bbox 471 5213 1216 5270; baseline -0.005 -1"><span class='ocrx_word' id='word_1_573' title='bbox 471 5215 791 5269; x_wconf 91' lang='lat' dir='ltr'>clementer</span> <span class='ocrx_word' id='word_1_574' title='bbox 817 5213 1216 5270; x_wconf 83' lang='lat' dir='ltr'>reconciliata.</span> 
     </span>
    </p>
   </div>
   <div class='ocr_carea' id='block_1_90' title="bbox 1121 5297 1472 5355">
    <p class='ocr_par' dir='ltr' id='par_1_90' title="bbox 1121 5297 1472 5355">
     <span class='ocr_line' id='line_1_91' title="bbox 1121 5297 1472 5355; baseline -0.011 0"><span class='ocrx_word' id='word_1_575' title='bbox 1121 5299 1374 5355; x_wconf 84' lang='lat' dir='ltr'>CAPUT</span> <span class='ocrx_word' id='word_1_576' title='bbox 1402 5297 1472 5352; x_wconf 90' lang='lat' dir='ltr'>II.</span> 
     </span>
    </p>
   </div>
   <div class='ocr_carea' id='block_1_91' title="bbox 475 5396 2139 5480">
    <p class='ocr_par' dir='ltr' id='par_1_91' title="bbox 475 5396 2139 5480">
     <span class='ocr_line' id='line_1_92' title="bbox 475 5396 2139 5480; baseline -0.007 -16"><span class='ocrx_word' id='word_1_577' title='bbox 475 5408 764 5475; x_wconf 87' lang='lat' dir='ltr'>Quomodo</span> <span class='ocrx_word' id='word_1_578' title='bbox 787 5409 1016 5480; x_wconf 82' lang='lat' dir='ltr'>quidam</span> <span class='ocrx_word' id='word_1_579' title='bbox 1038 5407 1580 5480; x_wconf 78' lang='lat' dir='ltr'>Nortlimannorum</span> <span class='ocrx_word' id='word_1_580' title='bbox 1603 5402 1747 5457; x_wconf 87' lang='lat' dir='ltr'>duce</span> <span class='ocrx_word' id='word_1_581' title='bbox 1776 5396 1984 5457; x_wconf 77' lang='lat' dir='ltr'>Riull‘o</span> <span class='ocrx_word' id='word_1_582' title='bbox 2007 5414 2139 5480; x_wconf 81' lang='lat' dir='ltr'>quo-</span> 
     </span>
    </p>
   </div>
   <div class='ocr_carea' id='block_1_92' title="bbox 543 5475 2145 5551">
    <p class='ocr_par' dir='ltr' id='par_1_92' title="bbox 543 5475 2145 5551">
     <span class='ocr_line' id='line_1_93' title="bbox 543 5475 2145 5551; baseline -0.009 -15"><span class='ocrx_word' id='word_1_583' title='bbox 543 5481 676 5536; x_wconf 90' lang='lat' dir='ltr'>dam</span> <span class='ocrx_word' id='word_1_584' title='bbox 687 5475 1230 5551; x_wconf 29' lang='lat' dir='ltr'>pefﬁdotvolentes</span> <span class='ocrx_word' id='word_1_585' title='bbox 1248 5494 1380 5551; x_wconf 12' lang='lat' dir='ltr'>eum,</span> <span class='ocrx_word' id='word_1_586' title='bbox 1397 5475 1717 5551; x_wconf 73' lang='lat' dir='ltr'>funditns_a</span> <span class='ocrx_word' id='word_1_587' title='bbox 1741 5485 1926 5551; x_wconf 71' lang='lat' dir='ltr'>regno</span> <span class='ocrx_word' id='word_1_588' title='bbox 1945 5476 2145 5524; x_wconf 83' lang='lat' dir='ltr'>extru-</span> 
     </span>
    </p>
   </div>
   <div class='ocr_carea' id='block_1_93' title="bbox 543 5545 2145 5620">
    <p class='ocr_par' dir='ltr' id='par_1_93' title="bbox 543 5545 2145 5620">
     <span class='ocr_line' id='line_1_94' title="bbox 543 5545 2145 5620; baseline -0.005 -12"><span class='ocrx_word' id='word_1_589' title='bbox 543 5545 710 5620; x_wconf 55' lang='lat' dir='ltr'>dere&#39;,</span> <span class='ocrx_word' id='word_1_590' title='bbox 740 5550 873 5606; x_wconf 90' lang='lat' dir='ltr'>dum</span> <span class='ocrx_word' id='word_1_591' title='bbox 905 5549 1252 5604; x_wconf 82' lang='lat' dir='ltr'>obsiderent</span> <span class='ocrx_word' id='word_1_592' title='bbox 1285 5547 1625 5620; x_wconf 84' lang='lat' dir='ltr'>suburbana</span> <span class='ocrx_word' id='word_1_593' title='bbox 1650 5545 2145 5620; x_wconf 67' lang='lat' dir='ltr'>Rotbomngensls</span> 
     </span>
    </p>
   </div>
   <div class='ocr_carea' id='block_1_94' title="bbox 547 5614 2145 5693">
    <p class='ocr_par' dir='ltr' id='par_1_94' title="bbox 547 5614 2145 5693">
     <span class='ocr_line' id='line_1_95' title="bbox 547 5614 2145 5693; baseline -0.008 -14"><span class='ocrx_word' id='word_1_594' title='bbox 547 5614 736 5692; x_wconf 82' lang='lat' dir='ltr'>urbis,</span> <span class='ocrx_word' id='word_1_595' title='bbox 761 5621 835 5678; x_wconf 88' lang='lat' dir='ltr'>ab</span> <span class='ocrx_word' id='word_1_596' title='bbox 857 5636 925 5678; x_wconf 90' lang='lat' dir='ltr'>eo</span> <span class='ocrx_word' id='word_1_597' title='bbox 945 5636 1072 5675; x_wconf 89' lang='lat' dir='ltr'>cum</span> <span class='ocrx_word' id='word_1_598' title='bbox 1087 5636 1276 5693; x_wconf 83' lang='lat' dir='ltr'>parva</span> <span class='ocrx_word' id='word_1_599' title='bbox 1298 5636 1471 5693; x_wconf 72' lang='lat' dir='ltr'>manu</span> <span class='ocrx_word' id='word_1_600' title='bbox 1490 5619 1740 5693; x_wconf 77' lang='lat' dir='ltr'>militum</span> <span class='ocrx_word' id='word_1_601' title='bbox 1761 5625 1898 5693; x_wconf 63' lang='lat' dir='ltr'>sunt</span> <span class='ocrx_word' id='word_1_602' title='bbox 1919 5614 1993 5667; x_wconf 89' lang='lat' dir='ltr'>de</span> <span class='ocrx_word' id='word_1_603' title='bbox 2006 5614 2145 5693; x_wconf 74' lang='lat' dir='ltr'>victi</span> 
     </span>
    </p>
   </div>
   <div class='ocr_carea' id='block_1_95' title="bbox 543 5685 2142 5768">
    <p class='ocr_par' dir='ltr' id='par_1_95' title="bbox 543 5685 2142 5768">
     <span class='ocr_line' id='line_1_96' title="bbox 543 5685 2142 5768; baseline -0.006 -18"><span class='ocrx_word' id='word_1_604' title='bbox 543 5696 607 5750; x_wconf 88' lang='lat' dir='ltr'>in</span> <span class='ocrx_word' id='word_1_605' title='bbox 624 5685 1167 5768; x_wconf 64' lang='lat' dir='ltr'>locoquiliacten&#39;us</span> <span class='ocrx_word' id='word_1_606' title='bbox 1187 5692 1410 5768; x_wconf 77' lang='lat' dir='ltr'>dicitur</span> <span class='ocrx_word' id='word_1_607' title='bbox 1424 5692 1671 5768; x_wconf 83' lang='lat' dir='ltr'>Pratum</span> <span class='ocrx_word' id='word_1_608' title='bbox 1693 5691 1862 5768; x_wconf 74' lang='lat' dir='ltr'>belli;</span> <span class='ocrx_word' id='word_1_609' title='bbox 1891 5685 2142 5768; x_wconf 40' lang='lat' dir='ltr'>ethquod,</span> 
     </span>
    </p>
   </div>
   <div class='ocr_carea' id='block_1_96' title="bbox 545 5759 2144 5837">
    <p class='ocr_par' dir='ltr' id='par_1_96' title="bbox 545 5759 2144 5837">
     <span class='ocr_line' id='line_1_97' title="bbox 545 5759 2144 5837; baseline -0.008 -11"><span class='ocrx_word' id='word_1_610' title='bbox 545 5768 679 5826; x_wconf 85' lang='lat' dir='ltr'>dum</span> <span class='ocrx_word' id='word_1_611' title='bbox 693 5783 725 5825; x_wconf 84' lang='lat' dir='ltr'>a</span> <span class='ocrx_word' id='word_1_612' title='bbox 744 5759 904 5826; x_wconf 69' lang='lat' dir='ltr'>bello</span> <span class='ocrx_word' id='word_1_613' title='bbox 919 5764 1111 5822; x_wconf 83' lang='lat' dir='ltr'>victor</span> <span class='ocrx_word' id='word_1_614' title='bbox 1124 5763 1382 5835; x_wconf 80' lang='lat' dir='ltr'>rediret,</span> <span class='ocrx_word' id='word_1_615' title='bbox 1399 5763 1674 5837; x_wconf 85' lang='lat' dir='ltr'>cognovit</span> <span class='ocrx_word' id='word_1_616' title='bbox 1694 5763 1818 5820; x_wconf 84' lang='lat' dir='ltr'>sibi</span> <span class='ocrx_word' id='word_1_617' title='bbox 1830 5778 1909 5821; x_wconf 85' lang='lat' dir='ltr'>ex</span> <span class='ocrx_word' id='word_1_618' title='bbox 1926 5759 2144 5834; x_wconf 72' lang='lat' dir='ltr'>Spreta</span> 
     </span>
    </p>
   </div>
   <div class='ocr_carea' id='block_1_97' title="bbox 2228 5207 3860 5292">
    <p class='ocr_par' dir='ltr' id='par_1_97' title="bbox 2228 5207 3860 5292">
     <span class='ocr_line' id='line_1_98' title="bbox 2228 5207 3860 5292; baseline -0.013 -14"><span class='ocrx_word' id='word_1_619' title='bbox 2228 5239 2378 5292; x_wconf 86' lang='lat' dir='ltr'>rum,</span> <span class='ocrx_word' id='word_1_620' title='bbox 2413 5220 2631 5291; x_wconf 89' lang='lat' dir='ltr'>reperit</span> <span class='ocrx_word' id='word_1_621' title='bbox 2661 5235 2732 5274; x_wconf 87' lang='lat' dir='ltr'>ex</span> <span class='ocrx_word' id='word_1_622' title='bbox 2763 5219 2850 5273; x_wconf 91' lang='lat' dir='ltr'>eis</span> <span class='ocrx_word' id='word_1_623' title='bbox 2882 5217 3182 5272; x_wconf 90' lang='lat' dir='ltr'>interiisse</span> <span class='ocrx_word' id='word_1_624' title='bbox 3206 5215 3453 5270; x_wconf 92' lang='lat' dir='ltr'>nullum.</span> <span class='ocrx_word' id='word_1_625' title='bbox 3480 5214 3672 5266; x_wconf 88' lang='lat' dir='ltr'>Locus</span> <span class='ocrx_word' id='word_1_626' title='bbox 3695 5207 3746 5258; x_wconf 91' lang='lat' dir='ltr'>in</span> <span class='ocrx_word' id='word_1_627' title='bbox 3769 5211 3860 5270; x_wconf 82' lang='lat' dir='ltr'>quo</span> 
     </span>
    </p>
   </div>
   <div class='ocr_carea' id='block_1_98' title="bbox 2231 5300 3863 5373">
    <p class='ocr_par' dir='ltr' id='par_1_98' title="bbox 2231 5300 3863 5373">
     <span class='ocr_line' id='line_1_99' title="bbox 2231 5300 3863 5373; baseline -0.013 -7"><span class='ocrx_word' id='word_1_628' title='bbox 2231 5311 2342 5368; x_wconf 89' lang='lat' dir='ltr'>fuit</span> <span class='ocrx_word' id='word_1_629' title='bbox 2371 5311 2468 5364; x_wconf 93' lang='lat' dir='ltr'>hic</span> <span class='ocrx_word' id='word_1_630' title='bbox 2500 5307 2830 5373; x_wconf 82' lang='lat' dir='ltr'>conﬂictus,</span> <span class='ocrx_word' id='word_1_631' title='bbox 2865 5307 3153 5361; x_wconf 87' lang='lat' dir='ltr'>hactenus</span> <span class='ocrx_word' id='word_1_632' title='bbox 3178 5300 3577 5359; x_wconf 84' lang='lat' dir='ltr'>Pratum-belli</span> <span class='ocrx_word' id='word_1_633' title='bbox 3609 5301 3863 5358; x_wconf 64' lang='lat' dir='ltr'>nuncupar</span> 
     </span>
    </p>
   </div>
   <div class='ocr_carea' id='block_1_99' title="bbox 2231 5383 3864 5471">
    <p class='ocr_par' dir='ltr' id='par_1_99' title="bbox 2231 5383 3864 5471">
     <span class='ocr_line' id='line_1_100' title="bbox 2231 5383 3864 5471; baseline -0.013 -16"><span class='ocrx_word' id='word_1_634' title='bbox 2231 5406 2344 5456; x_wconf 90' lang='lat' dir='ltr'>tur.</span> <span class='ocrx_word' id='word_1_635' title='bbox 2368 5401 2673 5471; x_wconf 82' lang='lat' dir='ltr'>Regresso</span> <span class='ocrx_word' id='word_1_636' title='bbox 2693 5412 2762 5452; x_wconf 92' lang='lat' dir='ltr'>eo</span> <span class='ocrx_word' id='word_1_637' title='bbox 2781 5397 2962 5469; x_wconf 87' lang='lat' dir='ltr'>igitur</span> <span class='ocrx_word' id='word_1_638' title='bbox 2979 5396 3051 5450; x_wconf 91' lang='lat' dir='ltr'>de</span> <span class='ocrx_word' id='word_1_639' title='bbox 3067 5394 3293 5466; x_wconf 74' lang='lat' dir='ltr'>praelio,</span> <span class='ocrx_word' id='word_1_640' title='bbox 3309 5409 3341 5446; x_wconf 89' lang='lat' dir='ltr'>a</span> <span class='ocrx_word' id='word_1_641' title='bbox 3357 5391 3641 5461; x_wconf 83' lang='lat' dir='ltr'>praefecto</span> <span class='ocrx_word' id='word_1_642' title='bbox 3662 5383 3864 5471; x_wconf 76' lang='lat' dir='ltr'>Fiscan-</span> 
     </span>
    </p>
   </div>
   <div class='ocr_carea' id='block_1_100' title="bbox 2233 5467 3865 5558">
    <p class='ocr_par' dir='ltr' id='par_1_100' title="bbox 2233 5467 3865 5558">
     <span class='ocr_line' id='line_1_101' title="bbox 2233 5467 3865 5558; baseline -0.011 -13"><span class='ocrx_word' id='word_1_643' title='bbox 2233 5489 2440 5545; x_wconf 91' lang='lat' dir='ltr'>nensis</span> <span class='ocrx_word' id='word_1_644' title='bbox 2461 5487 2642 5543; x_wconf 88' lang='lat' dir='ltr'>castri</span> <span class='ocrx_word' id='word_1_645' title='bbox 2676 5467 2909 5558; x_wconf 84' lang='lat' dir='ltr'>legatus</span> <span class='ocrx_word' id='word_1_646' title='bbox 2939 5485 3234 5557; x_wconf 86' lang='lat' dir='ltr'>dirigitur,</span> <span class='ocrx_word' id='word_1_647' title='bbox 3256 5481 3535 5537; x_wconf 82' lang='lat' dir='ltr'>deferens</span> <span class='ocrx_word' id='word_1_648' title='bbox 3555 5491 3628 5530; x_wconf 78' lang='lat' dir='ltr'>ex</span> <span class='ocrx_word' id='word_1_649' title='bbox 3651 5467 3865 5542; x_wconf 73' lang='lat' dir='ltr'>quadam</span> 
     </span>
    </p>
   </div>
   <div class='ocr_carea' id='block_1_101' title="bbox 2234 5555 3868 5646">
    <p class='ocr_par' dir='ltr' id='par_1_101' title="bbox 2234 5555 3868 5646">
     <span class='ocr_line' id='line_1_102' title="bbox 2234 5555 3868 5646; baseline -0.017 -12"><span class='ocrx_word' id='word_1_650' title='bbox 2234 5578 2606 5634; x_wconf 90' lang='lat' dir='ltr'>nobilissima</span> <span class='ocrx_word' id='word_1_651' title='bbox 2635 5576 2828 5646; x_wconf 90' lang='lat' dir='ltr'>puella</span> <span class='ocrx_word' id='word_1_652' title='bbox 2857 5555 3079 5630; x_wconf 86' lang='lat' dir='ltr'>Danico</span> <span class='ocrx_word' id='word_1_653' title='bbox 3102 5588 3264 5628; x_wconf 90' lang='lat' dir='ltr'>more</span> <span class='ocrx_word' id='word_1_654' title='bbox 3282 5571 3396 5625; x_wconf 91' lang='lat' dir='ltr'>sibi</span> <span class='ocrx_word' id='word_1_655' title='bbox 3415 5569 3642 5639; x_wconf 81' lang='lat' dir='ltr'>juncta,</span> <span class='ocrx_word' id='word_1_656' title='bbox 3667 5555 3868 5614; x_wconf 82' lang='lat' dir='ltr'>nomine</span> 
     </span>
    </p>
   </div>
   <div class='ocr_carea' id='block_1_102' title="bbox 2235 5647 3870 5738">
    <p class='ocr_par' dir='ltr' id='par_1_102' title="bbox 2235 5647 3870 5738">
     <span class='ocr_line' id='line_1_103' title="bbox 2235 5647 3870 5738; baseline -0.012 -15"><span class='ocrx_word' id='word_1_657' title='bbox 2235 5668 2465 5738; x_wconf 87' lang='lat' dir='ltr'>Spreta,</span> <span class='ocrx_word' id='word_1_658' title='bbox 2489 5666 2674 5721; x_wconf 89' lang='lat' dir='ltr'>ﬁlium</span> <span class='ocrx_word' id='word_1_659' title='bbox 2699 5679 2838 5720; x_wconf 92' lang='lat' dir='ltr'>esse</span> <span class='ocrx_word' id='word_1_660' title='bbox 2863 5667 3083 5719; x_wconf 89' lang='lat' dir='ltr'>natum.</span> <span class='ocrx_word' id='word_1_661' title='bbox 3108 5662 3219 5728; x_wconf 88' lang='lat' dir='ltr'>Qui</span> <span class='ocrx_word' id='word_1_662' title='bbox 3243 5661 3415 5716; x_wconf 62' lang='lat' dir='ltr'>latus</span> <span class='ocrx_word' id='word_1_663' title='bbox 3439 5655 3610 5710; x_wconf 89' lang='lat' dir='ltr'>valde</span> <span class='ocrx_word' id='word_1_664' title='bbox 3634 5647 3870 5738; x_wconf 57' lang='lat' dir='ltr'>allectus,</span> 
     </span>
    </p>
   </div>
   <div class='ocr_carea' id='block_1_103' title="bbox 2238 5731 3870 5828">
    <p class='ocr_par' dir='ltr' id='par_1_103' title="bbox 2238 5731 3870 5828">
     <span class='ocr_line' id='line_1_104' title="bbox 2238 5731 3870 5828; baseline -0.018 -11"><span class='ocrx_word' id='word_1_665' title='bbox 2238 5731 2351 5815; x_wconf 74' lang='lat' dir='ltr'>sub</span> <span class='ocrx_word' id='word_1_666' title='bbox 2383 5731 2757 5816; x_wconf 81' lang='lat' dir='ltr'>festinatione</span> <span class='ocrx_word' id='word_1_667' title='bbox 2801 5753 3057 5828; x_wconf 86' lang='lat' dir='ltr'>Bajocas</span> <span class='ocrx_word' id='word_1_668' title='bbox 3103 5751 3268 5810; x_wconf 90' lang='lat' dir='ltr'>illum</span> <span class='ocrx_word' id='word_1_669' title='bbox 3313 5748 3599 5821; x_wconf 88' lang='lat' dir='ltr'>episcopo</span> <span class='ocrx_word' id='word_1_670' title='bbox 3647 5731 3870 5794; x_wconf 87' lang='lat' dir='ltr'>Henrico</span> 
     </span>
    </p>
   </div>
  </div>
