  <div class='ocr_page' id='page_1' title='image "/cluster/home/n/w/nwhite01/storage/ocr_20150623/149/hvd.32044054760079/409.png"; bbox 0 0 3956 6176; ppageno 0'>
   <div class='ocr_carea' id='block_1_1' title="bbox 409 279 528 346">
    <p class='ocr_par' dir='ltr' id='par_1_1' title="bbox 409 279 528 346">
     <span class='ocr_line' id='line_1_1' title="bbox 409 279 528 346; baseline -0.017 0"><span class='ocrx_word' id='word_1_1' title='bbox 409 279 528 346; x_wconf 83' lang='lat'><strong>807</strong></span> 
     </span>
    </p>
   </div>
   <div class='ocr_carea' id='block_1_2' title="bbox 1033 477 1442 534">
    <p class='ocr_par' dir='ltr' id='par_1_2' title="bbox 1033 477 1442 534">
     <span class='ocr_line' id='line_1_2' title="bbox 1033 477 1442 534; baseline -0.002 -1"><span class='ocrx_word' id='word_1_2' title='bbox 1033 477 1286 534; x_wconf 87' lang='lat' dir='ltr'><strong>CAPUT</strong></span> <span class='ocrx_word' id='word_1_3' title='bbox 1317 477 1442 532; x_wconf 91' lang='lat' dir='ltr'><strong>VII.</strong></span> 
     </span>
    </p>
   </div>
   <div class='ocr_carea' id='block_1_3' title="bbox 414 566 2066 638">
    <p class='ocr_par' dir='ltr' id='par_1_3' title="bbox 414 566 2066 638">
     <span class='ocr_line' id='line_1_3' title="bbox 414 566 2066 638; baseline -0.002 -14"><span class='ocrx_word' id='word_1_4' title='bbox 414 569 537 638; x_wconf 86' lang='lat' dir='ltr'><strong>Qua</strong></span> <span class='ocrx_word' id='word_1_5' title='bbox 577 569 882 625; x_wconf 83' lang='lat' dir='ltr'><strong>occasione</strong></span> <span class='ocrx_word' id='word_1_6' title='bbox 909 568 1032 622; x_wconf 77' lang='lat' dir='ltr'><strong>dux</strong></span> <span class='ocrx_word' id='word_1_7' title='bbox 1079 566 1412 621; x_wconf 86' lang='lat' dir='ltr'><strong>Willelmus</strong></span> <span class='ocrx_word' id='word_1_8' title='bbox 1456 566 1826 621; x_wconf 78' lang='lat' dir='ltr'><strong>restauravit</strong></span> <span class='ocrx_word' id='word_1_9' title='bbox 1873 581 2066 622; x_wconf 73' lang='lat' dir='ltr'><strong>caeno-</strong></span> 
     </span>
    </p>
   </div>
   <div class='ocr_carea' id='block_1_4' title="bbox 446 638 2042 710">
    <p class='ocr_par' dir='ltr' id='par_1_4' title="bbox 446 638 2042 710">
     <span class='ocr_line' id='line_1_4' title="bbox 446 638 2042 710; baseline -0.004 -13"><span class='ocrx_word' id='word_1_10' title='bbox 446 642 606 697; x_wconf 83' lang='lat' dir='ltr'><strong>bium</strong></span> <span class='ocrx_word' id='word_1_11' title='bbox 637 640 1130 709; x_wconf 79' lang='lat' dir='ltr'><strong>Gemmeticense,</strong></span> <span class='ocrx_word' id='word_1_12' title='bbox 1167 655 1197 692; x_wconf 91' lang='lat' dir='ltr'><strong>a</strong></span> <span class='ocrx_word' id='word_1_13' title='bbox 1211 639 1461 710; x_wconf 80' lang='lat' dir='ltr'><strong>paganis</strong></span> <span class='ocrx_word' id='word_1_14' title='bbox 1481 643 1654 692; x_wconf 82' lang='lat' dir='ltr'><strong>antea</strong></span> <span class='ocrx_word' id='word_1_15' title='bbox 1670 638 2042 692; x_wconf 79' lang='lat' dir='ltr'><strong>destructum</strong></span> 
     </span>
    </p>
   </div>
   <div class='ocr_carea' id='block_1_5' title="bbox 483 745 2082 816">
    <p class='ocr_par' dir='ltr' id='par_1_5' title="bbox 483 745 2082 816">
     <span class='ocr_line' id='line_1_5' title="bbox 483 745 2082 816; baseline -0.003 -13"><span class='ocrx_word' id='word_1_16' title='bbox 483 747 606 803; x_wconf 88' lang='lat' dir='ltr'><strong>Sub</strong></span> <span class='ocrx_word' id='word_1_17' title='bbox 637 748 843 802; x_wconf 91' lang='lat' dir='ltr'><strong>eodem</strong></span> <span class='ocrx_word' id='word_1_18' title='bbox 879 751 1162 816; x_wconf 88' lang='lat' dir='ltr'><strong>tempore,</strong></span> <span class='ocrx_word' id='word_1_19' title='bbox 1187 747 1337 800; x_wconf 91' lang='lat' dir='ltr'><strong>duos</strong></span> <span class='ocrx_word' id='word_1_20' title='bbox 1368 761 1400 798; x_wconf 91' lang='lat' dir='ltr'><strong>a</strong></span> <span class='ocrx_word' id='word_1_21' title='bbox 1433 745 1883 800; x_wconf 87' lang='lat' dir='ltr'><strong>Camberacensi</strong></span> <span class='ocrx_word' id='word_1_22' title='bbox 1912 746 2082 799; x_wconf 88' lang='lat' dir='ltr'><strong>terri-</strong></span> 
     </span>
    </p>
   </div>
   <div class='ocr_carea' id='block_1_6' title="bbox 413 834 2080 908">
    <p class='ocr_par' dir='ltr' id='par_1_6' title="bbox 413 834 2080 908">
     <span class='ocr_line' id='line_1_6' title="bbox 413 834 2080 908; baseline -0.003 -15"><span class='ocrx_word' id='word_1_23' title='bbox 413 839 584 906; x_wconf 90' lang='lat' dir='ltr'><strong>torio,</strong></span> <span class='ocrx_word' id='word_1_24' title='bbox 643 852 719 891; x_wconf 84' lang='lat' dir='ltr'><strong>ex</strong></span> <span class='ocrx_word' id='word_1_25' title='bbox 775 836 912 890; x_wconf 89' lang='lat' dir='ltr'><strong>villa</strong></span> <span class='ocrx_word' id='word_1_26' title='bbox 966 852 1099 908; x_wconf 87' lang='lat' dir='ltr'><strong>quae</strong></span> <span class='ocrx_word' id='word_1_27' title='bbox 1137 836 1404 905; x_wconf 88' lang='lat' dir='ltr'><strong>Hespera</strong></span> <span class='ocrx_word' id='word_1_28' title='bbox 1436 837 1699 901; x_wconf 78' lang='lat' dir='ltr'><strong>vocatur,</strong></span> <span class='ocrx_word' id='word_1_29' title='bbox 1735 834 2080 902; x_wconf 84' lang='lat' dir='ltr'><strong>monachos,</strong></span> 
     </span>
    </p>
   </div>
   <div class='ocr_carea' id='block_1_7' title="bbox 413 924 2085 995">
    <p class='ocr_par' dir='ltr' id='par_1_7' title="bbox 413 924 2085 995">
     <span class='ocr_line' id='line_1_7' title="bbox 413 924 2085 995; baseline -0.002 -15"><span class='ocrx_word' id='word_1_30' title='bbox 413 926 766 982; x_wconf 90' lang='lat' dir='ltr'><strong>Balduinum</strong></span> <span class='ocrx_word' id='word_1_31' title='bbox 778 925 1052 980; x_wconf 90' lang='lat' dir='ltr'><strong>videlicet</strong></span> <span class='ocrx_word' id='word_1_32' title='bbox 1075 929 1245 995; x_wconf 91' lang='lat' dir='ltr'><strong>atque</strong></span> <span class='ocrx_word' id='word_1_33' title='bbox 1258 924 1634 978; x_wconf 88' lang='lat' dir='ltr'><strong>Gunduinum</strong></span> <span class='ocrx_word' id='word_1_34' title='bbox 1653 924 1898 995; x_wconf 82' lang='lat' dir='ltr'><strong>contigit</strong></span> <span class='ocrx_word' id='word_1_35' title='bbox 1915 924 2085 977; x_wconf 84' lang='lat' dir='ltr'><strong>Gem-</strong></span> 
     </span>
    </p>
   </div>
   <div class='ocr_carea' id='block_1_8' title="bbox 414 1012 2081 1086">
    <p class='ocr_par' dir='ltr' id='par_1_8' title="bbox 414 1012 2081 1086">
     <span class='ocr_line' id='line_1_8' title="bbox 414 1012 2081 1086; baseline -0.002 -15"><span class='ocrx_word' id='word_1_36' title='bbox 414 1017 688 1072; x_wconf 89' lang='lat' dir='ltr'><strong>meticum</strong></span> <span class='ocrx_word' id='word_1_37' title='bbox 704 1018 990 1086; x_wconf 81' lang='lat' dir='ltr'><strong>repetere.</strong></span> <span class='ocrx_word' id='word_1_38' title='bbox 1016 1013 1124 1078; x_wconf 92' lang='lat' dir='ltr'><strong>Qui</strong></span> <span class='ocrx_word' id='word_1_39' title='bbox 1140 1017 1364 1067; x_wconf 88' lang='lat' dir='ltr'><strong>vastam</strong></span> <span class='ocrx_word' id='word_1_40' title='bbox 1389 1014 1780 1068; x_wconf 89' lang='lat' dir='ltr'><strong>locieremum</strong></span> <span class='ocrx_word' id='word_1_41' title='bbox 1798 1012 2081 1086; x_wconf 87' lang='lat' dir='ltr'><strong>ingressi,</strong></span> 
     </span>
    </p>
   </div>
   <div class='ocr_carea' id='block_1_9' title="bbox 415 1104 2087 1173">
    <p class='ocr_par' dir='ltr' id='par_1_9' title="bbox 415 1104 2087 1173">
     <span class='ocr_line' id='line_1_9' title="bbox 415 1104 2087 1173; baseline -0.003 -12"><span class='ocrx_word' id='word_1_42' title='bbox 415 1121 549 1161; x_wconf 89' lang='lat' dir='ltr'><strong>cum</strong></span> <span class='ocrx_word' id='word_1_43' title='bbox 581 1105 832 1159; x_wconf 90' lang='lat' dir='ltr'><strong>maixmo</strong></span> <span class='ocrx_word' id='word_1_44' title='bbox 874 1104 1073 1157; x_wconf 91' lang='lat' dir='ltr'><strong>labore</strong></span> <span class='ocrx_word' id='word_1_45' title='bbox 1101 1109 1339 1171; x_wconf 89' lang='lat' dir='ltr'><strong>terram,</strong></span> <span class='ocrx_word' id='word_1_46' title='bbox 1375 1106 1549 1172; x_wconf 83' lang='lat' dir='ltr'><strong>prout</strong></span> <span class='ocrx_word' id='word_1_47' title='bbox 1585 1118 1766 1173; x_wconf 86' lang='lat' dir='ltr'><strong>posse</strong></span> <span class='ocrx_word' id='word_1_48' title='bbox 1801 1106 1944 1171; x_wconf 90' lang='lat' dir='ltr'><strong>erat,</strong></span> <span class='ocrx_word' id='word_1_49' title='bbox 1978 1119 2087 1157; x_wconf 85' lang='lat' dir='ltr'><strong>ex-</strong></span> 
     </span>
    </p>
   </div>
   <div class='ocr_carea' id='block_1_10' title="bbox 413 1192 2090 1266">
    <p class='ocr_par' dir='ltr' id='par_1_10' title="bbox 413 1192 2090 1266">
     <span class='ocr_line' id='line_1_10' title="bbox 413 1192 2090 1266; baseline -0.002 -16"><span class='ocrx_word' id='word_1_50' title='bbox 413 1194 677 1266; x_wconf 88' lang='lat' dir='ltr'><strong>stirpatis</strong></span> <span class='ocrx_word' id='word_1_51' title='bbox 691 1193 1339 1262; x_wconf 78' lang='lat' dir='ltr'><strong>arboribus,cceperunt</strong></span> <span class='ocrx_word' id='word_1_52' title='bbox 1352 1192 1744 1262; x_wconf 88' lang='lat' dir='ltr'><strong>complanare,</strong></span> <span class='ocrx_word' id='word_1_53' title='bbox 1761 1208 1828 1246; x_wconf 89' lang='lat' dir='ltr'><strong>ac</strong></span> <span class='ocrx_word' id='word_1_54' title='bbox 1847 1208 2090 1246; x_wconf 89' lang='lat' dir='ltr'><strong>suarum</strong></span> 
     </span>
    </p>
   </div>
   <div class='ocr_carea' id='block_1_11' title="bbox 411 1281 2090 1343">
    <p class='ocr_par' dir='ltr' id='par_1_11' title="bbox 411 1281 2090 1343">
     <span class='ocr_line' id='line_1_11' title="bbox 411 1281 2090 1343; baseline -0.004 -2"><span class='ocrx_word' id='word_1_55' title='bbox 411 1284 719 1343; x_wconf 81' lang='lat' dir='ltr'><strong>laboribus</strong></span> <span class='ocrx_word' id='word_1_56' title='bbox 749 1299 1026 1336; x_wconf 88' lang='lat' dir='ltr'><strong>manuum</strong></span> <span class='ocrx_word' id='word_1_57' title='bbox 1046 1282 1188 1336; x_wconf 90' lang='lat' dir='ltr'><strong>inibi</strong></span> <span class='ocrx_word' id='word_1_58' title='bbox 1222 1281 1521 1336; x_wconf 81' lang='lat' dir='ltr'><strong>insudare.</strong></span> <span class='ocrx_word' id='word_1_59' title='bbox 1547 1281 1677 1335; x_wconf 84' lang='lat' dir='ltr'><strong>Dux</strong></span> <span class='ocrx_word' id='word_1_60' title='bbox 1707 1297 1850 1337; x_wconf 92' lang='lat' dir='ltr'><strong>vero</strong></span> <span class='ocrx_word' id='word_1_61' title='bbox 1884 1281 2090 1336; x_wconf 88' lang='lat' dir='ltr'><strong>Wilel-</strong></span> 
     </span>
    </p>
   </div>
   <div class='ocr_carea' id='block_1_12' title="bbox 412 1370 2090 1443">
    <p class='ocr_par' dir='ltr' id='par_1_12' title="bbox 412 1370 2090 1443">
     <span class='ocr_line' id='line_1_12' title="bbox 412 1370 2090 1443; baseline -0.002 -15"><span class='ocrx_word' id='word_1_62' title='bbox 412 1389 566 1442; x_wconf 88' lang='lat' dir='ltr'><strong>mus,</strong></span> <span class='ocrx_word' id='word_1_63' title='bbox 626 1373 763 1427; x_wconf 90' lang='lat' dir='ltr'><strong>dum</strong></span> <span class='ocrx_word' id='word_1_64' title='bbox 813 1373 1078 1440; x_wconf 57' lang='lat' dir='ltr'><strong>venatus:</strong></span> <span class='ocrx_word' id='word_1_65' title='bbox 1117 1372 1305 1443; x_wconf 87' lang='lat' dir='ltr'><strong>gratia</strong></span> <span class='ocrx_word' id='word_1_66' title='bbox 1346 1371 1776 1441; x_wconf 85' lang='lat' dir='ltr'><strong>superveniens</strong></span> <span class='ocrx_word' id='word_1_67' title='bbox 1824 1370 1941 1425; x_wconf 91' lang='lat' dir='ltr'><strong>illic</strong></span> <span class='ocrx_word' id='word_1_68' title='bbox 1986 1385 2090 1424; x_wconf 89' lang='lat' dir='ltr'><strong>eos</strong></span> 
     </span>
    </p>
   </div>
   <div class='ocr_carea' id='block_1_13' title="bbox 411 1459 2091 1532">
    <p class='ocr_par' dir='ltr' id='par_1_13' title="bbox 411 1459 2091 1532">
     <span class='ocr_line' id='line_1_13' title="bbox 411 1459 2091 1532; baseline -0.003 -14"><span class='ocrx_word' id='word_1_69' title='bbox 411 1463 756 1532; x_wconf 90' lang='lat' dir='ltr'><strong>reperisset,</strong></span> <span class='ocrx_word' id='word_1_70' title='bbox 784 1461 1152 1531; x_wconf 81' lang='lat' dir='ltr'><strong>percunctari</strong></span> <span class='ocrx_word' id='word_1_71' title='bbox 1185 1461 1362 1531; x_wconf 84' lang='lat' dir='ltr'><strong>coepit</strong></span> <span class='ocrx_word' id='word_1_72' title='bbox 1399 1460 1472 1514; x_wconf 88' lang='lat' dir='ltr'><strong>ab</strong></span> <span class='ocrx_word' id='word_1_73' title='bbox 1504 1460 1592 1514; x_wconf 91' lang='lat' dir='ltr'><strong>eis</strong></span> <span class='ocrx_word' id='word_1_74' title='bbox 1625 1460 1841 1531; x_wconf 88' lang='lat' dir='ltr'><strong>quibus</strong></span> <span class='ocrx_word' id='word_1_75' title='bbox 1863 1460 1936 1512; x_wconf 87' lang='lat' dir='ltr'><strong>ab</strong></span> <span class='ocrx_word' id='word_1_76' title='bbox 1969 1459 2091 1513; x_wconf 87' lang='lat' dir='ltr'><strong>oris</strong></span> 
     </span>
    </p>
   </div>
   <div class='ocr_carea' id='block_1_14' title="bbox 412 1549 2094 1621">
    <p class='ocr_par' dir='ltr' id='par_1_14' title="bbox 412 1549 2094 1621">
     <span class='ocr_line' id='line_1_14' title="bbox 412 1549 2094 1621; baseline -0.003 -14"><span class='ocrx_word' id='word_1_77' title='bbox 412 1551 554 1608; x_wconf 89' lang='lat' dir='ltr'><strong>illuc</strong></span> <span class='ocrx_word' id='word_1_78' title='bbox 584 1550 988 1619; x_wconf 78' lang='lat' dir='ltr'><strong>advenissent,</strong></span> <span class='ocrx_word' id='word_1_79' title='bbox 1039 1550 1134 1605; x_wconf 89' lang='lat' dir='ltr'><strong>vel</strong></span> <span class='ocrx_word' id='word_1_80' title='bbox 1190 1566 1323 1621; x_wconf 88' lang='lat' dir='ltr'><strong>quae</strong></span> <span class='ocrx_word' id='word_1_81' title='bbox 1363 1553 1478 1603; x_wconf 90' lang='lat' dir='ltr'><strong>tam</strong></span> <span class='ocrx_word' id='word_1_82' title='bbox 1511 1549 1810 1620; x_wconf 74' lang='lat' dir='ltr'><strong>praecipua</strong></span> <span class='ocrx_word' id='word_1_83' title='bbox 1843 1549 2094 1603; x_wconf 65' lang='lat' dir='ltr'><strong>aedificia</strong></span> 
     </span>
    </p>
   </div>
   <div class='ocr_carea' id='block_1_15' title="bbox 413 1637 2094 1708">
    <p class='ocr_par' dir='ltr' id='par_1_15' title="bbox 413 1637 2094 1708">
     <span class='ocr_line' id='line_1_15' title="bbox 413 1637 2094 1708; baseline -0.004 -11"><span class='ocrx_word' id='word_1_84' title='bbox 413 1641 630 1697; x_wconf 80' lang='lat' dir='ltr'><strong>forent.</strong></span> <span class='ocrx_word' id='word_1_85' title='bbox 679 1640 813 1696; x_wconf 85' lang='lat' dir='ltr'><strong>Mox</strong></span> <span class='ocrx_word' id='word_1_86' title='bbox 869 1640 1033 1695; x_wconf 82' lang='lat' dir='ltr'><strong>servi</strong></span> <span class='ocrx_word' id='word_1_87' title='bbox 1084 1639 1191 1693; x_wconf 86' lang='lat' dir='ltr'><strong>Dei</strong></span> <span class='ocrx_word' id='word_1_88' title='bbox 1221 1639 1438 1693; x_wconf 88' lang='lat' dir='ltr'><strong>seriem</strong></span> <span class='ocrx_word' id='word_1_89' title='bbox 1477 1637 1563 1692; x_wconf 88' lang='lat' dir='ltr'><strong>rei</strong></span> <span class='ocrx_word' id='word_1_90' title='bbox 1603 1652 1710 1708; x_wconf 89' lang='lat' dir='ltr'><strong>per</strong></span> <span class='ocrx_word' id='word_1_91' title='bbox 1744 1637 2009 1692; x_wconf 79' lang='lat' dir='ltr'><strong>ordinem</strong></span> <span class='ocrx_word' id='word_1_92' title='bbox 2040 1638 2094 1691; x_wconf 92' lang='lat' dir='ltr'><strong>ei</strong></span> 
     </span>
    </p>
   </div>
   <div class='ocr_carea' id='block_1_16' title="bbox 411 1727 2090 1799">
    <p class='ocr_par' dir='ltr' id='par_1_16' title="bbox 411 1727 2090 1799">
     <span class='ocr_line' id='line_1_16' title="bbox 411 1727 2090 1799; baseline -0.004 -12"><span class='ocrx_word' id='word_1_93' title='bbox 411 1731 780 1799; x_wconf 88' lang='lat' dir='ltr'><strong>detexerunt,</strong></span> <span class='ocrx_word' id='word_1_94' title='bbox 799 1732 856 1784; x_wconf 92' lang='lat' dir='ltr'><strong>et</strong></span> <span class='ocrx_word' id='word_1_95' title='bbox 891 1729 1232 1783; x_wconf 89' lang='lat' dir='ltr'><strong>charitatem</strong></span> <span class='ocrx_word' id='word_1_96' title='bbox 1279 1727 1448 1798; x_wconf 90' lang='lat' dir='ltr'><strong>panis</strong></span> <span class='ocrx_word' id='word_1_97' title='bbox 1488 1727 1804 1782; x_wconf 79' lang='lat' dir='ltr'><strong>hordeacei</strong></span> <span class='ocrx_word' id='word_1_98' title='bbox 1835 1729 1890 1780; x_wconf 91' lang='lat' dir='ltr'><strong>et</strong></span> <span class='ocrx_word' id='word_1_99' title='bbox 1923 1743 2090 1796; x_wconf 86' lang='lat' dir='ltr'><strong>aquae</strong></span> 
     </span>
    </p>
   </div>
   <div class='ocr_carea' id='block_1_17' title="bbox 1108 275 3168 343">
    <p class='ocr_par' dir='ltr' id='par_1_17' title="bbox 1108 275 3168 343">
     <span class='ocr_line' id='line_1_17' title="bbox 1108 275 3168 343; baseline -0 -2"><span class='ocrx_word' id='word_1_100' title='bbox 1108 277 1552 342; x_wconf 86' lang='lat' dir='ltr'><strong>WILLELMI</strong></span> <span class='ocrx_word' id='word_1_101' title='bbox 1598 276 1964 343; x_wconf 86' lang='lat' dir='ltr'><strong>CALCULI</strong></span> <span class='ocrx_word' id='word_1_102' title='bbox 2009 275 2702 342; x_wconf 86' lang='lat' dir='ltr'><strong>GEMMETICENSIS</strong></span> <span class='ocrx_word' id='word_1_103' title='bbox 2748 277 3168 342; x_wconf 88' lang='lat' dir='ltr'><strong>MONACHI.</strong></span> 
     </span>
    </p>
   </div>
   <div class='ocr_carea' id='block_1_18' title="bbox 3657 291 3744 356">
    <p class='ocr_par' dir='ltr' id='par_1_18' title="bbox 3657 291 3744 356">
     <span class='ocr_line' id='line_1_18' title="bbox 3657 291 3744 356; baseline 0 0"><span class='ocrx_word' id='word_1_104' title='bbox 3657 291 3744 356; x_wconf 84' lang='lat'><strong>808</strong></span> 
     </span>
    </p>
   </div>
   <div class='ocr_carea' id='block_1_19' title="bbox 2095 457 3754 552">
    <p class='ocr_par' dir='ltr' id='par_1_19' title="bbox 2095 457 3754 552">
     <span class='ocr_line' id='line_1_19' title="bbox 2095 457 3754 552; baseline 0.008 -25"><span class='ocrx_word' id='word_1_105' title='bbox 2095 457 2148 520; x_wconf 73' lang='grc' dir='ltr'><strong>Α</strong></span> <span class='ocrx_word' id='word_1_106' title='bbox 2186 474 2560 532; x_wconf 81' lang='lat' dir='ltr'><strong>Britannicas</strong></span> <span class='ocrx_word' id='word_1_107' title='bbox 2601 477 2902 548; x_wconf 85' lang='lat' dir='ltr'><strong>principes</strong></span> <span class='ocrx_word' id='word_1_108' title='bbox 2959 477 3190 549; x_wconf 86' lang='lat' dir='ltr'><strong>ascivit,</strong></span> <span class='ocrx_word' id='word_1_109' title='bbox 3253 479 3520 552; x_wconf 86' lang='lat' dir='ltr'><strong>animique</strong></span> <span class='ocrx_word' id='word_1_110' title='bbox 3560 484 3754 542; x_wconf 84' lang='lat' dir='ltr'><strong>suicon-</strong></span> 
     </span>
    </p>
   </div>
   <div class='ocr_carea' id='block_1_20' title="bbox 2193 566 3760 638">
    <p class='ocr_par' dir='ltr' id='par_1_20' title="bbox 2193 566 3760 638">
     <span class='ocr_line' id='line_1_20' title="bbox 2193 566 3760 638; baseline 0.008 -20"><span class='ocrx_word' id='word_1_111' title='bbox 2193 566 2410 619; x_wconf 83' lang='lat' dir='ltr'><strong>sultum</strong></span> <span class='ocrx_word' id='word_1_112' title='bbox 2433 567 2780 620; x_wconf 90' lang='lat' dir='ltr'><strong>enucleatim</strong></span> <span class='ocrx_word' id='word_1_113' title='bbox 2809 567 3028 636; x_wconf 91' lang='lat' dir='ltr'><strong>pandit.</strong></span> <span class='ocrx_word' id='word_1_114' title='bbox 3054 566 3241 638; x_wconf 84' lang='lat' dir='ltr'><strong>Cujus</strong></span> <span class='ocrx_word' id='word_1_115' title='bbox 3265 569 3448 624; x_wconf 87' lang='lat' dir='ltr'><strong>verbis</strong></span> <span class='ocrx_word' id='word_1_116' title='bbox 3465 571 3760 630; x_wconf 83' lang='lat' dir='ltr'><strong>vehementer</strong></span> 
     </span>
    </p>
   </div>
   <div class='ocr_carea' id='block_1_21' title="bbox 2191 653 3761 731">
    <p class='ocr_par' dir='ltr' id='par_1_21' title="bbox 2191 653 3761 731">
     <span class='ocr_line' id='line_1_21' title="bbox 2191 653 3761 731; baseline 0.007 -24"><span class='ocrx_word' id='word_1_117' title='bbox 2191 653 2522 724; x_wconf 85' lang='lat' dir='ltr'><strong>stupefacti,</strong></span> <span class='ocrx_word' id='word_1_118' title='bbox 2556 655 2856 710; x_wconf 81' lang='lat' dir='ltr'><strong>haerebant</strong></span> <span class='ocrx_word' id='word_1_119' title='bbox 2882 657 3021 726; x_wconf 92' lang='lat' dir='ltr'><strong>quid</strong></span> <span class='ocrx_word' id='word_1_120' title='bbox 3041 657 3465 728; x_wconf 85' lang='lat' dir='ltr'><strong>responderent,</strong></span> <span class='ocrx_word' id='word_1_121' title='bbox 3501 677 3604 731; x_wconf 66' lang='lat' dir='ltr'><strong>prae</strong></span> <span class='ocrx_word' id='word_1_122' title='bbox 3628 664 3761 720; x_wconf 90' lang='lat' dir='ltr'><strong>nimio</strong></span> 
     </span>
    </p>
   </div>
   <div class='ocr_carea' id='block_1_22' title="bbox 2193 744 3764 816">
    <p class='ocr_par' dir='ltr' id='par_1_22' title="bbox 2193 744 3764 816">
     <span class='ocr_line' id='line_1_22' title="bbox 2193 744 3764 816; baseline 0.006 -19"><span class='ocrx_word' id='word_1_123' title='bbox 2193 747 2432 812; x_wconf 90' lang='lat' dir='ltr'><strong>stupore</strong></span> <span class='ocrx_word' id='word_1_124' title='bbox 2462 744 2732 815; x_wconf 80' lang='lat' dir='ltr'><strong>elingues</strong></span> <span class='ocrx_word' id='word_1_125' title='bbox 2787 744 2997 800; x_wconf 83' lang='lat' dir='ltr'><strong>effecti.</strong></span> <span class='ocrx_word' id='word_1_126' title='bbox 3046 747 3193 800; x_wconf 90' lang='lat' dir='ltr'><strong>Nam</strong></span> <span class='ocrx_word' id='word_1_127' title='bbox 3229 748 3426 816; x_wconf 88' lang='lat' dir='ltr'><strong>spiritu</strong></span> <span class='ocrx_word' id='word_1_128' title='bbox 3469 751 3553 802; x_wconf 79' lang='lat' dir='ltr'><strong>vix</strong></span> <span class='ocrx_word' id='word_1_129' title='bbox 3586 753 3764 806; x_wconf 86' lang='lat' dir='ltr'><strong>tandem</strong></span> 
     </span>
    </p>
   </div>
   <div class='ocr_carea' id='block_1_23' title="bbox 2195 833 3766 907">
    <p class='ocr_par' dir='ltr' id='par_1_23' title="bbox 2195 833 3766 907">
     <span class='ocr_line' id='line_1_23' title="bbox 2195 833 3766 907; baseline 0.007 -23"><span class='ocrx_word' id='word_1_130' title='bbox 2195 837 2518 902; x_wconf 85' lang='lat' dir='ltr'><strong>resumpto,</strong></span> <span class='ocrx_word' id='word_1_131' title='bbox 2541 833 2599 886; x_wconf 93' lang='lat' dir='ltr'><strong>in</strong></span> <span class='ocrx_word' id='word_1_132' title='bbox 2612 833 2761 886; x_wconf 90' lang='lat' dir='ltr'><strong>hanc</strong></span> <span class='ocrx_word' id='word_1_133' title='bbox 2781 849 2984 888; x_wconf 92' lang='lat' dir='ltr'><strong>vocem</strong></span> <span class='ocrx_word' id='word_1_134' title='bbox 3008 836 3238 905; x_wconf 89' lang='lat' dir='ltr'><strong>queruli</strong></span> <span class='ocrx_word' id='word_1_135' title='bbox 3254 842 3618 907; x_wconf 87' lang='lat' dir='ltr'><strong>prorumpunt:</strong></span> <span class='ocrx_word' id='word_1_136' title='bbox 3643 864 3659 885; x_wconf 78' lang='grc' dir='ltr'>α</span> <span class='ocrx_word' id='word_1_137' title='bbox 3679 842 3766 895; x_wconf 85' lang='lat' dir='ltr'><strong>Cur</strong></span> 
     </span>
    </p>
   </div>
   <div class='ocr_carea' id='block_1_24' title="bbox 2195 923 3769 995">
    <p class='ocr_par' dir='ltr' id='par_1_24' title="bbox 2195 923 3769 995">
     <span class='ocr_line' id='line_1_24' title="bbox 2195 923 3769 995; baseline 0.006 -21"><span class='ocrx_word' id='word_1_138' title='bbox 2195 936 2326 988; x_wconf 91' lang='lat' dir='ltr'><strong>nos,</strong></span> <span class='ocrx_word' id='word_1_139' title='bbox 2351 923 2740 976; x_wconf 89' lang='lat' dir='ltr'><strong>serenissime</strong></span> <span class='ocrx_word' id='word_1_140' title='bbox 2754 923 3008 993; x_wconf 88' lang='lat' dir='ltr'><strong>domine,</strong></span> <span class='ocrx_word' id='word_1_141' title='bbox 3023 927 3139 978; x_wconf 90' lang='lat' dir='ltr'><strong>tam</strong></span> <span class='ocrx_word' id='word_1_142' title='bbox 3152 927 3441 995; x_wconf 90' lang='lat' dir='ltr'><strong>repentine</strong></span> <span class='ocrx_word' id='word_1_143' title='bbox 3457 927 3690 982; x_wconf 80' lang='lat' dir='ltr'><strong>dimittis?</strong></span> <span class='ocrx_word' id='word_1_144' title='bbox 3701 931 3769 984; x_wconf 87' lang='lat' dir='ltr'><strong>vel</strong></span> 
     </span>
    </p>
   </div>
   <div class='ocr_carea' id='block_1_25' title="bbox 2197 1009 3771 1080">
    <p class='ocr_par' dir='ltr' id='par_1_25' title="bbox 2197 1009 3771 1080">
     <span class='ocr_line' id='line_1_25' title="bbox 2197 1009 3771 1080; baseline 0.006 -18"><span class='ocrx_word' id='word_1_145' title='bbox 2197 1010 2291 1063; x_wconf 92' lang='lat' dir='ltr'><strong>cui</strong></span> <span class='ocrx_word' id='word_1_146' title='bbox 2322 1009 2643 1064; x_wconf 87' lang='lat' dir='ltr'><strong>dominium</strong></span> <span class='ocrx_word' id='word_1_147' title='bbox 2673 1011 2920 1066; x_wconf 89' lang='lat' dir='ltr'><strong>ducatus</strong></span> <span class='ocrx_word' id='word_1_148' title='bbox 2942 1013 3024 1067; x_wconf 87' lang='lat' dir='ltr'><strong>tui</strong></span> <span class='ocrx_word' id='word_1_149' title='bbox 3050 1015 3400 1067; x_wconf 83' lang='lat' dir='ltr'><strong>committis?</strong></span> <span class='ocrx_word' id='word_1_150' title='bbox 3428 1039 3446 1062; x_wconf 78' lang='grc' dir='ltr'>ιι</span> <span class='ocrx_word' id='word_1_151' title='bbox 3483 1015 3670 1080; x_wconf 90' lang='lat' dir='ltr'><strong>Quibus</strong></span> <span class='ocrx_word' id='word_1_152' title='bbox 3685 1017 3771 1072; x_wconf 79' lang='lat' dir='ltr'><strong>dux</strong></span> 
     </span>
    </p>
   </div>
   <div class='ocr_carea' id='block_1_26' title="bbox 2196 1098 3772 1170">
    <p class='ocr_par' dir='ltr' id='par_1_26' title="bbox 2196 1098 3772 1170">
     <span class='ocr_line' id='line_1_26' title="bbox 2196 1098 3772 1170; baseline 0.005 -18"><span class='ocrx_word' id='word_1_153' title='bbox 2196 1099 2299 1153; x_wconf 89' lang='lat' dir='ltr'><strong>ait:</strong></span> <span class='ocrx_word' id='word_1_154' title='bbox 2330 1119 2351 1148; x_wconf 75' lang='grc' dir='ltr'><strong><em>α</em></strong></span> <span class='ocrx_word' id='word_1_155' title='bbox 2374 1098 2480 1152; x_wconf 90' lang='lat' dir='ltr'><strong>Est</strong></span> <span class='ocrx_word' id='word_1_156' title='bbox 2500 1099 2836 1170; x_wconf 87' lang='lat' dir='ltr'><strong>mihiﬁlius,</strong></span> <span class='ocrx_word' id='word_1_157' title='bbox 2870 1102 3104 1157; x_wconf 86' lang='lat' dir='ltr'><strong>nomine</strong></span> <span class='ocrx_word' id='word_1_158' title='bbox 3137 1102 3475 1158; x_wconf 85' lang='lat' dir='ltr'><strong>Richardus.</strong></span> <span class='ocrx_word' id='word_1_159' title='bbox 3507 1104 3610 1159; x_wconf 92' lang='lat' dir='ltr'><strong>Vos</strong></span> <span class='ocrx_word' id='word_1_160' title='bbox 3627 1109 3772 1160; x_wconf 85' lang='lat' dir='ltr'><strong>autem</strong></span> 
     </span>
    </p>
   </div>
   <div class='ocr_carea' id='block_1_27' title="bbox 2196 1189 3775 1264">
    <p class='ocr_par' dir='ltr' id='par_1_27' title="bbox 2196 1189 3775 1264">
     <span class='ocr_line' id='line_1_27' title="bbox 2196 1189 3775 1264; baseline 0.004 -22"><span class='ocrx_word' id='word_1_161' title='bbox 2196 1204 2344 1260; x_wconf 90' lang='lat' dir='ltr'><strong>rogo</strong></span> <span class='ocrx_word' id='word_1_162' title='bbox 2361 1189 2500 1257; x_wconf 91' lang='lat' dir='ltr'><strong>ut,si</strong></span> <span class='ocrx_word' id='word_1_163' title='bbox 2514 1190 2745 1260; x_wconf 87' lang='lat' dir='ltr'><strong>quando</strong></span> <span class='ocrx_word' id='word_1_164' title='bbox 2759 1191 2980 1246; x_wconf 90' lang='lat' dir='ltr'><strong>amoris</strong></span> <span class='ocrx_word' id='word_1_165' title='bbox 2994 1190 3266 1246; x_wconf 69' lang='lat' dir='ltr'><strong>affectum</strong></span> <span class='ocrx_word' id='word_1_166' title='bbox 3278 1207 3415 1264; x_wconf 87' lang='lat' dir='ltr'><strong>erga</strong></span> <span class='ocrx_word' id='word_1_167' title='bbox 3433 1209 3515 1248; x_wconf 90' lang='lat' dir='ltr'><strong>me</strong></span> <span class='ocrx_word' id='word_1_168' title='bbox 3527 1193 3775 1264; x_wconf 85' lang='lat' dir='ltr'><strong>habuistis,</strong></span> 
     </span>
    </p>
   </div>
   <div class='ocr_carea' id='block_1_28' title="bbox 2195 1277 3776 1352">
    <p class='ocr_par' dir='ltr' id='par_1_28' title="bbox 2195 1277 3776 1352">
     <span class='ocr_line' id='line_1_28' title="bbox 2195 1277 3776 1352; baseline 0.004 -22"><span class='ocrx_word' id='word_1_169' title='bbox 2195 1277 2340 1331; x_wconf 88' lang='lat' dir='ltr'><strong>mihi</strong></span> <span class='ocrx_word' id='word_1_170' title='bbox 2369 1293 2524 1332; x_wconf 90' lang='lat' dir='ltr'><strong>nunc</strong></span> <span class='ocrx_word' id='word_1_171' title='bbox 2557 1294 2728 1349; x_wconf 85' lang='lat' dir='ltr'><strong>aequo</strong></span> <span class='ocrx_word' id='word_1_172' title='bbox 2775 1279 2968 1334; x_wconf 89' lang='lat' dir='ltr'><strong>animo</strong></span> <span class='ocrx_word' id='word_1_173' title='bbox 3002 1281 3346 1350; x_wconf 83' lang='lat' dir='ltr'><strong>ostendatis,</strong></span> <span class='ocrx_word' id='word_1_174' title='bbox 3377 1285 3630 1352; x_wconf 87' lang='lat' dir='ltr'><strong>quatenus</strong></span> <span class='ocrx_word' id='word_1_175' title='bbox 3656 1283 3776 1337; x_wconf 89' lang='lat' dir='ltr'><strong>illum</strong></span> 
     </span>
    </p>
   </div>
   <div class='ocr_carea' id='block_1_29' title="bbox 2199 1365 3780 1441">
    <p class='ocr_par' dir='ltr' id='par_1_29' title="bbox 2199 1365 3780 1441">
     <span class='ocr_line' id='line_1_29' title="bbox 2199 1365 3780 1441; baseline 0.004 -23"><span class='ocrx_word' id='word_1_176' title='bbox 2199 1365 2329 1420; x_wconf 91' lang='lat' dir='ltr'><strong>vice</strong></span> <span class='ocrx_word' id='word_1_177' title='bbox 2362 1366 2474 1420; x_wconf 90' lang='lat' dir='ltr'><strong>mei</strong></span> <span class='ocrx_word' id='word_1_178' title='bbox 2488 1368 2660 1422; x_wconf 88' lang='lat' dir='ltr'><strong>vobis</strong></span> <span class='ocrx_word' id='word_1_179' title='bbox 2679 1369 3018 1438; x_wconf 83' lang='lat' dir='ltr'><strong>praeﬁciatis</strong></span> <span class='ocrx_word' id='word_1_180' title='bbox 3043 1387 3056 1434; x_wconf 90' lang='lat'>;</span> <span class='ocrx_word' id='word_1_181' title='bbox 3073 1370 3208 1440; x_wconf 90' lang='lat' dir='ltr'><strong>quia</strong></span> <span class='ocrx_word' id='word_1_182' title='bbox 3222 1370 3374 1441; x_wconf 89' lang='lat' dir='ltr'><strong>quod</strong></span> <span class='ocrx_word' id='word_1_183' title='bbox 3387 1371 3498 1426; x_wconf 91' lang='lat' dir='ltr'><strong>Deo</strong></span> <span class='ocrx_word' id='word_1_184' title='bbox 3513 1373 3629 1426; x_wconf 89' lang='lat' dir='ltr'><strong>vovi</strong></span> <span class='ocrx_word' id='word_1_185' title='bbox 3646 1372 3780 1427; x_wconf 85' lang='lat' dir='ltr'><strong>inevi-</strong></span> 
     </span>
    </p>
   </div>
   <div class='ocr_carea' id='block_1_30' title="bbox 2199 1454 3779 1531">
    <p class='ocr_par' dir='ltr' id='par_1_30' title="bbox 2199 1454 3779 1531">
     <span class='ocr_line' id='line_1_30' title="bbox 2199 1454 3779 1531; baseline 0.004 -24"><span class='ocrx_word' id='word_1_186' title='bbox 2199 1454 2452 1509; x_wconf 89' lang='lat' dir='ltr'><strong>tabiliter</strong></span> <span class='ocrx_word' id='word_1_187' title='bbox 2483 1472 2513 1509; x_wconf 91' lang='lat' dir='ltr'><strong>a</strong></span> <span class='ocrx_word' id='word_1_188' title='bbox 2547 1472 2638 1511; x_wconf 92' lang='lat' dir='ltr'><strong>me</strong></span> <span class='ocrx_word' id='word_1_189' title='bbox 2667 1457 3055 1527; x_wconf 88' lang='lat' dir='ltr'><strong>complebitur</strong></span> <span class='ocrx_word' id='word_1_190' title='bbox 3085 1459 3320 1514; x_wconf 77' lang='lat' dir='ltr'><strong>factis.»</strong></span> <span class='ocrx_word' id='word_1_191' title='bbox 3363 1458 3534 1531; x_wconf 77' lang='lat' dir='ltr'><strong>Cujus</strong></span> <span class='ocrx_word' id='word_1_192' title='bbox 3559 1460 3779 1514; x_wconf 84' lang='lat' dir='ltr'><strong>voluntati</strong></span> 
     </span>
    </p>
   </div>
   <div class='ocr_carea' id='block_1_31' title="bbox 2197 1544 3783 1618">
    <p class='ocr_par' dir='ltr' id='par_1_31' title="bbox 2197 1544 3783 1618">
     <span class='ocr_line' id='line_1_31' title="bbox 2197 1544 3783 1618; baseline 0.003 -21"><span class='ocrx_word' id='word_1_193' title='bbox 2197 1544 2492 1599; x_wconf 88' lang='lat' dir='ltr'><strong>obsistere</strong></span> <span class='ocrx_word' id='word_1_194' title='bbox 2509 1561 2628 1600; x_wconf 90' lang='lat' dir='ltr'><strong>non</strong></span> <span class='ocrx_word' id='word_1_195' title='bbox 2650 1545 2934 1615; x_wconf 91' lang='lat' dir='ltr'><strong>valentes,</strong></span> <span class='ocrx_word' id='word_1_196' title='bbox 2958 1548 3012 1602; x_wconf 93' lang='lat' dir='ltr'><strong>ei</strong></span> <span class='ocrx_word' id='word_1_197' title='bbox 3043 1549 3316 1618; x_wconf 88' lang='lat' dir='ltr'><strong>quamvis</strong></span> <span class='ocrx_word' id='word_1_198' title='bbox 3335 1550 3514 1603; x_wconf 77' lang='lat' dir='ltr'><strong>mmsti</strong></span> <span class='ocrx_word' id='word_1_199' title='bbox 3533 1564 3783 1602; x_wconf 86' lang='lat' dir='ltr'><strong>assensum</strong></span> 
     </span>
    </p>
   </div>
   <div class='ocr_carea' id='block_1_32' title="bbox 2197 1631 3783 1708">
    <p class='ocr_par' dir='ltr' id='par_1_32' title="bbox 2197 1631 3783 1708">
     <span class='ocr_line' id='line_1_32' title="bbox 2197 1631 3783 1708; baseline 0.002 -23"><span class='ocrx_word' id='word_1_200' title='bbox 2197 1631 2602 1702; x_wconf 65' lang='lat' dir='ltr'><strong>praebuerunt,</strong></span> <span class='ocrx_word' id='word_1_201' title='bbox 2635 1635 2695 1688; x_wconf 91' lang='lat' dir='ltr'><strong>in</strong></span> <span class='ocrx_word' id='word_1_202' title='bbox 2726 1635 2812 1689; x_wconf 86' lang='lat' dir='ltr'><strong>eis</strong></span> <span class='ocrx_word' id='word_1_203' title='bbox 2845 1637 3196 1692; x_wconf 89' lang='lat' dir='ltr'><strong>concordes.</strong></span> <span class='ocrx_word' id='word_1_204' title='bbox 3233 1637 3434 1692; x_wconf 84' lang='lat' dir='ltr'><strong>Missis</strong></span> <span class='ocrx_word' id='word_1_205' title='bbox 3463 1653 3664 1708; x_wconf 87' lang='lat' dir='ltr'><strong>quoque</strong></span> <span class='ocrx_word' id='word_1_206' title='bbox 3682 1653 3783 1689; x_wconf 89' lang='lat' dir='ltr'><strong>nun-</strong></span> 
     </span>
    </p>
   </div>
   <div class='ocr_carea' id='block_1_33' title="bbox 2195 1722 3786 1793">
    <p class='ocr_par' dir='ltr' id='par_1_33' title="bbox 2195 1722 3786 1793">
     <span class='ocr_line' id='line_1_33' title="bbox 2195 1722 3786 1793; baseline 0.004 -19"><span class='ocrx_word' id='word_1_207' title='bbox 2195 1722 2316 1788; x_wconf 91' lang='lat' dir='ltr'><strong>tiis,</strong></span> <span class='ocrx_word' id='word_1_208' title='bbox 2351 1738 2597 1793; x_wconf 90' lang='lat' dir='ltr'><strong>puerum</strong></span> <span class='ocrx_word' id='word_1_209' title='bbox 2633 1723 2990 1779; x_wconf 86' lang='lat' dir='ltr'><strong>Richardum</strong></span> <span class='ocrx_word' id='word_1_210' title='bbox 3021 1742 3052 1780; x_wconf 90' lang='lat' dir='ltr'><strong>a</strong></span> <span class='ocrx_word' id='word_1_211' title='bbox 3086 1725 3377 1782; x_wconf 86' lang='lat' dir='ltr'><strong>Fiscanno</strong></span> <span class='ocrx_word' id='word_1_212' title='bbox 3411 1727 3676 1782; x_wconf 89' lang='lat' dir='ltr'><strong>reductum</strong></span> <span class='ocrx_word' id='word_1_213' title='bbox 3701 1726 3786 1780; x_wconf 87' lang='lat' dir='ltr'><strong>illis</strong></span> 
     </span>
    </p>
   </div>
   <div class='ocr_carea' id='block_1_34' title="bbox 414 1811 3785 1894">
    <p class='ocr_par' dir='ltr' id='par_1_34' title="bbox 414 1811 3785 1894">
     <span class='ocr_line' id='line_1_34' title="bbox 414 1811 3785 1894; baseline -0.001 -23"><span class='ocrx_word' id='word_1_214' title='bbox 414 1819 772 1876; x_wconf 87' lang='lat' dir='ltr'><strong>obtulerunt.</strong></span> <span class='ocrx_word' id='word_1_215' title='bbox 805 1818 988 1883; x_wconf 91' lang='lat' dir='ltr'><strong>Quam</strong></span> <span class='ocrx_word' id='word_1_216' title='bbox 1019 1833 1153 1878; x_wconf 87' lang='lat' dir='ltr'><strong>cum</strong></span> <span class='ocrx_word' id='word_1_217' title='bbox 1201 1833 1307 1889; x_wconf 89' lang='lat' dir='ltr'><strong>pro</strong></span> <span class='ocrx_word' id='word_1_218' title='bbox 1348 1818 1569 1871; x_wconf 87' lang='lat' dir='ltr'><strong>vilitate</strong></span> <span class='ocrx_word' id='word_1_219' title='bbox 1607 1816 1777 1886; x_wconf 89' lang='lat' dir='ltr'><strong>panis</strong></span> <span class='ocrx_word' id='word_1_220' title='bbox 1819 1819 1876 1870; x_wconf 91' lang='lat' dir='ltr'><strong>et</strong></span> <span class='ocrx_word' id='word_1_221' title='bbox 1921 1831 2163 1894; x_wconf 80' lang='lat' dir='ltr'><strong>aquaeB</strong></span> <span class='ocrx_word' id='word_1_222' title='bbox 2197 1811 2456 1881; x_wconf 86' lang='lat' dir='ltr'><strong>exponit.</strong></span> <span class='ocrx_word' id='word_1_223' title='bbox 2507 1812 2613 1866; x_wconf 89' lang='lat' dir='ltr'><strong>Cui</strong></span> <span class='ocrx_word' id='word_1_224' title='bbox 2663 1813 3001 1870; x_wconf 84' lang='lat' dir='ltr'><strong>ﬁdelitatem</strong></span> <span class='ocrx_word' id='word_1_225' title='bbox 3059 1817 3444 1871; x_wconf 87' lang='lat' dir='ltr'><strong>sacramentis</strong></span> <span class='ocrx_word' id='word_1_226' title='bbox 3498 1832 3656 1886; x_wconf 89' lang='lat' dir='ltr'><strong>prono</strong></span> <span class='ocrx_word' id='word_1_227' title='bbox 3693 1815 3785 1868; x_wconf 88' lang='lat' dir='ltr'><strong>ani-</strong></span> 
     </span>
    </p>
   </div>
   <div class='ocr_carea' id='block_1_35' title="bbox 418 1907 2091 1978">
    <p class='ocr_par' dir='ltr' id='par_1_35' title="bbox 418 1907 2091 1978">
     <span class='ocr_line' id='line_1_35' title="bbox 418 1907 2091 1978; baseline -0.003 -15"><span class='ocrx_word' id='word_1_228' title='bbox 418 1923 655 1963; x_wconf 87' lang='lat' dir='ltr'><strong>sumere</strong></span> <span class='ocrx_word' id='word_1_229' title='bbox 674 1907 1154 1977; x_wconf 87' lang='lat' dir='ltr'><strong>contempsisset,</strong></span> <span class='ocrx_word' id='word_1_230' title='bbox 1181 1907 1394 1960; x_wconf 89' lang='lat' dir='ltr'><strong>saltum</strong></span> <span class='ocrx_word' id='word_1_231' title='bbox 1411 1907 1748 1978; x_wconf 87' lang='lat' dir='ltr'><strong>ingressus,</strong></span> <span class='ocrx_word' id='word_1_232' title='bbox 1777 1907 2091 1958; x_wconf 88' lang='lat' dir='ltr'><strong>immanem</strong></span> 
     </span>
    </p>
   </div>
   <div class='ocr_carea' id='block_1_36' title="bbox 416 1995 2090 2067">
    <p class='ocr_par' dir='ltr' id='par_1_36' title="bbox 416 1995 2090 2067">
     <span class='ocr_line' id='line_1_36' title="bbox 416 1995 2090 2067; baseline -0.001 -16"><span class='ocrx_word' id='word_1_233' title='bbox 416 2011 624 2067; x_wconf 91' lang='lat' dir='ltr'><strong>aprum</strong></span> <span class='ocrx_word' id='word_1_234' title='bbox 656 1995 875 2066; x_wconf 87' lang='lat' dir='ltr'><strong>reperit</strong></span> <span class='ocrx_word' id='word_1_235' title='bbox 904 2011 1078 2067; x_wconf 90' lang='lat' dir='ltr'><strong>quem</strong></span> <span class='ocrx_word' id='word_1_236' title='bbox 1114 1995 1324 2049; x_wconf 79' lang='lat' dir='ltr'><strong>festiue</strong></span> <span class='ocrx_word' id='word_1_237' title='bbox 1366 1995 1600 2066; x_wconf 89' lang='lat' dir='ltr'><strong>insequi</strong></span> <span class='ocrx_word' id='word_1_238' title='bbox 1631 1995 1827 2064; x_wconf 86' lang='lat' dir='ltr'><strong>coepit.</strong></span> <span class='ocrx_word' id='word_1_239' title='bbox 1880 1995 2090 2064; x_wconf 89' lang='lat' dir='ltr'><strong>Porro,</strong></span> 
     </span>
    </p>
   </div>
   <div class='ocr_carea' id='block_1_37' title="bbox 413 2084 2094 2157">
    <p class='ocr_par' dir='ltr' id='par_1_37' title="bbox 413 2084 2094 2157">
     <span class='ocr_line' id='line_1_37' title="bbox 413 2084 2094 2157; baseline -0.001 -18"><span class='ocrx_word' id='word_1_240' title='bbox 413 2100 558 2157; x_wconf 91' lang='lat' dir='ltr'><strong>aper</strong></span> <span class='ocrx_word' id='word_1_241' title='bbox 606 2085 889 2139; x_wconf 90' lang='lat' dir='ltr'><strong>molossis</strong></span> <span class='ocrx_word' id='word_1_242' title='bbox 943 2088 1077 2154; x_wconf 91' lang='lat' dir='ltr'><strong>post</strong></span> <span class='ocrx_word' id='word_1_243' title='bbox 1110 2100 1243 2139; x_wconf 89' lang='lat' dir='ltr'><strong>eum</strong></span> <span class='ocrx_word' id='word_1_244' title='bbox 1284 2084 1565 2138; x_wconf 84' lang='lat' dir='ltr'><strong>admissis</strong></span> <span class='ocrx_word' id='word_1_245' title='bbox 1612 2100 1854 2138; x_wconf 87' lang='lat' dir='ltr'><strong>cursum</strong></span> <span class='ocrx_word' id='word_1_246' title='bbox 1896 2090 2094 2138; x_wconf 89' lang='lat' dir='ltr'><strong>retor-</strong></span> 
     </span>
    </p>
   </div>
   <div class='ocr_carea' id='block_1_38' title="bbox 414 2172 2095 2247">
    <p class='ocr_par' dir='ltr' id='par_1_38' title="bbox 414 2172 2095 2247">
     <span class='ocr_line' id='line_1_38' title="bbox 414 2172 2095 2247; baseline -0.001 -17"><span class='ocrx_word' id='word_1_247' title='bbox 414 2190 626 2247; x_wconf 88' lang='lat' dir='ltr'><strong>quens,</strong></span> <span class='ocrx_word' id='word_1_248' title='bbox 655 2174 821 2228; x_wconf 89' lang='lat' dir='ltr'><strong>hasta</strong></span> <span class='ocrx_word' id='word_1_249' title='bbox 844 2174 1119 2228; x_wconf 90' lang='lat' dir='ltr'><strong>venabuli</strong></span> <span class='ocrx_word' id='word_1_250' title='bbox 1142 2173 1325 2228; x_wconf 87' lang='lat' dir='ltr'><strong>fracta</strong></span> <span class='ocrx_word' id='word_1_251' title='bbox 1363 2174 1606 2244; x_wconf 85' lang='lat' dir='ltr'><strong>praepeti</strong></span> <span class='ocrx_word' id='word_1_252' title='bbox 1629 2174 1848 2243; x_wconf 90' lang='lat' dir='ltr'><strong>impetu</strong></span> <span class='ocrx_word' id='word_1_253' title='bbox 1885 2173 1943 2226; x_wconf 92' lang='lat' dir='ltr'><strong>in</strong></span> <span class='ocrx_word' id='word_1_254' title='bbox 1981 2172 2095 2228; x_wconf 88' lang='lat' dir='ltr'><strong>du-</strong></span> 
     </span>
    </p>
   </div>
   <div class='ocr_carea' id='block_1_39' title="bbox 414 2261 2098 2334">
    <p class='ocr_par' dir='ltr' id='par_1_39' title="bbox 414 2261 2098 2334">
     <span class='ocr_line' id='line_1_39' title="bbox 414 2261 2098 2334; baseline -0.003 -15"><span class='ocrx_word' id='word_1_255' title='bbox 414 2278 540 2319; x_wconf 90' lang='lat' dir='ltr'><strong>cem</strong></span> <span class='ocrx_word' id='word_1_256' title='bbox 563 2263 754 2334; x_wconf 88' lang='lat' dir='ltr'><strong>irruit,</strong></span> <span class='ocrx_word' id='word_1_257' title='bbox 771 2279 1022 2334; x_wconf 87' lang='lat' dir='ltr'><strong>cumque</strong></span> <span class='ocrx_word' id='word_1_258' title='bbox 1051 2266 1415 2333; x_wconf 89' lang='lat' dir='ltr'><strong>prostratum</strong></span> <span class='ocrx_word' id='word_1_259' title='bbox 1453 2262 1836 2317; x_wconf 87' lang='lat' dir='ltr'><strong>vehementer</strong></span> <span class='ocrx_word' id='word_1_260' title='bbox 1849 2261 2098 2331; x_wconf 48' lang='lat' dir='ltr'><strong>attrivit.</strong></span> 
     </span>
    </p>
   </div>
   <div class='ocr_carea' id='block_1_40' title="bbox 412 2353 2094 2426">
    <p class='ocr_par' dir='ltr' id='par_1_40' title="bbox 412 2353 2094 2426">
     <span class='ocr_line' id='line_1_40' title="bbox 412 2353 2094 2426; baseline -0.001 -17"><span class='ocrx_word' id='word_1_261' title='bbox 412 2354 523 2422; x_wconf 91' lang='lat' dir='ltr'><strong>Qui</strong></span> <span class='ocrx_word' id='word_1_262' title='bbox 552 2355 689 2424; x_wconf 90' lang='lat' dir='ltr'><strong>post</strong></span> <span class='ocrx_word' id='word_1_263' title='bbox 717 2353 1038 2423; x_wconf 88' lang='lat' dir='ltr'><strong>paululum,</strong></span> <span class='ocrx_word' id='word_1_264' title='bbox 1082 2368 1270 2407; x_wconf 89' lang='lat' dir='ltr'><strong>sensu</strong></span> <span class='ocrx_word' id='word_1_265' title='bbox 1318 2355 1552 2422; x_wconf 87' lang='lat' dir='ltr'><strong>recepto</strong></span> <span class='ocrx_word' id='word_1_266' title='bbox 1587 2368 1656 2407; x_wconf 89' lang='lat' dir='ltr'><strong>ac</strong></span> <span class='ocrx_word' id='word_1_267' title='bbox 1687 2368 1832 2406; x_wconf 88' lang='lat' dir='ltr'><strong>sana</strong></span> <span class='ocrx_word' id='word_1_268' title='bbox 1877 2355 2094 2426; x_wconf 85' lang='lat' dir='ltr'><strong>mente,</strong></span> 
     </span>
    </p>
   </div>
   <div class='ocr_carea' id='block_1_41' title="bbox 415 2441 2098 2513">
    <p class='ocr_par' dir='ltr' id='par_1_41' title="bbox 415 2441 2098 2513">
     <span class='ocr_line' id='line_1_41' title="bbox 415 2441 2098 2513; baseline -0.001 -15"><span class='ocrx_word' id='word_1_269' title='bbox 415 2442 740 2499; x_wconf 89' lang='lat' dir='ltr'><strong>monachos</strong></span> <span class='ocrx_word' id='word_1_270' title='bbox 765 2442 992 2512; x_wconf 89' lang='lat' dir='ltr'><strong>repetit,</strong></span> <span class='ocrx_word' id='word_1_271' title='bbox 1018 2444 1075 2496; x_wconf 93' lang='lat' dir='ltr'><strong>et</strong></span> <span class='ocrx_word' id='word_1_272' title='bbox 1087 2442 1450 2512; x_wconf 84' lang='lat' dir='ltr'><strong>charitatem,</strong></span> <span class='ocrx_word' id='word_1_273' title='bbox 1478 2457 1652 2513; x_wconf 90' lang='lat' dir='ltr'><strong>quam</strong></span> <span class='ocrx_word' id='word_1_274' title='bbox 1673 2441 1905 2496; x_wconf 90' lang='lat' dir='ltr'><strong>incaute</strong></span> <span class='ocrx_word' id='word_1_275' title='bbox 1923 2457 2098 2512; x_wconf 88' lang='lat' dir='ltr'><strong>spre-</strong></span> 
     </span>
    </p>
   </div>
   <div class='ocr_carea' id='block_1_42' title="bbox 413 2530 2093 2602">
    <p class='ocr_par' dir='ltr' id='par_1_42' title="bbox 413 2530 2093 2602">
     <span class='ocr_line' id='line_1_42' title="bbox 413 2530 2093 2602; baseline -0.001 -16"><span class='ocrx_word' id='word_1_276' title='bbox 413 2535 599 2600; x_wconf 88' lang='lat' dir='ltr'><strong>verat,</strong></span> <span class='ocrx_word' id='word_1_277' title='bbox 659 2531 733 2586; x_wconf 92' lang='lat' dir='ltr'><strong>ab</strong></span> <span class='ocrx_word' id='word_1_278' title='bbox 780 2530 869 2585; x_wconf 90' lang='lat' dir='ltr'><strong>eis</strong></span> <span class='ocrx_word' id='word_1_279' title='bbox 920 2531 1142 2602; x_wconf 89' lang='lat' dir='ltr'><strong>recepit</strong></span> <span class='ocrx_word' id='word_1_280' title='bbox 1182 2534 1238 2585; x_wconf 92' lang='lat' dir='ltr'><strong>et</strong></span> <span class='ocrx_word' id='word_1_281' title='bbox 1279 2531 1476 2585; x_wconf 92' lang='lat' dir='ltr'><strong>locum</strong></span> <span class='ocrx_word' id='word_1_282' title='bbox 1525 2546 1592 2586; x_wconf 92' lang='lat' dir='ltr'><strong>se</strong></span> <span class='ocrx_word' id='word_1_283' title='bbox 1624 2533 2093 2585; x_wconf 90' lang='lat' dir='ltr'><strong>restauraturum</strong></span> 
     </span>
    </p>
   </div>
   <div class='ocr_carea' id='block_1_43' title="bbox 417 2618 2096 2692">
    <p class='ocr_par' dir='ltr' id='par_1_43' title="bbox 417 2618 2096 2692">
     <span class='ocr_line' id='line_1_43' title="bbox 417 2618 2096 2692; baseline -0.001 -16"><span class='ocrx_word' id='word_1_284' title='bbox 417 2619 754 2692; x_wconf 85' lang='lat' dir='ltr'><strong>spopondit.</strong></span> <span class='ocrx_word' id='word_1_285' title='bbox 802 2618 1096 2674; x_wconf 87' lang='lat' dir='ltr'><strong>lmmissis</strong></span> <span class='ocrx_word' id='word_1_286' title='bbox 1123 2634 1268 2692; x_wconf 90' lang='lat' dir='ltr'><strong>ergo</strong></span> <span class='ocrx_word' id='word_1_287' title='bbox 1301 2619 1706 2686; x_wconf 88' lang='lat' dir='ltr'><strong>auctionariis,</strong></span> <span class='ocrx_word' id='word_1_288' title='bbox 1759 2634 1894 2674; x_wconf 90' lang='lat' dir='ltr'><strong>eum</strong></span> <span class='ocrx_word' id='word_1_289' title='bbox 1934 2636 1967 2673; x_wconf 92' lang='lat' dir='ltr'><strong>a</strong></span> <span class='ocrx_word' id='word_1_290' title='bbox 1996 2635 2096 2674; x_wconf 87' lang='lat' dir='ltr'><strong>ra-</strong></span> 
     </span>
    </p>
   </div>
   <div class='ocr_carea' id='block_1_44' title="bbox 415 2707 2096 2780">
    <p class='ocr_par' dir='ltr' id='par_1_44' title="bbox 415 2707 2096 2780">
     <span class='ocr_line' id='line_1_44' title="bbox 415 2707 2096 2780; baseline -0.001 -16"><span class='ocrx_word' id='word_1_291' title='bbox 415 2709 532 2764; x_wconf 89' lang='lat' dir='ltr'><strong>mis</strong></span> <span class='ocrx_word' id='word_1_292' title='bbox 561 2712 619 2763; x_wconf 92' lang='lat' dir='ltr'><strong>et</strong></span> <span class='ocrx_word' id='word_1_293' title='bbox 677 2707 949 2763; x_wconf 88' lang='lat' dir='ltr'><strong>sentibus</strong></span> <span class='ocrx_word' id='word_1_294' title='bbox 997 2707 1304 2780; x_wconf 84' lang='lat' dir='ltr'><strong>purgavit;</strong></span> <span class='ocrx_word' id='word_1_295' title='bbox 1367 2708 1682 2780; x_wconf 90' lang='lat' dir='ltr'><strong>Sanctique</strong></span> <span class='ocrx_word' id='word_1_296' title='bbox 1727 2707 1904 2776; x_wconf 89' lang='lat' dir='ltr'><strong>Petri,</strong></span> <span class='ocrx_word' id='word_1_297' title='bbox 1938 2708 2096 2780; x_wconf 89' lang='lat' dir='ltr'><strong>quod</strong></span> 
     </span>
    </p>
   </div>
   <div class='ocr_carea' id='block_1_45' title="bbox 415 2796 2093 2869">
    <p class='ocr_par' dir='ltr' id='par_1_45' title="bbox 415 2796 2093 2869">
     <span class='ocr_line' id='line_1_45' title="bbox 415 2796 2093 2869; baseline -0.001 -16"><span class='ocrx_word' id='word_1_298' title='bbox 415 2796 845 2869; x_wconf 87' lang='lat' dir='ltr'><strong>aliquantisper</strong></span> <span class='ocrx_word' id='word_1_299' title='bbox 901 2797 1224 2866; x_wconf 89' lang='lat' dir='ltr'><strong>deciderat,</strong></span> <span class='ocrx_word' id='word_1_300' title='bbox 1270 2798 1695 2852; x_wconf 89' lang='lat' dir='ltr'><strong>monasterium</strong></span> <span class='ocrx_word' id='word_1_301' title='bbox 1734 2797 2093 2868; x_wconf 89' lang='lat' dir='ltr'><strong>resarciens,</strong></span> 
     </span>
    </p>
   </div>
   <div class='ocr_carea' id='block_1_46' title="bbox 417 2885 2097 2958">
    <p class='ocr_par' dir='ltr' id='par_1_46' title="bbox 417 2885 2097 2958">
     <span class='ocr_line' id='line_1_46' title="bbox 417 2885 2097 2958; baseline 0.001 -16"><span class='ocrx_word' id='word_1_302' title='bbox 417 2888 819 2958; x_wconf 88' lang='lat' dir='ltr'><strong>competenter</strong></span> <span class='ocrx_word' id='word_1_303' title='bbox 836 2886 1000 2942; x_wconf 82' lang='lat' dir='ltr'><strong>texit.</strong></span> <span class='ocrx_word' id='word_1_304' title='bbox 1055 2885 1390 2942; x_wconf 90' lang='lat' dir='ltr'><strong>Claustrum</strong></span> <span class='ocrx_word' id='word_1_305' title='bbox 1421 2902 1566 2941; x_wconf 90' lang='lat' dir='ltr'><strong>vero</strong></span> <span class='ocrx_word' id='word_1_306' title='bbox 1597 2889 1655 2942; x_wconf 91' lang='lat' dir='ltr'><strong>et</strong></span> <span class='ocrx_word' id='word_1_307' title='bbox 1703 2887 1895 2943; x_wconf 88' lang='lat' dir='ltr'><strong>omnia</strong></span> <span class='ocrx_word' id='word_1_308' title='bbox 1928 2901 2097 2942; x_wconf 89' lang='lat' dir='ltr'><strong>rece-</strong></span> 
     </span>
    </p>
   </div>
   <div class='ocr_carea' id='block_1_47' title="bbox 415 2975 2096 3050">
    <p class='ocr_par' dir='ltr' id='par_1_47' title="bbox 415 2975 2096 3050">
     <span class='ocr_line' id='line_1_47' title="bbox 415 2975 2096 3050; baseline 0.001 -21"><span class='ocrx_word' id='word_1_309' title='bbox 415 2975 648 3048; x_wconf 88' lang='lat' dir='ltr'><strong>ptacula</strong></span> <span class='ocrx_word' id='word_1_310' title='bbox 677 2975 944 3044; x_wconf 90' lang='lat' dir='ltr'><strong>munivit,</strong></span> <span class='ocrx_word' id='word_1_311' title='bbox 978 2991 1049 3031; x_wconf 90' lang='lat' dir='ltr'><strong>ac</strong></span> <span class='ocrx_word' id='word_1_312' title='bbox 1079 2992 1111 3030; x_wconf 93' lang='lat' dir='ltr'><strong>a</strong></span> <span class='ocrx_word' id='word_1_313' title='bbox 1143 2976 1238 3031; x_wconf 89' lang='lat' dir='ltr'><strong>sui</strong></span> <span class='ocrx_word' id='word_1_314' title='bbox 1269 2976 1669 3050; x_wconf 82' lang='lat' dir='ltr'><strong>magnitudine</strong></span> <span class='ocrx_word' id='word_1_315' title='bbox 1700 2977 1964 3032; x_wconf 88' lang='lat' dir='ltr'><strong>breviata</strong></span> <span class='ocrx_word' id='word_1_316' title='bbox 1987 2975 2096 3030; x_wconf 88' lang='lat' dir='ltr'><strong>ha-</strong></span> 
     </span>
    </p>
   </div>
   <div class='ocr_carea' id='block_1_48' title="bbox 416 3064 988 3120">
    <p class='ocr_par' dir='ltr' id='par_1_48' title="bbox 416 3064 988 3120">
     <span class='ocr_line' id='line_1_48' title="bbox 416 3064 988 3120; baseline 0 0"><span class='ocrx_word' id='word_1_317' title='bbox 416 3064 682 3120; x_wconf 87' lang='lat' dir='ltr'><strong>bitabilia</strong></span> <span class='ocrx_word' id='word_1_318' title='bbox 715 3064 988 3120; x_wconf 88' lang='lat' dir='ltr'><strong>reddidit.</strong></span> 
     </span>
    </p>
   </div>
   <div class='ocr_carea' id='block_1_49' title="bbox 1033 3154 1464 3211">
    <p class='ocr_par' dir='ltr' id='par_1_49' title="bbox 1033 3154 1464 3211">
     <span class='ocr_line' id='line_1_49' title="bbox 1033 3154 1464 3211; baseline 0.002 -1"><span class='ocrx_word' id='word_1_319' title='bbox 1033 3154 1285 3211; x_wconf 84' lang='lat' dir='ltr'><strong>CAPUT</strong></span> <span class='ocrx_word' id='word_1_320' title='bbox 1316 3154 1464 3211; x_wconf 88' lang='lat' dir='ltr'><strong>VIII.</strong></span> 
     </span>
    </p>
   </div>
   <div class='ocr_carea' id='block_1_50' title="bbox 415 3242 2096 3301">
    <p class='ocr_par' dir='ltr' id='par_1_50' title="bbox 415 3242 2096 3301">
     <span class='ocr_line' id='line_1_50' title="bbox 415 3242 2096 3301; baseline 0.001 -1"><span class='ocrx_word' id='word_1_321' title='bbox 415 3242 506 3300; x_wconf 89' lang='lat' dir='ltr'><strong>De</strong></span> <span class='ocrx_word' id='word_1_322' title='bbox 530 3244 834 3300; x_wconf 83' lang='lat' dir='ltr'><strong>duodecim</strong></span> <span class='ocrx_word' id='word_1_323' title='bbox 864 3245 1169 3300; x_wconf 76' lang='lat' dir='ltr'><strong>monachis</strong></span> <span class='ocrx_word' id='word_1_324' title='bbox 1198 3261 1324 3300; x_wconf 89' lang='lat' dir='ltr'><strong>cum</strong></span> <span class='ocrx_word' id='word_1_325' title='bbox 1363 3261 1470 3300; x_wconf 91' lang='lat' dir='ltr'><strong>suo</strong></span> <span class='ocrx_word' id='word_1_326' title='bbox 1507 3243 1723 3300; x_wconf 81' lang='lat' dir='ltr'><strong>abbate</strong></span> <span class='ocrx_word' id='word_1_327' title='bbox 1767 3242 2035 3301; x_wconf 86' lang='lat' dir='ltr'><strong>Martino</strong></span> <span class='ocrx_word' id='word_1_328' title='bbox 2063 3261 2096 3300; x_wconf 85' lang='lat' dir='ltr'><strong>a</strong></span> 
     </span>
    </p>
   </div>
   <div class='ocr_carea' id='block_1_51' title="bbox 453 3315 2096 3397">
    <p class='ocr_par' dir='ltr' id='par_1_51' title="bbox 453 3315 2096 3397">
     <span class='ocr_line' id='line_1_51' title="bbox 453 3315 2096 3397; baseline -0.001 -27"><span class='ocrx_word' id='word_1_329' title='bbox 453 3315 716 3397; x_wconf 45' lang='lat' dir='ltr'><strong>cgnobio</strong></span> <span class='ocrx_word' id='word_1_330' title='bbox 758 3315 968 3397; x_wconf 72' lang='lat' dir='ltr'><strong>Sancti</strong></span> <span class='ocrx_word' id='word_1_331' title='bbox 1016 3315 1305 3397; x_wconf 74' lang='lat' dir='ltr'><strong>Cypriani</strong></span> <span class='ocrx_word' id='word_1_332' title='bbox 1326 3317 1597 3397; x_wconf 75' lang='lat' dir='ltr'><strong>sumptis,</strong></span> <span class='ocrx_word' id='word_1_333' title='bbox 1624 3332 1765 3397; x_wconf 81' lang='lat' dir='ltr'><strong>quos</strong></span> <span class='ocrx_word' id='word_1_334' title='bbox 1793 3316 2096 3397; x_wconf 73' lang='lat' dir='ltr'><strong>comitissa</strong></span> 
     </span>
    </p>
   </div>
   <div class='ocr_carea' id='block_1_52' title="bbox 451 3386 2096 3458">
    <p class='ocr_par' dir='ltr' id='par_1_52' title="bbox 451 3386 2096 3458">
     <span class='ocr_line' id='line_1_52' title="bbox 451 3386 2096 3458; baseline 0 -17"><span class='ocrx_word' id='word_1_335' title='bbox 451 3386 843 3443; x_wconf 86' lang='lat' dir='ltr'><strong>Pictavensis</strong></span> <span class='ocrx_word' id='word_1_336' title='bbox 874 3403 1049 3442; x_wconf 83' lang='lat' dir='ltr'><strong>soror</strong></span> <span class='ocrx_word' id='word_1_337' title='bbox 1065 3386 1270 3458; x_wconf 69' lang='lat' dir='ltr'><strong>ipsius</strong></span> <span class='ocrx_word' id='word_1_338' title='bbox 1299 3386 1469 3442; x_wconf 81' lang='lat' dir='ltr'><strong>ducis</strong></span> <span class='ocrx_word' id='word_1_339' title='bbox 1498 3388 1556 3442; x_wconf 90' lang='lat' dir='ltr'><strong>ei</strong></span> <span class='ocrx_word' id='word_1_340' title='bbox 1584 3386 1748 3442; x_wconf 71' lang='lat' dir='ltr'><strong>misit</strong></span> <span class='ocrx_word' id='word_1_341' title='bbox 1779 3388 2096 3442; x_wconf 87' lang='lat' dir='ltr'><strong>secundum</strong></span> 
     </span>
    </p>
   </div>
   <div class='ocr_carea' id='block_1_53' title="bbox 445 3458 2091 3532">
    <p class='ocr_par' dir='ltr' id='par_1_53' title="bbox 445 3458 2091 3532">
     <span class='ocr_line' id='line_1_53' title="bbox 445 3458 2091 3532; baseline -0.001 -18"><span class='ocrx_word' id='word_1_342' title='bbox 445 3459 796 3532; x_wconf 81' lang='lat' dir='ltr'><strong>petitionem</strong></span> <span class='ocrx_word' id='word_1_343' title='bbox 808 3473 992 3532; x_wconf 81' lang='lat' dir='ltr'><strong>suam,</strong></span> <span class='ocrx_word' id='word_1_344' title='bbox 1010 3463 1071 3512; x_wconf 89' lang='lat' dir='ltr'><strong>ut</strong></span> <span class='ocrx_word' id='word_1_345' title='bbox 1089 3473 1192 3513; x_wconf 91' lang='lat' dir='ltr'><strong>eos</strong></span> <span class='ocrx_word' id='word_1_346' title='bbox 1202 3459 1545 3532; x_wconf 77' lang='lat' dir='ltr'><strong>supradicto</strong></span> <span class='ocrx_word' id='word_1_347' title='bbox 1562 3458 1686 3532; x_wconf 83' lang='lat' dir='ltr'><strong>loco</strong></span> <span class='ocrx_word' id='word_1_348' title='bbox 1703 3459 2062 3532; x_wconf 79' lang='lat' dir='ltr'><strong>subrogaret</strong></span> <span class='ocrx_word' id='word_1_349' title='bbox 2078 3475 2091 3523; x_wconf 91' lang='lat'>;</span> 
     </span>
    </p>
   </div>
   <div class='ocr_carea' id='block_1_54' title="bbox 454 3528 2092 3601">
    <p class='ocr_par' dir='ltr' id='par_1_54' title="bbox 454 3528 2092 3601">
     <span class='ocr_line' id='line_1_54' title="bbox 454 3528 2092 3601; baseline 0 -16"><span class='ocrx_word' id='word_1_350' title='bbox 454 3528 516 3586; x_wconf 77' lang='lat' dir='ltr'><strong>et</strong></span> <span class='ocrx_word' id='word_1_351' title='bbox 548 3529 828 3601; x_wconf 86' lang='lat' dir='ltr'><strong>quomodo</strong></span> <span class='ocrx_word' id='word_1_352' title='bbox 855 3528 980 3601; x_wconf 75' lang='lat' dir='ltr'><strong>dux</strong></span> <span class='ocrx_word' id='word_1_353' title='bbox 1004 3528 1325 3601; x_wconf 79' lang='lat' dir='ltr'><strong>monachus</strong></span> <span class='ocrx_word' id='word_1_354' title='bbox 1351 3529 1490 3583; x_wconf 75' lang='lat' dir='ltr'><strong>fieri</strong></span> <span class='ocrx_word' id='word_1_355' title='bbox 1524 3529 1728 3586; x_wconf 84' lang='lat' dir='ltr'><strong>volens</strong></span> <span class='ocrx_word' id='word_1_356' title='bbox 1750 3530 2092 3601; x_wconf 81' lang='lat' dir='ltr'><strong>prohibitus</strong></span> 
     </span>
    </p>
   </div>
   <div class='ocr_carea' id='block_1_55' title="bbox 456 3597 2094 3670">
    <p class='ocr_par' dir='ltr' id='par_1_55' title="bbox 456 3597 2094 3670">
     <span class='ocr_line' id='line_1_55' title="bbox 456 3597 2094 3670; baseline -0.001 -15"><span class='ocrx_word' id='word_1_357' title='bbox 456 3597 642 3656; x_wconf 55' lang='lat' dir='ltr'><strong>est&#39;ab</strong></span> <span class='ocrx_word' id='word_1_358' title='bbox 659 3601 788 3670; x_wconf 87' lang='lat' dir='ltr'><strong>ipso</strong></span> <span class='ocrx_word' id='word_1_359' title='bbox 807 3597 1064 3667; x_wconf 86' lang='lat' dir='ltr'><strong>abbate;</strong></span> <span class='ocrx_word' id='word_1_360' title='bbox 1096 3604 1154 3653; x_wconf 89' lang='lat' dir='ltr'><strong>et</strong></span> <span class='ocrx_word' id='word_1_361' title='bbox 1184 3599 1259 3655; x_wconf 89' lang='lat' dir='ltr'><strong>de</strong></span> <span class='ocrx_word' id='word_1_362' title='bbox 1288 3599 1580 3656; x_wconf 75' lang='lat' dir='ltr'><strong>ﬁdelitate</strong></span> <span class='ocrx_word' id='word_1_363' title='bbox 1611 3597 1777 3670; x_wconf 79' lang='lat' dir='ltr'><strong>quam</strong></span> <span class='ocrx_word' id='word_1_364' title='bbox 1817 3600 1960 3655; x_wconf 75' lang='lat' dir='ltr'><strong>fecit</strong></span> <span class='ocrx_word' id='word_1_365' title='bbox 1989 3601 2094 3670; x_wconf 84' lang='lat' dir='ltr'><strong>ju-</strong></span> 
     </span>
    </p>
   </div>
   <div class='ocr_carea' id='block_1_56' title="bbox 455 3671 2096 3726">
    <p class='ocr_par' dir='ltr' id='par_1_56' title="bbox 455 3671 2096 3726">
     <span class='ocr_line' id='line_1_56' title="bbox 455 3671 2096 3726; baseline 0.001 -1"><span class='ocrx_word' id='word_1_366' title='bbox 455 3686 600 3726; x_wconf 89' lang='lat' dir='ltr'><strong>rare</strong></span> <span class='ocrx_word' id='word_1_367' title='bbox 647 3671 1095 3726; x_wconf 84' lang='lat' dir='ltr'><strong>Nortbmannos</strong></span> <span class='ocrx_word' id='word_1_368' title='bbox 1151 3677 1210 3725; x_wconf 87' lang='lat' dir='ltr'><strong>et</strong></span> <span class='ocrx_word' id='word_1_369' title='bbox 1270 3671 1556 3726; x_wconf 83' lang='lat' dir='ltr'><strong>Britones</strong></span> <span class='ocrx_word' id='word_1_370' title='bbox 1614 3671 1918 3726; x_wconf 82' lang='lat' dir='ltr'><strong>Richardo</strong></span> <span class='ocrx_word' id='word_1_371' title='bbox 1969 3671 2096 3726; x_wconf 75' lang='lat' dir='ltr'><strong>Iitio</strong></span> 
     </span>
    </p>
   </div>
   <div class='ocr_carea' id='block_1_57' title="bbox 457 3757 583 3797">
    <p class='ocr_par' dir='ltr' id='par_1_57' title="bbox 457 3757 583 3797">
     <span class='ocr_line' id='line_1_57' title="bbox 457 3757 583 3797; baseline 0 0"><span class='ocrx_word' id='word_1_372' title='bbox 457 3757 583 3797; x_wconf 81' lang='lat' dir='ltr'><strong>SUO.</strong></span> 
     </span>
    </p>
   </div>
   <div class='ocr_carea' id='block_1_58' title="bbox 491 3830 2094 3905">
    <p class='ocr_par' dir='ltr' id='par_1_58' title="bbox 491 3830 2094 3905">
     <span class='ocr_line' id='line_1_58' title="bbox 491 3830 2094 3905; baseline 0.001 -21"><span class='ocrx_word' id='word_1_373' title='bbox 491 3831 718 3887; x_wconf 83' lang='lat' dir='ltr'><strong>Interea</strong></span> <span class='ocrx_word' id='word_1_374' title='bbox 749 3830 980 3905; x_wconf 76' lang='lat' dir='ltr'><strong>legatos</strong></span> <span class='ocrx_word' id='word_1_375' title='bbox 1001 3831 1260 3888; x_wconf 89' lang='lat' dir='ltr'><strong>Pictavis</strong></span> <span class='ocrx_word' id='word_1_376' title='bbox 1291 3831 1486 3887; x_wconf 88' lang='lat' dir='ltr'><strong>sorori</strong></span> <span class='ocrx_word' id='word_1_377' title='bbox 1507 3847 1634 3887; x_wconf 70' lang='lat' dir='ltr'><strong>sum</strong></span> <span class='ocrx_word' id='word_1_378' title='bbox 1659 3847 1835 3904; x_wconf 88' lang='lat' dir='ltr'><strong>quam</strong></span> <span class='ocrx_word' id='word_1_379' title='bbox 1856 3831 2094 3886; x_wconf 89' lang='lat' dir='ltr'><strong>Willel-</strong></span> 
     </span>
    </p>
   </div>
   <div class='ocr_carea' id='block_1_59' title="bbox 421 3920 2090 3993">
    <p class='ocr_par' dir='ltr' id='par_1_59' title="bbox 421 3920 2090 3993">
     <span class='ocr_line' id='line_1_59' title="bbox 421 3920 2090 3993; baseline -0.001 -17"><span class='ocrx_word' id='word_1_380' title='bbox 421 3935 556 3976; x_wconf 89' lang='lat' dir='ltr'><strong>mus</strong></span> <span class='ocrx_word' id='word_1_381' title='bbox 605 3935 808 3976; x_wconf 89' lang='lat' dir='ltr'><strong>comes</strong></span> <span class='ocrx_word' id='word_1_382' title='bbox 848 3921 964 3976; x_wconf 88' lang='lat' dir='ltr'><strong>sibi</strong></span> <span class='ocrx_word' id='word_1_383' title='bbox 1020 3921 1082 3976; x_wconf 91' lang='lat' dir='ltr'><strong>in</strong></span> <span class='ocrx_word' id='word_1_384' title='bbox 1111 3922 1480 3977; x_wconf 90' lang='lat' dir='ltr'><strong>matrimonio</strong></span> <span class='ocrx_word' id='word_1_385' title='bbox 1527 3920 1826 3993; x_wconf 85' lang='lat' dir='ltr'><strong>junxerat,</strong></span> <span class='ocrx_word' id='word_1_386' title='bbox 1870 3921 2090 3992; x_wconf 77' lang='lat' dir='ltr'><strong>dirigit,</strong></span> 
     </span>
    </p>
   </div>
   <div class='ocr_carea' id='block_1_60' title="bbox 421 4009 2093 4082">
    <p class='ocr_par' dir='ltr' id='par_1_60' title="bbox 421 4009 2093 4082">
     <span class='ocr_line' id='line_1_60' title="bbox 421 4009 2093 4082; baseline 0.001 -18"><span class='ocrx_word' id='word_1_387' title='bbox 421 4009 709 4065; x_wconf 89' lang='lat' dir='ltr'><strong>mandans</strong></span> <span class='ocrx_word' id='word_1_388' title='bbox 765 4013 828 4065; x_wconf 89' lang='lat' dir='ltr'><strong>ut</strong></span> <span class='ocrx_word' id='word_1_389' title='bbox 875 4011 1198 4065; x_wconf 90' lang='lat' dir='ltr'><strong>monachos</strong></span> <span class='ocrx_word' id='word_1_390' title='bbox 1246 4011 1328 4065; x_wconf 93' lang='lat' dir='ltr'><strong>illi</strong></span> <span class='ocrx_word' id='word_1_391' title='bbox 1360 4011 1629 4080; x_wconf 90' lang='lat' dir='ltr'><strong>mitteret,</strong></span> <span class='ocrx_word' id='word_1_392' title='bbox 1666 4026 1817 4082; x_wconf 90' lang='lat' dir='ltr'><strong>quos</strong></span> <span class='ocrx_word' id='word_1_393' title='bbox 1848 4011 2093 4080; x_wconf 86' lang='lat' dir='ltr'><strong>praefato</strong></span> 
     </span>
    </p>
   </div>
   <div class='ocr_carea' id='block_1_61' title="bbox 421 4098 2092 4172">
    <p class='ocr_par' dir='ltr' id='par_1_61' title="bbox 421 4098 2092 4172">
     <span class='ocr_line' id='line_1_61' title="bbox 421 4098 2092 4172; baseline 0 -18"><span class='ocrx_word' id='word_1_394' title='bbox 421 4099 552 4154; x_wconf 92' lang='lat' dir='ltr'><strong>loco</strong></span> <span class='ocrx_word' id='word_1_395' title='bbox 571 4098 947 4171; x_wconf 81' lang='lat' dir='ltr'><strong>subrogaret.</strong></span> <span class='ocrx_word' id='word_1_396' title='bbox 977 4099 1159 4155; x_wconf 90' lang='lat' dir='ltr'><strong>Soror</strong></span> <span class='ocrx_word' id='word_1_397' title='bbox 1188 4104 1380 4155; x_wconf 91' lang='lat' dir='ltr'><strong>autem</strong></span> <span class='ocrx_word' id='word_1_398' title='bbox 1396 4099 1528 4172; x_wconf 89' lang='lat' dir='ltr'><strong>ejus</strong></span> <span class='ocrx_word' id='word_1_399' title='bbox 1555 4100 1815 4171; x_wconf 90' lang='lat' dir='ltr'><strong>petitioni</strong></span> <span class='ocrx_word' id='word_1_400' title='bbox 1840 4100 2092 4172; x_wconf 89' lang='lat' dir='ltr'><strong>gratanti</strong></span> 
     </span>
    </p>
   </div>
   <div class='ocr_carea' id='block_1_62' title="bbox 419 4188 2090 4260">
    <p class='ocr_par' dir='ltr' id='par_1_62' title="bbox 419 4188 2090 4260">
     <span class='ocr_line' id='line_1_62' title="bbox 419 4188 2090 4260; baseline 0.001 -18"><span class='ocrx_word' id='word_1_401' title='bbox 419 4188 615 4243; x_wconf 88' lang='lat' dir='ltr'><strong>animo</strong></span> <span class='ocrx_word' id='word_1_402' title='bbox 646 4188 876 4258; x_wconf 90' lang='lat' dir='ltr'><strong>favens,</strong></span> <span class='ocrx_word' id='word_1_403' title='bbox 905 4189 1139 4244; x_wconf 89' lang='lat' dir='ltr'><strong>itineris</strong></span> <span class='ocrx_word' id='word_1_404' title='bbox 1169 4193 1442 4260; x_wconf 89' lang='lat' dir='ltr'><strong>sumptus</strong></span> <span class='ocrx_word' id='word_1_405' title='bbox 1460 4189 1769 4256; x_wconf 89' lang='lat' dir='ltr'><strong>ordinavit,</strong></span> <span class='ocrx_word' id='word_1_406' title='bbox 1793 4192 1847 4244; x_wconf 91' lang='lat' dir='ltr'><strong>et</strong></span> <span class='ocrx_word' id='word_1_407' title='bbox 1868 4205 2090 4244; x_wconf 86' lang='lat' dir='ltr'><strong>xumo-</strong></span> 
     </span>
    </p>
   </div>
   <div class='ocr_carea' id='block_1_63' title="bbox 421 4277 2091 4350">
    <p class='ocr_par' dir='ltr' id='par_1_63' title="bbox 421 4277 2091 4350">
     <span class='ocr_line' id='line_1_63' title="bbox 421 4277 2091 4350; baseline 0 -18"><span class='ocrx_word' id='word_1_408' title='bbox 421 4277 647 4332; x_wconf 88' lang='lat' dir='ltr'><strong>nachos</strong></span> <span class='ocrx_word' id='word_1_409' title='bbox 678 4293 812 4333; x_wconf 90' lang='lat' dir='ltr'><strong>cum</strong></span> <span class='ocrx_word' id='word_1_410' title='bbox 845 4278 1056 4334; x_wconf 89' lang='lat' dir='ltr'><strong>abbate</strong></span> <span class='ocrx_word' id='word_1_411' title='bbox 1106 4295 1238 4350; x_wconf 92' lang='lat' dir='ltr'><strong>suo,</strong></span> <span class='ocrx_word' id='word_1_412' title='bbox 1282 4278 1516 4334; x_wconf 91' lang='lat' dir='ltr'><strong>nomine</strong></span> <span class='ocrx_word' id='word_1_413' title='bbox 1549 4279 1868 4348; x_wconf 88' lang='lat' dir='ltr'><strong>Martino,a</strong></span> <span class='ocrx_word' id='word_1_414' title='bbox 1901 4278 2091 4332; x_wconf 86' lang='lat' dir='ltr'><strong>sancti</strong></span> 
     </span>
    </p>
   </div>
   <div class='ocr_carea' id='block_1_64' title="bbox 417 4366 2090 4439">
    <p class='ocr_par' dir='ltr' id='par_1_64' title="bbox 417 4366 2090 4439">
     <span class='ocr_line' id='line_1_64' title="bbox 417 4366 2090 4439; baseline -0.001 -17"><span class='ocrx_word' id='word_1_415' title='bbox 417 4366 690 4439; x_wconf 81' lang='lat' dir='ltr'><strong>Cypriani</strong></span> <span class='ocrx_word' id='word_1_416' title='bbox 717 4368 986 4423; x_wconf 75' lang='lat' dir='ltr'><strong>emnobio</strong></span> <span class='ocrx_word' id='word_1_417' title='bbox 1037 4367 1328 4438; x_wconf 88' lang='lat' dir='ltr'><strong>sublatos,</strong></span> <span class='ocrx_word' id='word_1_418' title='bbox 1380 4368 1546 4423; x_wconf 86' lang='lat' dir='ltr'><strong>fratri</strong></span> <span class='ocrx_word' id='word_1_419' title='bbox 1589 4367 1925 4423; x_wconf 88' lang='lat' dir='ltr'><strong>destinavit.</strong></span> <span class='ocrx_word' id='word_1_420' title='bbox 1962 4368 2090 4422; x_wconf 88' lang='lat' dir='ltr'><strong>Dux</strong></span> 
     </span>
    </p>
   </div>
   <div class='ocr_carea' id='block_1_65' title="bbox 419 4456 2094 4526">
    <p class='ocr_par' dir='ltr' id='par_1_65' title="bbox 419 4456 2094 4526">
     <span class='ocr_line' id='line_1_65' title="bbox 419 4456 2094 4526; baseline 0.001 -17"><span class='ocrx_word' id='word_1_421' title='bbox 419 4471 585 4526; x_wconf 90' lang='lat' dir='ltr'><strong>vero,</strong></span> <span class='ocrx_word' id='word_1_422' title='bbox 619 4456 872 4512; x_wconf 90' lang='lat' dir='ltr'><strong>adventu</strong></span> <span class='ocrx_word' id='word_1_423' title='bbox 899 4472 1106 4512; x_wconf 88' lang='lat' dir='ltr'><strong>eorum</strong></span> <span class='ocrx_word' id='word_1_424' title='bbox 1128 4457 1304 4511; x_wconf 90' lang='lat' dir='ltr'><strong>nimis</strong></span> <span class='ocrx_word' id='word_1_425' title='bbox 1327 4457 1714 4526; x_wconf 84' lang='lat' dir='ltr'><strong>exhilaratus,</strong></span> <span class='ocrx_word' id='word_1_426' title='bbox 1746 4471 1852 4511; x_wconf 91' lang='lat' dir='ltr'><strong>eos</strong></span> <span class='ocrx_word' id='word_1_427' title='bbox 1881 4457 2094 4511; x_wconf 84' lang='lat' dir='ltr'><strong>Rotho-</strong></span> 
     </span>
    </p>
   </div>
   <div class='ocr_carea' id='block_1_66' title="bbox 2197 1903 3788 1975">
    <p class='ocr_par' dir='ltr' id='par_1_66' title="bbox 2197 1903 3788 1975">
     <span class='ocr_line' id='line_1_66' title="bbox 2197 1903 3788 1975; baseline 0.002 -22"><span class='ocrx_word' id='word_1_428' title='bbox 2197 1916 2292 1955; x_wconf 90' lang='lat' dir='ltr'><strong>mo</strong></span> <span class='ocrx_word' id='word_1_429' title='bbox 2343 1903 2572 1956; x_wconf 90' lang='lat' dir='ltr'><strong>cunctis</strong></span> <span class='ocrx_word' id='word_1_430' title='bbox 2632 1903 3024 1975; x_wconf 80' lang='lat' dir='ltr'><strong>ﬁrmantibus,</strong></span> <span class='ocrx_word' id='word_1_431' title='bbox 3086 1905 3205 1959; x_wconf 84' lang='lat' dir='ltr'><strong>dux</strong></span> <span class='ocrx_word' id='word_1_432' title='bbox 3281 1906 3456 1960; x_wconf 91' lang='lat' dir='ltr'><strong>totius</strong></span> <span class='ocrx_word' id='word_1_433' title='bbox 3501 1904 3788 1959; x_wconf 80' lang='lat' dir='ltr'><strong>Northman-</strong></span> 
     </span>
    </p>
   </div>
   <div class='ocr_carea' id='block_1_67' title="bbox 2199 1989 3790 2065">
    <p class='ocr_par' dir='ltr' id='par_1_67' title="bbox 2199 1989 3790 2065">
     <span class='ocr_line' id='line_1_67' title="bbox 2199 1989 3790 2065; baseline 0 -21"><span class='ocrx_word' id='word_1_434' title='bbox 2199 1989 2318 2044; x_wconf 91' lang='lat' dir='ltr'><strong>nici</strong></span> <span class='ocrx_word' id='word_1_435' title='bbox 2370 2005 2478 2044; x_wconf 91' lang='lat' dir='ltr'><strong>seu</strong></span> <span class='ocrx_word' id='word_1_436' title='bbox 2526 1991 2850 2046; x_wconf 88' lang='lat' dir='ltr'><strong>Britannici</strong></span> <span class='ocrx_word' id='word_1_437' title='bbox 2897 1993 3146 2048; x_wconf 89' lang='lat' dir='ltr'><strong>ducatus</strong></span> <span class='ocrx_word' id='word_1_438' title='bbox 3196 1997 3291 2048; x_wconf 90' lang='lat' dir='ltr'><strong>est</strong></span> <span class='ocrx_word' id='word_1_439' title='bbox 3339 1993 3616 2065; x_wconf 87' lang='lat' dir='ltr'><strong>praelatus.</strong></span> <span class='ocrx_word' id='word_1_440' title='bbox 3654 1991 3790 2056; x_wconf 87' lang='lat' dir='ltr'><strong>Quem</strong></span> 
     </span>
    </p>
   </div>
   <div class='ocr_carea' id='block_1_68' title="bbox 2201 2078 3791 2154">
    <p class='ocr_par' dir='ltr' id='par_1_68' title="bbox 2201 2078 3791 2154">
     <span class='ocr_line' id='line_1_68' title="bbox 2201 2078 3791 2154; baseline 0.001 -22"><span class='ocrx_word' id='word_1_441' title='bbox 2201 2078 2512 2133; x_wconf 81' lang='lat' dir='ltr'><strong>confestim</strong></span> <span class='ocrx_word' id='word_1_442' title='bbox 2549 2083 2715 2150; x_wconf 90' lang='lat' dir='ltr'><strong>pater</strong></span> <span class='ocrx_word' id='word_1_443' title='bbox 2736 2081 2988 2154; x_wconf 82' lang='lat' dir='ltr'><strong>Bajocas</strong></span> <span class='ocrx_word' id='word_1_444' title='bbox 3037 2083 3299 2154; x_wconf 88' lang='lat' dir='ltr'><strong>mittens,</strong></span> <span class='ocrx_word' id='word_1_445' title='bbox 3355 2083 3586 2138; x_wconf 89' lang='lat' dir='ltr'><strong>Bothoni</strong></span> <span class='ocrx_word' id='word_1_446' title='bbox 3622 2081 3791 2134; x_wconf 69' lang='lat' dir='ltr'><strong>militia</strong></span> 
     </span>
    </p>
   </div>
   <div class='ocr_carea' id='block_1_69' title="bbox 2201 2167 3795 2242">
    <p class='ocr_par' dir='ltr' id='par_1_69' title="bbox 2201 2167 3795 2242">
     <span class='ocr_line' id='line_1_69' title="bbox 2201 2167 3795 2242; baseline 0.001 -22"><span class='ocrx_word' id='word_1_447' title='bbox 2201 2181 2328 2221; x_wconf 85' lang='lat' dir='ltr'><strong>suae</strong></span> <span class='ocrx_word' id='word_1_448' title='bbox 2387 2167 2636 2239; x_wconf 88' lang='lat' dir='ltr'><strong>principi</strong></span> <span class='ocrx_word' id='word_1_449' title='bbox 2692 2170 3070 2225; x_wconf 91' lang='lat' dir='ltr'><strong>nutriendum</strong></span> <span class='ocrx_word' id='word_1_450' title='bbox 3116 2173 3382 2242; x_wconf 82' lang='lat' dir='ltr'><strong>tradidit;</strong></span> <span class='ocrx_word' id='word_1_451' title='bbox 3426 2175 3484 2226; x_wconf 91' lang='lat' dir='ltr'><strong>ut</strong></span> <span class='ocrx_word' id='word_1_452' title='bbox 3537 2171 3608 2224; x_wconf 88' lang='lat' dir='ltr'><strong>ibi</strong></span> <span class='ocrx_word' id='word_1_453' title='bbox 3646 2169 3795 2240; x_wconf 80' lang='lat' dir='ltr'><strong>lingua</strong></span> 
     </span>
    </p>
   </div>
   <div class='ocr_carea' id='block_1_70' title="bbox 2203 2255 3796 2333">
    <p class='ocr_par' dir='ltr' id='par_1_70' title="bbox 2203 2255 3796 2333">
     <span class='ocr_line' id='line_1_70' title="bbox 2203 2255 3796 2333; baseline 0.001 -24"><span class='ocrx_word' id='word_1_454' title='bbox 2203 2255 2467 2310; x_wconf 89' lang='lat' dir='ltr'><strong>eruditus</strong></span> <span class='ocrx_word' id='word_1_455' title='bbox 2501 2257 2738 2328; x_wconf 91' lang='lat' dir='ltr'><strong>Danica,</strong></span> <span class='ocrx_word' id='word_1_456' title='bbox 2765 2261 2893 2314; x_wconf 91' lang='lat' dir='ltr'><strong>suis</strong></span> <span class='ocrx_word' id='word_1_457' title='bbox 2926 2261 3268 2333; x_wconf 84' lang='lat' dir='ltr'><strong>exterisque</strong></span> <span class='ocrx_word' id='word_1_458' title='bbox 3300 2260 3616 2316; x_wconf 89' lang='lat' dir='ltr'><strong>hominibus</strong></span> <span class='ocrx_word' id='word_1_459' title='bbox 3662 2259 3796 2312; x_wconf 86' lang='lat' dir='ltr'><strong>sciret</strong></span> 
     </span>
    </p>
   </div>
   <div class='ocr_carea' id='block_1_71' title="bbox 2203 2346 3796 2419">
    <p class='ocr_par' dir='ltr' id='par_1_71' title="bbox 2203 2346 3796 2419">
     <span class='ocr_line' id='line_1_71' title="bbox 2203 2346 3796 2419; baseline 0.001 -21"><span class='ocrx_word' id='word_1_460' title='bbox 2203 2347 2403 2415; x_wconf 91' lang='lat' dir='ltr'><strong>aperte</strong></span> <span class='ocrx_word' id='word_1_461' title='bbox 2443 2346 2581 2401; x_wconf 90' lang='lat' dir='ltr'><strong>dare</strong></span> <span class='ocrx_word' id='word_1_462' title='bbox 2621 2350 3084 2419; x_wconf 87' lang='lat' dir='ltr'><strong>responsa.Haec</strong></span> <span class='ocrx_word' id='word_1_463' title='bbox 3127 2351 3198 2406; x_wconf 93' lang='lat' dir='ltr'><strong>de</strong></span> <span class='ocrx_word' id='word_1_464' title='bbox 3234 2349 3691 2406; x_wconf 89' lang='lat' dir='ltr'><strong>Gemmeticensis</strong></span> <span class='ocrx_word' id='word_1_465' title='bbox 3715 2347 3796 2401; x_wconf 89' lang='lat' dir='ltr'><strong>loci</strong></span> 
     </span>
    </p>
   </div>
   <div class='ocr_carea' id='block_1_72' title="bbox 2203 2435 3799 2508">
    <p class='ocr_par' dir='ltr' id='par_1_72' title="bbox 2203 2435 3799 2508">
     <span class='ocr_line' id='line_1_72' title="bbox 2203 2435 3799 2508; baseline 0 -20"><span class='ocrx_word' id='word_1_466' title='bbox 2203 2435 2693 2504; x_wconf 88' lang='lat' dir='ltr'><strong>praetitulavimus</strong></span> <span class='ocrx_word' id='word_1_467' title='bbox 2724 2437 2930 2507; x_wconf 86' lang='lat' dir='ltr'><strong>relatu,</strong></span> <span class='ocrx_word' id='word_1_468' title='bbox 2966 2439 3284 2495; x_wconf 91' lang='lat' dir='ltr'><strong>ostendere</strong></span> <span class='ocrx_word' id='word_1_469' title='bbox 3304 2441 3556 2495; x_wconf 89' lang='lat' dir='ltr'><strong>volentes</strong></span> <span class='ocrx_word' id='word_1_470' title='bbox 3584 2440 3799 2508; x_wconf 87' lang='lat' dir='ltr'><strong>quantam</strong></span> 
     </span>
    </p>
   </div>
   <div class='ocr_carea' id='block_1_73' title="bbox 2203 2523 3803 2602">
    <p class='ocr_par' dir='ltr' id='par_1_73' title="bbox 2203 2523 3803 2602">
     <span class='ocr_line' id='line_1_73' title="bbox 2203 2523 3803 2602; baseline -0.001 -24"><span class='ocrx_word' id='word_1_471' title='bbox 2203 2523 2597 2595; x_wconf 91' lang='lat' dir='ltr'><strong>devotionem,</strong></span> <span class='ocrx_word' id='word_1_472' title='bbox 2648 2541 2824 2597; x_wconf 90' lang='lat' dir='ltr'><strong>quam</strong></span> <span class='ocrx_word' id='word_1_473' title='bbox 2876 2527 3039 2598; x_wconf 88' lang='lat' dir='ltr'><strong>pium</strong></span> <span class='ocrx_word' id='word_1_474' title='bbox 3089 2529 3271 2583; x_wconf 90' lang='lat' dir='ltr'><strong>animi</strong></span> <span class='ocrx_word' id='word_1_475' title='bbox 3336 2529 3676 2602; x_wconf 85' lang='lat' dir='ltr'><strong>prepositum</strong></span> <span class='ocrx_word' id='word_1_476' title='bbox 3715 2525 3803 2579; x_wconf 79' lang='lat' dir='ltr'><strong>dux</strong></span> 
     </span>
    </p>
   </div>
   <div class='ocr_carea' id='block_1_74' title="bbox 2204 2613 3231 2674">
    <p class='ocr_par' dir='ltr' id='par_1_74' title="bbox 2204 2613 3231 2674">
     <span class='ocr_line' id='line_1_74' title="bbox 2204 2613 3231 2674; baseline 0.006 -7"><span class='ocrx_word' id='word_1_477' title='bbox 2204 2613 2545 2670; x_wconf 90' lang='lat' dir='ltr'><strong>Willelmus</strong></span> <span class='ocrx_word' id='word_1_478' title='bbox 2576 2615 2847 2671; x_wconf 90' lang='lat' dir='ltr'><strong>habuerit</strong></span> <span class='ocrx_word' id='word_1_479' title='bbox 2875 2618 3033 2672; x_wconf 87' lang='lat' dir='ltr'><strong>circa</strong></span> <span class='ocrx_word' id='word_1_480' title='bbox 3076 2634 3231 2674; x_wconf 89' lang='lat' dir='ltr'><strong>eum.</strong></span> 
     </span>
    </p>
   </div>
   <div class='ocr_carea' id='block_1_75' title="bbox 2841 2704 3234 2762">
    <p class='ocr_par' dir='ltr' id='par_1_75' title="bbox 2841 2704 3234 2762">
     <span class='ocr_line' id='line_1_75' title="bbox 2841 2704 3234 2762; baseline 0.008 -3"><span class='ocrx_word' id='word_1_481' title='bbox 2841 2704 3094 2761; x_wconf 85' lang='lat' dir='ltr'><strong>CAPUT</strong></span> <span class='ocrx_word' id='word_1_482' title='bbox 3135 2707 3234 2762; x_wconf 88' lang='lat' dir='ltr'><strong>IX.</strong></span> 
     </span>
    </p>
   </div>
   <div class='ocr_carea' id='block_1_76' title="bbox 2209 2791 3806 2870">
    <p class='ocr_par' dir='ltr' id='par_1_76' title="bbox 2209 2791 3806 2870">
     <span class='ocr_line' id='line_1_76' title="bbox 2209 2791 3806 2870; baseline 0.003 -25"><span class='ocrx_word' id='word_1_483' title='bbox 2209 2791 2499 2870; x_wconf 70' lang='lat' dir='ltr'><strong>Quomodo</strong></span> <span class='ocrx_word' id='word_1_484' title='bbox 2541 2792 2844 2870; x_wconf 59' lang='lat' dir='ltr'><strong>[Ieroldus</strong></span> <span class='ocrx_word' id='word_1_485' title='bbox 2889 2794 3264 2870; x_wconf 85' lang='lat' dir='ltr'><strong>[Aigroldus]</strong></span> <span class='ocrx_word' id='word_1_486' title='bbox 3326 2812 3441 2853; x_wconf 81' lang='lat' dir='ltr'><strong>rex</strong></span> <span class='ocrx_word' id='word_1_487' title='bbox 3475 2796 3747 2870; x_wconf 58' lang='grc' dir='ltr'><strong>Πξιῃοιθιιιιᾳε</strong></span> <span class='ocrx_word' id='word_1_488' title='bbox 3783 2808 3806 2846; x_wconf 78' lang='lat' dir='ltr'><strong>a</strong></span> 
     </span>
    </p>
   </div>
   <div class='ocr_carea' id='block_1_77' title="bbox 2240 2862 3809 2940">
    <p class='ocr_par' dir='ltr' id='par_1_77' title="bbox 2240 2862 3809 2940">
     <span class='ocr_line' id='line_1_77' title="bbox 2240 2862 3809 2940; baseline -0.001 -23"><span class='ocrx_word' id='word_1_489' title='bbox 2240 2862 2363 2940; x_wconf 64' lang='lat' dir='ltr'><strong>{iiio</strong></span> <span class='ocrx_word' id='word_1_490' title='bbox 2393 2879 2499 2940; x_wconf 84' lang='lat' dir='ltr'><strong>suo</strong></span> <span class='ocrx_word' id='word_1_491' title='bbox 2528 2863 2726 2940; x_wconf 84' lang='lat' dir='ltr'><strong>Sueno</strong></span> <span class='ocrx_word' id='word_1_492' title='bbox 2783 2867 2856 2921; x_wconf 89' lang='lat' dir='ltr'><strong>de</strong></span> <span class='ocrx_word' id='word_1_493' title='bbox 2886 2862 3075 2939; x_wconf 74' lang='lat' dir='ltr'><strong>regno</strong></span> <span class='ocrx_word' id='word_1_494' title='bbox 3112 2862 3338 2940; x_wconf 67' lang='lat' dir='ltr'><strong>puls&#39;us,</strong></span> <span class='ocrx_word' id='word_1_495' title='bbox 3375 2885 3501 2940; x_wconf 12' lang='lat' dir='ltr'><strong>eum,</strong></span> <span class='ocrx_word' id='word_1_496' title='bbox 3521 2867 3585 2922; x_wconf 85' lang='lat'><strong>60</strong></span> <span class='ocrx_word' id='word_1_497' title='bbox 3613 2864 3809 2940; x_wconf 76' lang='lat' dir='ltr'><strong>navibus</strong></span> 
     </span>
    </p>
   </div>
   <div class='ocr_carea' id='block_1_78' title="bbox 2239 2933 3809 3009">
    <p class='ocr_par' dir='ltr' id='par_1_78' title="bbox 2239 2933 3809 3009">
     <span class='ocr_line' id='line_1_78' title="bbox 2239 2933 3809 3009; baseline -0.001 -19"><span class='ocrx_word' id='word_1_498' title='bbox 2239 2933 2734 2990; x_wconf 80' lang='lat' dir='ltr'><strong>Northmanniam</strong></span> <span class='ocrx_word' id='word_1_499' title='bbox 2767 2933 3003 3009; x_wconf 73' lang='lat' dir='ltr'><strong>petens,</strong></span> <span class='ocrx_word' id='word_1_500' title='bbox 3039 2956 3070 2994; x_wconf 86' lang='lat' dir='ltr'><strong>a</strong></span> <span class='ocrx_word' id='word_1_501' title='bbox 3106 2933 3254 2994; x_wconf 85' lang='lat' dir='ltr'><strong>duce</strong></span> <span class='ocrx_word' id='word_1_502' title='bbox 3290 2939 3585 2996; x_wconf 85' lang='lat' dir='ltr'><strong>Willelmo</strong></span> <span class='ocrx_word' id='word_1_503' title='bbox 3609 2954 3715 2992; x_wconf 86' lang='lat' dir='ltr'><strong>cum</strong></span> <span class='ocrx_word' id='word_1_504' title='bbox 3732 2937 3809 3009; x_wconf 82' lang='lat' dir='ltr'><strong>bo-</strong></span> 
     </span>
    </p>
   </div>
   <div class='ocr_carea' id='block_1_79' title="bbox 2237 3008 3807 3080">
    <p class='ocr_par' dir='ltr' id='par_1_79' title="bbox 2237 3008 3807 3080">
     <span class='ocr_line' id='line_1_79' title="bbox 2237 3008 3807 3080; baseline -0.001 -20"><span class='ocrx_word' id='word_1_505' title='bbox 2237 3020 2658 3080; x_wconf 78' lang='lat' dir='ltr'><strong>norecongruo</strong></span> <span class='ocrx_word' id='word_1_506' title='bbox 2687 3008 2999 3080; x_wconf 82' lang='lat' dir='ltr'><strong>susceptus</strong></span> <span class='ocrx_word' id='word_1_507' title='bbox 3020 3016 3130 3076; x_wconf 85' lang='lat' dir='ltr'><strong>est,</strong></span> <span class='ocrx_word' id='word_1_508' title='bbox 3157 3010 3599 3066; x_wconf 80' lang='lat' dir='ltr'><strong>Constantiensi</strong></span> <span class='ocrx_word' id='word_1_509' title='bbox 3623 3008 3807 3064; x_wconf 82' lang='lat' dir='ltr'><strong>comita-</strong></span> 
     </span>
    </p>
   </div>
   <div class='ocr_carea' id='block_1_80' title="bbox 2241 3077 3647 3153">
    <p class='ocr_par' dir='ltr' id='par_1_80' title="bbox 2241 3077 3647 3153">
     <span class='ocr_line' id='line_1_80' title="bbox 2241 3077 3647 3153; baseline 0.004 -22"><span class='ocrx_word' id='word_1_510' title='bbox 2241 3083 2300 3132; x_wconf 88' lang='lat' dir='ltr'><strong>tu</strong></span> <span class='ocrx_word' id='word_1_511' title='bbox 2327 3077 2404 3132; x_wconf 88' lang='lat' dir='ltr'><strong>ad</strong></span> <span class='ocrx_word' id='word_1_512' title='bbox 2425 3077 2776 3150; x_wconf 63' lang='lat' dir='ltr'><strong>praesidium</strong></span> <span class='ocrx_word' id='word_1_513' title='bbox 2810 3077 2875 3135; x_wconf 82' lang='lat' dir='ltr'><strong>ei</strong></span> <span class='ocrx_word' id='word_1_514' title='bbox 2897 3081 2972 3137; x_wconf 88' lang='lat' dir='ltr'><strong>ab</strong></span> <span class='ocrx_word' id='word_1_515' title='bbox 3007 3081 3135 3153; x_wconf 86' lang='lat' dir='ltr'><strong>ipso</strong></span> <span class='ocrx_word' id='word_1_516' title='bbox 3168 3082 3321 3137; x_wconf 88' lang='lat' dir='ltr'><strong>duce</strong></span> <span class='ocrx_word' id='word_1_517' title='bbox 3366 3097 3647 3138; x_wconf 87' lang='lat' dir='ltr'><strong>concesso.</strong></span> 
     </span>
    </p>
   </div>
   <div class='ocr_carea' id='block_1_81' title="bbox 2123 3183 3812 3260">
    <p class='ocr_par' dir='ltr' id='par_1_81' title="bbox 2123 3183 3812 3260">
     <span class='ocr_line' id='line_1_81' title="bbox 2123 3183 3812 3260; baseline -0.001 -21"><span class='ocrx_word' id='word_1_518' title='bbox 2123 3191 2178 3260; x_wconf 76' lang='grc' dir='ltr'><strong>ο</strong></span> <span class='ocrx_word' id='word_1_519' title='bbox 2273 3183 2502 3240; x_wconf 90' lang='lat' dir='ltr'><strong>Interea</strong></span> <span class='ocrx_word' id='word_1_520' title='bbox 2524 3186 2665 3241; x_wconf 90' lang='lat' dir='ltr'><strong>tanti</strong></span> <span class='ocrx_word' id='word_1_521' title='bbox 2711 3187 3004 3259; x_wconf 89' lang='lat' dir='ltr'><strong>principis</strong></span> <span class='ocrx_word' id='word_1_522' title='bbox 3059 3189 3467 3246; x_wconf 88' lang='lat' dir='ltr'><strong>fortitudinem</strong></span> <span class='ocrx_word' id='word_1_523' title='bbox 3519 3192 3571 3244; x_wconf 92' lang='lat' dir='ltr'><strong>et</strong></span> <span class='ocrx_word' id='word_1_524' title='bbox 3596 3187 3812 3259; x_wconf 89' lang='lat' dir='ltr'><strong>pietatem</strong></span> 
     </span>
    </p>
   </div>
   <div class='ocr_carea' id='block_1_82' title="bbox 2203 3273 3816 3349">
    <p class='ocr_par' dir='ltr' id='par_1_82' title="bbox 2203 3273 3816 3349">
     <span class='ocr_line' id='line_1_82' title="bbox 2203 3273 3816 3349; baseline -0.001 -21"><span class='ocrx_word' id='word_1_525' title='bbox 2203 3273 2357 3329; x_wconf 90' lang='lat' dir='ltr'><strong>fama</strong></span> <span class='ocrx_word' id='word_1_526' title='bbox 2379 3275 2811 3348; x_wconf 90' lang='lat' dir='ltr'><strong>promulgante,</strong></span> <span class='ocrx_word' id='word_1_527' title='bbox 2845 3277 3164 3348; x_wconf 87' lang='lat' dir='ltr'><strong>Heroldus,</strong></span> <span class='ocrx_word' id='word_1_528' title='bbox 3198 3295 3310 3335; x_wconf 87' lang='lat' dir='ltr'><strong>rex</strong></span> <span class='ocrx_word' id='word_1_529' title='bbox 3338 3281 3644 3349; x_wconf 88' lang='lat' dir='ltr'><strong>Danorum,</strong></span> <span class='ocrx_word' id='word_1_530' title='bbox 3675 3293 3703 3330; x_wconf 89' lang='lat' dir='ltr'><strong>a</strong></span> <span class='ocrx_word' id='word_1_531' title='bbox 3726 3273 3816 3329; x_wconf 81' lang='lat' dir='ltr'><strong>tilio</strong></span> 
     </span>
    </p>
   </div>
   <div class='ocr_carea' id='block_1_83' title="bbox 2203 3362 3816 3437">
    <p class='ocr_par' dir='ltr' id='par_1_83' title="bbox 2203 3362 3816 3437">
     <span class='ocr_line' id='line_1_83' title="bbox 2203 3362 3816 3437; baseline -0.001 -19"><span class='ocrx_word' id='word_1_532' title='bbox 2203 3379 2314 3418; x_wconf 91' lang='lat' dir='ltr'><strong>suo</strong></span> <span class='ocrx_word' id='word_1_533' title='bbox 2355 3362 2554 3420; x_wconf 90' lang='lat' dir='ltr'><strong>Sueno</strong></span> <span class='ocrx_word' id='word_1_534' title='bbox 2600 3381 2787 3437; x_wconf 85' lang='lat' dir='ltr'><strong>regno</strong></span> <span class='ocrx_word' id='word_1_535' title='bbox 2826 3366 3059 3437; x_wconf 90' lang='lat' dir='ltr'><strong>pulsus,</strong></span> <span class='ocrx_word' id='word_1_536' title='bbox 3096 3383 3230 3424; x_wconf 92' lang='lat' dir='ltr'><strong>cum</strong></span> <span class='ocrx_word' id='word_1_537' title='bbox 3259 3369 3335 3424; x_wconf 88' lang='lat'><strong>60</strong></span> <span class='ocrx_word' id='word_1_538' title='bbox 3367 3369 3609 3424; x_wconf 86' lang='lat' dir='ltr'><strong>navibus</strong></span> <span class='ocrx_word' id='word_1_539' title='bbox 3643 3365 3816 3420; x_wconf 87' lang='lat' dir='ltr'><strong>armato</strong></span> 
     </span>
    </p>
   </div>
   <div class='ocr_carea' id='block_1_84' title="bbox 2205 3452 3819 3530">
    <p class='ocr_par' dir='ltr' id='par_1_84' title="bbox 2205 3452 3819 3530">
     <span class='ocr_line' id='line_1_84' title="bbox 2205 3452 3819 3530; baseline 0 -24"><span class='ocrx_word' id='word_1_540' title='bbox 2205 3452 2388 3508; x_wconf 89' lang='lat' dir='ltr'><strong>milite</strong></span> <span class='ocrx_word' id='word_1_541' title='bbox 2415 3453 2610 3523; x_wconf 90' lang='lat' dir='ltr'><strong>plenis</strong></span> <span class='ocrx_word' id='word_1_542' title='bbox 2657 3455 3149 3512; x_wconf 89' lang='lat' dir='ltr'><strong>Northmanniam</strong></span> <span class='ocrx_word' id='word_1_543' title='bbox 3186 3459 3447 3530; x_wconf 81' lang='lat' dir='ltr'><strong>supplex</strong></span> <span class='ocrx_word' id='word_1_544' title='bbox 3496 3457 3643 3512; x_wconf 90' lang='lat' dir='ltr'><strong>adiit.</strong></span> <span class='ocrx_word' id='word_1_545' title='bbox 3679 3453 3819 3519; x_wconf 86' lang='lat' dir='ltr'><strong>Quem</strong></span> 
     </span>
    </p>
   </div>
   <div class='ocr_carea' id='block_1_85' title="bbox 2204 3542 3818 3619">
    <p class='ocr_par' dir='ltr' id='par_1_85' title="bbox 2204 3542 3818 3619">
     <span class='ocr_line' id='line_1_85' title="bbox 2204 3542 3818 3619; baseline -0.002 -23"><span class='ocrx_word' id='word_1_546' title='bbox 2204 3544 2416 3611; x_wconf 88' lang='lat' dir='ltr'><strong>potens</strong></span> <span class='ocrx_word' id='word_1_547' title='bbox 2447 3546 2504 3597; x_wconf 92' lang='lat' dir='ltr'><strong>et</strong></span> <span class='ocrx_word' id='word_1_548' title='bbox 2540 3543 2805 3599; x_wconf 86' lang='lat' dir='ltr'><strong>liberalis</strong></span> <span class='ocrx_word' id='word_1_549' title='bbox 2837 3544 2958 3599; x_wconf 83' lang='lat' dir='ltr'><strong>dux</strong></span> <span class='ocrx_word' id='word_1_550' title='bbox 3001 3561 3134 3601; x_wconf 91' lang='lat' dir='ltr'><strong>cum</strong></span> <span class='ocrx_word' id='word_1_551' title='bbox 3173 3548 3406 3603; x_wconf 90' lang='lat' dir='ltr'><strong>honore</strong></span> <span class='ocrx_word' id='word_1_552' title='bbox 3445 3542 3818 3619; x_wconf 88' lang='lat' dir='ltr'><strong>congruoreci-</strong></span> 
     </span>
    </p>
   </div>
   <div class='ocr_carea' id='block_1_86' title="bbox 2203 3630 3822 3708">
    <p class='ocr_par' dir='ltr' id='par_1_86' title="bbox 2203 3630 3822 3708">
     <span class='ocr_line' id='line_1_86' title="bbox 2203 3630 3822 3708; baseline -0.001 -22"><span class='ocrx_word' id='word_1_553' title='bbox 2203 3631 2395 3701; x_wconf 90' lang='lat' dir='ltr'><strong>piens,</strong></span> <span class='ocrx_word' id='word_1_554' title='bbox 2429 3630 2946 3690; x_wconf 89' lang='lat' dir='ltr'><strong>Constantiensem</strong></span> <span class='ocrx_word' id='word_1_555' title='bbox 2976 3641 3320 3692; x_wconf 81' lang='lat' dir='ltr'><strong>comitatum</strong></span> <span class='ocrx_word' id='word_1_556' title='bbox 3351 3639 3405 3694; x_wconf 92' lang='lat' dir='ltr'><strong>ei</strong></span> <span class='ocrx_word' id='word_1_557' title='bbox 3437 3638 3508 3692; x_wconf 92' lang='lat' dir='ltr'><strong>ad</strong></span> <span class='ocrx_word' id='word_1_558' title='bbox 3535 3633 3822 3708; x_wconf 61' lang='lat' dir='ltr'><strong>praesidium</strong></span> 
     </span>
    </p>
   </div>
   <div class='ocr_carea' id='block_1_87' title="bbox 2205 3720 3823 3792">
    <p class='ocr_par' dir='ltr' id='par_1_87' title="bbox 2205 3720 3823 3792">
     <span class='ocr_line' id='line_1_87' title="bbox 2205 3720 3823 3792; baseline -0.001 -18"><span class='ocrx_word' id='word_1_559' title='bbox 2205 3721 2530 3792; x_wconf 88' lang='lat' dir='ltr'><strong>concessit,</strong></span> <span class='ocrx_word' id='word_1_560' title='bbox 2552 3722 2742 3778; x_wconf 91' lang='lat' dir='ltr'><strong>donec</strong></span> <span class='ocrx_word' id='word_1_561' title='bbox 2764 3722 3068 3780; x_wconf 86' lang='lat' dir='ltr'><strong>fabricatis</strong></span> <span class='ocrx_word' id='word_1_562' title='bbox 3083 3727 3346 3782; x_wconf 90' lang='lat' dir='ltr'><strong>navibus</strong></span> <span class='ocrx_word' id='word_1_563' title='bbox 3377 3727 3683 3782; x_wconf 86' lang='lat' dir='ltr'><strong>exercitum</strong></span> <span class='ocrx_word' id='word_1_564' title='bbox 3705 3720 3823 3775; x_wconf 84' lang='lat' dir='ltr'><strong>mul-</strong></span> 
     </span>
    </p>
   </div>
   <div class='ocr_carea' id='block_1_88' title="bbox 2201 3809 3823 3881">
    <p class='ocr_par' dir='ltr' id='par_1_88' title="bbox 2201 3809 3823 3881">
     <span class='ocr_line' id='line_1_88' title="bbox 2201 3809 3823 3881; baseline -0.001 -17"><span class='ocrx_word' id='word_1_565' title='bbox 2201 3809 2509 3881; x_wconf 89' lang='lat' dir='ltr'><strong>tiplicaret,</strong></span> <span class='ocrx_word' id='word_1_566' title='bbox 2544 3814 2601 3868; x_wconf 91' lang='lat' dir='ltr'><strong>et</strong></span> <span class='ocrx_word' id='word_1_567' title='bbox 2619 3812 2910 3868; x_wconf 90' lang='lat' dir='ltr'><strong>amissum</strong></span> <span class='ocrx_word' id='word_1_568' title='bbox 2949 3829 3083 3869; x_wconf 90' lang='lat' dir='ltr'><strong>cum</strong></span> <span class='ocrx_word' id='word_1_569' title='bbox 3106 3815 3396 3872; x_wconf 89' lang='lat' dir='ltr'><strong>validiore</strong></span> <span class='ocrx_word' id='word_1_570' title='bbox 3420 3815 3656 3872; x_wconf 90' lang='lat' dir='ltr'><strong>militum</strong></span> <span class='ocrx_word' id='word_1_571' title='bbox 3687 3824 3823 3866; x_wconf 86' lang='lat' dir='ltr'><strong>manu</strong></span> 
     </span>
    </p>
   </div>
   <div class='ocr_carea' id='block_1_89' title="bbox 2202 3901 2809 3973">
    <p class='ocr_par' dir='ltr' id='par_1_89' title="bbox 2202 3901 2809 3973">
     <span class='ocr_line' id='line_1_89' title="bbox 2202 3901 2809 3973; baseline 0.005 -20"><span class='ocrx_word' id='word_1_572' title='bbox 2202 3901 2513 3971; x_wconf 91' lang='lat' dir='ltr'><strong>repeteret,</strong></span> <span class='ocrx_word' id='word_1_573' title='bbox 2537 3915 2809 3973; x_wconf 81' lang='lat' dir='ltr'><strong>regnum.</strong></span> 
     </span>
    </p>
   </div>
   <div class='ocr_carea' id='block_1_90' title="bbox 2849 3972 3205 4030">
    <p class='ocr_par' dir='ltr' id='par_1_90' title="bbox 2849 3972 3205 4030">
     <span class='ocr_line' id='line_1_90' title="bbox 2849 3972 3205 4030; baseline 0.003 -2"><span class='ocrx_word' id='word_1_574' title='bbox 2849 3972 3102 4030; x_wconf 85' lang='lat' dir='ltr'><strong>CAPUT</strong></span> <span class='ocrx_word' id='word_1_575' title='bbox 3131 3973 3205 4029; x_wconf 88' lang='grc' dir='ltr'><strong>Χ.</strong></span> 
     </span>
    </p>
   </div>
   <div class='ocr_carea' id='block_1_91' title="bbox 2207 4057 3828 4135">
    <p class='ocr_par' dir='ltr' id='par_1_91' title="bbox 2207 4057 3828 4135">
     <span class='ocr_line' id='line_1_91' title="bbox 2207 4057 3828 4135; baseline 0 -22"><span class='ocrx_word' id='word_1_576' title='bbox 2207 4057 2497 4135; x_wconf 78' lang='lat' dir='ltr'><strong>Quomodo</strong></span> <span class='ocrx_word' id='word_1_577' title='bbox 2509 4059 2631 4135; x_wconf 67' lang='lat' dir='ltr'><strong>dux</strong></span> <span class='ocrx_word' id='word_1_578' title='bbox 2642 4061 2915 4117; x_wconf 79' lang='lat' dir='ltr'><strong>Willelm</strong></span> <span class='ocrx_word' id='word_1_579' title='bbox 2924 4080 3007 4132; x_wconf 90' lang='lat' dir='ltr'><strong>us,</strong></span> <span class='ocrx_word' id='word_1_580' title='bbox 3028 4079 3373 4135; x_wconf 86' lang='lat' dir='ltr'><strong>compassus</strong></span> <span class='ocrx_word' id='word_1_581' title='bbox 3387 4063 3698 4120; x_wconf 84' lang='lat' dir='ltr'><strong>calamitati</strong></span> <span class='ocrx_word' id='word_1_582' title='bbox 3706 4060 3828 4135; x_wconf 60' lang='lat' dir='ltr'><strong>Her;</strong></span> 
     </span>
    </p>
   </div>
   <div class='ocr_carea' id='block_1_92' title="bbox 2239 4128 3829 4200">
    <p class='ocr_par' dir='ltr' id='par_1_92' title="bbox 2239 4128 3829 4200">
     <span class='ocr_line' id='line_1_92' title="bbox 2239 4128 3829 4200; baseline -0.002 -16"><span class='ocrx_word' id='word_1_583' title='bbox 2239 4130 2390 4184; x_wconf 84' lang='lat' dir='ltr'><strong>[uini</strong></span> <span class='ocrx_word' id='word_1_584' title='bbox 2426 4133 2678 4200; x_wconf 84' lang='lat' dir='ltr'><strong>comitis,</strong></span> <span class='ocrx_word' id='word_1_585' title='bbox 2713 4140 2970 4188; x_wconf 85' lang='lat' dir='ltr'><strong>castrum</strong></span> <span class='ocrx_word' id='word_1_586' title='bbox 2996 4128 3003 4132; x_wconf 59' lang='grc'><strong><em>⁷</em></strong></span> <span class='ocrx_word' id='word_1_587' title='bbox 3031 4128 3450 4192; x_wconf 73' lang='lat' dir='ltr'><strong>monasterio/1&#39;</strong></span> <span class='ocrx_word' id='word_1_588' title='bbox 3497 4136 3568 4191; x_wconf 89' lang='lat' dir='ltr'><strong>ab</strong></span> <span class='ocrx_word' id='word_1_589' title='bbox 3621 4128 3829 4188; x_wconf 81' lang='lat' dir='ltr'><strong>Arna/f0</strong></span> 
     </span>
    </p>
   </div>
   <div class='ocr_carea' id='block_1_93' title="bbox 2239 4201 3829 4280">
    <p class='ocr_par' dir='ltr' id='par_1_93' title="bbox 2239 4201 3829 4280">
     <span class='ocr_line' id='line_1_93' title="bbox 2239 4201 3829 4280; baseline 0.008 -26"><span class='ocrx_word' id='word_1_590' title='bbox 2239 4201 2605 4280; x_wconf 59' lang='lat' dir='ltr'><strong>Etandrensi</strong></span> <span class='ocrx_word' id='word_1_591' title='bbox 2633 4203 2756 4280; x_wconf 79' lang='lat' dir='ltr'><strong>sibi</strong></span> <span class='ocrx_word' id='word_1_592' title='bbox 2784 4204 3361 4280; x_wconf 79' lang='lat' dir='ltr'><strong>ablatumobsidione</strong></span> <span class='ocrx_word' id='word_1_593' title='bbox 3409 4210 3648 4280; x_wconf 88' lang='lat' dir='ltr'><strong>cingens</strong></span> <span class='ocrx_word' id='word_1_594' title='bbox 3675 4202 3829 4273; x_wconf 55' lang='lat' dir='ltr'><strong>coepit:</strong></span> 
     </span>
    </p>
   </div>
   <div class='ocr_carea' id='block_1_94' title="bbox 2239 4271 3129 4346">
    <p class='ocr_par' dir='ltr' id='par_1_94' title="bbox 2239 4271 3129 4346">
     <span class='ocr_line' id='line_1_94' title="bbox 2239 4271 3129 4346; baseline 0.007 -20"><span class='ocrx_word' id='word_1_595' title='bbox 2239 4271 2497 4346; x_wconf 80' lang='lat' dir='ltr'><strong>illudque</strong></span> <span class='ocrx_word' id='word_1_596' title='bbox 2526 4274 2818 4331; x_wconf 86' lang='lat' dir='ltr'><strong>Herluino</strong></span> <span class='ocrx_word' id='word_1_597' title='bbox 2837 4278 3129 4346; x_wconf 83' lang='lat' dir='ltr'><strong>reddidit,</strong></span> 
     </span>
    </p>
   </div>
   <div class='ocr_carea' id='block_1_95' title="bbox 2274 4361 3829 4434">
    <p class='ocr_par' dir='ltr' id='par_1_95' title="bbox 2274 4361 3829 4434">
     <span class='ocr_line' id='line_1_95' title="bbox 2274 4361 3829 4434; baseline -0.002 -18"><span class='ocrx_word' id='word_1_598' title='bbox 2274 4361 2356 4416; x_wconf 90' lang='lat' dir='ltr'><strong>Ea</strong></span> <span class='ocrx_word' id='word_1_599' title='bbox 2371 4365 2716 4432; x_wconf 89' lang='lat' dir='ltr'><strong>tempestate</strong></span> <span class='ocrx_word' id='word_1_600' title='bbox 2739 4365 3030 4421; x_wconf 85' lang='lat' dir='ltr'><strong>Arnulfus</strong></span> <span class='ocrx_word' id='word_1_601' title='bbox 3053 4367 3447 4424; x_wconf 88' lang='lat' dir='ltr'><strong>Flandrensis</strong></span> <span class='ocrx_word' id='word_1_602' title='bbox 3463 4381 3674 4434; x_wconf 88' lang='lat' dir='ltr'><strong>comes,</strong></span> <span class='ocrx_word' id='word_1_603' title='bbox 3693 4364 3829 4418; x_wconf 87' lang='lat' dir='ltr'><strong>homo</strong></span> 
     </span>
    </p>
   </div>
   <div class='ocr_carea' id='block_1_96' title="bbox 2201 4452 3834 4528">
    <p class='ocr_par' dir='ltr' id='par_1_96' title="bbox 2201 4452 3834 4528">
     <span class='ocr_line' id='line_1_96' title="bbox 2201 4452 3834 4528; baseline -0.001 -25"><span class='ocrx_word' id='word_1_604' title='bbox 2201 4455 2503 4521; x_wconf 88' lang='lat' dir='ltr'><strong>versutus,</strong></span> <span class='ocrx_word' id='word_1_605' title='bbox 2531 4452 2679 4506; x_wconf 91' lang='lat' dir='ltr'><strong>intra</strong></span> <span class='ocrx_word' id='word_1_606' title='bbox 2710 4455 2804 4508; x_wconf 88' lang='lat' dir='ltr'><strong>sui</strong></span> <span class='ocrx_word' id='word_1_607' title='bbox 2823 4454 2978 4525; x_wconf 85' lang='lat' dir='ltr'><strong>juris</strong></span> <span class='ocrx_word' id='word_1_608' title='bbox 3001 4457 3288 4512; x_wconf 89' lang='lat' dir='ltr'><strong>terminos</strong></span> <span class='ocrx_word' id='word_1_609' title='bbox 3307 4458 3619 4528; x_wconf 88' lang='lat' dir='ltr'><strong>cupiditate</strong></span> <span class='ocrx_word' id='word_1_610' title='bbox 3648 4455 3834 4509; x_wconf 89' lang='lat' dir='ltr'><strong>illectus</strong></span> 
     </span>
    </p>
   </div>
   <div class='ocr_carea' id='block_1_97' title="bbox 423 4540 3833 4618">
    <p class='ocr_par' dir='ltr' id='par_1_97' title="bbox 423 4540 3833 4618">
     <span class='ocr_line' id='line_1_97' title="bbox 423 4540 3833 4618; baseline -0.001 -18"><span class='ocrx_word' id='word_1_611' title='bbox 423 4546 582 4618; x_wconf 83' lang='lat' dir='ltr'><strong>magi</strong></span> <span class='ocrx_word' id='word_1_612' title='bbox 610 4555 745 4600; x_wconf 89' lang='lat' dir='ltr'><strong>cum</strong></span> <span class='ocrx_word' id='word_1_613' title='bbox 774 4545 1028 4600; x_wconf 88' lang='lat' dir='ltr'><strong>maxime</strong></span> <span class='ocrx_word' id='word_1_614' title='bbox 1061 4546 1276 4617; x_wconf 84' lang='lat' dir='ltr'><strong>gaudio</strong></span> <span class='ocrx_word' id='word_1_615' title='bbox 1307 4547 1530 4614; x_wconf 89' lang='lat' dir='ltr'><strong>recepit</strong></span> <span class='ocrx_word' id='word_1_616' title='bbox 1561 4548 1772 4601; x_wconf 88' lang='lat' dir='ltr'><strong>etcum</strong></span> <span class='ocrx_word' id='word_1_617' title='bbox 1805 4545 1962 4600; x_wconf 89' lang='lat' dir='ltr'><strong>omni</strong></span> <span class='ocrx_word' id='word_1_618' title='bbox 1983 4546 2093 4600; x_wconf 85' lang='lat' dir='ltr'><strong>ho-</strong></span> <span class='ocrx_word' id='word_1_619' title='bbox 2121 4555 2174 4617; x_wconf 81' lang='grc' dir='ltr'><strong>ι’)</strong></span> <span class='ocrx_word' id='word_1_620' title='bbox 2201 4553 2320 4594; x_wconf 88' lang='lat' dir='ltr'><strong>non</strong></span> <span class='ocrx_word' id='word_1_621' title='bbox 2350 4555 2417 4594; x_wconf 90' lang='lat' dir='ltr'><strong>se</strong></span> <span class='ocrx_word' id='word_1_622' title='bbox 2449 4540 2654 4596; x_wconf 91' lang='lat' dir='ltr'><strong>valens</strong></span> <span class='ocrx_word' id='word_1_623' title='bbox 2686 4543 2984 4614; x_wconf 91' lang='lat' dir='ltr'><strong>cohibere,</strong></span> <span class='ocrx_word' id='word_1_624' title='bbox 3018 4546 3308 4616; x_wconf 89' lang='lat' dir='ltr'><strong>plurimos</strong></span> <span class='ocrx_word' id='word_1_625' title='bbox 3350 4547 3410 4600; x_wconf 91' lang='lat' dir='ltr'><strong>in</strong></span> <span class='ocrx_word' id='word_1_626' title='bbox 3431 4547 3618 4601; x_wconf 88' lang='lat' dir='ltr'><strong>vicino</strong></span> <span class='ocrx_word' id='word_1_627' title='bbox 3647 4541 3833 4614; x_wconf 86' lang='lat' dir='ltr'><strong>positOS</strong></span> 
     </span>
    </p>
   </div>
   <div class='ocr_carea' id='block_1_98' title="bbox 420 4633 2088 4706">
    <p class='ocr_par' dir='ltr' id='par_1_98' title="bbox 420 4633 2088 4706">
     <span class='ocr_line' id='line_1_98' title="bbox 420 4633 2088 4706; baseline -0.001 -17"><span class='ocrx_word' id='word_1_628' title='bbox 420 4649 585 4705; x_wconf 85' lang='lat' dir='ltr'><strong>nore,</strong></span> <span class='ocrx_word' id='word_1_629' title='bbox 635 4633 884 4689; x_wconf 90' lang='lat' dir='ltr'><strong>militum</strong></span> <span class='ocrx_word' id='word_1_630' title='bbox 925 4637 1131 4690; x_wconf 90' lang='lat' dir='ltr'><strong>cuneis</strong></span> <span class='ocrx_word' id='word_1_631' title='bbox 1163 4637 1392 4706; x_wconf 90' lang='lat' dir='ltr'><strong>septus,</strong></span> <span class='ocrx_word' id='word_1_632' title='bbox 1444 4635 1868 4690; x_wconf 85' lang='lat' dir='ltr'><strong>Gemmeticum</strong></span> <span class='ocrx_word' id='word_1_633' title='bbox 1905 4635 2088 4703; x_wconf 87' lang='lat' dir='ltr'><strong>duxit,</strong></span> 
     </span>
    </p>
   </div>
   <div class='ocr_carea' id='block_1_99' title="bbox 423 4723 2094 4796">
    <p class='ocr_par' dir='ltr' id='par_1_99' title="bbox 423 4723 2094 4796">
     <span class='ocr_line' id='line_1_99' title="bbox 423 4723 2094 4796; baseline -0.002 -17"><span class='ocrx_word' id='word_1_634' title='bbox 423 4723 740 4796; x_wconf 88' lang='lat' dir='ltr'><strong>abbatique</strong></span> <span class='ocrx_word' id='word_1_635' title='bbox 794 4723 991 4778; x_wconf 91' lang='lat' dir='ltr'><strong>locum</strong></span> <span class='ocrx_word' id='word_1_636' title='bbox 1047 4739 1180 4778; x_wconf 90' lang='lat' dir='ltr'><strong>cum</strong></span> <span class='ocrx_word' id='word_1_637' title='bbox 1248 4726 1367 4779; x_wconf 85' lang='lat' dir='ltr'><strong>tota</strong></span> <span class='ocrx_word' id='word_1_638' title='bbox 1423 4724 1561 4779; x_wconf 92' lang='lat' dir='ltr'><strong>villa</strong></span> <span class='ocrx_word' id='word_1_639' title='bbox 1611 4724 1869 4793; x_wconf 90' lang='lat' dir='ltr'><strong>tradidit,</strong></span> <span class='ocrx_word' id='word_1_640' title='bbox 1919 4739 2094 4794; x_wconf 89' lang='lat' dir='ltr'><strong>quam</strong></span> 
     </span>
    </p>
   </div>
   <div class='ocr_carea' id='block_1_100' title="bbox 421 4812 2094 4880">
    <p class='ocr_par' dir='ltr' id='par_1_100' title="bbox 421 4812 2094 4880">
     <span class='ocr_line' id='line_1_100' title="bbox 421 4812 2094 4880; baseline 0 -13"><span class='ocrx_word' id='word_1_641' title='bbox 421 4812 495 4869; x_wconf 88' lang='lat' dir='ltr'><strong>ab</strong></span> <span class='ocrx_word' id='word_1_642' title='bbox 523 4813 805 4868; x_wconf 88' lang='lat' dir='ltr'><strong>alodariis</strong></span> <span class='ocrx_word' id='word_1_643' title='bbox 835 4828 982 4868; x_wconf 90' lang='lat' dir='ltr'><strong>auro</strong></span> <span class='ocrx_word' id='word_1_644' title='bbox 1016 4812 1280 4880; x_wconf 89' lang='lat' dir='ltr'><strong>redemit,</strong></span> <span class='ocrx_word' id='word_1_645' title='bbox 1341 4815 1400 4868; x_wconf 88' lang='lat' dir='ltr'><strong>et</strong></span> <span class='ocrx_word' id='word_1_646' title='bbox 1430 4829 1497 4868; x_wconf 91' lang='lat' dir='ltr'><strong>se</strong></span> <span class='ocrx_word' id='word_1_647' title='bbox 1554 4813 1698 4868; x_wconf 91' lang='lat' dir='ltr'><strong>inibi</strong></span> <span class='ocrx_word' id='word_1_648' title='bbox 1741 4813 2094 4868; x_wconf 90' lang='lat' dir='ltr'><strong>monachum</strong></span> 
     </span>
    </p>
   </div>
   <div class='ocr_carea' id='block_1_101' title="bbox 422 4901 2094 4976">
    <p class='ocr_par' dir='ltr' id='par_1_101' title="bbox 422 4901 2094 4976">
     <span class='ocr_line' id='line_1_101' title="bbox 422 4901 2094 4976; baseline -0.001 -18"><span class='ocrx_word' id='word_1_649' title='bbox 422 4901 551 4958; x_wconf 86' lang='lat' dir='ltr'><strong>ﬂeri</strong></span> <span class='ocrx_word' id='word_1_650' title='bbox 582 4907 718 4958; x_wconf 94' lang='lat' dir='ltr'><strong>voto</strong></span> <span class='ocrx_word' id='word_1_651' title='bbox 732 4901 1036 4976; x_wconf 87' lang='lat' dir='ltr'><strong>obligavit.</strong></span> <span class='ocrx_word' id='word_1_652' title='bbox 1070 4902 1238 4958; x_wconf 90' lang='lat' dir='ltr'><strong>Votis</strong></span> <span class='ocrx_word' id='word_1_653' title='bbox 1268 4917 1503 4974; x_wconf 90' lang='lat' dir='ltr'><strong>quoque</strong></span> <span class='ocrx_word' id='word_1_654' title='bbox 1536 4901 1952 4972; x_wconf 89' lang='lat' dir='ltr'><strong>satisfecisset,</strong></span> <span class='ocrx_word' id='word_1_655' title='bbox 1977 4902 2094 4956; x_wconf 91' lang='lat' dir='ltr'><strong>nisi</strong></span> 
     </span>
    </p>
   </div>
   <div class='ocr_carea' id='block_1_102' title="bbox 424 4989 2095 5062">
    <p class='ocr_par' dir='ltr' id='par_1_102' title="bbox 424 4989 2095 5062">
     <span class='ocr_line' id='line_1_102' title="bbox 424 4989 2095 5062; baseline 0 -18"><span class='ocrx_word' id='word_1_656' title='bbox 424 4990 581 5046; x_wconf 88' lang='lat' dir='ltr'><strong>idem</strong></span> <span class='ocrx_word' id='word_1_657' title='bbox 625 4991 812 5046; x_wconf 89' lang='lat' dir='ltr'><strong>abbas</strong></span> <span class='ocrx_word' id='word_1_658' title='bbox 845 4989 979 5062; x_wconf 84' lang='lat' dir='ltr'><strong>ejus</strong></span> <span class='ocrx_word' id='word_1_659' title='bbox 1024 4990 1382 5046; x_wconf 89' lang='lat' dir='ltr'><strong>animositati</strong></span> <span class='ocrx_word' id='word_1_660' title='bbox 1432 4991 1783 5060; x_wconf 90' lang='lat' dir='ltr'><strong>obstitisset,</strong></span> <span class='ocrx_word' id='word_1_661' title='bbox 1819 5005 1889 5046; x_wconf 94' lang='lat' dir='ltr'><strong>eo</strong></span> <span class='ocrx_word' id='word_1_662' title='bbox 1936 4989 2095 5061; x_wconf 89' lang='lat' dir='ltr'><strong>quod</strong></span> 
     </span>
    </p>
   </div>
   <div class='ocr_carea' id='block_1_103' title="bbox 424 5078 2096 5152">
    <p class='ocr_par' dir='ltr' id='par_1_103' title="bbox 424 5078 2096 5152">
     <span class='ocr_line' id='line_1_103' title="bbox 424 5078 2096 5152; baseline 0.002 -21"><span class='ocrx_word' id='word_1_663' title='bbox 424 5078 583 5132; x_wconf 79' lang='lat' dir='ltr'><strong>filius</strong></span> <span class='ocrx_word' id='word_1_664' title='bbox 614 5078 749 5150; x_wconf 85' lang='lat' dir='ltr'><strong>ejus</strong></span> <span class='ocrx_word' id='word_1_665' title='bbox 781 5079 1116 5135; x_wconf 83' lang='lat' dir='ltr'><strong>Richardus</strong></span> <span class='ocrx_word' id='word_1_666' title='bbox 1147 5080 1340 5134; x_wconf 89' lang='lat' dir='ltr'><strong>adhuc</strong></span> <span class='ocrx_word' id='word_1_667' title='bbox 1370 5081 1654 5152; x_wconf 90' lang='lat' dir='ltr'><strong>puerulus</strong></span> <span class='ocrx_word' id='word_1_668' title='bbox 1677 5084 1859 5150; x_wconf 91' lang='lat' dir='ltr'><strong>esset,</strong></span> <span class='ocrx_word' id='word_1_669' title='bbox 1881 5095 2096 5134; x_wconf 86' lang='lat' dir='ltr'><strong>verens</strong></span> 
     </span>
    </p>
   </div>
   <div class='ocr_carea' id='block_1_104' title="bbox 424 5168 2091 5241">
    <p class='ocr_par' dir='ltr' id='par_1_104' title="bbox 424 5168 2091 5241">
     <span class='ocr_line' id='line_1_104' title="bbox 424 5168 2091 5241; baseline 0 -19"><span class='ocrx_word' id='word_1_670' title='bbox 424 5181 520 5236; x_wconf 90' lang='lat' dir='ltr'><strong>ne,</strong></span> <span class='ocrx_word' id='word_1_671' title='bbox 551 5170 794 5236; x_wconf 88' lang='lat' dir='ltr'><strong>propter</strong></span> <span class='ocrx_word' id='word_1_672' title='bbox 833 5169 992 5224; x_wconf 90' lang='lat' dir='ltr'><strong>illius</strong></span> <span class='ocrx_word' id='word_1_673' title='bbox 1035 5169 1513 5239; x_wconf 90' lang='lat' dir='ltr'><strong>imbecillitatem,</strong></span> <span class='ocrx_word' id='word_1_674' title='bbox 1557 5169 1944 5241; x_wconf 89' lang='lat' dir='ltr'><strong>quorumdam</strong></span> <span class='ocrx_word' id='word_1_675' title='bbox 1981 5168 2091 5222; x_wconf 89' lang='lat' dir='ltr'><strong>ini-</strong></span> 
     </span>
    </p>
   </div>
   <div class='ocr_carea' id='block_1_105' title="bbox 424 5257 2089 5328">
    <p class='ocr_par' dir='ltr' id='par_1_105' title="bbox 424 5257 2089 5328">
     <span class='ocr_line' id='line_1_105' title="bbox 424 5257 2089 5328; baseline 0.002 -18"><span class='ocrx_word' id='word_1_676' title='bbox 424 5268 677 5326; x_wconf 89' lang='lat' dir='ltr'><strong>quorum</strong></span> <span class='ocrx_word' id='word_1_677' title='bbox 729 5257 1026 5312; x_wconf 89' lang='lat' dir='ltr'><strong>molimine</strong></span> <span class='ocrx_word' id='word_1_678' title='bbox 1067 5258 1255 5328; x_wconf 90' lang='lat' dir='ltr'><strong>patria</strong></span> <span class='ocrx_word' id='word_1_679' title='bbox 1283 5259 1640 5314; x_wconf 89' lang='lat' dir='ltr'><strong>turbaretur.</strong></span> <span class='ocrx_word' id='word_1_680' title='bbox 1674 5259 2089 5314; x_wconf 89' lang='lat' dir='ltr'><strong>Verumtamen</strong></span> 
     </span>
    </p>
   </div>
   <div class='ocr_carea' id='block_1_106' title="bbox 423 5341 2092 5419">
    <p class='ocr_par' dir='ltr' id='par_1_106' title="bbox 423 5341 2092 5419">
     <span class='ocr_line' id='line_1_106' title="bbox 423 5341 2092 5419; baseline 0.002 -21"><span class='ocrx_word' id='word_1_681' title='bbox 423 5341 714 5398; x_wconf 90' lang='lat' dir='ltr'><strong>cucullam</strong></span> <span class='ocrx_word' id='word_1_682' title='bbox 760 5349 816 5398; x_wconf 93' lang='lat' dir='ltr'><strong>et</strong></span> <span class='ocrx_word' id='word_1_683' title='bbox 845 5348 1189 5402; x_wconf 89' lang='lat' dir='ltr'><strong>stamineam</strong></span> <span class='ocrx_word' id='word_1_684' title='bbox 1233 5347 1306 5402; x_wconf 88' lang='lat' dir='ltr'><strong>ab</strong></span> <span class='ocrx_word' id='word_1_685' title='bbox 1358 5363 1426 5403; x_wconf 91' lang='lat' dir='ltr'><strong>eo</strong></span> <span class='ocrx_word' id='word_1_686' title='bbox 1459 5351 1842 5419; x_wconf 86' lang='lat' dir='ltr'><strong>extorquens,</strong></span> <span class='ocrx_word' id='word_1_687' title='bbox 1887 5363 2092 5402; x_wconf 89' lang='lat' dir='ltr'><strong>secum</strong></span> 
     </span>
    </p>
   </div>
   <div class='ocr_carea' id='block_1_107' title="bbox 424 5433 2093 5507">
    <p class='ocr_par' dir='ltr' id='par_1_107' title="bbox 424 5433 2093 5507">
     <span class='ocr_line' id='line_1_107' title="bbox 424 5433 2093 5507; baseline 0.002 -19"><span class='ocrx_word' id='word_1_688' title='bbox 424 5433 782 5502; x_wconf 89' lang='lat' dir='ltr'><strong>asportavit;</strong></span> <span class='ocrx_word' id='word_1_689' title='bbox 815 5450 947 5504; x_wconf 85' lang='lat' dir='ltr'><strong>quae</strong></span> <span class='ocrx_word' id='word_1_690' title='bbox 976 5437 1033 5489; x_wconf 87' lang='lat' dir='ltr'><strong>in</strong></span> <span class='ocrx_word' id='word_1_691' title='bbox 1069 5437 1292 5491; x_wconf 89' lang='lat' dir='ltr'><strong>scrinio</strong></span> <span class='ocrx_word' id='word_1_692' title='bbox 1322 5437 1608 5507; x_wconf 89' lang='lat' dir='ltr'><strong>reposuit,</strong></span> <span class='ocrx_word' id='word_1_693' title='bbox 1642 5440 1699 5491; x_wconf 91' lang='lat' dir='ltr'><strong>et</strong></span> <span class='ocrx_word' id='word_1_694' title='bbox 1721 5437 1935 5491; x_wconf 91' lang='lat' dir='ltr'><strong>clavim</strong></span> <span class='ocrx_word' id='word_1_695' title='bbox 1959 5436 2093 5507; x_wconf 85' lang='lat' dir='ltr'><strong>ejus</strong></span> 
     </span>
    </p>
   </div>
   <div class='ocr_carea' id='block_1_108' title="bbox 427 5521 2096 5597">
    <p class='ocr_par' dir='ltr' id='par_1_108' title="bbox 427 5521 2096 5597">
     <span class='ocr_line' id='line_1_108' title="bbox 427 5521 2096 5597; baseline 0.001 -19"><span class='ocrx_word' id='word_1_696' title='bbox 427 5522 770 5594; x_wconf 79' lang='lat' dir='ltr'><strong>argenteam</strong></span> <span class='ocrx_word' id='word_1_697' title='bbox 801 5521 1038 5594; x_wconf 88' lang='lat' dir='ltr'><strong>cingulo</strong></span> <span class='ocrx_word' id='word_1_698' title='bbox 1071 5540 1181 5580; x_wconf 92' lang='lat' dir='ltr'><strong>suo</strong></span> <span class='ocrx_word' id='word_1_699' title='bbox 1208 5527 1504 5597; x_wconf 90' lang='lat' dir='ltr'><strong>appendit.</strong></span> <span class='ocrx_word' id='word_1_700' title='bbox 1548 5527 1688 5581; x_wconf 90' lang='lat' dir='ltr'><strong>Inde</strong></span> <span class='ocrx_word' id='word_1_701' title='bbox 1719 5525 1972 5597; x_wconf 90' lang='lat' dir='ltr'><strong>denique</strong></span> <span class='ocrx_word' id='word_1_702' title='bbox 2003 5527 2096 5580; x_wconf 91' lang='lat' dir='ltr'><strong>di-</strong></span> 
     </span>
    </p>
   </div>
   <div class='ocr_carea' id='block_1_109' title="bbox 425 5610 2098 5688">
    <p class='ocr_par' dir='ltr' id='par_1_109' title="bbox 425 5610 2098 5688">
     <span class='ocr_line' id='line_1_109' title="bbox 425 5610 2098 5688; baseline 0.002 -20"><span class='ocrx_word' id='word_1_703' title='bbox 425 5624 705 5686; x_wconf 89' lang='lat' dir='ltr'><strong>gressus,</strong></span> <span class='ocrx_word' id='word_1_704' title='bbox 740 5610 1178 5684; x_wconf 81' lang='lat' dir='ltr'><strong>Rothomagum</strong></span> <span class='ocrx_word' id='word_1_705' title='bbox 1206 5616 1432 5688; x_wconf 89' lang='lat' dir='ltr'><strong>repetit,</strong></span> <span class='ocrx_word' id='word_1_706' title='bbox 1476 5615 1707 5672; x_wconf 87' lang='lat' dir='ltr'><strong>abbatis</strong></span> <span class='ocrx_word' id='word_1_707' title='bbox 1736 5615 2098 5686; x_wconf 89' lang='lat' dir='ltr'><strong>prohibitum</strong></span> 
     </span>
    </p>
   </div>
   <div class='ocr_carea' id='block_1_110' title="bbox 427 5699 2101 5780">
    <p class='ocr_par' dir='ltr' id='par_1_110' title="bbox 427 5699 2101 5780">
     <span class='ocr_line' id='line_1_110' title="bbox 427 5699 2101 5780; baseline 0.001 -16"><span class='ocrx_word' id='word_1_708' title='bbox 427 5699 677 5764; x_wconf 83' lang='lat' dir='ltr'><strong>moleste</strong></span> <span class='ocrx_word' id='word_1_709' title='bbox 697 5700 923 5764; x_wconf 81' lang='lat' dir='ltr'><strong>ferens.</strong></span> <span class='ocrx_word' id='word_1_710' title='bbox 957 5701 1217 5762; x_wconf 89' lang='lat' dir='ltr'><strong>Cunctos</strong></span> <span class='ocrx_word' id='word_1_711' title='bbox 1247 5720 1482 5780; x_wconf 87' lang='lat' dir='ltr'><strong>quoque</strong></span> <span class='ocrx_word' id='word_1_712' title='bbox 1512 5706 2012 5764; x_wconf 88' lang='lat' dir='ltr'><strong>Northmannicos</strong></span> <span class='ocrx_word' id='word_1_713' title='bbox 2043 5711 2101 5765; x_wconf 91' lang='lat' dir='ltr'><strong>et</strong></span> 
     </span>
    </p>
   </div>
   <div class='ocr_carea' id='block_1_111' title="bbox 2201 4627 3837 4691">
    <p class='ocr_par' dir='ltr' id='par_1_111' title="bbox 2201 4627 3837 4691">
     <span class='ocr_line' id='line_1_111' title="bbox 2201 4627 3837 4691; baseline 0.004 -10"><span class='ocrx_word' id='word_1_714' title='bbox 2201 4627 2359 4682; x_wconf 88' lang='lat' dir='ltr'><strong>fastu</strong></span> <span class='ocrx_word' id='word_1_715' title='bbox 2406 4628 2747 4685; x_wconf 91' lang='lat' dir='ltr'><strong>dominandi</strong></span> <span class='ocrx_word' id='word_1_716' title='bbox 2802 4633 3024 4689; x_wconf 91' lang='lat' dir='ltr'><strong>studuit</strong></span> <span class='ocrx_word' id='word_1_717' title='bbox 3073 4636 3456 4691; x_wconf 87' lang='lat' dir='ltr'><strong>conturbare.</strong></span> <span class='ocrx_word' id='word_1_718' title='bbox 3516 4634 3672 4690; x_wconf 89' lang='lat' dir='ltr'><strong>Unde</strong></span> <span class='ocrx_word' id='word_1_719' title='bbox 3717 4632 3837 4683; x_wconf 73' lang='lat' dir='ltr'><strong>inter</strong></span> 
     </span>
    </p>
   </div>
   <div class='ocr_carea' id='block_1_112' title="bbox 2202 4719 3834 4794">
    <p class='ocr_par' dir='ltr' id='par_1_112' title="bbox 2202 4719 3834 4794">
     <span class='ocr_line' id='line_1_112' title="bbox 2202 4719 3834 4794; baseline -0.001 -24"><span class='ocrx_word' id='word_1_720' title='bbox 2202 4719 2414 4773; x_wconf 68' lang='lat' dir='ltr'><strong>caetera</strong></span> <span class='ocrx_word' id='word_1_721' title='bbox 2443 4733 2571 4774; x_wconf 70' lang='lat' dir='ltr'><strong>sum</strong></span> <span class='ocrx_word' id='word_1_722' title='bbox 2601 4723 2878 4794; x_wconf 66' lang='lat' dir='ltr'><strong>nequitiae</strong></span> <span class='ocrx_word' id='word_1_723' title='bbox 2908 4723 3227 4794; x_wconf 89' lang='lat' dir='ltr'><strong>molimina,</strong></span> <span class='ocrx_word' id='word_1_724' title='bbox 3263 4725 3502 4779; x_wconf 90' lang='lat' dir='ltr'><strong>cuidam</strong></span> <span class='ocrx_word' id='word_1_725' title='bbox 3533 4721 3712 4779; x_wconf 88' lang='lat' dir='ltr'><strong>comiti</strong></span> <span class='ocrx_word' id='word_1_726' title='bbox 3750 4730 3834 4772; x_wconf 89' lang='lat' dir='ltr'><strong>no-</strong></span> 
     </span>
    </p>
   </div>
   <div class='ocr_carea' id='block_1_113' title="bbox 2201 4808 3833 4885">
    <p class='ocr_par' dir='ltr' id='par_1_113' title="bbox 2201 4808 3833 4885">
     <span class='ocr_line' id='line_1_113' title="bbox 2201 4808 3833 4885; baseline -0.001 -23"><span class='ocrx_word' id='word_1_727' title='bbox 2201 4808 2360 4864; x_wconf 89' lang='lat' dir='ltr'><strong>mine</strong></span> <span class='ocrx_word' id='word_1_728' title='bbox 2390 4809 2673 4867; x_wconf 88' lang='lat' dir='ltr'><strong>Herluino</strong></span> <span class='ocrx_word' id='word_1_729' title='bbox 2704 4814 3128 4885; x_wconf 84' lang='lat' dir='ltr'><strong>gravissimum</strong></span> <span class='ocrx_word' id='word_1_730' title='bbox 3145 4813 3416 4870; x_wconf 88' lang='lat' dir='ltr'><strong>inferens</strong></span> <span class='ocrx_word' id='word_1_731' title='bbox 3450 4812 3833 4870; x_wconf 88' lang='lat' dir='ltr'><strong>detrimentum,</strong></span> 
     </span>
    </p>
   </div>
   <div class='ocr_carea' id='block_1_114' title="bbox 2208 4897 3844 4972">
    <p class='ocr_par' dir='ltr' id='par_1_114' title="bbox 2208 4897 3844 4972">
     <span class='ocr_line' id='line_1_114' title="bbox 2208 4897 3844 4972; baseline -0.007 -16"><span class='ocrx_word' id='word_1_732' title='bbox 2208 4901 2629 4972; x_wconf 90' lang='lat' dir='ltr'><strong>castrumquod</strong></span> <span class='ocrx_word' id='word_1_733' title='bbox 2649 4901 3128 4958; x_wconf 90' lang='lat' dir='ltr'><strong>Monasteriolum</strong></span> <span class='ocrx_word' id='word_1_734' title='bbox 3154 4907 3426 4971; x_wconf 88' lang='lat' dir='ltr'><strong>vocatur,</strong></span> <span class='ocrx_word' id='word_1_735' title='bbox 3462 4901 3657 4957; x_wconf 84' lang='lat' dir='ltr'><strong>fraude</strong></span> <span class='ocrx_word' id='word_1_736' title='bbox 3683 4897 3844 4951; x_wconf 88' lang='lat' dir='ltr'><strong>abstu-</strong></span> 
     </span>
    </p>
   </div>
   <div class='ocr_carea' id='block_1_115' title="bbox 2208 4986 3836 5064">
    <p class='ocr_par' dir='ltr' id='par_1_115' title="bbox 2208 4986 3836 5064">
     <span class='ocr_line' id='line_1_115' title="bbox 2208 4986 3836 5064; baseline -0.001 -19"><span class='ocrx_word' id='word_1_737' title='bbox 2208 4992 2290 5046; x_wconf 89' lang='lat' dir='ltr'><strong>lit.</strong></span> <span class='ocrx_word' id='word_1_738' title='bbox 2323 4989 2432 5055; x_wconf 91' lang='lat' dir='ltr'><strong>Qui</strong></span> <span class='ocrx_word' id='word_1_739' title='bbox 2465 4990 2536 5045; x_wconf 90' lang='lat' dir='ltr'><strong>ab</strong></span> <span class='ocrx_word' id='word_1_740' title='bbox 2569 4991 2822 5063; x_wconf 90' lang='lat' dir='ltr'><strong>Hugone</strong></span> <span class='ocrx_word' id='word_1_741' title='bbox 2858 4991 3093 5064; x_wconf 87' lang='lat' dir='ltr'><strong>Magno,</strong></span> <span class='ocrx_word' id='word_1_742' title='bbox 3129 5008 3238 5048; x_wconf 91' lang='lat' dir='ltr'><strong>suo</strong></span> <span class='ocrx_word' id='word_1_743' title='bbox 3302 4992 3581 5047; x_wconf 88' lang='lat' dir='ltr'><strong>videlicet</strong></span> <span class='ocrx_word' id='word_1_744' title='bbox 3621 4986 3836 5044; x_wconf 69' lang='lat' dir='ltr'><strong>domino.</strong></span> 
     </span>
    </p>
   </div>
   <div class='ocr_carea' id='block_1_116' title="bbox 2207 5079 3837 5152">
    <p class='ocr_par' dir='ltr' id='par_1_116' title="bbox 2207 5079 3837 5152">
     <span class='ocr_line' id='line_1_116' title="bbox 2207 5079 3837 5152; baseline -0.006 -18"><span class='ocrx_word' id='word_1_745' title='bbox 2207 5079 2502 5134; x_wconf 88' lang='lat' dir='ltr'><strong>subventu</strong></span> <span class='ocrx_word' id='word_1_746' title='bbox 2534 5081 2771 5150; x_wconf 90' lang='lat' dir='ltr'><strong>penitus</strong></span> <span class='ocrx_word' id='word_1_747' title='bbox 2802 5080 3139 5149; x_wconf 89' lang='lat' dir='ltr'><strong>destitutus,</strong></span> <span class='ocrx_word' id='word_1_748' title='bbox 3191 5082 3433 5152; x_wconf 89' lang='lat' dir='ltr'><strong>petendi</strong></span> <span class='ocrx_word' id='word_1_749' title='bbox 3474 5079 3666 5136; x_wconf 85' lang='lat' dir='ltr'><strong>auxilii</strong></span> <span class='ocrx_word' id='word_1_750' title='bbox 3694 5085 3837 5129; x_wconf 82' lang='lat' dir='ltr'><strong>causa</strong></span> 
     </span>
    </p>
   </div>
   <div class='ocr_carea' id='block_1_117' title="bbox 2206 5161 3839 5243">
    <p class='ocr_par' dir='ltr' id='par_1_117' title="bbox 2206 5161 3839 5243">
     <span class='ocr_line' id='line_1_117' title="bbox 2206 5161 3839 5243; baseline -0.006 -21"><span class='ocrx_word' id='word_1_751' title='bbox 2206 5167 2649 5224; x_wconf 72' lang='lat' dir='ltr'><strong>Northmanniaa</strong></span> <span class='ocrx_word' id='word_1_752' title='bbox 2679 5170 2976 5224; x_wconf 91' lang='lat' dir='ltr'><strong>dominum</strong></span> <span class='ocrx_word' id='word_1_753' title='bbox 2999 5171 3270 5242; x_wconf 88' lang='lat' dir='ltr'><strong>lugubris</strong></span> <span class='ocrx_word' id='word_1_754' title='bbox 3305 5169 3666 5243; x_wconf 88' lang='lat' dir='ltr'><strong>aggreditur.</strong></span> <span class='ocrx_word' id='word_1_755' title='bbox 3687 5161 3839 5232; x_wconf 81' lang='lat' dir='ltr'><strong>Cujus</strong></span> 
     </span>
    </p>
   </div>
   <div class='ocr_carea' id='block_1_118' title="bbox 2207 5252 3838 5331">
    <p class='ocr_par' dir='ltr' id='par_1_118' title="bbox 2207 5252 3838 5331">
     <span class='ocr_line' id='line_1_118' title="bbox 2207 5252 3838 5331; baseline -0.005 -21"><span class='ocrx_word' id='word_1_756' title='bbox 2207 5257 2514 5312; x_wconf 88' lang='lat' dir='ltr'><strong>calamitati</strong></span> <span class='ocrx_word' id='word_1_757' title='bbox 2538 5259 2816 5328; x_wconf 89' lang='lat' dir='ltr'><strong>princeps</strong></span> <span class='ocrx_word' id='word_1_758' title='bbox 2845 5263 2965 5313; x_wconf 90' lang='lat' dir='ltr'><strong>tam</strong></span> <span class='ocrx_word' id='word_1_759' title='bbox 2994 5261 3251 5315; x_wconf 91' lang='lat' dir='ltr'><strong>bonitate</strong></span> <span class='ocrx_word' id='word_1_760' title='bbox 3283 5275 3467 5331; x_wconf 88' lang='lat' dir='ltr'><strong>quam</strong></span> <span class='ocrx_word' id='word_1_761' title='bbox 3507 5252 3838 5326; x_wconf 86' lang='lat' dir='ltr'><strong>amplitudine</strong></span> 
     </span>
    </p>
   </div>
   <div class='ocr_carea' id='block_1_119' title="bbox 2206 5340 3840 5419">
    <p class='ocr_par' dir='ltr' id='par_1_119' title="bbox 2206 5340 3840 5419">
     <span class='ocr_line' id='line_1_119' title="bbox 2206 5340 3840 5419; baseline -0.002 -19"><span class='ocrx_word' id='word_1_762' title='bbox 2206 5347 2514 5417; x_wconf 86' lang='lat' dir='ltr'><strong>praeditus,</strong></span> <span class='ocrx_word' id='word_1_763' title='bbox 2546 5347 2834 5402; x_wconf 91' lang='lat' dir='ltr'><strong>benevolo</strong></span> <span class='ocrx_word' id='word_1_764' title='bbox 2865 5347 3059 5403; x_wconf 89' lang='lat' dir='ltr'><strong>animo</strong></span> <span class='ocrx_word' id='word_1_765' title='bbox 3111 5364 3492 5419; x_wconf 87' lang='lat' dir='ltr'><strong>compassus,</strong></span> <span class='ocrx_word' id='word_1_766' title='bbox 3527 5340 3840 5416; x_wconf 67' lang='lat' dir='ltr'><strong>congregato</strong></span> 
     </span>
    </p>
   </div>
   <div class='ocr_carea' id='block_1_120' title="bbox 2207 5431 3833 5509">
    <p class='ocr_par' dir='ltr' id='par_1_120' title="bbox 2207 5431 3833 5509">
     <span class='ocr_line' id='line_1_120' title="bbox 2207 5431 3833 5509; baseline -0.008 -19"><span class='ocrx_word' id='word_1_767' title='bbox 2207 5435 2490 5505; x_wconf 85' lang='lat' dir='ltr'><strong>exercitu,</strong></span> <span class='ocrx_word' id='word_1_768' title='bbox 2551 5437 2624 5490; x_wconf 90' lang='lat' dir='ltr'><strong>ad</strong></span> <span class='ocrx_word' id='word_1_769' title='bbox 2681 5438 3146 5509; x_wconf 86' lang='lat' dir='ltr'><strong>expugnandum</strong></span> <span class='ocrx_word' id='word_1_770' title='bbox 3190 5439 3577 5508; x_wconf 87' lang='lat' dir='ltr'><strong>municipium</strong></span> <span class='ocrx_word' id='word_1_771' title='bbox 3601 5431 3833 5488; x_wconf 86' lang='lat' dir='ltr'><strong>festinato</strong></span> 
     </span>
    </p>
   </div>
   <div class='ocr_carea' id='block_1_121' title="bbox 2205 5523 3839 5598">
    <p class='ocr_par' dir='ltr' id='par_1_121' title="bbox 2205 5523 3839 5598">
     <span class='ocr_line' id='line_1_121' title="bbox 2205 5523 3839 5598; baseline -0.005 -20"><span class='ocrx_word' id='word_1_772' title='bbox 2205 5525 2622 5595; x_wconf 85' lang='lat' dir='ltr'><strong>proficiscitur.</strong></span> <span class='ocrx_word' id='word_1_773' title='bbox 2656 5526 2824 5592; x_wconf 91' lang='lat' dir='ltr'><strong>Quod</strong></span> <span class='ocrx_word' id='word_1_774' title='bbox 2854 5542 2991 5582; x_wconf 88' lang='lat' dir='ltr'><strong>mox</strong></span> <span class='ocrx_word' id='word_1_775' title='bbox 3012 5527 3324 5582; x_wconf 90' lang='lat' dir='ltr'><strong>obsidione</strong></span> <span class='ocrx_word' id='word_1_776' title='bbox 3349 5523 3839 5598; x_wconf 85' lang='lat' dir='ltr'><strong>occupavitetcon-</strong></span> 
     </span>
    </p>
   </div>
   <div class='ocr_carea' id='block_1_122' title="bbox 2206 5605 3841 5688">
    <p class='ocr_par' dir='ltr' id='par_1_122' title="bbox 2206 5605 3841 5688">
     <span class='ocr_line' id='line_1_122' title="bbox 2206 5605 3841 5688; baseline -0.004 -20"><span class='ocrx_word' id='word_1_777' title='bbox 2206 5615 2398 5670; x_wconf 90' lang='lat' dir='ltr'><strong>citatis</strong></span> <span class='ocrx_word' id='word_1_778' title='bbox 2428 5614 2713 5672; x_wconf 91' lang='lat' dir='ltr'><strong>militibus</strong></span> <span class='ocrx_word' id='word_1_779' title='bbox 2730 5632 2837 5686; x_wconf 90' lang='lat' dir='ltr'><strong>per</strong></span> <span class='ocrx_word' id='word_1_780' title='bbox 2865 5617 2985 5671; x_wconf 86' lang='lat' dir='ltr'><strong>vim</strong></span> <span class='ocrx_word' id='word_1_781' title='bbox 3015 5617 3170 5688; x_wconf 89' lang='lat' dir='ltr'><strong>cepit</strong></span> <span class='ocrx_word' id='word_1_782' title='bbox 3198 5617 3533 5688; x_wconf 90' lang='lat' dir='ltr'><strong>iterumque</strong></span> <span class='ocrx_word' id='word_1_783' title='bbox 3577 5605 3841 5668; x_wconf 81' lang='lat' dir='ltr'><strong>alimonia-</strong></span> 
     </span>
    </p>
   </div>
   <div class='ocr_carea' id='block_1_123' title="bbox 2203 5701 3839 5780">
    <p class='ocr_par' dir='ltr' id='par_1_123' title="bbox 2203 5701 3839 5780">
     <span class='ocr_line' id='line_1_123' title="bbox 2203 5701 3839 5780; baseline -0.004 -18"><span class='ocrx_word' id='word_1_784' title='bbox 2203 5721 2335 5763; x_wconf 90' lang='lat' dir='ltr'><strong>rum</strong></span> <span class='ocrx_word' id='word_1_785' title='bbox 2361 5707 2696 5780; x_wconf 89' lang='lat' dir='ltr'><strong>sumptibus</strong></span> <span class='ocrx_word' id='word_1_786' title='bbox 2725 5705 3004 5765; x_wconf 85' lang='lat' dir='ltr'><strong>val&#39;latum</strong></span> <span class='ocrx_word' id='word_1_787' title='bbox 3045 5706 3331 5765; x_wconf 87' lang='lat' dir='ltr'><strong>Herluino</strong></span> <span class='ocrx_word' id='word_1_788' title='bbox 3370 5703 3637 5764; x_wconf 82' lang='lat' dir='ltr'><strong>reddidit.</strong></span> <span class='ocrx_word' id='word_1_789' title='bbox 3678 5701 3723 5756; x_wconf 81' lang='grc' dir='ltr'><strong>Α</strong></span> <span class='ocrx_word' id='word_1_790' title='bbox 3746 5705 3839 5768; x_wconf 80' lang='lat' dir='ltr'><strong>quo</strong></span> 
     </span>
    </p>
   </div>
  </div>
