3988 6176
479 350 596 412 811

1197 346 1630 409 WILLELMI
1676 345 2027 426 CALCULI
2073 345 2766 411 GEMMETICENSIS
2825 349 3206 414 MONACHI
3709 367 3800 429 812

483 551 600 602 tam
629 546 1318 602 nefariamFlandrensis
1342 544 1629 614 Arnulphi
1668 543 2058 614 proditionem
2094 546 2147 598 et
2182 533 2239 598 Α
2278 547 2549 616 perpessi
2580 546 2853 603 fuissent.
2884 549 2974 619 Et,
3009 564 3083 604 ne
3125 551 3387 607 diuturna
3425 557 3721 627 aegrimonia
3743 562 3834 618 lan-

481 636 802 707 lugubrem
837 635 1124 690 \Nillelmi
1181 634 1355 689 ducis
1403 649 1628 701 necem,
1664 633 1899 703 plurimi
1931 633 2151 687 condo-

484 725 742 780 luerunt.

1175 830 1428 886 CAPUT
1460 829 1528 884 II.

493 938 654 1003 Quod
685 939 1017 992 Ludovicus
1059 953 1174 992 rex
1202 937 1562 991 Francorum
1610 937 2024 1008 Rotbomagum
2062 951 2156 990 ve-

559 1013 733 1064 niens
765 1016 823 1064 et
863 1010 1220 1066 Hic/lardum
1245 1024 1490 1079 puerum
1514 1024 1708 1062 secum
1741 1007 2157 1079 fraudulenter

558 1083 620 1135 in
651 1081 970 1134 Franciam
1004 1078 1256 1145 ducens,
1281 1081 1549 1133 ducatum
1573 1078 2158 1149 Nortlimannizejuri

559 1153 823 1223 proprio,
863 1151 1031 1222 quasi
1064 1157 1221 1204 tutor
1251 1153 1444 1220 pueri,
1476 1150 1765 1204 subdidit.

569 1238 870 1307 Aliquanti
907 1241 1095 1290 tamen
1128 1238 1446 1306 complices
1480 1238 1668 1306 ipsius
1695 1237 2025 1305 homicidae,
2061 1237 2160 1306 qui

493 1343 560 1381 se
590 1327 990 1379 amicissimos
1022 1327 1151 1380 ficte
1184 1331 1351 1380 antea
1394 1325 1743 1394 fatebantur,
1789 1326 2032 1379 detectis
2067 1341 2157 1377 ar-

500 1431 781 1469 canorum
815 1415 1056 1482 intimis,
1090 1416 1255 1468 virus
1278 1415 1376 1467 diu
1400 1415 1761 1468 absconsum
1777 1415 1833 1467 in
1852 1413 2157 1484 propatulo

493 1503 884 1558 denudarunt.
929 1503 1266 1556 Ludovicus
1299 1503 1511 1556 etenim
1552 1519 1655 1556 rex
1705 1503 2010 1555 aestimans
2042 1500 2160 1554 sibi

491 1592 693 1663 magni
721 1592 970 1646 honoris
1007 1592 1250 1662 januam
1272 1592 1557 1660 patuisse,
1593 1591 1902 1644 immemor
1931 1589 2159 1644 benefi-

494 1682 722 1734 ciorum
751 1683 803 1733 et
836 1680 968 1733 fidei
1000 1681 1197 1733 aduce
1257 1695 1493 1748 semper
1531 1679 1612 1732 illi
1643 1680 1948 1748 impensae,
1986 1679 2158 1748 quasi

495 1769 879 1824 consulturus
910 1769 1062 1837 apud
1086 1768 1526 1821 Northmannos
1558 1783 1739 1836 super
1759 1767 1919 1820 illius
1942 1771 2157 1836 morte,

493 1858 817 1911 accelerate
841 1857 1045 1910 itinere
1063 1857 1494 1927 Rothomagum
1512 1857 1668 1910 venit
1692 1856 1939 1910 concite.
1975 1855 2160 1920 Quem

495 1908 847 2013 agam...
867 1908 920 1998 ει
934 1908 1271 1998 nam...
1288 1908 2161 2015 atdiieAnslechtotiusNbrth-
2191 1908 2242 1971 Β

499 2033 755 2087 mannici
789 2033 1036 2086 ducatus
1063 2037 1310 2102 tutores,
1345 2050 1478 2087 cum
1500 2033 1688 2104 regali
1718 2033 1942 2087 honore
1967 2033 2162 2087 susci-

495 2123 827 2192 pientes,ut
857 2125 1014 2176 tanto
1047 2123 1178 2192 regi
1201 2123 1495 2193 congruit,
1513 2122 1647 2192 ejus
1693 2137 1758 2176 se
1795 2122 2162 2192 subegerunt

498 2209 825 2274 famulatui,
856 2225 962 2280 pro
995 2211 1270 2263 ﬁdelitate
1297 2210 1523 2264 scilicet
1555 2210 1651 2264 sui
1679 2210 1886 2264 tantilli
1917 2210 2158 2265 domini.

495 2297 722 2352 Videns
747 2301 939 2351 autem
972 2314 1076 2352 rex
1097 2301 1274 2352 terrae
1306 2299 1635 2352 ubertatem
1667 2301 1722 2352 et
1751 2314 2037 2368 aquarum
2069 2314 2164 2352 sa-

497 2386 834 2444 lubritatem
889 2402 958 2439 ac
997 2387 1282 2440 silvarum
1345 2387 1784 2456 plenitudinem,
1847 2387 2162 2457 cupiditate

495 2475 782 2543 irretitus,
816 2473 1218 2538 fraudulenter
1276 2475 1451 2544 coepit
1497 2475 1585 2529 eis
1637 2476 1973 2544 promittere
2006 2475 2161 2546 quod

497 2563 666 2616 aliter
713 2563 1063 2632 disponebat
1119 2563 1233 2616 sibi
1278 2568 1643 2633 retorquere.
1705 2563 1939 2618 Mittens
1983 2565 2160 2633 enim,

500 2651 863 2704 Richardum
894 2667 1140 2720 puerum
1173 2651 1504 2722 suisjussit
1526 2653 1867 2721 aspectibus
1900 2668 2166 2722 praesen-

497 2739 641 2804 tari;
672 2755 848 2808 quem
879 2741 1123 2810 egregia
1156 2740 1341 2794 forma
1389 2741 1758 2810 perspiciens
1799 2741 2159 2810 decoratum,

501 2843 636 2881 cum
670 2830 986 2882 coaetaneis
1019 2830 1221 2897 pueris
1253 2830 1309 2882 in
1343 2846 1451 2883 suo
1484 2829 1695 2898 palatio
1729 2830 1991 2883 decrevit
2023 2830 2164 2883 edu-

501 2916 774 2970 candum.
799 2917 1028 2971 Interea
1051 2918 1239 2972 durus
1257 2921 1647 2972 rumortotam
1675 2918 1880 2972 urbem
1914 2933 2166 2971 concus-

503 3005 580 3058 sit
614 3021 625 3058 :
666 3005 1023 3060 Richardum
1051 3022 1176 3060 suae
1210 3008 1335 3075 spei
1378 3007 1709 3075 depositum
1761 3007 1873 3059 sub
1924 3009 2166 3075 captura

500 3094 666 3165 regis
691 3094 1033 3148 indecenter
1063 3095 1328 3149 detineri.
1389 3094 1510 3158 Qua
1555 3096 1626 3149 de
1684 3110 1748 3148 re
1785 3095 1949 3148 cives
2005 3095 2166 3148 misti

501 3199 638 3237 eum
661 3184 1012 3237 militaribus
1044 3186 1278 3252 turmis,
1317 3185 1540 3238 strictis
1571 3183 1786 3254 gladiis
1817 3199 1926 3252 per
1956 3183 2166 3237 civita-

2280 640 2505 706 gueret,
2558 637 2839 706 Optimum
2894 638 3019 692 fore
3080 640 3400 712 consilium,
3435 649 3492 698 ut
3549 647 3836 706 Richardum

2278 739 2524 794 puerum
2552 725 2781 780 adustis
2804 728 3124 797 p0plitibus
3155 731 3320 800 gravi
3350 734 3593 788 custodia
3617 740 3836 808 arctaret,

2279 816 2335 866 et
2351 817 2585 884 gentem
2601 814 3123 870 Northmannicam
3147 819 3504 889 gravissimis
3519 824 3838 895 vectigalibus

2278 903 2392 954 tam
2425 901 2523 956 diu
2567 902 2860 975 afﬂigeret
2893 906 3280 977 quoadusque
3337 909 3759 982 Danamarcham,
3789 931 3843 970 ex

2279 1005 2391 1060 qua
2424 996 2712 1060 eruperat,
2736 998 2934 1048 coacta
2949 999 3256 1064 repeteret.
3289 997 3606 1068 Rexigitur,
3635 1005 3844 1057 muneri-

2278 1078 2393 1133 bus
2418 1081 2795 1151 versutisque
2809 1083 3128 1152 proditoris
3142 1085 3422 1155 decipulis
3435 1092 3680 1158 emeatus,
3697 1091 3844 1161 ipsum

2282 1169 2604 1238 suspendio
2637 1170 2858 1242 dignun
2891 1187 2923 1224 a
2957 1174 3186 1227 scelere
3216 1174 3480 1245 absolvit,
3499 1178 3688 1232 etiram
3713 1179 3759 1232 in
3780 1180 3845 1233 in-

2280 1260 2586 1318 nocentem
2616 1274 2863 1326 puerum
2893 1261 3160 1331 reflexit;
3192 1265 3510 1333 exemplum
3537 1266 3683 1319 Pilati
3702 1267 3849 1322 imita-

2280 1347 2396 1412 tus,
2429 1346 2530 1415 qui
2560 1347 2750 1400 virum
2782 1346 3133 1404 homicidam
3157 1351 3374 1406 dimisit
3391 1358 3442 1406 et
3467 1352 3728 1408 Christum
3752 1371 3851 1410 cru-

2283 1435 2370 1487 cis
2395 1435 2686 1504 supplicio
2701 1436 3014 1493 damnavit.
3044 1441 3232 1507 Unde,
3256 1458 3384 1496 cum
3405 1443 3543 1511 apud
3574 1443 3851 1499 Lauduuum

2283 1522 2584 1578 Clavatum
2615 1531 2962 1597 moraretur,
3009 1545 3258 1599 puerum
3311 1530 3382 1584 ab
3434 1532 3657 1601 aucupio
3693 1548 3851 1604 regre-

2285 1611 2558 1682 dientem,
2593 1616 3002 1671 acerbissimis
3039 1617 3372 1673 confutatus
3404 1621 3679 1686 conviciis,
3713 1636 3854 1676 mere-

2281 1701 2448 1756 tricis
2480 1703 2662 1758 ﬁlium
2697 1704 2847 1760 ultro
2861 1706 3054 1760 virum
3083 1707 3336 1762 alienum
3366 1709 3626 1778 rapientis
3645 1725 3754 1763 eum
3777 1725 3855 1764 vo-

2287 1791 2461 1859 cavit,
2522 1794 2596 1859 et,
2667 1793 2784 1846 nisi
2832 1810 2866 1846 a
2921 1795 3137 1849 talibus
3173 1797 3560 1866 resipisceret,
3590 1799 3854 1851 cauterialis

2285 1879 2539 1949 genibus
2573 1882 2728 1934 omni
2752 1881 2915 1935 illum
2933 1883 3156 1937 honore
3171 1885 3387 1954 privari
3437 1885 3666 1938 minatus
3693 1888 3780 1938 est.
3799 1885 3857 1938 De

2287 1968 2506 2036 putatis
2552 1972 2743 2024 autem
2792 1971 2925 2024 aliis
2981 1973 3352 2043 custodibus,
3400 1988 3469 2028 ne
3507 1973 3750 2042 elabatur,
3775 1973 3856 2027 sub

2291 2071 2501 2128 magna
2534 2058 2760 2112 cautela
2789 2061 3020 2114 servari
3040 2061 3308 2132 jubetur.

2930 2183 3182 2239 CAPUT
3212 2184 3312 2239 IV.

2292 2303 2420 2382 Qua_
2446 2305 2672 2360 cautela
2709 2305 2843 2382 Osm
2852 2309 3039 2382 undas
3051 2317 3406 2380 procurator
3425 2311 3601 2382 ipsius
3609 2310 3758 2382 pueri
3770 2325 3862 2364 eum

2359 2376 2433 2429 ab
2452 2385 2616 2430 arcta
2635 2379 2898 2433 custodia
2920 2376 3227 2448 liberavit,
3262 2388 3320 2436 et
3338 2398 3368 2434 a
3405 2376 3660 2436 Eauduno
3677 2379 3862 2434 Claram

2362 2455 2709 2525 exemptum,
2771 2450 3138 2525 Silvanectis
3195 2467 3382 2525 usque
3425 2454 3506 2525 ad
3532 2451 3861 2525 Bernardum

2362 2520 2629 2574 comitem
2668 2522 3023 2576 avunculum
3060 2525 3254 2594 ipsius
3277 2520 3577 2595 perduxit.

2365 2626 2628 2680 Audiens
2661 2626 2913 2698 denique
2942 2629 3286 2683 Osmundus
3316 2632 3643 2700 procurator
3669 2628 3777 2699 ejus
3801 2643 3866 2682 se-

2292 2716 2665 2769 verissimum
2695 2718 2859 2787 regis
2884 2721 3255 2788 sententiam,
3278 2725 3333 2774 et
3352 2721 3664 2790 intelligens
3691 2720 3866 2772 futuros

2291 2804 2380 2857 rei
2411 2819 2612 2868 casus;
2667 2805 2856 2860 animo
2895 2812 3316 2862 consternatus
3344 2809 3730 2864 Northmannis
3755 2808 3869 2876 lega-

2293 2896 2414 2947 tum
2459 2894 2649 2963 mittit,
2691 2896 2976 2949 mandans
3035 2897 3338 2951 dominum
3388 2914 3553 2952 suum
3585 2895 3870 2950 Richardum

2295 2982 2406 3035 sub
2438 2981 2677 3053 lugubri
2709 2984 3062 3053 captivitatis
3113 2986 3268 3056 jugo
3327 3003 3359 3039 a
3404 3002 3539 3057 rege
3593 2982 3866 3050 mancipari.

2293 3068 2520 3133 Quibus
2572 3073 2911 3141 compertis,
2966 3074 3281 3128 confestim
3337 3092 3440 3144 per
3484 3079 3647 3129 totam
3685 3073 3872 3141 patriam

2294 3157 2832 3215 Northmannorum
2874 3162 3149 3216 indicitur
3179 3163 3512 3218 triduanum
3551 3161 3801 3234 jejunium
3835 3160 3874 3210 et

501 3276 622 3327 tem
649 3272 1082 3341 discurrentes,
1121 3273 1343 3326 curiam
1373 3274 1537 3344 regis
1575 3275 1926 3342 irrumpunt,
1961 3272 2168 3326 ferinis
2199 3265 2248 3331 C
2295 3246 2357 3344 fit
2387 3249 2663 3344 βουίίηιλθ
2686 3251 2872 3344 φΓεῑίο
2903 3251 2977 3304 ab
3008 3252 3265 3307 ecclesia
3296 3268 3401 3322 pro
3433 3269 3500 3307 eo
3519 3252 3584 3305 ad
3612 3251 3872 3344 Dominum.

498 3362 809 3415 conatibus
856 3361 1021 3416 illum
1069 3362 1404 3415 interimere
1463 3361 1834 3416 festinantes.
1893 3361 2157 3427 Quorum

500 3450 788 3504 tumultus
823 3454 882 3503 ut
904 3452 1205 3518 comperit,
1235 3449 1615 3503 vehementer
1636 3451 1895 3519 territus,
1914 3450 2162 3505 consilio

503 3537 788 3593 Bernardi
819 3538 1135 3608 Dacigenaa
1156 3554 1402 3607 puerum
1436 3538 1492 3590 in
1520 3538 1675 3591 ulnis
1707 3539 1968 3608 arripuit,
2004 3555 2166 3593 eum-

504 3641 619 3697 que
649 3627 966 3680 t'ureutium
985 3627 1403 3695 conspectibus
1422 3627 1705 3695 exhibuit,
1739 3631 1796 3680 et
1825 3627 1912 3680 sic
1943 3625 2164 3680 efferes

505 3729 712 3768 eorum
743 3717 938 3768 motus
971 3717 1345 3785 compressit.
1383 3716 1602 3769 Volens
1634 3731 1778 3786 ergo
1810 3731 1916 3769 rex
1945 3716 2165 3769 tumul-

505 3806 738 3858 tuantes
801 3803 1339 3858 Northmannorum
1396 3805 1625 3857 animos
1667 3805 1900 3857 omnino
1934 3804 2166 3873 sedare,

506 3891 781 3947 consultu
803 3907 1046 3946 suorum
1063 3909 1245 3961 puero
1268 3893 1562 3946 Riehardo
1580 3896 1881 3962 paternam
1910 3893 2166 3947 haeredi-

505 3983 886 4050 tatem,paeta
905 3981 1172 4035 sibiinde
1197 3981 1491 4048 fidelitate,
1531 3982 1850 4036 concessit.
1885 3981 2068 4046 Quem
2107 3982 2166 4035 in

506 4084 617 4123 sua
647 4069 759 4123 fide
776 4070 1113 4140 suscipiens
1128 4070 1441 4139 spOpondit
1480 4085 1547 4124 se
1580 4071 1687 4138 eis,
1723 4071 1858 4124 licet
1888 4070 2164 4140 subdole,

505 4172 641 4213 eum
671 4158 1057 4228 redditurum,
1091 4158 1363 4228 palatinis
1395 4158 1726 4229 disciplinis
1756 4159 2163 4214 decenterim-

504 4247 730 4302 butum.

1133 4354 1386 4409 CAPUT
1428 4353 1525 4408 III.

511 4460 673 4526 Quod
701 4460 1034 4516 Ludovicus
1054 4461 1401 4515 muneribus
1431 4459 1732 4530 Arnulphi
1762 4466 2034 4530 eaacatus,
2071 4461 2169 4514 Ri-

577 4531 801 4602 chardo
868 4547 1055 4602 puero
1123 4532 1258 4585 duci
1315 4531 1841 4586 Northmannorun
1907 4532 2166 4587 adurere

570 4601 733 4674 pepli
738 4608 829 4655 tes
857 4603 1114 4656 minatus
1145 4608 1255 4655 est.

579 4691 690 4746 His
716 4692 793 4744 ita
826 4691 1069 4759 sedatis,
1129 4705 1236 4744 rex
1265 4691 1524 4744 dedecus
1556 4691 1711 4760 quod
1741 4707 1774 4743 a
1807 4691 2167 4744 Northman-

505 4781 603 4836 nis
633 4783 978 4850 perceperat
1035 4779 1146 4833 sub
1197 4780 1426 4834 occulto
1485 4779 1743 4849 pectoris
1774 4779 1858 4832 ira
1898 4779 2164 4834 fervente

506 4885 668 4942 aegre
699 4868 919 4936 ferens,
975 4885 1108 4922 cum
1140 4867 1434 4922 Richardo
1494 4883 1697 4937 puero,
1757 4868 1928 4937 quasi
1984 4868 2170 4937 patris

505 4959 640 5030 ejus
670 4962 916 5013 mortem
947 4959 1018 5012 de
1049 4957 1294 5010 Arnult'o
1331 4955 1986 5010 Flandrensihostiliter
2009 4957 2167 5011 ultu-

506 5064 636 5114 rus,
669 5047 977 5101 Franciam
1023 5045 1248 5114 repetit.
1287 5045 1627 5114 Arnulphus
1657 5046 1853 5115 itaque
1898 5049 2166 5099 metuens

505 5151 580 5190 ne
611 5153 718 5189 rex
740 5137 1080 5190 Ludovicus
1120 5151 1248 5187 cum
1300 5134 1529 5187 hostica
1574 5149 1748 5186 manu
1808 5149 1990 5201 super
2034 5149 2168 5186 eum

503 5224 778 5291 irrueret,
814 5229 867 5276 et
891 5241 922 5276 a
946 5225 1189 5276 crimine
1216 5223 1514 5276 traditoris
1537 5237 1603 5275 se
1623 5222 1860 5289 expiare
1891 5221 2157 5289 cupiens,

507 5311 715 5365 missis
748 5311 960 5382 legatis
992 5329 1124 5364 cum
1147 5312 1350 5364 decem
1383 5311 1552 5363 libris
1597 5310 1760 5376 auri,
1794 5325 1825 5360 a
1861 5309 2164 5376 \Nillelmi,

507 5414 653 5454 nece
671 5414 736 5451 se
767 5413 968 5452 coram
992 5415 1131 5470 rege
1163 5399 1376 5452 fatetur
1396 5399 1712 5451 immunem
1745 5413 1902 5451 esse.
1932 5397 2170 5450 l’erem-

505 5492 708 5560 ptores
741 5503 880 5541 vero
914 5488 1090 5555 illius,
1125 5487 1175 5540 si
1229 5487 1433 5556 jubeat
1478 5487 1681 5555 procul
1715 5485 1892 5539 dubio
1924 5501 1955 5537 a
1987 5484 2174 5554 patria

508 5593 576 5633 se
608 5576 1132 5630 exterminaturum
1178 5577 1502 5645 pollicetur.
1554 5577 1818 5627 Attamen
1866 5573 2168 5626 reminisci

509 5666 725 5722 debere
753 5663 1236 5719 contumeliarum
1268 5667 1324 5716 et
1379 5662 1827 5732 opprobriorum
1861 5677 1993 5730 quae
2041 5665 2159 5713 tam

507 5757 780 5828 longaevo
810 5758 1070 5824 tempore
1089 5769 1120 5805 a
1151 5751 1573 5807 Northmannis
1596 5750 1724 5821 ipse
1745 5753 1801 5805 et
1833 5751 1998 5820 pater
2028 5747 2161 5820 ejus

2195 4627 2244 4688 D

2297 3341 2467 3396 Enim
2499 3359 2641 3398 vero
2677 3343 3037 3415 Osmundus,
3097 3347 3240 3401 inito
3274 3349 3520 3402 consilio
3565 3361 3681 3399 cum
3725 3342 3876 3396 Yvone

2296 3435 2459 3501 patre
2495 3431 2782 3486 \Villelmi
2812 3433 2884 3488 de
2913 3434 3192 3504 Belismo,
3226 3452 3474 3505 puerum
3506 3433 3801 3490 hortabatur
3820 3432 3876 3491 ut,

2298 3521 2572 3575 simulata
2595 3522 2965 3594 aegritudine,
2986 3523 3138 3578 lecto
3161 3525 3556 3591 decumberet,
3595 3527 3645 3578 et
3672 3523 3734 3574 ita
3761 3530 3877 3587 aegre

2299 3613 2361 3663 ut
2377 3610 2449 3663 ab
2510 3612 2783 3665 omnibus
2819 3612 3260 3682 desperaretur.
3298 3614 3482 3685 Cujus
3521 3611 3733 3667 monitis
3775 3619 3880 3676 puer

2297 3699 2452 3754 haud
2483 3702 2749 3771 segniter
2784 3701 3217 3771 obtemperans,
3235 3704 3408 3774 quasi
3433 3704 3490 3756 in
3511 3707 3744 3756 extremo
3770 3709 3879 3748 mor-

2303 3789 2375 3842 tis
2432 3790 2684 3859 positus,
2754 3791 3030 3844 continuo
3083 3796 3271 3845 stratu
3319 3789 3710 3861 prosternitur.
3761 3778 3881 3848 Quod

2303 3878 2584 3932 custodes
2616 3878 2910 3947 videntes,
2944 3881 3212 3950 neglecta
3243 3881 3381 3952 ejus
3410 3879 3678 3943 custodia,
3707 3875 3765 3928 de
3791 3869 3882 3923 suis

2301 3967 2691 4036 procurandis
2725 3968 2906 4021 rebus
2938 3967 3054 4021 huc
3083 3969 3342 4040 illucque
3373 3969 3735 4024 divertuutur.
3754 3959 3882 4015 Forte

2298 4056 2357 4110 in
2387 4072 2523 4110 area
2555 4057 2765 4110 domus
2815 4055 3053 4126 jacebat
3085 4057 3292 4112 herbaa
3349 4057 3678 4121 fasciculus,
3726 4052 3773 4104 in
3799 4057 3883 4116 quo

2298 4143 2641 4198 Osmundus
2673 4161 2922 4215 puerum
2953 4145 3293 4219 colligatum
3325 4147 3586 4202 humeris
3615 4145 3882 4212 imponens,

2298 4235 2458 4288 velut
2487 4234 2765 4304 pabulum
2789 4249 2939 4304 equo
2986 4235 3236 4305 laturus,
3272 4239 3539 4292 cmnante
3569 4247 3716 4304 rege,
3745 4225 3885 4282 nuda-

2295 4323 2491 4393 tisque
2504 4323 2711 4392 plateis
2742 4339 2774 4376 a
2793 4324 3043 4390 civibus,
3071 4325 3286 4379 muenia
3309 4327 3477 4380 urbis
3495 4315 3882 4392 transgreditur-

2297 4411 2558 4465 Veniens
2580 4415 2771 4465 autem
2789 4413 2848 4465 in
2863 4412 3097 4466 domum
3112 4413 3204 4466 sui
3233 4413 3512 4482 hospitis,
3536 4423 3700 4478 super
3723 4414 3886 4473 equum

2297 4499 2552 4555 festinus
2583 4501 2785 4570 insilit,
2819 4505 2896 4569 et,
2928 4504 3158 4570 arrepto
3191 4518 3399 4571 puero,
3435 4501 3660 4570 fugiens
3693 4493 3885 4564 quanto-

2297 4590 2425 4644 cius
2457 4589 2830 4643 Codiciaeum
2881 4590 3120 4660 appulit.
3170 4590 3231 4643 In
3269 4605 3390 4661 quo
3450 4583 3759 4643 castellanis
3786 4591 3885 4649 pue'

2304 4695 2435 4732 rum
2459 4679 2908 4746 commendavit,
2934 4683 2988 4732 et
3026 4679 3155 4747 ipse
3195 4682 3370 4732 nocte
3403 4678 3658 4748 equitans
3686 4662 3885 4725 diluculo

2296 4766 2650 4820 Silvanectis
2685 4767 2862 4819 venit.
2918 4766 3256 4820 Bernardus
3299 4783 3442 4820 vero
3477 4779 3666 4819 comes
3695 4772 3802 4814 eum
3829 4753 3886 4803 in-

2295 4857 2489 4922 tuens,
2517 4860 2631 4908 tam
2664 4858 2888 4908 mature
2915 4857 3158 4908 venisse
3190 4860 3409 4925 stupet,
3445 4859 3500 4908 et
3539 4851 3762 4923 qualiter
3785 4853 3887 4908 erga

2296 4948 2566 5014 nepotem
2600 4960 2774 4998 suum
2806 4943 3166 4997 Richardum
3181 4958 3246 4996 se
3278 4959 3381 4997 res
3406 4943 3665 5006 habeant,
3689 4933 3887 5002 diligen-

2296 5039 2388 5088 ter
2420 5033 2682 5103 inquirit.
2715 5031 2820 5085 Cui
2854 5048 2987 5085 cum
3043 5032 3128 5086 rei
3179 5031 3450 5085 ordinem
3505 5025 3810 5083 detexisset.
3850 5017 3887 5065 εί

2298 5124 2471 5178 solito
2504 5121 2788 5175 laetiorem
2815 5136 2948 5174 eum
2998 5121 3260 5187 fecisset,
3308 5121 3618 5190 Hugonem
3670 5113 3887 5180 Magnum

2297 5213 2493 5265 statim
2523 5209 2699 5264 celeri
2725 5212 2984 5280 equitatu
3001 5213 3222 5278 petunt.
3249 5211 3297 5262 Α
3331 5223 3470 5278 quo,
3498 5207 3711 5259 detecto
3737 5204 3885 5250 causae

2297 5299 2928 5366 consilio,.sacraetidei
2967 5298 3037 5351 ad
3065 5297 3391 5368 juvandum
3432 5307 3666 5366 puerum
3706 5294 3888 5340 sumen°

2294 5394 2384 5442 tes
2419 5392 2870 5457 sacramentum,
2899 5388 3294 5440 cummaximo
3328 5385 3590 5439 exercitu
3608 5372 3889 5457 fest'manlef

2292 5479 2534 5532 veniunt
2580 5475 2976 5543 Codiciaeum,
3034 5490 3283 5545 eumque
3343 5474 3477 5526 inde
3536 5467 3799 5524 sublatum
3835 5450 3888 5505 δά

2293 5565 2795 5620 Silvanectensem
2828 5565 3034 5618 urbem
3070 5563 3396 5634 gaudentes
3425 5558 3722 5615 deducunt.
