3956 6176
153 376 245 441 818
478 371 904 438 ΗῙΒΤΟΒῙᾹΞ
931 375 1715 447 ΝΟΒΤΗΜΑΝΝΟΗΗΜ

1888 388 1972 448 RI
1999 389 2249 453 OCTO.
2291 424 2368 438 —
2391 392 2647 456 LlBER
2677 395 3101 468 QUARTUS.

716 573 969 628 CAPUT
1010 576 1079 631 V.

151 679 381 760 Oricinon
427 678 765 760 Bernartius
811 669 1055 760 panos:
1088 684 1397 760 consilium
1462 686 1735 760 Hugonis

200 750 389 821 Magni,
419 749 557 821 quod
592 750 889 805 Ludovico
917 759 1121 807 contra
1152 749 1600 813 Northmanno‘s
1628 760 1736 815 de-

198 820 363 887 derat,
395 820 689 890 sapienter
718 822 1095 878 adnibilavit.

193 908 540 964 Considerans
569 913 764 964 autem
812 910 1155 968 Ludovicus
1186 930 1294 969 rex
1323 919 1522 971 votum
1558 934 1734 974 suum

136 999 320 1052 'l'ritum
356 996 468 1050 fore
481 1037 496 1067 ,
544 997 616 1051 ab
649 998 902 1070 Hugone
938 1000 1155 1072 Magno
1184 1019 1293 1072 per
1323 1005 1553 1076 legatos
1585 1023 1731 1063 suos

138 1089 298 1141 tenore
326 1084 448 1138 ﬁdei
468 1086 639 1156 erepit
659 1102 791 1140 eum
814 1089 1077 1160 exigere.
1110 1091 1215 1145 Cui
1239 1108 1370 1146 cum
1401 1097 1730 1152 renuntias-

138 1176 252 1238 sent,
282 1188 628 1244 nequaquam
672 1175 786 1229 sub
825 1192 1001 1232 manu
1047 1194 1223 1250 quam
1269 1184 1610 1252 suspicatus
1641 1189 1732 1240 est

136 1277 237 1317 eum
260 1262 446 1332 teneri,
465 1262 570 1317 sed
593 1263 707 1317 sub
735 1264 1030 1320 Bernardi
1050 1267 1516 1326 Silvanectensis
1547 1274 1732 1328 comi-

132 1351 188 1405 tis
211 1350 490 1420 praesidio;
524 1350 594 1406 de
625 1352 951 1409 redditione
975 1353 1111 1425 ejus
1142 1356 1440 1428 difﬁdens,
1472 1361 1634 1416 misit
1659 1363 1732 1417 ad

132 1438 442 1508 Amulphum
485 1438 934 1511 Flandrensem,
968 1444 1258 1500 mandans
1287 1448 1443 1518 quod
1483 1450 1601 1504 sibi
1632 1465 1729 1505 oc-

129 1532 343 1581 curreret
369 1527 638 1597 festinus,
674 1530 746 1584 de
782 1530 877 1585 his
927 1533 1310 1589 consulturus
1351 1537 1504 1606 apud
1532 1539 1730 1593 vicum

125 1615 199 1684 qui
223 1615 411 1668 dicitur
456 1617 824 1673 Restibulus.
861 1619 975 1674 Ubi
1007 1621 1146 1675 dum
1186 1624 1358 1678 ambo
1389 1627 1609 1695 pariter
1638 1627 1730 1681 di-

126 1717 265 1757 verse
289 1703 672 1774 disceptarent
700 1722 882 1776 super
902 1708 1084 1780 hujus
1107 1710 1193 1765 rei
1217 1727 1382 1782 casu,
1402 1715 1730 1771 novissime

122 1791 379 1845 subintulit
423 1792 772 1864 Arnulphus
806 1811 819 1850 :
855 1817 877 1842 «ε
920 1796 1230 1867 Novimus,
1265 1801 1362 1870 ait,
1416 1802 1728 1875 Hugonem

121 1877 347 1949 Magnum
378 1896 506 1934 cum
541 1881 967 1939 Northmannis
1000 1886 1100 1941 diu
1131 1889 1372 1958 sentire,
1396 1895 1452 1945 et
1472 1891 1604 1947 ideo
1622 1907 1728 1946 ex-

114 1966 239 2036 pedit
264 1968 355 2020 tibi
374 1971 719 2025 muneribus
742 1972 905 2027 illum
930 1989 1256 2031 excaecare.
1281 1976 1551 2034 Concede
1583 1996 1725 2052 ergo

119 2054 206 2107 eia
230 2054 477 2126 Sequana
519 2074 713 2129 usque
745 2060 816 2115 ad
866 2077 1026 2116 mare
1058 2063 1584 2121 Northmannicum
1616 2069 1727 2122 du-

114 2144 282 2211 catum,
301 2145 396 2198 tibi
419 2161 745 2201 reservans
766 2149 977 2204 urbem
998 2152 1561 2226 Rothomagensem;
1586 2172 1728 2227 qua-

115 2234 268 2299 tenus,
298 2231 423 2302 ejus
451 2235 682 2304 privata
704 2235 1031 2309 juvamine,
1054 2241 1287 2309 penitus
1319 2248 1568 2315 cogatur
1596 2245 1727 2300 haec

110 2334 224 2389 gens
254 2322 461 2388 pertida
490 2339 532 2377 ει
575 2326 763 2393 patria
802 2327 987 2381 exire.
1025 2352 1046 2376 ι)
1097 2328 1325 2394 Quibus
1374 2332 1574 2387 verbis
1617 2350 1726 2388 rex

110 2422 385 2474 persuasus
431 2412 713 2467 continuo
760 2430 870 2483 per
914 2431 1088 2470 suum
1135 2417 1394 2489 legatum
1443 2427 1724 2476 convocat

113 2493 371 2567 Hugonem
403 2500 688 2571 Magnum
733 2503 805 2556 ad
839 2503 1224 2576 colloquium,
1259 2509 1332 2561 ad
1361 2508 1560 2564 villam
1591 2527 1724 2580 quae

110 2580 278 2637 dicitur
293 2584 464 2655 Crux,
481 2586 656 2658 juxta
674 2589 1117 2660 Compendium.
1140 2592 1266 2658 Quo
1281 2611 1413 2649 cum
1434 2599 1719 2666 venisset,

108 2672 149 2721 et
170 2670 228 2723 de
253 2674 473 2729 urbium
502 2691 620 2730 seu
669 2680 1046 2734 comitatuum
1077 2682 1488 2739 distributione
1518 2686 1723 2740 audis-

104 2761 173 2810 set
196 2776 373 2831 regem
412 2764 745 2834 disputare,
779 2768 979 2822 maluit
1028 2770 1309 2840 perjurus
1343 2773 1566 2828 honore
1596 2789 1723 2827 am-

101 2844 251 2916 pliari,
293 2856 553 2906 eaeeatus
599 2855 947 2925 cupiditate,
997 2873 1171 2928 quam
1215 2875 1325 2914 suo
1384 2861 1572 2915 amico
1616 2862 1721 2917 Ri-

100 2933 275 2990 chardo
303 2939 469 2993 ﬁdem
500 2942 920 2997 inconvulsam
952 2961 1331 3003 conservare.
1355 2948 1724 3019 Quapropter

100 3036 126 3073 a
147 3022 252 3079 loco
280 3029 658 3097 recedentes,
685 3031 887 3100 jurata
918 3034 1239 3089 adversum
1276 3036 1721 3093 Northmannos

96 3113 418 3180 expeditione
458 3122 518 3171 et
581 3119 653 3172 ab
699 3120 969 3191 utrisque
1021 3124 1288 3191 partibus
1341 3127 1722 3198 congregatis

96 3203 425 3273 exercitibus,
443 3222 560 3261 rex
580 3206 836 3276 Calcina,
854 3210 1028 3282 Hugo
1047 3211 1402 3283 Bajocasina
1420 3220 1725 3285 coeperunt

94 3288 273 3355 rapinis
309 3297 363 3347 et
382 3294 685 3350 incendiis
718 3312 1062 3368 Oppugnare
1083 3302 1399 3356 territoria.
1424 3302 1566 3367 Quae
1590 3320 1721 3357 cum
1760 3295 1813 3361 Ο

92 3373 381 3435 Bernardus
407 3383 623 3438 Danus
646 3385 975 3456 didicisset,
996 3388 1280 3444 Bernardi
1311 3389 1720 3446 Silvanecten-

90 3464 156 3551 eis
183 3481 310 3523 usus
333 3472 617 3541 consilio,
644 3473 954 3528 confestim
972 3475 1202 3548 legatos
1229 3478 1433 3550 dirigit
1460 3480 1590 3551 regi
1607 3480 1722 3535 Lu-

89 3550 276 3623 dovico,
318 3558 675 3630 hujusmodi
710 3562 915 3616 verbis
963 3565 1229 3620 eruditus
1266 3582 1278 3619 :
1318 3588 1340 3614 «
1382 3550 1592 3633 Quare,
1627 3569 1721 3623 in-

87 3640 270 3714 ‘luiunt,
319 3650 869 3719 praepotentissime
900 3667 1038 3721 rex,
1088 3655 1247 3708 tuam
1276 3654 1580 3710 demoliris
1611 3672 1718 3727 pa-

86 3728 255 3801 triam;
292 3736 635 3803 praesertim
667 3753 801 3792 cum
831 3739 908 3793 sit
933 3740 1041 3795 tibi
1071 3742 1230 3796 nullo
1261 3742 1588 3798 obsistente
1622 3760 1721 3814 pa—

88 3816 218 3872 ciﬁca
245 3826 296 3876 et
325 3826 530 3895 quieta
556 3826 585 3879 ‘?
633 3825 872 3882 Desiste
909 3844 1052 3901 ergo
1083 3846 1114 3883 a
1145 3834 1378 3885 tuorum
1410 3832 1633 3902 rapinis
1663 3837 1720 3889 et

83 3908 213 3961 utere
254 3911 810 3969 Northmannorum
840 3916 1089 3971 militum
1120 3919 1361 3974 militiis.
1400 3920 1521 3976 Cur
1562 3922 1719 3977 enim

83 4006 165 4047 eos
188 4002 409 4056 vexaris
439 4003 765 4073 incendiis,
798 4020 930 4059 cum
953 4006 1057 4060 tibi
1088 4007 1282 4076 patula
1312 4008 1390 4062 sit
1419 4009 1567 4064 urbs
1593 4010 1717 4065 Ro-

80 4080 448 4159 thomagensis
466 4093 496 4145 ‘?
519 4091 968 4164 suscipeigitur
986 4094 1274 4151 benevolo
1296 4098 1489 4153 animo
1511 4114 1719 4153 eorum

84 4174 300 4241 servitia,
334 4183 396 4233 ut
427 4194 631 4251 queas
660 4181 895 4236 illorum
927 4184 1198 4239 subsidio
1226 4186 1412 4241 vitare
1443 4187 1716 4242 inimico-

76 4272 177 4314 rum
202 4266 523 4324 molimina.
566 4290 588 4317 η

686 4374 938 4431 CAPUT
977 4377 1073 4432 VI.

82 4451 209 4540 Quod
235 4459 585 4540 Ludovicus
627 4464 1042 4540 Rgtbomagum
1106 4467 1353 4540 veniens
1408 4475 1716 4540 susceptus

132 4534 207 4605 est
232 4547 261 4583 ε
288 4531 818 4610 Bernardqpanc
840 4531 1170 4610 et'caeteris
1201 4538 1454 4606 civibus,
1490 4546 1548 4593 et
1571 4531 1721 4610 quod

133 4602 241 4677 eius
271 4602 557 4677 iussione
592 4604 760 4675 Hugo
790 4606 1044 4677 Magnus
1076 4610 1339 4662 cessavit
1373 4625 1405 4663 a
1437 4602 1717 4665 devasta-

132 4673 266 4725 tione
298 4673 783 4729 Northmanniam

133 4753 237 4811 Hac
262 4761 465 4832 itaque
501 4762 801 4835 legatione
850 4766 1065 4835 oppido
1097 4767 1477 4837 exhilaratus,
1511 4770 1718 4839 prohi-

72 4838 185 4897 bitis
210 4863 239 4900 a
265 4851 477 4918 prada
493 4852 807 4921 militibus,
833 4853 1072 4909 festinat
1100 4856 1184 4910 ire
1202 4856 1273 4910 ad
1303 4838 1717 4929 urbemiquan-

73 4931 246 4987 tocius.
268 4936 379 4992 Cui
412 4940 680 4994 venienti
712 4957 843 4996 cum
864 4942 1225 4998 multimodis
1247 4944 1522 5000 laudibus
1544 4962 1717 5002 cunc-

72 5018 149 5071 tus
193 5025 449 5082 civitatis
505 5027 704 5084 clerus
754 5031 826 5084 ad
868 5035 1096 5101 portam
1137 5034 1434 5103 processit
1471 5035 1712 5101 obvius;

71 5105 296 5167 clamans
329 5131 468 5169 cum
502 5119 856 5186 populorum
895 5121 1106 5174 turmis
1150 5138 1161 5174 :
1195 5121 1563 5176 Benedictus
1611 5124 1709 5195 qui

80 5199 210 5282 venit
237 5202 296 5255 in
315 5204 564 5259 nomine
591 5204 845 5261 Domini.
878 5208 1018 5262 Inde
1048 5225 1155 5263 rex
1183 5209 1255 5263 ad
1278 5211 1513 5282 regales
1544 5226 1707 5265 acce-

72 5280 194 5338 deus
221 5288 403 5360 dapes
436 5294 620 5363 cmpit
636 5297 861 5365 epulari
884 5280 1525 5367 Splendide,Bernardo
1547 5300 1707 5354 Dano

68 5371 435 5459 ministrante.
472 5380 584 5435 Cui
630 5384 782 5438 inter
825 5387 1232 5455 prandendum
1271 5388 1408 5442 vino
1432 5387 1558 5459 jam
1588 5404 1709 5443 aes-

60 5458 223 5548 tuanti
251 5468 337 5520 sic
370 5469 719 5526 Bernardus
749 5473 857 5529 ait:
889 5496 909 5521 u
938 5474 1148 5545 Hodie,
1175 5458 1561 5530 serenissime
1583 5493 1709 5548 rex,

68 5542 387 5610 laetissimus
436 5559 631 5614 illuxit
679 5562 854 5616 nobis
903 5564 1052 5633 dies,
1101 5566 1376 5634 quoniam
1420 5565 1707 5635 coepimus

67 5650 182 5691 esse
220 5647 483 5714 regales.
524 5647 820 5705 Hactenus
851 5652 1230 5708 militavimus
1262 5653 1427 5723 duci,
1463 5654 1709 5708 ulterius

61 5727 365 5787 serviemus
386 5733 784 5794 invictissime
804 5740 951 5813 regi.
979 5741 1197 5797 Teneat
1220 5742 1335 5797 sibi
1357 5742 1704 5799 Bernardus

3389 400 3509 463 814

1761 570 2310 645 K'Silvanectensis
2343 592 2706 650 Richardum
2737 612 2909 651 suum
2930 603 3238 671 nepotem;
3270 616 3381 657 nos
3397 602 3508 657 uti-

1847 691 1981 730 nam
2009 679 2271 748 tempore
2302 681 2480 753 longo
2521 683 2847 740 habeamus
2893 689 2949 740 te
2994 688 3293 743 dominum
3324 692 3381 744 et
3408 706 3508 745 re-

1846 763 2016 835 gem!
2069 767 2300 823 Revera
2351 773 2644 827 exitiabile
2685 775 2788 828 tibi
2839 776 3150 831 consilium
3197 778 3372 849 dedit,
3408 781 3511 851 qui

1846 855 2027 908 totius
2058 855 2503 914 Northmanniei
2534 865 2829 917 exercitus
2862 864 3045 918 robur
3073 866 3341 921 amittere
3364 883 3509 922 sua-

1850 942 1945 997 sit.
1978 942 2161 1008 Quem
2201 962 2341 1002 vero
2373 949 2743 1006 inimicorum
2779 968 2896 1007 non
2924 953 3225 1008 valuisses
3257 958 3506 1028 terrere,

1848 1032 2266 1089 robustissima
2314 1036 2548 1091 illorum
2578 1040 2792 1096 virtute
2814 1042 2842 1094 ‘?
2884 1041 3028 1095 Sunt
3070 1043 3246 1113 enim,
3281 1046 3343 1098 ut
3373 1060 3507 1117 nos,

1848 1122 1947 1175 tuo
1977 1122 2234 1178 dominio
2268 1125 2545 1197 subjecti,
2578 1128 2683 1181 tibi
2714 1130 2959 1184 militare
2999 1132 3303 1199 cupientes
3330 1134 3510 1189 corde

1847 1210 2087 1266 volenti.
2120 1211 2310 1277 Quare
2341 1231 2483 1287 ergo
2523 1217 2731 1288 viginti
2777 1218 3035 1273 millibus
3067 1219 3419 1276 bellatorum
3449 1223 3510 1279 in

1846 1313 1958 1354 nos
1990 1302 2226 1355 armasti
2262 1302 2574 1374 Hugonem
2600 1308 2763 1359 tuum
2796 1306 3142 1362 inimicum?
3173 1309 3382 1365 Nonne
3404 1310 3512 1365 tibi

1853 1403 2087 1458 semper
2116 1389 2245 1460 ipse
2276 1391 2547 1447 infensus
2580 1395 2830 1462 exstitit,
2867 1400 2921 1449 et
2954 1398 3153 1451 contra
3181 1400 3236 1451 te
3264 1398 3509 1454 assidue

1849 1478 2120 1532 rixatur?
2155 1502 2176 1526 ι»
2214 1479 2323 1533 His
2369 1483 2425 1534 et
2454 1481 2799 1552 hujusmodi
2840 1499 2944 1537 rex
2989 1484 3250 1552 placatus
3280 1486 3505 1559 verbis,

1849 1581 1980 1619 cum
2007 1567 2384 1622 festinatione
2415 1569 2655 1640 Hugoni
2682 1570 2897 1641 Magno
2928 1571 3159 1643 legatos
3188 1574 3381 1641 mittit,
3407 1575 3509 1645 qui

1845 1671 1978 1709 eum
2009 1657 2359 1726 compellant
2381 1657 2542 1712 exire
2567 1674 2601 1711 a
2642 1659 3183 1714 Northmannorum
3214 1663 3504 1734 terminis,

1843 1745 1896 1799 ei
1928 1744 2196 1815 dirigens
2226 1750 2282 1800 et
2311 1746 2441 1800 haec
2475 1762 2487 1800 :
2522 1746 2800 1801 stolidum
2839 1750 3074 1819 quidem
3105 1749 3229 1804 fore
3262 1754 3417 1805 tanta
3446 1751 3508 1807 in

1841 1833 1992 1889 alius
2011 1836 2359 1904 potestatem
2381 1835 2620 1901 donare,
2655 1837 2871 1906 quibus
2903 1837 2975 1890 ad
3008 1838 3101 1891 sui
3133 1840 3510 1908 supplemen-

1761 1940 1813 2003 Β
1839 1925 1960 1977 tum
1987 1923 2185 1993 quieto
2207 1922 2348 1993 jure
2382 1923 2537 1977 nullo
2571 1923 2922 1979 adversante
2952 1926 3506 1995 possetpotiri.Quo

1839 2012 2043 2080 relato,
2078 2011 2252 2083 Hugo
2284 2012 2538 2083 Magnus
2570 2012 2739 2066 valde
2769 2014 3159 2067 exacerbatus
3194 2015 3506 2070 celerrime

1838 2103 2112 2169 recessit,
2166 2101 2389 2155 omissa
2440 2102 2833 2171 expeditione,
2884 2102 3099 2157 milites
3145 2103 3433 2158 cohibens
3476 2121 3511 2159 a

1839 2189 2301 2244 Northmannica
2343 2190 2691 2244 vastatione.
2737 2190 2867 2243 Rex
2916 2191 3131 2244 etenim
3171 2191 3514 2261 aliquandiu

1840 2278 1993 2348 apud
2044 2279 2476 2350 Rothomagum
2517 2292 2760 2331 morans
2809 2279 3161 2346 praefectum
3210 2279 3511 2335 comitatui

1840 2368 2106 2438 praefecit
2140 2367 2512 2437 Rodulphum
2535 2370 2889 2437 agnomento
2904 2366 3158 2435 Tortam,
3188 2368 3290 2437 qui
3318 2367 3510 2421 vecti-

1842 2457 1993 2527 galia
2023 2457 2319 2511 annuatim
2366 2470 2399 2508 a
2441 2455 2695 2508 subditis
2742 2455 3036 2525 exigeret,
3072 2458 3127 2509 et
3160 2458 3277 2508 tota
3308 2455 3418 2508 hac
3448 2456 3510 2510 in

1838 2546 2139 2616 provincia
2163 2546 2301 2618 jura
2327 2562 2393 2599 ac
2423 2543 2701 2615 quaelibet
2726 2542 2973 2613 negocia
2994 2543 3357 2597 decerneret.
3382 2542 3509 2608 Quo

1836 2636 2087 2707 paganis
2111 2635 2389 2702 deterior,
2408 2637 2618 2688 cuncta
2632 2632 2986 2686 monasteria
3008 2632 3081 2685 ab
3105 2633 3254 2702 ipsis
3273 2635 3507 2704 exusta,

1838 2740 1970 2794 quas
2004 2724 2161 2778 circa
2188 2723 2478 2794 Sequanae
2512 2723 2702 2775 littora
2741 2724 2925 2788 erant,
2963 2721 3206 2774 diruens
3239 2736 3270 2774 a
3300 2720 3508 2775 funda-

1837 2813 2084 2882 mentis,
2112 2812 2183 2866 ad
2217 2812 2602 2883 reparandam
2633 2810 3173 2879 Rothomagensem
3212 2810 3509 2865 civitatem

1838 2906 2059 2971 petram
2085 2903 2429 2971 aspontavit.
2446 2900 2532 2953 Ad
2552 2899 2974 2954 Gemmeticum
2993 2914 3134 2953 vero
3149 2914 3281 2952 eum
3305 2914 3511 2953 acces-

1839 2990 2042 3058 sisset,
2066 2989 2298 3044 Sanctae
2322 2989 2522 3043 Mariae
2550 2988 2969 3041 monasterium
2993 2987 3229 3055 invasit,
3245 2986 3507 3056 illudque

1838 3079 2064 3132 evertit.
2089 3077 2253 3142 Quod
2285 3095 2316 3129 a
2356 3076 2753 3131 fundamentis
2777 3075 3040 3127 funditus
3075 3074 3357 3128 diruisset
3386 3074 3507 3128 nisi

1837 3168 2072 3237 quidam
2105 3167 2357 3220 clericus
2376 3166 2609 3218 nomine
2638 3164 2909 3217 Clemens
2942 3162 3014 3216 ab
3038 3162 3324 3231 operariis
3356 3162 3507 3216 duas

1837 3259 2035 3310 turres
2065 3254 2251 3324 pretio
2298 3253 2692 3321 redemisset;
2734 3267 2867 3320 quae
2912 3266 3104 3320 usque
3152 3250 3225 3303 ad
3272 3252 3505 3319 tempus

1839 3343 2081 3397 Roberti
2110 3340 2561 3411 archiepiscopi,
2595 3341 2695 3411 qui
2715 3340 2876 3393 illam
2913 3338 3271 3393 restauravit
3309 3338 3504 3392 eccle-

1838 3433 2008 3501 siam,
2037 3434 2493 3501 permanserunt
2524 3430 2789 3484 stabiles.
2825 3428 3011 3499 Igitur
3031 3443 3156 3494 rex,
3183 3427 3254 3481 ad
3273 3426 3504 3483 libitum

1839 3520 2090 3591 expletis
2119 3520 2325 3586 rebus,
2356 3519 2626 3590 gaudens
2655 3517 2993 3588 regreditur
3022 3515 3392 3571 Laudunum.

2464 3624 2715 3681 CAPUT
2759 3623 2876 3678 VII.
2958 3676 2961 3681 .

1840 3735 2129 3801 Quomodo
2160 3733 2457 3788 industria
2476 3730 2781 3787 Bernardi
2800 3729 2973 3801 Dani,
2997 3733 3212 3800 agente
3242 3727 3507 3785 Heroldo

1904 3823 2052 3881 rege
2081 3805 2395 3881 Danorum,
2428 3803 2763 3881 Ludovicus
2783 3818 2898 3881 rex
2913 3799 3277 3881 Francorum
3300 3805 3504 3881 captus

1911 3870 2366 3948 Hdtbomagensi
2397 3875 2545 3930 urbe
2589 3874 2700 3929 sub
2731 3878 2894 3927 arcta
2940 3870 3201 3955 custodia
3231 3876 3508 3926 retentus

1906 3955 2016 4007 est.

1901 4058 2131 4112 Interea
2153 4052 2493 4109 Bernardus
2516 4051 2717 4106 Banus
2748 4054 3018 4105 metuens
3036 4067 3110 4105 ne
3128 4052 3187 4104 in
3209 4065 3503 4121 regressu

1833 4145 2174 4201 Ludovicus
2188 4158 2292 4197 rex
2306 4158 2436 4197 cum
2451 4141 2703 4212 Hugone
2717 4141 2864 4194 duce
2878 4139 3319 4193 Northmannos
3332 4154 3500 4208 pres-

1834 4235 1994 4290 suris
2008 4231 2385 4306 gravioribus
2399 4227 3042 4301 opprimeret,Heroldo
3057 4227 3356 4281 Danorum
3370 4226 3504 4297 regi

1831 4324 2025 4380 adhuc
2039 4321 2192 4392 apud
2203 4318 2627 4376 Chierisburch
2642 4316 3121 4389 degentilegatos
3136 4314 3309 4368 mittit
3323 4313 3472 4368 clam
3482 4331 3496 4379 ;

1830 4412 2119 4468 mandans
2144 4412 2224 4479 ut,
2256 4408 2497 4464 sociatis
2531 4406 2649 4461 sibi
2685 4402 3306 4461 Constantiniensibus
3323 4405 3498 4473 atque

1831 4502 1935 4572 Baj
1946 4499 2206 4555 ocasinis
2227 4497 2512 4551 militibus
2527 4495 2897 4565 expeditione
2916 4492 3351 4562 terrestri,ipse
3364 4506 3499 4546 cum

1829 4589 2059 4644 hostica
2095 4589 2290 4642 classe
2326 4586 2757 4656 direptionibus
2778 4582 3266 4639 Northmanniam
3280 4595 3496 4637 concu-

1749 4652 1805 4716 θ
1829 4681 1977 4734 teret
1996 4694 2028 4731 a
2051 4677 2315 4747 partibus
2351 4675 2617 4730 marinis:
2651 4677 2963 4746 quatenus,
2983 4673 3165 4743 hujus
3196 4672 3283 4726 rei
3303 4669 3498 4743 gratia

1831 4768 2132 4821 Ludovico
2150 4780 2295 4837 rege
2328 4764 2398 4818 ad
2432 4764 2789 4835 colloquium
2821 4766 3022 4817 contra
3045 4777 3177 4816 eum
3197 4760 3495 4830 veniente,

1835 4857 1905 4910 de
1935 4854 2191 4909 inimicis
2211 4856 2508 4925 satageret
2530 4853 2816 4908 Willelmi
2833 4851 3002 4905 amici
3027 4851 3118 4905 sui
3143 4849 3497 4921 sanguinem

1831 4944 2156 5000 vindicare.
2180 4942 2367 5014 Cujus
2399 4942 2635 4997 monitis
2666 4958 2772 4995 rex
2794 4940 3096 4995 celerrime
3115 4938 3341 5007 favens,
3358 4953 3496 5008 pro-

1834 5032 2025 5103 pulsis
2052 5033 2122 5086 ad
2140 5047 2300 5086 mare
2320 5029 3030 5099 navibus,subductisque
3052 5028 3110 5081 in
3123 5029 3302 5081 altum
3318 5027 3491 5098 velis,

1838 5122 2018 5176 circio
2041 5122 2213 5175 ﬂante
2235 5119 2526 5175 Corbonis
2558 5120 2761 5173 salinae
2790 5118 2980 5172 littora
2999 5116 3237 5186 appulit,
3265 5132 3379 5188 qua
3396 5133 3495 5171 ra-

1830 5212 1964 5280 pido
1997 5213 2190 5264 meatu
2208 5226 2273 5264 se
2291 5208 2627 5280 procelloso
2646 5207 2792 5260 mari
2823 5206 2969 5260 Diva
2993 5205 3267 5261 infundit.
3294 5205 3494 5259 Enim-

1830 5316 1973 5355 vero
2025 5299 2178 5353 t'ama
2228 5299 2403 5353 solito
2437 5312 2598 5351 more
2649 5295 2856 5350 volans
2901 5295 3263 5349 Francorum
3314 5310 3492 5350 aures

1828 5389 1986 5443 illico
2030 5387 2358 5458 percalluit,
2412 5400 2677 5456 paganos
2744 5385 3034 5439 maritima
3078 5384 3272 5438 littora
3317 5400 3490 5439 occu-

1827 5494 2007 5547 passe
2039 5494 2170 5531 cum
2220 5476 2453 5530 navium
2504 5474 2869 5529 multitudine
2916 5474 3107 5546 gravi.
3151 5474 3492 5528 Bernardus

1829 5567 2004 5621 etiam
2036 5566 2235 5619 Danus
2268 5570 2323 5620 et
2356 5564 2705 5633 Rodulphus
2729 5564 2907 5618 Torta
2929 5564 3060 5634 regi
3092 5561 3393 5617 Ludovico
3414 5564 3492 5617 le-

1810 5660 2029 5726 ,gatum
2059 5655 2349 5708 miserunt
2392 5657 2447 5707 et
2486 5653 2669 5725 hujus
2701 5653 3004 5707 infortunii
3052 5653 3325 5706 eventum
3357 5651 3490 5705 inti-

1828 5744 2078 5799 marunt.
2110 5741 2510 5813 Qui,validum
2530 5758 2912 5816 congregans
2935 5741 3279 5807 exercitum,
3301 5754 3488 5808 quan-
