3956 6176
439 343 558 408 815
1167 330 1607 394 WILLELMI
1643 329 2003 392 CALCULI
2033 326 2715 392 GEMMETICENSIS
2746 325 3159 391 MONACHI.
3253 381 3256 384 .
3681 332 3769 398 816

441 545 636 601 tocius
667 541 828 596 venit
859 537 1315 606 Rothomagum.
1336 533 1484 586 Hinc
1503 528 1762 584 Heroldo
1785 529 1912 600 regi
1930 528 2113 581 Dano-
2141 507 2199 570 Α
2229 529 2622 596 susceperunt
2660 524 2922 594 obsides,
2949 523 3083 595 ejus
3115 525 3392 595 siquidem
3419 525 3576 580 ﬁlium
3599 530 3644 582 et
3665 528 3774 584 duos

440 651 572 690 rum
604 631 838 685 mandat
891 632 951 681 ut
984 626 1137 695 apud
1171 624 1396 678 Vadum
1441 621 1540 691 qui
1568 618 1837 674 Herluini
1869 621 2112 670 vocatur
2225 617 2538 685 praesules,
2563 615 2916 668 Hildierium
2931 615 3346 668 Belvacénsem
3367 619 3520 686 atque
3534 615 3776 672 Widonem

442 722 560 778 sibi
590 720 882 786 occurrat,
908 716 1316 769 insinuaturus
1337 712 1491 765 scire
1507 709 1764 779 cupienti
1797 723 1902 761 cur
1932 705 2112 760 infes-
2225 703 2741 758 Suessionensem.
2794 702 2904 756 His
2951 702 3147 772 itaque
3186 706 3411 758 strenue
3440 705 3678 773 peractis,
3703 721 3778 759 rex

440 813 524 865 tet
551 807 837 862 terminos
861 804 1032 875 regni
1062 804 1176 856 sui.
1202 801 1342 866 Quae
1364 815 1464 854 res
1492 799 1626 868 regi
1658 796 1920 851 Heroldo
1943 796 2113 849 vebe-
2222 792 2293 846 de
2325 792 2607 846 evasione
2643 807 2752 845 sua
2797 791 2990 859 laetus,
3041 791 3370 862 regreditur
3412 791 3718 862 Laudunum,
3741 798 3782 848 et

443 900 673 953 menter
704 893 1084 963 complacuit,
1117 892 1361 944 mortem
1413 887 1582 942 ducis
1628 884 1967 939 decernenti
1994 885 2114 938 toto
2220 880 2616 934 Northmanni
2641 881 2913 950 repetunt
2943 879 3385 951 Rothomagum.

445 986 659 1039 annisu
688 982 918 1036 ulcisci.
973 979 1089 1035 Ubi
1121 994 1253 1032 cum
1285 978 1456 1030 ambo
1488 990 1669 1047 reges
1700 973 1988 1043 praeﬁnito
2021 972 2114 1027 die
2856 985 3106 1039 CAPUT
3145 985 3245 1038 1x,

447 1072 898 1139 convenissent,
945 1073 1002 1122 ct
1048 1069 1118 1121 de
1169 1065 1456 1119 VVillelmi
1504 1062 1674 1118 ducis
1715 1062 1937 1133 injusta
1969 1077 2114 1116 nece
2223 1091 2512 1157 Quomodo
2541 1089 2944 1146 Northmanm-
2976 1091 3344 1145 reduxerunt
3375 1091 3629 1145 dominum
3667 1107 3786 1146 suum

348 1187 352 1190 ·
445 1163 664 1218 diutius
696 1160 846 1212 inter
877 1173 943 1211 se
975 1158 1393 1224 disceptarent,
1412 1153 1647 1223 quidam
1665 1152 1866 1204 Danus
1891 1151 2116 1204 Herlui—
2240 1151 2262 1157 ⁷
2290 1163 2652 1216 Βίοιιεηοαωη
2685 1163 2759 1216 αθ
2785 1162 3077 1229 Francia,
3113 1169 3172 1215 θε
3204 1163 3347 1231 quod
3375 1162 3589 1216 obsides
3613 1163 3787 1217 reddi“-

443 1267 584 1307 num
605 1247 1006 1302 Monasterioli
1028 1244 1206 1298 castri
1231 1243 1522 1309 comitem,
1549 1257 1653 1312 pro
1672 1256 1788 1311 quo
1819 1241 1971 1293 idem
1997 1240 2116 1293 dux
2289 1241 2460 1302 sunt;
2495 1240 2553 1288 et
2585 1234 2658 1288 de
2688 1233 2890 1287 reditu
2918 1232 3170 1286 Heroldi
3198 1234 3260 1286 in
3289 1234 3714 1286 Danamarclzam.

445 1339 824 1403 occubuerat,
857 1336 1012 1388 inter
1042 1334 1191 1387 alios
1224 1333 1620 1401 prospiciens,
1641 1329 1764 1383 zelo
1798 1329 2115 1383 amicisuc—
2290 1340 2434 1394 Post
2465 1340 2579 1393 hoc
2619 1343 2814 1393 autem
2846 1338 3236 1392 Northmanni
3261 1338 3536 1393 mittentes
3565 1339 3626 1392 ad
3659 1338 3794 1393 Silva.

444 1443 686 1496 Census,
722 1423 1035 1479 confestim
1066 1423 1229 1475 illum
1259 1422 1464 1474 1311003
1495 1418 1766 1489 PBPdeit:
1803 1420 2119 1471 ῐῐιονῐωιῐῐι-
2219 1432 2564 1482 nectensem
2581 1428 2948 1483 Bernardum
2965 1431 3389 1482 revocaverunt
3408 1427 3529 1481 inde
3548 1443 3658 1481 cum
3676 1443 3793 1482 exet»

443 1533 558 1589 que
590 1515 703 1569 sub
735 1514 1028 1567 momento
1062 1511 1288 1565 sternit.
1332 1509 1520 1579 Cujus
1559 1511 1806 1562 mortem
1837 1507 2112 1560 Lamber-
2220 1517 2338 1571 οίιιι
2370 1533 2586 1588 magno
2633 1517 2994 1571 Hiemi-dum
3034 1518 3330 1571 seniorem
3369 1532 3544 1570 suum.
3575 1516 3796 1586 Tempore

445 1609 563 1674 tus,
597 1604 813 1658 fratrer
843 1601 998 1672 ejus,
1035 1600 1351 1669 caeterique
1367 1597 1579 1652 Franci
1601 1611 1798 1649 amare
1832 1597 2110 1664 ferentes,
2219 1619 2360 1659 vero
2391 1605 2703 1675 praeﬁnito,
2749 1606 2934 1659 ascita
2975 1605 3210 1658 militari
3251 1621 3446 1674 manu,
3478 1621 3594 1658 cum
3619 1620 3798 1673 ριιωειι-

445 1692 753 1748 concitatis
789 1690 1001 1744 animis
1032 1689 1103 1742 ad
1153 1687 1546 1742 dimicandum
1581 1701 1764 1755 super
1794 1685 1991 1738 Danos
2022 1701 2113 1740 re-
2217 1692 2377 1746 libus
2409 1693 2676 1748 Francia;
2708 1694 2868 1748 venit
2909 1709 3016 1748 rex
3045 1709 3228 1762 super
3279 1693 3507 1747 ﬂuvium
3541 1693 3679 1763 Εριω
3702 1708 3798 1746 cum

442 1781 681 1853 pentino
712 1780 929 1847 impetu
958 1779 1266 1846 proruunt.
1299 1773 1461 1838 Quos
1493 1773 1707 1843 pagani
1737 1773 1990 1825 viriliter
2021 1789 2115 1826 ex-
2221 1781 2434 1852 Magno
2460 1782 2735 1853 Hugone,
2757 1782 3182 1836 Northmannis
3218 1782 3641 1836 occurrentibus
3676 1783 3721 1833 in
3737 1781 3800 1833 al-

446 1871 755 1940 CiPienteS,
780 1866 1077 1920 Ξεννίθηίε
1110 1865 1314 1930 Marte»
1350 1867 1618 1930 satrapas
1643 1863 1848 1916 decem
1869 1864 1925 1914 et
1956 1866 2107 1930 οοιο,
2221 1872 2346 1924 tera
2359 1875 2523 1940 parte
2537 1871 2794 1924 ﬂuminis
2819 1885 2951 1924 cum
2973 1886 3156 1940 puero
3190 1871 3496 1925 Richardo.
3517 1870 3801 1923 Discurren-

447 1973 581 2011 cum
609 1955 935 2008 innumeris
967 1953 1118 2016 aliis,
1173 1951 1386 2022 gladiis
1437 1953 1759 2018 truncatos,
1808 1950 2109 2020 ignivomo
2224 1958 2384 2013 tibus
2417 1961 2609 2012 autem
2645 1959 2716 2013 ab
2754 1962 3004 2029 utraque
3037 1961 3200 2028 parte
3231 1958 3804 2026 internuntiis’Chi-isto

366 2103 373 2110 _
446 2043 847 2098 transmittunt
865 2057 1023 2095 orco.
1048 2040 1337 2107 Aliivero,
1359 2054 1425 2093 se
1449 2039 1718 2092 occulere
1739 2038 2106 2109 festinantes,
2143 2049 2194 2110 B
2229 2046 2480 2116 favente,
2513 2063 2629 2117 pax
2657 2048 2810 2101 inter
2850 2063 2955 2101 eos
2987 2047 3283 2102 stabilitur
3318 2047 3619 2101 foederibus
3645 2045 3801 2112 ﬁrmis,

445 2149 556 2205 per
605 2132 842 2185 diversa
884 2128 1124 2183 latibula
1167 2128 1275 2182 hac
1326 2127 1575 2197 illacque
1620 2127 1943 2182 nutabundi
1975 2129 2110 2184 vitae
2220 2135 2560 2207 juratisque
2592 2136 2981 2190 sacramentis
3003 2136 3249 2190 obsides
3271 2136 3606 2199 redduntur;
3633 2135 3806 2188 mortuo

445 2221 790 2294 quaerebant
841 2219 1115 2289 suffugia.
1161 2219 1286 2270 Rex
1328 2231 1562 2286 quoque
1612 2216 1950 2271 Ludovicus
1981 2235 2110 2288 per-
2227 2225 2346 2278 ﬁlio
2378 2225 2540 2296 regis
2572 2224 2725 2294 apud
2750 2224 3203 2295 Rothomagum.
3227 2225 3338 2278 His
3360 2225 3649 2278 autemrite
3667 2223 3807 2290 exple-

446 2309 599 2364 nicis
631 2309 768 2379 equi
801 2323 982 2360 cursu
1013 2323 1046 2359 a
1090 2307 1253 2376 regis
1287 2305 1530 2358 Heroldi
1583 2305 1848 2375 captione
1879 2306 2106 2378 lapsus,
2225 2313 2321 2378 tis,
2341 2329 2446 2368 rex
2462 2313 2804 2368 Ludovicus
2823 2311 3810 2384 regrediturLaudunum,etpueriti-

441 2400 504 2452 in
535 2397 845 2468 cujusdam
894 2395 1094 2449 militis
1125 2393 1327 2448 incidit
1358 2409 1588 2447 manus.
1622 2393 1730 2447 Cui
1769 2411 1901 2448 cum
1930 2399 2109 2450 multa
2226 2401 2488 2455 chardus
2505 2401 3152 2473 Rothomagum.Quem
3167 2401 3678 2472 RodulphusTorta
3694 2399 3812 2452 urbis

441 2487 826 2559 promitteret,
879 2501 952 2538 ne
1000 2483 1130 2553 ejus
1178 2484 1506 2552 proditione
1556 2482 1713 2538 hosti
1751 2484 2104 2556 traderetur,
2224 2491 2544 2560 praefectus
2575 2491 2726 2545 male
2754 2491 2912 2545 illico
2936 2491 3113 2561 ccepit
3132 2492 3417 2559 tractare,
3441 2493 3494 2544 et
3521 2489 3810 2544 domesticos

443 2576 678 2631 tandem
699 2573 870 2627 miles
883 2573 1075 2626 victus
1098 2572 1570 2642 regislacrymis,
1596 2571 1653 2624 in
1675 2574 1986 2642 quamdam
2006 2575 2108 2630 Se-
2225 2578 2356 2648 ejus
2388 2579 2632 2648 penuria
2647 2578 2822 2633 famis
2841 2579 3128 2651 afﬂigere,
3150 2577 3364 2634 nolens
3389 2578 3459 2631 ad
3487 2576 3812 2648 quotidianum

444 2680 654 2735 quanaa
687 2663 941 2716 insulam
971 2661 1302 2714 clanculum
1333 2675 1466 2714 eum
1517 2659 1818 2714 subduxit.
1851 2661 2017 2726 Quod
2047 2668 2110 2720 ut
2220 2667 2441 2721 victum
2471 2668 2589 2722 illis
2633 2672 2852 2738 praeter
2881 2685 2962 2721 xu
2993 2683 3270 2722 nummos
3311 2667 3589 2738 praebere.
3619 2665 3813 2730 Quamo—

443 2752 784 2808 Bernardus
808 2751 1006 2805 Danus
1030 2749 1436 2803 arelatoribus
1450 2750 1710 2819 agnovit,
1729 2753 2108 2808 exactoribus
2220 2756 2386 2810 brem
2428 2757 2546 2810 dux
2591 2757 2977 2811 vehementer
3023 2756 3226 2812 furore
3275 2770 3598 2811 succensus
3624 2755 3684 2808 ab
3712 2753 3814 2807 urbe

445 2842 687 2898 directis
747 2839 988 2893 militem
1038 2839 1234 2892 statim
1279 2837 1339 2890 in
1383 2837 1618 2890 vincula
1659 2838 1933 2908 conjecit.
1975 2840 2105 2911 Qui,
2218 2843 2381 2898 illum
2428 2844 2777 2899 festinanter
2823 2844 3078 2915 pepulit,
3135 2846 3543 2915 Parisiumque
3579 2845 3641 2897 ad
3683 2842 3819 2895 ﬁlium

446 2933 689 2987 coactus
724 2930 939 2984 suimet
973 2926 1349 2993 necessitate,
1391 2926 1611 2980 invitus
1643 2941 1839 2980 coram
1869 2929 2109 2998 protulit
2218 2948 2392 2986 suum
2427 2933 2682 2988 civitatis
2705 2933 3026 3004 praesulem
3054 2935 3139 2988 ire
3159 2935 3376 3006 coegit.
3402 2933 3614 2998 Quibus
3641 2934 3705 2985 ita
3729 2945 3820 3000 per—

444 3037 621 3095 quem
650 3017 999 3090 disponebat
1021 3030 1230 3070 eruere
1253 3030 1357 3083 pro
1389 3014 1644 3069 obventu
1675 3017 1958 3072 muneris.
1983 3019 2110 3072 Rex
2218 3021 2386 3090 actis,
2422 3021 2884 3076 Northmannica
2912 3022 3090 3077 tellus
3119 3022 3284 3077 siluit
3314 3039 3348 3076 a
3378 3023 3521 3076 facie
3551 3021 3713 3074 ducis.
3742 3017 3823 3071 He-

441 3127 585 3168 vero
617 3109 689 3164 ab
737 3108 930 3162 insula
961 3106 1230 3159 sublatus
1263 3104 1548 3158 Bernardi
1587 3103 1770 3174 jussu
1803 3107 1957 3176 apud
1992 3109 2106 3164 Ro-
2215 3108 2421 3163 roldus
2453 3125 2598 3164 vero
2636 3126 2746 3164 rex
2791 3125 2909 3164 non
2938 3110 3120 3164 multo
3150 3113 3290 3180 post
3319 3111 3640 3182 regreditur
3663 3109 3710 3161 in
3738 3107 3822 3159 Da-

441 3202 786 3271 thomagum
814 3195 928 3251 sub
961 3193 1294 3250 vehementi
1324 3193 1592 3247 custodia
1621 3196 1864 3249 artatur.
2141 3196 2186 3258 C
2216 3197 2614 3268 namarcham,
2647 3202 2705 3253 et
2735 3198 2934 3254 Sueno
2966 3199 3086 3253 ﬁlio
3131 3214 3244 3254 suo
3276 3199 3686 3254 reconciliatur.

1063 3281 1315 3339 CAPUT
1344 3281 1495 3336 VIII.
2872 3303 3127 3358 CAPUT
3157 3304 3232 3358 X.

443 3378 606 3446 Quod
641 3374 953 3444 Gerberga
993 3373 1226 3446 regina,
1257 3370 1556 3446 auxilium
1585 3379 1803 3441 petens
1845 3371 1919 3427 ab
1946 3374 2105 3429 Hen-

509 3452 638 3504 rico
667 3453 841 3518 patre
873 3442 977 3499 suo
1016 3442 1474 3518 Transrhenano
1517 3457 1664 3512 rege
1709 3448 1914 3497 contra
1948 3446 2106 3518 Νοιο-

513 3512 851 3583 ιὴωίίηηοε,
907 3531 1019 3568 non
1073 3512 1456 3583 impetravit;
1524 3520 1879 3583 quaprOpter
1925 3516 2108 3572 lilium

511 3605 676 3644 suum
708 3593 765 3640 et
785 3582 929 3660 duos
953 3584 1256 3660 episcopos
1279 3582 1520 3636 obsides
1525 3599 1637 3653 pro
1655 3582 2108 3660 Ludovicorege

2218 3407 2378 3475 Quod
2407 3409 2575 3481 Hugo
2601 3410 2856 3481 Magnus
2893 3409 3071 3465 filiam
3103 3427 3270 3465 suam
3293 3412 3555 3465 Emmam
3585 3404 3824 3481 Richardo

2291 3481 2428 3535 duci
2449 3478 2780 3550 despondit,
2808 3483 2960 3537 unde
2983 3482 3321 3536 Ludovicus
3349 3499 3466 3537 rex
3482 3478 3825 3550 etArnqubus

2287 3567 2483 3606 comes
2513 3548 2914 3607 Flandrensis
2950 3555 3280 3622 perterriti
3317 3554 3592 3608 auxilium
3632 3548 3826 3622 Othogis

633 3617 765 3696 ξίίησξ
780 3617 1254 3696 ζ’,ξληυῆρᾝξῗυυνω
1279 3617 1585 3653 υ”⁰¹“⁹⁰¹”
1606 3617 1637 3636 υ
1655 3617 1815 3639 ⁴⁴““⁹
1831 3617 1979 3640 “W‘
1999 3617 2108 3660 ⁸9⁸⁷
2285 3625 2469 3696 regis
2480 3624 2785 3696 petierunt
2815 3617 3022 3678 contra
3053 3624 3364 3696 Hugonem
3393 3625 3657 3696 Magnum
3679 3626 3726 3676 et
3751 3617 3829 3672 Ri-

725 3641 1055 3712 esuodeait
1147 3641 1163 3653 ι
1525 3641 1541 3653 ι
2033 3641 2060 3660 υ
2080 3641 2096 3644 ν
2285 3641 2455 3694 regis
2480 3641 2785 3692 petierunt
2815 3641 3022 3678 contra
3053 3641 3146 3677 uu
3191 3641 3364 3680 onem
3393 3641 3657 3696 magnum
3679 3641 3726 3676 et
3751 3641 3827 3672 ru-

511 3675 809 3766 £07Itlflg
856 3695 1100 3766 Juba;
1144 3741 1345 3766 “AL”
1378 3741 1565 3766 "Lam
1602 3757 1769 3766 “nm
1817 3759 1841 3766 _
1881 3743 2060 3766 Mum
2286 3694 2565 3766 caerulum
2597 3694 2820 3766 ducem,
2855 3701 2912 3749 et
2953 3695 3103 3766 quod
3137 3641 3317 3762 glho,
3348 3695 3676 3766 depopulata
3703 3699 3827 3744 terra

509 3743 1102 3840 semerggaenique
1144 3741 1350 3840 regam
1378 3741 1570 3840 vium;
1601 3757 1794 3840 siam.
1815 3759 1848 3796 ει
1881 3743 2104 3800 Νονιιι-
2281 3736 2564 3835 meum
2578 3736 3826 3839 5123.7;sanguine"aggessere»

437 3836 672 3894 mannis
701 3834 948 3889 audiens
997 3847 1138 3886 esse
1170 3835 1399 3899 captum
1444 3831 1704 3902 diriguit,
1747 3835 1802 3886 et
1835 3838 2102 3888 conster-
2273 3831 2564 3906 pug'nare.

437 3929 572 3984 nata
593 3926 785 3979 animo
811 3922 1130 3976 Henricum
1145 3919 1663 3973 Transrhenanum
1685 3937 1909 3992 regem,
1927 3939 2100 3979 suum
2279 3942 2752 4013 posthmcHugo
2783 3943 2903 3996 dux
2929 3941 3325 3998 considerans
3357 3958 3606 4014 puerum
3635 3939 3835 3994 metm,

436 4015 708 4086 e‘IUidem
756 4013 1009 4081 Patrem:
1053 4008 1740 4101 εθῙθιίίῖθΡ-θεενθάίῐυνὲ
1783 4025 1960 4101 οίτδηε
2003 4017 2096 4083 Πίν
2208 4029 2344 4083 dum
2363 4008 3053 4101 viribuscoiivalescere,
3071 4008 3378 4085 consensu
3403 4027 3832 4086 BernardiSilva-

433 4104 687 4176 Plurimo
718 4101 984 4155 ordinato
1020 4097 1753 4192 ?’Ee“‘?it“:_“9*h°{nagufn
1776 4100 2094 4192 obsideret.
2205 4119 2539 4188 nectensis,
2585 4120 2974 4174 sacramentis
3027 4097 3098 4174 ab
3147 4124 3403 4192 utraque
3441 4123 3600 4190 parte
3636 4115 3828 4188 juratis,

433 4195 742 4263 virumque
774 4205 944 4244 suum
975 4188 1264 4280 violenter
1309 4186 1444 4280 inde
1487 4187 1876 4280 abs-traheret.
1908 4189 2096 4280 Cujus
2206 4206 2381 4260 ﬁliam
2405 4186 2575 4261 suam
2607 4209 2842 4263 nomine
2863 4208 3063 4263 Emma
3094 4209 3176 4262 illi
3207 4186 3551 4280 despondit,
3583 4186 3837 4276 utipubes-

431 4281 817 4338 infortunium
849 4294 982 4332 cum
1031 4292 1137 4330 rex
1167 4276 1483 4370 Henricus
1502 4276 1787 4345 audisset,
1816 4275 1980 4346 juste
2011 4279 2099 4332 illi
2205 4310 2348 4350 cens
2377 4296 2520 4351 ﬂore
2551 4296 2881 4367 iuventutis
2901 4298 3188 4370 iungeret
3220 4275 3354 4352 ea“,
3379 4299 3497 4353 sibi
3520 4275 3644 4368 rege
3663 4275 3831 4362 éonju-

429 4372 542 4427 hoc
570 4369 897 4460 θοῐιῒίξίεεβ
926 4365 1266 4460 ΓθεΡοΠᾲξι-ν-
1287 4364 1626 4460 (Ιυίθιίίάθίη
1658 4381 1832 4460 ξίυειξη
1861 4366 2097 4460 “ille?
2204 4366 2501 4456 gali.Qum
2525 4364 2622 4439 res
2642 4364 3231 4458 Ludovicumregem
3254 4364 3665 4460 plurimosque
3684 4382 3832 4437 Fren-

428 4476 524 4514 mo
543 4460 678 4514 duci
699 4459 837 4512 olim
852 4457 876 4527 j
890 4455 1371 4524 uraverat,filium
1394 4453 1528 4524 ejus
1551 4454 1856 4523 capiendo,
1874 4456 2099 4510 nefarie

2265 4489 2409 4527 trum
2441 4489 2723 4543 proceres
2753 4475 2923 4528 valde
2961 4478 3301 4546 perterruit,
3340 4476 3451 4529 sed
3486 4475 3722 4528 maxime
3746 4471 3833 4521 Ar-

429 4551 792 4618 corruperat.
831 4566 854 4595 «
888 4546 1006 4599 Per
1037 4549 1192 4613 tuos,
1225 4543 1443 4613 inquit,
1479 4558 1511 4596 o
1544 4543 1661 4596 ﬁlia
1683 4584 1696 4611 ,
1730 4543 1902 4597 stude
1934 4544 2098 4598 illum

2265 4561 2489 4632 ilphum
2522 4543 3168 4618 Flandrensem‘totius
3215 4563 3453 4618 fraudis
3497 4564 3834 4618 incentorem.

421 4635 657 4708 juvare,
678 4633 954 4705 quoniam
985 4631 1055 4685 de
1085 4631 1340 4700 pr0priis
1355 4632 1584 4698 oportet
1601 4645 1690 4682 me
1722 4630 1795 4683 ad
1825 4647 2096 4699 praesens

2265 4651 2547 4705 udovicus
2564 4651 2854 4721 siquidem
2878 4654 2939 4704 ut
2956 4651 3067 4705 hos
3090 4666 3444 4721 magnarum
3465 4653 3672 4705 virium
3690 4649 3836 4702 duces

424 4727 742 4780 tractare.»
781 4723 889 4775 His
922 4722 1127 4792 regina
1151 4735 1180 4771 a
1216 4721 1377 4788 patre
1405 4717 2097 4786 auditis,conciterever-
2121 4764 2174 4792 η
2210 4723 2428 4776 amoris
2479 4717 2712 4776 vinculo
2768 4737 3068 4776 connexos
3101 4717 3240 4776 esse
3289 4723 3518 4790 didicit,
3567 4723 3758 4775 timens
3784 4728 3835 4767 ne

423 4814 565 4868 titur
591 4813 666 4866 ad
696 4811 1023 4874 Franciam,
1069 4808 1250 4862 rebus
1281 4821 1650 4877 nequaquam
1680 4823 1968 4876 prospere
1992 4826 2092 4864 ac-
2121 4804 2174 4826 ν
2207 4826 2410 4864 eorum
2451 4813 2661 4865 conatu
2696 4811 3088 4880 deponeretur
3129 4827 3162 4864 a
3194 4809 3457 4864 culmine
3498 4811 3682 4882 regni,
3713 4804 3841 4860 misit

420 4902 520 4958 tis.
573 4901 800 4956 Dehinc
847 4898 1099 4969 supplex
1130 4901 1412 4967 appetens
1463 4897 1776 4968 Hugonem
1813 4896 2090 4968 Magnum
2204 4899 2574 4968 Arnulphum
2594 4898 3310 4954 Flandrensemconsultu
3331 4898 3609 4969 ejusdem
3627 4893 3838 4950 adOtho—

421 4991 681 5061 postulat
723 4993 784 5043 ut
821 5005 854 5042 a
881 4986 1324 5042 'Northmannis
1374 4987 1752 5055 extorqueret
1792 4986 2090 5042 dominum
2201 5003 2335 5042 nem
2367 4987 2888 5042 Transrhenanum
2919 5003 3142 5059 regem,
3174 4987 3470 5042 mandans
3494 4985 3770 5058 quoniam,
3797 4979 3838 5032 si

422 5094 616 5133 suum.
651 5079 827 5150 Hugo
878 5092 1020 5131 vero
1071 5077 1207 5137 dux,
1245 5075 1431 5127 misso
1478 5075 1778 5128 Bernardo
1819 5074 2090 5131 Silvane-
2200 5073 3838 5148 HugonemMagnumomninocontereret,etNorthman-

422 5169 633 5236 ctensx,
665 5167 1106 5220 Northmannos
1151 5165 1436 5216 convocat
1467 5163 1536 5215 ad
1572 5163 1930 5232 colloquium
1962 5164 2086 5220 fes-
2195 5164 2388 5218 nicam
2415 5168 2633 5219 terram
2668 5182 2776 5218 suo
2817 5165 3074 5218 dominio
3107 5163 3440 5235 subigeret,
3464 5160 3664 5234 procul
3692 5157 3839 5215 dubio

418 5255 602 5312 tinato
625 5254 698 5307 ad
720 5253 996 5308 Sanctum
1018 5253 1272 5307 Clerum.
1297 5253 1561 5321 (Eumque
1584 5251 1721 5305 illuc
1739 5254 2087 5324 congregati
2197 5254 2586 5307 Lothariense
2609 5269 2859 5324 regnum
2880 5253 2960 5306 illi
2982 5253 3377 5320 contraderet,
3405 5254 3561 5323 quod
3585 5250 3720 5320 patri
3748 5260 3836 5301 suo

418 5343 679 5398 fuissent
709 5343 764 5394 et
793 5342 864 5394 de
895 5343 1058 5412 regis
1090 5341 1451 5395 exhibitione
1482 5340 1704 5394 diutius
1733 5341 2087 5396 altercaren-
2197 5341 2453 5395 Henrico
2473 5343 2601 5413 regi
2623 5342 2898 5395 videlicet
2919 5341 3386 5396 Transrhenano
3407 5341 3598 5394 fuerat
3619 5334 3839 5408 promis-

418 5435 533 5500 tur,
568 5431 744 5500 Hugo
767 5430 1020 5498 Magnus
1038 5431 1364 5485 novissime
1386 5429 1694 5484 subintulit
1725 5445 1736 5482 :
1781 5450 1802 5474 α
1839 5430 2087 5484 Reddite
2199 5446 2351 5498 sum,
2377 5433 2615 5499 propter
2638 5429 2903 5500 praelium
2933 5426 3645 5502 Suessico[Suessonico]
3665 5437 3836 5491 campo

418 5519 594 5576 nobis
625 5533 832 5589 regem
849 5523 1135 5584 nostrum,
1155 5523 1208 5572 et
1238 5536 1344 5588 pro
1371 5535 1440 5572 eo
1470 5518 1774 5586 recipi-oce
1799 5518 2086 5587 suscipite
2196 5519 2388 5588 ipsius
2402 5518 2963 5589 adjutorioaCarolo
2980 5522 3142 5586 patre
3155 5518 3346 5586 ipsius
3363 5515 3832 5570 Ludoviciconlra

417 5608 552 5680 ejus
602 5608 817 5674 filium,
870 5621 936 5659 eo
981 5610 1186 5660 tenore
1232 5611 1326 5677 ut,
1369 5612 1696 5676 opportuno
1732 5606 1846 5659 huc
1877 5621 2083 5661 rever-
2201 5607 2525 5662 Robertum
2565 5621 2850 5676 prospere
2897 5611 3152 5678 gestum.
3203 5604 3308 5670 Qui
3354 5606 3636 5676 gavisus,
3668 5600 3833 5654 audito

413 5700 606 5754 tentes
657 5699 950 5767 tempore,
986 5695 1286 5748 ﬁrmemus
1320 5711 1519 5765 pacem
1553 5696 1705 5748 inter
1745 5711 1854 5748 nos
1887 5696 2084 5750 stabili
2121 5683 2132 5690 ’
2196 5696 2350 5766 quod
2395 5696 2491 5748 diu
2528 5698 2847 5764 optaverat,
2888 5693 3237 5764 praeparatis
3268 5693 3694 5762 omnibusque
3723 5690 3828 5740 tan-

411 5787 656 5845 focdere.
682 5811 703 5837 ››
742 5787 871 5845 Hoc
904 5800 1036 5841 cum
1068 5783 1488 5841 Northmannis
1518 5784 1864 5857 placuisset,
1883 5801 1990 5858 pro
2013 5800 2082 5842 eo
2193 5786 2314 5840 tum
2335 5784 2406 5838 ad
2429 5785 2734 5858 negotium
2757 5799 3023 5858 congrua
3044 5785 3212 5841 erant
3230 5799 3294 5840 ac
3305 5781 3675 5850 necessaria,
3699 5775 3836 5831 velut
