3956 6176
450 315 570 378 819

1129 305 1566 369 WILLELMI
1623 303 1972 366 CALCULI
2018 299 2716 364 GEMMETICENSIS
2758 298 3184 360 MONACHI.
3669 306 3755 368 820

453 530 598 585 ergo
647 511 1014 584 jamjamque
1056 509 1126 562 ab
1158 507 1253 561 his
1286 507 1564 562 obstinati
1595 506 1774 560 animi
1794 503 2118 557 altercatio-
2147 485 2198 546 Α
2225 477 2381 554 ﬁlius
2412 498 2546 570 ejus
2567 501 2696 570 ipsa
2727 501 2820 554 die
2839 500 3102 568 moritur,
3135 501 3363 568 totaque
3382 498 3772 561 Carnotenaurbs

451 604 648 671 nibus,
675 605 731 656 et
761 600 1090 655 accelerate
1119 599 1327 651 itinere
1359 596 1571 650 festina
1601 595 1741 649 mihi
1775 607 2110 659 occurrere,

450 694 531 756 ut,
551 689 1072 768 indissolubilibus
1090 687 1254 756 pacis
1273 685 1542 740 foederati
1558 683 1812 737 vinculis
1833 681 2110 749 deinceps

449 796 560 851 per
615 783 874 833 mutuam
935 775 1309 830 concordiam
1353 773 1618 826 fruamur
1647 770 2111 840 competentibus

453 868 812 937 commodis;
833 866 1199 938 gaudeatque
1216 879 1322 917 rex
1335 863 1405 916 de
1418 865 1577 916 tanto
1598 876 1707 915 suo
1721 861 1888 924 duce,
1911 861 1968 912 et
1993 859 2112 912 dux

453 957 526 1012 de
545 973 655 1012 suo
670 955 1027 1010 charissimo
1040 968 1236 1023 rege.»
1253 950 1480 1016 Quibus
1495 950 1782 1003 simulatae
1797 946 2110 1019 legationis

453 1044 806 1116 ambagibus
838 1043 954 1096 dux
985 1041 1240 1107 illectus,
1287 1038 1444 1092 illico
1486 1037 1615 1108 regi
1644 1036 1879 1090 mandat
1913 1050 1979 1088 se
2019 1035 2113 1089 ul-

452 1138 660 1189 troneo
690 1132 857 1186 libitu
887 1130 1220 1184 affuturum.
1255 1126 1446 1197 Super
1475 1127 1569 1179 his
1608 1126 1988 1180 vehementer
2009 1139 2115 1178 rex

453 1222 724 1294 gavisus,
784 1220 991 1273 ascitis
1049 1218 1219 1272 ducis
1251 1215 1528 1284 inimicis,
1563 1215 1846 1268 Balduino
1889 1213 2118 1267 scilicet

453 1308 802 1364 Flandrensi
859 1310 1032 1378 atque
1061 1304 1356 1360 Goiﬂ‘redo
1388 1303 1829 1374 Andegavensi,
1859 1318 1967 1357 nec
1999 1317 2117 1356 non

451 1398 752 1453 Thebaldo
779 1396 1148 1462 Carnotensi,
1196 1409 1376 1462 super
1405 1393 1610 1446 Helnae
1642 1392 1883 1445 fluvium
1925 1391 1996 1444 ad
2026 1390 2120 1444 de-

451 1487 787 1541 testandum
807 1485 1084 1555 placitum
1105 1483 1374 1538 concitus
1402 1482 1579 1535 venit.
1595 1481 1643 1534 E
1660 1484 1864 1534 contra
1883 1494 2118 1550 quoque

454 1575 578 1630 dux
608 1591 681 1630 ex
711 1575 894 1629 altera
924 1589 1094 1645 aquae
1124 1575 1288 1642 parte
1320 1572 1473 1626 sedit
1504 1586 1636 1625 cum
1654 1570 1887 1622 militari
1918 1584 2114 1622 manu.

454 1663 712 1735 Cupiens
745 1665 938 1718 autem
959 1663 1118 1716 scire
1149 1677 1281 1732 quae
1313 1661 1468 1730 apud
1510 1675 1713 1730 regem
1745 1660 2115 1729 gererentur,

455 1752 618 1807 misit
647 1752 719 1806 de
750 1751 879 1806 suis
912 1749 1371 1816 renuntiaturos,
1405 1748 1506 1817 qui
1535 1750 1782 1818 agerent
1799 1762 1935 1800 cum
1966 1761 2034 1800 eo
2049 1745 2120 1799 de

457 1839 594 1912 ejus
626 1838 1146 1895 contubernalibus
1178 1837 1403 1890 amicis.
1438 1836 1642 1907 Legati
1679 1834 2121 1905 praenominatis
2149 1864 2195 1924 Β

459 1928 580 1983 illic
610 1928 862 1998 repertis
895 1926 1210 1981 comitibus
1241 1940 1422 1995 super
1451 1924 1661 1978 ducem
1683 1925 1910 1978 irruere
1928 1924 2122 1994 dispo-

461 2017 758 2087 nentibus,
795 2015 1107 2070 confestim
1136 2014 1363 2084 pernici
1385 2029 1564 2067 cursu
1613 2012 1884 2084 regressi
1913 2012 2123 2066 ducem

461 2107 770 2162 hortantur
816 2107 936 2158 uta
984 2105 1114 2158 loco
1163 2104 1430 2172 recedat;
1480 2117 1574 2172 ne,
1608 2103 1745 2155 dum
1769 2101 1935 2172 regia
1964 2117 2123 2171 prae-

463 2197 786 2264 occupatur
836 2192 1182 2263 proditione,
1239 2192 1459 2245 inimici
1503 2191 1636 2261 ejus
1691 2191 2009 2244 adversum
2054 2204 2120 2244 se

463 2283 919 2356 congredientes
950 2281 1242 2353 gaudeant
1273 2281 1344 2334 de
1374 2281 1510 2333 illus
1567 2283 1772 2334 morte.
1832 2279 2120 2333 Continuo

462 2374 603 2443 dux,
637 2370 1125 2441 compellentibus
1157 2370 1286 2424 suis
1314 2369 1555 2422 ﬂuvium
1579 2370 1796 2438 Deppae
1821 2368 2122 2421 transiens

462 2461 802 2532 aliquandiu
834 2459 1115 2528 substitit,
1166 2463 1221 2512 et
1267 2475 1300 2510 a
1345 2458 1495 2511 vado
1540 2473 1707 2527 aquae
1740 2457 2122 2526 insequentes

463 2551 673 2605 hostes
703 2547 1023 2618 prohibuit,
1049 2547 1237 2601 donec
1267 2547 1494 2617 regiam
1526 2546 1644 2599 vim
1665 2545 1990 2613 declinans,
2015 2545 2125 2598 Bo-

465 2638 809 2708 thomagum
839 2635 1414 2704 repeteretceleriter
1437 2650 1570 2687 cum
1602 2634 1750 2687 suis.
1776 2633 1873 2686 Sic
1896 2632 2123 2686 detecta

465 2726 528 2780 in
557 2725 862 2797 propatulo
894 2724 1099 2778 fraude
1130 2723 1314 2795 regis,
1339 2722 1768 2777 animositatem
1802 2720 1937 2792 ejus
1968 2721 2126 2774 circa

468 2830 536 2869 se
565 2813 825 2886 agnovit.

1087 2918 1338 2972 CAPUT
1397 2918 1504 2972 XV

471 3037 635 3103 Quod
664 3051 780 3090 rex
806 3035 1126 3089 Lotharius
1157 3034 1360 3088 urbem
1382 3033 1701 3088 Ebroicam
1715 3033 1956 3104 capiens
1985 3032 2130 3086 The-

539 3108 713 3163 baldo
746 3107 996 3161 tradidit
1012 3125 1025 3172 ;
1043 3111 1099 3160 et
1114 3107 1390 3176 quomodo
1411 3105 1532 3158 dux
1550 3105 1884 3160 Ricliardus
1903 3104 2129 3176 Carna:

542 3186 770 3234 tensem
802 3174 1137 3233 comitatum
1165 3183 1222 3231 et
1243 3178 1576 3231 Dunensem
1603 3182 1764 3229 vasta
1779 3177 1967 3240 vit;et
1981 3174 2131 3245 quod
2157 3226 2196 3245 μ

549 3250 884 3305 Tliebaldus
905 3248 979 3302 ad
1007 3248 1435 3303 Ermeutrudis
1473 3247 1666 3300 villam
1697 3263 1823 3301 cum
1860 3247 2131 3300 exercitu
2157 3247 2197 3279 ‘v‘

545 3323 812 3388 veniens,
860 3321 1251 3390 ignominiosa
1307 3319 1475 3386 inde,
1523 3325 1736 3389 agente
1774 3317 1940 3386 duce,
2000 3332 2126 3370 cum

537 3410 748 3465 magno
777 3392 987 3446 damno
1016 3390 1262 3461 aufugit.

539 3499 917 3568 Perspiciens
959 3512 1104 3566 ergo
1136 3512 1245 3548 rex
1276 3494 1655 3564 propositum
1685 3495 1778 3548 sui
1809 3496 1930 3548 voti
1959 3493 2130 3548 ﬂocci

466 3605 717 3661 pensum
735 3588 879 3652 fore,
899 3586 1247 3639 Laudunum
1264 3583 1599 3654 regreditur
1617 3581 2000 3652 furibundus;
2016 3599 2132 3638 non

468 3677 650 3732 multo
694 3678 848 3746 post,
884 3673 1186 3727 Thebaldo
1227 3675 1610 3743 suggerente,
1647 3672 2132 3726 Northmanniam

467 3765 764 3820 hostiliter
794 3764 1104 3832 petiturus.
1139 3762 1248 3815 Vix
1283 3762 1438 3814 enim
1469 3761 1539 3814 ad
1556 3761 1868 3814 consilium
1901 3766 2133 3815 eontra-

465 3855 724 3910 hendum
739 3851 1455 3921 respirans,congregatis
1471 3850 1956 3922 Burgundionum
1976 3850 2132 3904 Fran

469 3957 792 4014 eorumque
824 3942 1066 3995 militum
1101 3939 1310 4008 cepiis;
1345 3940 1634 3993 civitatem
1671 3939 1982 3994 Ebroicam
2022 3955 2130 4010 ag-

462 4047 739 4102 gressus,
775 4029 1005 4083 civibus
1027 4027 1278 4081 incautis
1303 4042 1428 4080 eam
1454 4027 1761 4081 obsidione
1791 4029 1992 4099 cingit,
2019 4027 2128 4082 do-

460 4119 659 4189 lisque
676 4117 988 4172 Gisleberti
1010 4118 1361 4186 agnomento
1381 4114 1608 4167 Machel
1627 4115 1800 4184 capit,
1835 4131 1902 4168 ac
1921 4115 1995 4168 ad
2024 4130 2122 4168 ex-

463 4207 842 4278 pugnandam
865 4205 1112 4274 patriam
1139 4203 1440 4257 Thebaldo
1471 4203 1666 4257 comiti
1711 4203 1905 4257 statim
1921 4203 2118 4268 tradit.

465 4296 632 4367 Rege
662 4310 803 4349 vero
836 4294 907 4348 ab
941 4294 1085 4347 urbe
1117 4293 1448 4359 recedente,
1488 4292 1821 4346 Richardus
1847 4293 2015 4347 duxe
2037 4307 2133 4346 ve-

462 4384 643 4455 stigio
675 4400 806 4438 eum
828 4383 1228 4452 prosequitur,
1265 4384 1321 4436 et
1352 4385 1625 4435 cunctum
1649 4382 1986 4435 Dunensem
2019 4398 2128 4436 seu

459 4473 882 4527 Carnotensem
917 4473 1251 4524 comitatum
1285 4471 1510 4539 praeliis
1542 4473 1597 4523 et
1624 4470 1912 4523 incendiis
1952 4470 2128 4539 depo-

460 4561 714 4631 pulatur.
749 4559 1127 4628 Consumptis
1153 4559 1425 4613 omnibus
1459 4575 1590 4628 quae
1621 4558 1907 4612 Thebaldi
1939 4561 2125 4627 erant,
2155 4577 2195 4632 ς)

461 4665 593 4704 cum
629 4651 937 4703 innumera
983 4647 1180 4717 praeda
1215 4647 1528 4701 revertitur
1558 4647 1627 4699 ad
1661 4648 1922 4716 propria.
1957 4646 2127 4700 I’Iaud

458 4754 641 4808 mora,
667 4737 1007 4791 Thebaldus
1029 4737 1330 4805 reciproca
1350 4736 1762 4789 vicissitudine
1793 4737 1942 4789 clam
1955 4751 2126 4790 exer-

463 4827 684 4881 cituum
716 4841 926 4898 agmen
960 4825 1217 4896 collegit,
1253 4839 1320 4877 ac
1353 4825 1423 4877 ad
1456 4824 1715 4877 dedecus
1748 4824 1918 4877 ducis
1973 4824 2126 4893 apud

459 4915 914 4969 Hermentrudis
929 4914 1125 4967 villam
1139 4913 1465 4983 papiliones
1486 4916 1541 4966 et
1560 4912 1811 4982 magalia
1833 4914 1976 4980 fixit,
2007 4917 2124 4966 sta-

454 5003 790 5075 tionemque
814 5003 1342 5057 infestissimorum
1373 5001 1631 5055 hostium
1649 5002 1997 5070 composuit.
2015 5001 2128 5054 Ve-

453 5107 584 5144 rum
618 5092 1080 5161 providissimus
1111 5107 1179 5144 ac
1214 5090 1577 5144 fortissimus
1611 5090 1728 5143 dux
1759 5091 2127 5159 intempestae

457 5180 652 5231 noctis
673 5181 904 5232 silentio
929 5180 1159 5233 alveum
1182 5179 1472 5249 Sequanae
1492 5180 1895 5245 transmeavit,
1915 5179 2128 5232 etdilu-

456 5266 588 5319 calo
620 5282 806 5335 super
836 5283 941 5321 eos
974 5269 1209 5322 irruens
1235 5271 1387 5321 tanta
1411 5267 1546 5321 illos
1570 5271 1770 5337 strage
1789 5267 2125 5337 profligavit

456 5355 518 5404 ut
549 5368 622 5405 ex
654 5353 741 5405 eis
775 5355 1042 5406 sexcenti
1071 5355 1461 5425 quadraginta
1503 5356 1783 5423 perirent,
1818 5359 1875 5408 et
1905 5354 2120 5424 reliqui

453 5453 560 5507 per
592 5439 830 5493 diversa
878 5440 1160 5495 silvarum
1203 5442 1389 5496 lustra
1416 5443 1708 5496 vulnerati
1739 5441 2114 5512 diﬂ‘ugerent.

2222 589 2494 644 incendio
2544 591 2928 644 consumitur.
2955 589 3085 641 Dux
3115 591 3306 641 autem
3330 587 3701 646 Northmanniae
3725 596 3776 648 ad

2228 693 2496 747 campum
2517 677 2657 732 belli
2689 677 3012 748 regressus
3043 678 3307 730 mortuos
3334 678 3542 744 reperit,
3570 683 3615 732 et
3651 681 3780 734 mise-

2227 766 2485 820 ricordia
2518 771 2712 819 motus
2743 765 3102 835 sepelirieos
3131 763 3333 834 jussit.
3363 763 3662 821 Vulneratos
3682 784 3784 823 vero

2234 857 2480 924 imperat
2511 854 2941 924 Rothomagum
2964 853 3172 906 leviter
3195 851 3420 920 deferri,
3442 853 3608 922 ibique
3647 871 3672 908 a
3695 871 3787 910 me-

2231 943 2380 998 dicis
2403 943 2618 1014 curari,
2651 948 2892 997 sanatos
2922 956 3156 1012 quoque
3191 939 3472 996 Thebaldo
3488 941 3684 996 remitti.

2833 1064 3084 1120 CAPUT
3131 1063 3287 1117 XVI.

2229 1175 2392 1241 Quod
2433 1175 2770 1232 Richardus
2799 1173 2921 1228 dux
2935 1171 3216 1227 auxilium
3233 1169 3485 1242 AHeraldi
3503 1171 3644 1242 regis
3661 1171 3796 1225 Dana-

2226 1240 2357 1301 rum
2398 1252 2603 1302 contra
2624 1245 2890 1299 Francos
2897 1244 3075 1315 petiit
3094 1250 3150 1296 et
3175 1240 3490 1296 efﬁcaciter
3504 1240 3793 1312 im'petrawt.

2301 1355 2523 1408 Videns
2557 1353 2751 1422 itaque
2775 1353 2894 1406 dux
2913 1353 3203 1404 tantarum
3231 1347 3507 1402 fraudium
3526 1348 3663 1418 regis
3682 1347 3800 1401 moli-

2227 1445 2384 1499 mina
2415 1457 2599 1512 super
2631 1457 2696 1496 se
2735 1441 3062 1508 imminere,
3120 1438 3473 1507 comitesque
3513 1436 3797 1490 Francorum

2229 1536 2429 1587 contra
2447 1547 2513 1585 se
2537 1530 2888 1584 unanimiter
2906 1528 3140 1596 saevire,
3167 1525 3416 1580 Heraldo
3447 1524 3700 1579 Danorum
3712 1523 3804 1593 regi

2227 1623 2457 1694 legatos
2489 1621 2708 1692 dirigit,
2734 1623 2789 1672 et
2810 1618 3043 1671 mandat
3071 1619 3133 1670 ut
3163 1617 3332 1670 ocius
3359 1615 3438 1668 illi
3467 1617 3740 1680 succurrat,
3764 1616 3803 1665 et

2228 1725 2594 1782 paganorum
2611 1707 2995 1764 multitudine
3026 1705 3387 1760 Francorum
3414 1703 3614 1757 rabiem
3628 1701 3804 1756 solete-

2230 1816 2343 1854 nus
2375 1798 2738 1868 comprimat.
2772 1796 2960 1867 Cujus
2983 1795 3212 1866 legatos
3244 1809 3352 1848 rex
3380 1809 3491 1847 non
3519 1791 3665 1845 modo
3697 1805 3806 1861 gau-

2230 1890 2436 1944 denter
2491 1887 2732 1956 recepit,
2771 1901 2977 1940 verum
3007 1883 3180 1938 etiam
3220 1882 3486 1936 maximis
3526 1877 3805 1934 muneribus

2230 1977 2444 2030 ditatos
2467 1973 2602 2028 duci
2634 1972 2881 2040 remisit,
2917 1986 3100 2042 seque
3134 1970 3455 2023 missurum
3485 1966 3740 2021 celerrime
3754 1963 3810 2016 illi

2226 2064 2509 2136 juvamen
2527 2061 2858 2133 spopondit.
2882 2059 3031 2124 Quid
3053 2059 3222 2130 plura
3245 2060 3273 2112 ‘I
3306 2058 3485 2112 Jussu
3513 2055 3660 2126 regio
3677 2065 3811 2107 naves

2231 2156 2303 2210 ad
2325 2169 2489 2208 mare
2510 2152 2939 2224 propelluntnr.
2975 2149 3064 2202 Ad
3083 2151 3254 2202 tantae
3285 2145 3652 2217 expeditionis
3676 2155 3814 2212 nego-

2231 2245 2371 2299 tium
2394 2245 2681 2314 paganica
2693 2241 2999 2312 juventus,
3021 2240 3358 2308 paeparatur
3375 2233 3579 2306 clypeis
3595 2235 3644 2286 et
3660 2229 3808 2286 loricis

2232 2351 2301 2388 ac
2320 2334 2506 2406 galeis
2540 2331 2812 2401 omnique
2825 2343 3127 2382 armorum
3143 2329 3424 2397 apparatu
3449 2317 3816 2378 innumerabilis

2234 2424 2529 2479 exercitus
2552 2419 2830 2474 munitur.
2848 2417 2985 2470 Inde
3000 2418 3212 2470 statuto
3236 2415 3332 2468 die
3347 2406 3814 2470 elevanturvexilla,

2237 2514 2433 2568 ventis
2465 2510 2782 2563 salubriter
2811 2505 3174 2576 Spirantibus
3192 2504 3410 2557 librant
3425 2501 3566 2569 vela,
3589 2496 3818 2564 celerique

2235 2602 2471 2656 navium
2504 2614 2689 2652 cursu
2719 2610 3034 2666 permenso
3064 2595 3211 2647 mari
3241 2594 3320 2647 ad
3349 2588 3653 2661 Sequanica
3678 2581 3821 2638 devol-

2237 2694 2457 2745 vuntur
2483 2704 2604 2742 ora.
2639 2686 2897 2750 Quorum
2915 2683 3170 2738 adventu
3188 2683 3314 2736 dux
3337 2678 3562 2751 cognito
3579 2674 3822 2730 vehemen-

2233 2784 2324 2834 ter
2355 2779 2623 2850 gavisus,
2658 2775 2778 2829 illis
2821 2774 3052 2828 obviam
3093 2772 3414 2843 processit,
3444 2772 3604 2838 atque
3629 2779 3688 2818 eo
3712 2775 3825 2850 praei

2235 2844 2408 2925 eunte
2423 2867 2723 2921 sulcantes
2734 2863 2984 2934 remigio
3003 2863 3233 2916 alveum
3247 2860 3554 2929 Sequanae,
3573 2854 3634 2908 ad
3652 2844 3830 2907 Givoldi

2241 2959 2467 3013 fossam
2500 2953 2871 3008 devehuntur
2901 2950 3190 3021 expedite,
3222 2949 3426 3018 ibique
3454 2946 3580 2999 fixis
3593 2937 3826 2998 anchoris,

2239 3047 2311 3099 de
2343 3041 2733 3097 subversione
2765 3037 3081 3092 consulunt
3109 3035 3404 3090 Franciae.
3431 3031 3498 3085 Et
3522 3043 3646 3084 ecce
3670 3037 3828 3094 repen-

2237 3137 2358 3190 tino
2387 3132 2633 3186 tumultu
2671 3145 2702 3184 e
2731 3128 2982 3183 navibus
3013 3127 3323 3195 proruunt,
3369 3126 3646 3190 totamque
3673 3118 3721 3169 in
3745 3113 3831 3166 cir-

2238 3226 2398 3278 cuitu
2439 3222 2689 3291 patriam
2737 3215 3052 3272 exitialiter
3098 3213 3473 3268 comburunt.
3511 3206 3710 3262 Dehinc
3747 3198 3829 3291 viri

2244 3329 2374 3367 cum
2407 3287 2755 3362 mulieribus
2788 3302 3149 3359 concatenati
3180 3300 3606 3363 distrahuntur,
3635 3292 3733 3345 vici
3756 3287 3832 3340 de-

2241 3400 2604 3471 praedantur,
2638 3394 2819 3449 urbes
2837 3390 3197 3456 desolantur,
3222 3386 3466 3441 castella
3482 3378 3836 3471 subvertantur

2246 3465 2302 3543 et
2331 3493 2486 3543 terra
2517 3486 2573 3537 in
2589 3482 2961 3538 solitudinem
2977 3478 3293 3548 redigitur.
3316 3474 3412 3528 Fit
3429 3475 3615 3527 luctus
3635 3465 3837 3522 omnium

2242 3578 2304 3633 in
2364 3587 2692 3639 commune,
2742 3569 2900 3624 nullo
2951 3583 3094 3621 cane
3116 3581 3221 3634 per
3255 3563 3588 3618 comitatum
3615 3548 3837 3610 Thebaldi

2245 3667 2507 3720 latrante.
2560 3661 2676 3716 Ubi
2706 3674 2846 3713 vero
2879 3657 2976 3710 illa
3015 3655 3319 3722 deficiunt,
3353 3649 3570 3722 regalia
3586 3646 3707 3718 jura
3733 3654 3840 3695 con-

2242 3755 2404 3809 tinuo
2461 3751 2760 3806 invadunt.
2811 3746 2954 3810 Quae
2993 3747 3183 3797 autem
3245 3739 3497 3794 Francis
3528 3729 3839 3790 subtrahunt,

2241 3839 2662 3897 Northmannis
2693 3833 3054 3908 possidenda
3086 3831 3186 3884 vili
3207 3831 3400 3899 pretio
3428 3821 3752 3882 conducunt.
3774 3814 3844 3868 Li-

2239 3933 2382 3986 bera
2412 3931 2606 3984 manet
2634 3943 2666 3980 a
2697 3937 3062 3996 paganorum
3083 3918 3310 3989 rapinis
3333 3916 3513 3971 tellus
3553 3909 3842 3996 Northman-

2239 4021 2393 4086 nica,
2443 3993 2714 4071 Franciai
2746 3993 2891 4067 vero
2949 4009 3108 4064 nullo
3165 4007 3504 4062 obsistente
3560 3993 3845 4054 distrahitur

2239 4108 2489 4178 captiva.

2832 4203 3085 4260 CAPUT
3126 4201 3310 4257 XVII.

2245 4321 2406 4387 Quod
2445 4317 2807 4375 necessitate
2852 4311 3283 4387 compulsirexr
3306 4293 3850 4387 Lanarius-chyl?

2311 4364 2788 4460 Edldusjvbmnia
2830 4364 2990 4457 qum‘
3006 4383 3147 4460 duci
3181 4377 3488 4437 Richardo
3510 4364 3849 4460 diripuerant

2310 4449 2549 4534 integre
2580 4449 2980 4534 restituerunt
3021 4459 3078 4508 et
3108 4454 3181 4508 de
3231 4449 3627 4506 conversione
3649 4449 3850 4513 pagane

2308 4531 2459 4588 rum'
2469 4533 2658 4604 ipsius
2686 4531 2942 4584 hortatu.

2309 4641 2459 4693 Dum
2490 4639 2615 4692 haec
2649 4636 2952 4707 geruntur,
2971 4627 3276 4701 synodalis
3299 4624 3710 4696 episcoporum
3739 4626 3850 4667 con-

2238 4732 2450 4783 ventus
2466 4726 2620 4796 apud
2639 4723 2985 4778 Laudunum
3001 4719 3427 4788 congregatur,
3439 4707 3852 4796 investigaturtts

2240 4834 2346 4872 cur
2366 4786 2738 4870 Christianus
2757 4810 3010 4881 populus
3037 4786 3428 4861 his—cladibus
3454 4799 3733 4869 afﬁgatur.
3749 4786 3853 4881 Mit-

2239 4909 2430 4961 tentes
2459 4903 2712 4972 denique
2734 4901 3159 4954 Carnotensem
3175 4890 3503 4962 praesulem
3533 4883 3661 4940 duci
3684 4877 3851 4972 δείξω·

2243 4998 2440 5049 tantur
2482 4993 2553 5046 ab
2597 5007 2666 5044 eo
2716 4988 2894 5059 cujus
2932 4987 3018 5040 rei
3079 4997 3260 5037 causa
3319 4984 3441 5034 tam
3483 4963 3856 5031 exsecrandaa

2240 5080 2740 5138 christianissimo
2771 5076 3159 5147 piissimoque
3190 5070 3318 5124 viro
3343 5060 3703 5138 processerit
3727 5063 3856 5147 serg

2237 5173 2401 5227 ritas.
2436 5171 2485 5224 Α
2515 5185 2630 5240 quo
2663 5139 2796 5221 cum
2827 5165 2990 5236 regis
3022 5139 3262 5216 fraudes
3322 5160 3382 5212 et
3424 5139 3857 5240 Thebaldi‘ul'llis

2235 5261 2320 5315 Eb
2329 5261 2504 5314 roicae
2525 5231 2957 5325 surreptionem
2973 5248 3236 5322 pontifex
3253 5231 3857 5326 didicisset,confestin_l

2234 5366 2266 5403 a
2289 5348 2595 5421 paganicis
2614 5321 3041 5414 irruptionibus
3063 5337 3336 5392 inducias
3354 5333 3526 5421 petit,
3552 5341 3617 5382 ac
3639 5321 3862 5421 adipisttl:

2234 5410 2449 5505 lu.1‘,vin
2497 5434 2714 5504 quibus
2745 5410 3038 5502 praesules
3073 5425 3368 5480 adducant
3399 5420 3531 5473 loco
3578 5410 3858 5505 oppertus:

454 5484 548 5507 ρ-
595 5484 830 5493 unum.
1204 5484 1389 5496 μνη...
1430 5484 1708 5496 ......-.....
1930 5484 2114 5497 me-..
2237 5484 2347 5505 ---,
2746 5484 2765 5502 ι
3795 5490 3804 5498 .
3843 5484 3852 5494 .

454 5526 590 5594 Ipse
625 5543 765 5581 vero
795 5528 1134 5582 Thebaldus
1165 5533 1412 5600 turpiter
1451 5531 1688 5601 fugiens
1727 5547 1858 5584 cum
1886 5484 2118 5600 zpaucis,
2228 5541 2432 5598 regem
2466 5521 2831 5586 Lotharium,
2862 5519 2935 5572 de
2965 5514 3239 5571 omnibus
3267 5505 3567 5565 benevolo
3597 5499 3770 5556 animo
3793 5487 3857 5601 11:1

451 5614 738 5670 latitando
753 5631 858 5686 per
877 5617 1048 5670 devia
1063 5618 1270 5688 saltus,
1296 5618 1611 5673 Carnotum
1627 5619 1786 5673 venit
1803 5618 2112 5674 confusus.

445 5702 534 5760 Ad
549 5705 683 5778 ejus
699 5705 861 5778 fugae
875 5701 1497 5777 suffragium,Christo
1511 5707 1590 5761 illi
1607 5707 1887 5763 reddente
1900 5707 2112 5778 vicem,

2235 5589 2697 5670 satisfacturum.
2751 5608 2937 5680 Igitur
2982 5603 3230 5658 audiens
3295 5589 3860 5680 Thebaldusdregetll

2234 5704 2462 5774 absque
2494 5717 2606 5756 suo
2626 5674 2875 5755 consilio
2907 5709 3112 5766 pacem
3159 5701 3456 5762 quaerere,
3483 5674 3784 5740 formidans
3803 5676 3860 5721 ne
