3988 6176
136 303 234 366 821

510 300 921 366 HISTORIIE
951 301 1749 369 NORTHMANNORUM
1786 302 2013 367 LIBRI
2039 304 2284 369 OCTO.
2321 344 2394 354 —
2438 307 2691 374 LIBER
2727 312 3124 383 QUARTUS

3425 311 3545 378 822

137 504 296 558 totum
326 501 624 556 seditionis
646 502 876 572 pondus
899 499 1083 573 super
1113 519 1245 558 eum
1270 504 1528 573 incubat,
1557 521 1759 576 quem-
1801 496 1858 558 Α
1960 511 2185 583 mortue
2225 508 2524 583 Lothario,
2548 507 2714 580 Hugo
2749 511 2928 582 Capet
2971 529 3083 567 rex
3115 515 3405 583 elevatur,
3451 517 3546 570 cui

138 591 252 644 dam
276 591 616 644 monachum
639 591 773 644 duci
805 608 936 645 cum
966 593 1337 648 festinatione
1369 595 1557 661 mittit,
1597 611 1763 648 man-

137 679 264 734 dans
294 695 356 733 se
405 679 463 732 in
494 680 705 750 quibus
752 680 912 734 illum
940 681 1279 754 offenderat,
1313 687 1430 738 toto
1481 684 1785 738 conamine

135 772 417 838 paenitere,
449 785 516 822 ac
554 769 625 822 ad
659 771 879 823 curiam
921 769 1054 840 ejus
1077 771 1186 834 ire,
1220 771 1652 843 Ebroicamque
1689 789 1784 826 ur-

134 857 250 911 bem
271 855 344 908 illi
369 856 615 911 reddere
637 857 808 912 velle.
830 858 960 912 Dux
980 865 1193 929 autem,
1217 861 1310 916 his
1333 861 1571 931 auditis,
1598 861 1768 915 laetus

135 945 382 1012 efﬁcitur,
407 949 483 1015 et,
501 961 787 1001 concessa
804 949 1142 1015 securitate,
1159 950 1385 1019 copiam
1399 950 1478 1003 illi
1501 950 1768 1020 indulget

139 1033 196 1087 ad
218 1049 277 1088 se
314 1035 606 1088 veniendi.
638 1034 746 1098 Qui
779 1053 912 1090 cum
958 1037 1348 1092 familiaribus
1382 1039 1453 1093 ad
1504 1055 1637 1092 eum
1669 1055 1776 1092 ve-

143 1123 311 1191 niens,
343 1138 457 1177 non
499 1123 690 1178 solum
722 1125 931 1180 urbem
963 1127 1046 1180 illi
1080 1128 1328 1192 redidit;
1361 1143 1567 1181 verum
1600 1128 1774 1182 etiam

143 1211 364 1265 ﬁrmatis
393 1212 688 1282 amicitiis,
727 1230 861 1268 cum
900 1216 1100 1269 multis
1132 1215 1393 1271 denariis
1416 1216 1487 1269 ab
1523 1231 1590 1270 eo
1626 1233 1777 1287 gau-

137 1299 264 1354 dens
297 1299 599 1356 discessit.
635 1302 977 1359 Imminente
1001 1321 1139 1360 vero
1176 1306 1269 1359 die
1301 1305 1568 1375 praefiniti
1605 1305 1788 1359 collo-

141 1390 262 1460 quii,
294 1389 410 1443 dux
435 1391 591 1460 apud
613 1391 842 1446 Givoldi
862 1393 1086 1447 fossam
1110 1395 1167 1446 in
1186 1411 1550 1466 paganorum
1569 1395 1785 1448 castris

147 1493 361 1532 scenam
393 1480 560 1534 mirae
593 1481 1016 1551 magnitudinis
1051 1484 1315 1537 construi
1343 1483 1547 1552 jussit,
1583 1484 1640 1537 in
1673 1501 1788 1554 qua

148 1565 442 1621 Lotharius
479 1584 614 1622 cum
643 1570 772 1623 suis
813 1570 1190 1638 optimatibus
1236 1572 1540 1626 divertens
1573 1572 1654 1626 illi
1685 1587 1787 1626 sa-

147 1654 359 1722 tisfecit,
403 1656 735 1712 fadoribus
775 1659 984 1727 pactis,
1011 1658 1345 1730 juratisque
1375 1661 1790 1727 sacramentis.

139 1742 229 1796 His
257 1743 446 1814 itaque
479 1745 797 1800 salubriter
828 1747 947 1801 dux
979 1747 1248 1817 expletis,
1282 1763 1647 1819 paganorum
1670 1751 1792 1820 plu-

137 1833 297 1886 rimos
335 1832 406 1885 ad
460 1833 639 1887 finem
676 1833 898 1889 Christi
945 1837 1138 1890 sacris
1191 1837 1435 1890 monitis
1481 1840 1790 1908 convertit,

138 1920 264 1975 alios
293 1921 349 1975 in
378 1923 737 1994 paganismo
767 1940 1112 1994 permanere
1144 1926 1528 1995 disponentes
1562 1927 1632 1980 ad
1655 1927 1786 1980 His-

137 2009 315 2104 panias
333 2011 689 2104 transmisit.
715 2011 850 2078 Ubi,
884 2013 1133 2104 plurima
1163 2012 1318 2068 bella
1348 2017 1777 2084 perpetrantes,
1811 2043 1862 2104 Β

139 2097 316 2151 decem
346 2102 402 2153 et
433 2103 572 2154 octo
606 2099 913 2154 diruerunt
952 2101 1156 2157 urbes.

699 2187 950 2243 CAPUT
983 2190 1188 2244 XVIII.

147 2274 304 2350 Quod,
324 2282 556 2350 mortua
577 2293 759 2332 uxore
772 2293 874 2332 sua
894 2279 1096 2332 Emma
1112 2279 1333 2350 absque
1355 2279 1592 2346 liberis,
1625 2281 1781 2336 idem

198 2346 486 2401 duxduxit
505 2348 862 2414 Gunnorem,
888 2356 945 2403 et
965 2350 1038 2404 de
1056 2346 1346 2422 progenie
1378 2352 1567 2421 ipsius
1588 2352 1778 2407 ducis.

195 2434 305 2500 Qua
342 2441 698 2506 tempestate
731 2437 931 2491 Emma
963 2455 1116 2493 uxor
1159 2438 1314 2509 ejus,
1359 2439 1473 2492 filia
1510 2440 1782 2511 Hugonis

140 2524 331 2596 Magni,
361 2527 595 2598 absque
617 2525 825 2580 liberis
851 2528 1117 2581 moritur.
1140 2527 1272 2597 Ipse
1295 2544 1438 2582 vero
1463 2545 1576 2582 non
1603 2529 1782 2584 multo

140 2617 250 2681 post
277 2614 591 2683 quamdam
623 2615 913 2686 virginem
945 2616 1178 2670 nomine
1207 2615 1471 2687 Gunnor,
1508 2633 1580 2671 ex
1611 2618 1782 2671 nobi-

140 2701 340 2755 lissima
370 2703 678 2757 Danorum
715 2706 992 2774 prosapia
1025 2709 1211 2758 ortam
1243 2706 1357 2760 sibi
1389 2708 1445 2760 in
1482 2707 1782 2760 matrimo-

141 2791 275 2844 nium
305 2792 634 2846 christiano
667 2809 827 2847 more
877 2793 1280 2863 desponsavit.
1335 2795 1421 2848 Ex
1465 2812 1576 2866 qua
1626 2796 1782 2850 filios

144 2881 337 2950 genuit,
399 2881 770 2935 Richardum
808 2882 1082 2936 videlicet
1137 2888 1193 2937 et
1226 2883 1547 2938 Robertum
1607 2887 1781 2954 atque

143 2967 487 3039 Malgerium,
545 2969 812 3040 aliosque
855 2971 1003 3024 duos
1053 2974 1228 3041 atque
1273 2971 1423 3026 filias
1455 2975 1598 3026 tres.
1633 2973 1784 3037 Qua-

142 3072 251 3110 rum
281 3075 387 3113 una
418 3057 666 3113 nomine
706 3057 927 3128 Emme,
962 3059 1254 3114 Edelrodo
1281 3062 1409 3132 regi
1457 3061 1784 3132 Anglorum

143 3147 332 3214 nupsit,
368 3147 440 3202 de
474 3163 598 3218 qua
636 3147 792 3200 idem
823 3163 932 3202 rex
963 3147 1320 3202 Edwardum
1351 3155 1407 3203 et
1438 3149 1780 3204 Aluredum.

142 3231 384 3289 Godwini
417 3236 607 3306 longo
638 3238 774 3304 post
804 3236 956 3290 dolis
988 3237 1398 3307 interemptum
1429 3241 1782 3308 procreavit.

143 3319 384 3375 Secunda
399 3339 550 3377 vero
568 3323 794 3377 Hadvis
814 3327 1018 3378 vocata
1038 3325 1331 3380 Goiffredo
1351 3327 1787 3382 Brittannorum

145 3411 562 3482 comiti-juncta,
588 3412 836 3466 Alanum
859 3413 1231 3468 etEudonem
1245 3415 1431 3468 duces
1454 3417 1790 3486 progenuit.

146 3496 313 3552 Tertia
335 3501 580 3570 quidem
597 3500 896 3554 Mathildis
917 3501 1104 3555 Odoni
1124 3503 1341 3571 comiti,
1368 3503 1440 3557 de
1463 3519 1575 3574 qua
1594 3519 1791 3558 sermo

147 3585 194 3638 in
215 3589 466 3656 posteris
488 3589 734 3642 orietur.
754 3587 966 3643 Genuit
992 3591 1165 3644 etiam
1199 3591 1348 3646 duos
1374 3591 1530 3646 ﬁlios
1569 3596 1624 3646 et
1654 3592 1791 3646 toti-

145 3674 255 3728 dem
278 3677 426 3731 filias
449 3693 530 3731 ex
553 3678 924 3733 concubinis.
948 3679 1210 3744 Quorum
1232 3697 1386 3735 unus
1409 3681 1788 3751 Godefridus,

145 3762 270 3817 alter
289 3782 430 3821 vero
459 3766 1144 3822 dicebaturWillelmus.
1167 3769 1391 3823 Horum
1413 3771 1573 3839 prior
1591 3785 1792 3824 comes

147 3851 238 3906 fuit
281 3855 608 3910 Aucensis.
651 3854 776 3920 Quo
826 3856 1124 3925 defuncto,
1163 3859 1389 3927 accepit
1438 3857 1621 3912 frater
1659 3857 1792 3928 ejus

149 3943 392 3998 eumdem
425 3943 772 3998 comitatum
796 3960 968 4015 quem
995 3945 1188 4000 adhuc
1211 3946 1482 4002 haeredes
1514 3947 1792 4018 ejusjure

147 4033 544 4088 successionis
577 4034 908 4103 possident;
938 4035 1074 4089 licet
1097 4051 1296 4090 comes
1327 4035 1702 4092 Gislebertus
1730 4037 1795 4092 fi-

147 4116 244 4174 lius
279 4121 602 4176 Godefredi
625 4122 860 4177 comitis
881 4123 1076 4192 ipsum
1100 4125 1437 4180 comitatum
1478 4143 1796 4196 parumper

147 4211 393 4280 tenuerit,
426 4211 1148 4282 antequamlocclderetur.
1176 4213 1285 4268 Hic
1306 4214 1797 4286 Gislebertusjge-

149 4299 256 4352 nuit
287 4300 650 4354 Richardum
699 4302 1179 4356 strenuissimum
1224 4304 1483 4372 militem,
1521 4305 1620 4375 qui
1680 4310 1794 4358 tam

150 4386 258 4455 ipse
281 4405 452 4459 quam
489 4389 764 4460 filiiejus,
797 4389 1190 4459 Gislebertus,
1229 4393 1546 4464 Rogerius,
1572 4393 1798 4448 VValte-

153 4475 280 4543 rius,
301 4478 626 4541 ltobertus,
643 4478 958 4532 ecclesiam
974 4479 1335 4534 Beccensem
1355 4497 1568 4551 magno
1584 4480 1795 4536 affectu

154 4560 466 4619 dilexerunt
514 4569 570 4618 et
604 4567 835 4637 magnis
879 4569 1374 4636 possessionibus
1425 4570 1792 4635 ditaverunt;

154 4649 426 4708 imitantes
461 4655 734 4709 comitem
764 4654 1160 4710 Gislebertum
1191 4673 1363 4711 avum
1396 4660 1706 4729 suum,qui
1737 4661 1790 4711 in

156 4735 425 4796 fundanda
448 4743 733 4814 praedicta
755 4745 1011 4799 ecclesia
1028 4746 1424 4800 venerabilem
1448 4747 1796 4802 Herluinum

157 4831 388 4895 primum
407 4833 681 4887 abbatem
700 4836 755 4888 et
776 4838 1244 4890 constructorem
1266 4837 1457 4906 ipsius
1472 4841 1526 4890 et
1546 4839 1796 4892 consilio

159 4919 393 4974 etrehus
429 4921 607 4992 juvit.
653 4922 734 4976 De
779 4938 892 4994 qua
923 4923 1175 4978 ecclesia
1235 4927 1291 4979 et
1340 4925 1622 4996 praedicto
1663 4927 1798 4997 ejus

161 5004 367 5078 abbate,
403 5011 743 5080 pracedenti
773 5015 1040 5081 tractatu,
1083 5013 1212 5068 loco
1244 5016 1598 5084 competenti
1624 5019 1801 5084 prout

160 5091 327 5168 decet,
360 5100 717 5154 mentionem
761 5100 1069 5157 faciemus.
1105 5103 1214 5157 Hic
1245 5119 1387 5157 vero
1419 5103 1532 5156 ista
1563 5119 1668 5173 per
1697 5119 1803 5157 an-

160 5183 537 5256 ticipationem
571 5188 832 5243 breviter
864 5190 1089 5246 dixisse
1121 5191 1397 5246 sufficiat.

758 5277 902 5332 CAP
914 5279 1011 5334 UT
1043 5280 1200 5334 XIX.

168 5359 438 5439 Quomodo
451 5367 568 5422 dux
581 5367 922 5422 Riebardus
937 5369 1089 5439 apud
1104 5369 1461 5423 Fiscannum
1494 5369 1804 5426 ecclesiam

224 5434 280 5487 in
295 5437 569 5492 honorem
585 5444 808 5493 sanet-19
821 5434 1138 5494 Trinitatis
1151 5448 1522 5504 construens,
1534 5442 1596 5495 di
1606 5445 1806 5498 versis

1966 579 2140 654 etiam
2167 585 2301 654 post
2321 579 2676 654 aliquantum
2709 579 2994 654 temporis
3024 586 3300 640 defuncto
3323 579 3557 642 succes-

1961 649 2042 701 sit
2089 650 2384 705 Robertus
2408 649 2566 705 ﬁlius
2597 653 2744 723 ejus.

1958 736 2100 791 Cum
2124 739 2304 810 igitur
2323 740 2438 793 dux
2472 739 2807 795 Richardus
2840 743 3150 798 multorum
3189 761 3431 815 operum
3452 748 3555 804 bo-

1887 841 2088 878 norurr
2125 829 2365 895 μεῖῖ¹ριτρὶ
2389 829 2785 899 incrementis,
2813 831 2965 886 inter
2984 833 3231 902 plurima
3267 850 3547 891 commer-

1890 914 1977 967 cia
1995 931 2241 968 summae.
2261 917 2575 985 opinionis,
2599 920 2749 987 apud
2770 919 3124 975 Fiscannum
3146 923 3312 977 mirae
3330 925 3556 996 magni-

1886 1002 2107 1056 tudinis
2137 1006 2192 1057 et
2213 1005 2668 1073 pulchritudinis
2701 1008 2758 1060 in
2787 1007 3009 1063 honore
3034 1011 3271 1065 Deiﬁcae
3304 1011 3551 1066 Trinita-

1889 1091 1965 1144 tis
1979 1091 2258 1161 templum
2273 1096 2622 1163 construxit,
2641 1097 3026 1166 mirificisque
3047 1100 3350 1154 ornatibus
3365 1101 3554 1156 multi-

1889 1181 2061 1234 mode
2093 1181 2421 1235 adornavit.
2465 1182 2749 1237 Abbatias
2773 1201 3007 1254 quoque
3029 1188 3316 1256 quasdam
3331 1193 3552 1245 restau-

1892 1269 2061 1322 ravit.
2100 1269 2287 1322 Unam
2306 1271 2595 1340 siquidem
2620 1273 2676 1326 in
2704 1273 2988 1328 suburbio
3007 1275 3471 1348 Rothomagensi
3491 1279 3552 1333 in

1893 1357 2116 1412 honore
2149 1360 2337 1412 sancti
2383 1360 2540 1413 Petri
2601 1363 2907 1432 sanctique
2951 1365 3238 1432 Audoeni,
3291 1367 3465 1420 aliam
3498 1368 3557 1422 in

1895 1446 2088 1500 Monte
2119 1448 2218 1518 qui
2273 1448 2486 1501 dicitur
2509 1449 2751 1519 Tumba,
2785 1451 2842 1504 in
2887 1455 3263 1508 veneratione
3295 1456 3553 1511 archan-

1894 1536 2013 1606 geli
2040 1536 2350 1603 Michtelis,
2368 1539 2774 1609 gregibusque
2787 1542 3207 1596 monachorum
3226 1543 3553 1616 insignivit.

1895 1624 2183 1694 Tempore
2200 1625 2311 1679 sub
2327 1625 2530 1680 eodem
2546 1627 2699 1681 diem
2713 1628 2856 1682 obiit
2872 1629 3556 1704 HugoRothomagensis

1896 1712 2507 1784 archiepiscopus,cui
2527 1717 2822 1770 successit
2843 1718 3138 1773 Robertus
3159 1719 3430 1790 ejusdem
3445 1723 3555 1777 du-

1896 1802 1984 1856 cis
2016 1801 2194 1856 filius.
2219 1803 2404 1857 Porro
2429 1807 2658 1858 mortuo
2683 1805 3042 1860 Francorum
3078 1823 3220 1880 rege
3255 1809 3554 1882 Lothario,

1895 1891 1952 1943 in
1977 1891 2138 1943 illius
2162 1891 2291 1946 loco
2309 1891 2382 1946 ab
2411 1893 2688 1947 omnibus
2719 1894 3078 1966 subrogatur
3120 1897 3394 1969 Hugonis
3430 1900 3556 1954 Ma-

1894 1979 1997 2049 gni
2029 1979 2198 2032 ducis
2222 1980 2378 2034 filius
2403 1980 2576 2052 Hugo
2609 1981 2809 2053 Capet,
2841 1985 3293 2039 adminiculante
3317 1987 3366 2040 ei
3409 1987 3558 2044 duce

1896 2068 2211 2122 Richardo.
2250 2069 2359 2123 Hic
2392 2070 2708 2125 adversum
2741 2071 3164 2128 Flandrensem
3188 2076 3560 2147 Arnulphum

1891 2157 2006 2211 sibi
2052 2157 2299 2212 militare
2337 2164 2676 2213 renuentem
2709 2176 2868 2214 arma
2895 2177 3162 2230 movens,
3192 2180 3323 2217 cum
3367 2165 3559 2219 valida

1889 2262 2065 2300 manu
2097 2245 2329 2300 hostica
2356 2248 2794 2302 Atrabatumilli
2822 2249 3088 2313 abstulit,
3109 2254 3165 2304 et
3192 2256 3405 2306 cuncta
3442 2269 3562 2308 mu-

1891 2335 2105 2404 nicipia
2161 2351 2294 2404 quae
2337 2335 2481 2388 citra
2514 2337 2729 2391 flumen
2762 2338 2916 2407 quod
2951 2342 3198 2393 vocatur
3227 2340 3331 2395 Lis
3391 2344 3558 2396 tene-

1890 2423 2006 2476 bat.
2070 2422 2267 2493 Hujus
2319 2424 2624 2478 infortunii
2651 2425 2852 2480 dolore
2902 2431 3156 2482 moestus
3206 2428 3550 2500 Arnulphus

1895 2513 2055 2581 petiit
2078 2512 2437 2566 Richardum
2469 2513 2678 2568 ducem
2713 2515 2963 2585 supplex
2991 2521 3046 2570 et
3073 2517 3346 2585 devotus,
3374 2522 3558 2588 utpa-

1893 2601 2150 2654 ciﬁcaret
2180 2617 2311 2655 eum
2347 2619 2644 2674 cumrege
2676 2607 2731 2657 et
2761 2604 3126 2659 Francorum
3165 2607 3556 2677 principibus.

1894 2689 2017 2743 Hoc
2035 2691 2226 2760 itaque
2249 2707 2353 2759 pro
2377 2692 2613 2762 negotio
2646 2691 2763 2745 dux
2782 2697 2982 2746 contra
3006 2710 3209 2766 regem
3235 2696 3550 2766 Hugonem

1892 2779 1965 2831 ad
1997 2779 2271 2847 placitum
2290 2796 2570 2851 pergens,
2593 2797 2707 2834 non
2724 2782 2892 2836 modo
2917 2798 3048 2836 eum
3067 2784 3418 2852 pacificavit,
3448 2785 3554 2839 sed

1891 2869 1948 2921 et
1977 2871 2183 2922 cuncta
2204 2868 2287 2922 illi
2311 2869 2499 2922 ablata
2522 2871 2648 2924 suis
2675 2871 2955 2938 precibus
2979 2871 3250 2926 restituit.
3281 2873 3562 2936 Quotem-

1892 2971 2033 3025 pore
2060 2958 2628 3012 moriturisdemrex
2657 2959 2848 3028 Hugo,
2886 2961 3244 3014 succedente
3281 2961 3414 3032 ejus
3439 2962 3559 3017 filio

1906 3045 2163 3100 Roberto
2197 3061 2338 3116 rege
2376 3046 2667 3116 piissimo.
2705 3046 2899 3116 Hujus
2951 3048 3130 3117 igitur
3177 3049 3558 3106 beatitudinis

1819 3118 1868 3177 Ο
1897 3135 2312 3205 prterogativis
2345 3135 2456 3187 isto
2489 3135 2603 3187 dux
2636 3134 2941 3203 profusius
2983 3135 3196 3204 floruit,
3231 3138 3367 3207 quia
3407 3154 3559 3208 quos

1895 3223 2170 3277 audiebat
2198 3225 2527 3291 discordes,
2550 3229 2645 3276 aut
2677 3239 2864 3292 perse
2895 3228 2993 3276 aut
3015 3241 3120 3293 per
3151 3242 3297 3279 suos
3329 3227 3559 3297 legatos

1896 3312 2178 3366 reddebat
2209 3313 2555 3380 concordes,
2583 3311 2882 3380 Scriptura
2905 3312 3132 3366 dicente
3162 3314 3562 3386 :Beatipedes

1892 3417 2094 3472 pacem
2107 3407 2436 3471 portantes.
2456 3400 2590 3454 Erat
2608 3404 2801 3454 autem
2818 3403 3039 3454 statura
3055 3418 3364 3471 procerus,
3390 3405 3556 3458 vultu

1897 3490 2172 3558 decorus,
2190 3489 2421 3561 integer
2453 3505 2720 3559 corpore,
2741 3489 2924 3543 barba
2943 3491 3186 3560 prolixa,
3215 3507 3360 3547 cano
3385 3492 3562 3548 deco-

1900 3581 2062 3632 ratus
2095 3579 2304 3648 capite,
2337 3579 2624 3648 pissimus
2645 3579 3067 3655 monachorum
3087 3580 3256 3649 altor,
3272 3582 3560 3651 providus

1899 3667 2249 3721 clericorum
2299 3666 2674 3739 suffragator,
2719 3671 3111 3738 superborum
3169 3673 3557 3740 contemptor,

1897 3755 2207 3810 humilium
2239 3761 2480 3824 amator,
2503 3773 2825 3826 pauperum
2856 3762 3239 3828 sustentator,
3265 3758 3560 3830 orphano-

1900 3861 2031 3900 rum
2062 3848 2234 3913 tutor,
2268 3845 2578 3899 viduarum
2611 3847 2746 3915 pius
2785 3847 3069 3902 defensor
3099 3851 3153 3901 et
3196 3849 3562 3917 captivorum

1897 3933 2161 3988 liberalis
2194 3934 2551 4003 redemptor.

2518 4021 2769 4076 CAPUT
2808 4023 2941 4076 XX.

1904 4109 2066 4175 Quod
2094 4110 2216 4165 dux
2259 4109 2593 4165 Rieliardus
2628 4110 2703 4164 ad
2733 4117 3000 4166 extrema
3039 4113 3285 4168 veniens
3321 4114 3568 4174 Richar-

1973 4181 2106 4235 dum
2156 4180 2340 4256 {ilium
2370 4196 2533 4256 suum
2557 4181 3008 4256 _Northmaunis
3051 4183 3349 4256 praefecit,
3396 4187 3566 4242 etde

1974 4259 2164 4308 morte
2207 4253 2334 4322 ejus
2362 4252 2512 4323 apud
2542 4251 2915 4306 Fiscannum.

1977 4343 2082 4396 His
2124 4345 2179 4396 et
2210 4340 2551 4412 hujusmodi
2583 4341 2719 4394 boni
2753 4341 2955 4395 odoris
2986 4343 3253 4396 flosculis
3288 4343 3348 4398 in
3369 4343 3566 4399 laicali

1901 4431 2104 4486 habitu
2119 4431 2393 4484 redoleas
2413 4446 2640 4500 gemma
2665 4430 2904 4493 Christi,
2928 4431 3278 4501 aegritudine
3297 4435 3566 4503 corporis

1906 4521 2078 4590 coepit
2102 4519 2481 4573 vehementer
2508 4519 2842 4590 aggravari.
2859 4519 3311 4591 Convocatoque
3345 4521 3565 4575 Rodul-

1909 4609 1966 4662 fo
1985 4609 2215 4678 comite,
2238 4623 2347 4662 suo
2363 4608 2632 4677 equidem
2649 4610 2876 4662 uterino
2900 4609 3100 4676 fratre,
3127 4610 3438 4664 consilium
3451 4611 3570 4664 exi-

1825 4691 1877 4750 D
1910 4699 2078 4769 gitde
2093 4698 2293 4766 patriae
2311 4697 2721 4766 dispositione.
2741 4697 3325 4762 Quinimioturbatus
3340 4698 3564 4767 dolore,

1909 4802 1978 4839 ac
1998 4785 2426 4856 aliquantisper
2447 4785 2636 4838 factus
2661 4786 2937 4857 elinguis,
2955 4787 3278 4840 novissime
3297 4801 3569 4856 resump-

1907 4879 1966 4929 to
1989 4875 2200 4943 spiritu
2234 4874 2360 4928 haec
2381 4873 2512 4927 duci
2539 4889 2824 4943 responsa
2845 4875 3034 4928 dedit:
3062 4898 3082 4921 «ι
3107 4874 3410 4944 Quamvis,
3443 4875 3570 4929 dul-

1910 4965 2152 5018 cissime
2189 4963 2389 5031 frater,
2425 4966 2597 5032 atque
2631 4963 3016 5016 serenissime
3066 4963 3284 5031 senior,
3338 4964 3567 5018 viribus

1912 5052 2182 5122 corporis
2228 5051 2488 5105 videaris
2514 5051 2772 5121 destitui,
2807 5055 3017 5120 tamen,
3050 5051 3187 5105 dum
3218 5053 3278 5105 in
3308 5051 3420 5105 hac
3449 5053 3569 5108 vita

1910 5145 1966 5196 te
2007 5141 2334 5213 gaudemus
2366 5139 2657 5209 amplecti,
2706 5143 2866 5194 tuum
2904 5143 2996 5194 est
3034 5140 3105 5194 de
3134 5139 3312 5194 totius
3360 5141 3566 5210 patriae

1913 5233 2070 5286 statu
2099 5231 2436 5299 disponere.
2478 5252 2499 5277 ι»
2554 5227 2680 5292 Quo
2719 5229 2914 5283 audito
2947 5228 3084 5291 dux,
3134 5229 3264 5283 suis
3311 5230 3571 5300 undique

1913 5319 2289 5390 optimatibus
2307 5319 2532 5386 ascitis,
2567 5317 2924 5372 Richardum
2945 5317 3126 5371 ﬁlium
3165 5333 3340 5373 suum
3373 5335 3574 5374 coram

1913 5407 2176 5478 exponit,
2210 5407 2323 5461 hoc
2367 5423 2499 5461 cum
2541 5406 2775 5476 eloquio
2815 5406 3236 5461 commendans
3269 5410 3326 5461 et
3381 5408 3574 5477 praefi-

225 5509 580 5576 ornamentis
607 5509 822 5564 decora
835 5512 915 5564 vit
934 5518 992 5566 et
1032 5511 1106 5566 de
1138 5511 1401 5566 abbatiis
1422 5512 1484 5566 S.
1510 5495 1787 5576 Midiae/ii

1956 5498 2082 5552 iens
2119 5513 2130 5550 ε
2168 5517 2190 5547 ι
2240 5497 2564 5564 Hactenus,
2625 5495 3053 5550 commilitones
3095 5496 3319 5565 Optimi,
3353 5500 3571 5551 vestra)

228 5575 298 5631 de
313 5577 512 5636 Monte
526 5586 585 5638 et
599 5580 664 5637 S.
679 5581 975 5652 Audoeni,
993 5599 1135 5655 quas
1145 5589 1423 5639 restaura
1435 5584 1538 5655 vit,
1560 5591 1617 5638 et
1637 5586 1804 5657 quod,

1917 5586 2139 5641 militiae
2185 5585 2434 5656 praefui;
2496 5600 2651 5640 nunc
2709 5589 2956 5640 vocante
3004 5586 3146 5654 Deo,
3193 5586 3398 5640 morbo
3452 5601 3576 5638 cru-
