3956 6176
438 228 558 293 823

1158 230 1596 294 WILLELMI
1624 229 1992 294 CALCULI
2033 232 2725 297 GEMMETICENSIS
2757 235 3160 301 MONACHI
3214 262 3229 274 ο
3667 250 3755 318 824

449 430 730 486 descente
760 429 1191 502 ingredientem
1212 429 1366 483 viam
1399 429 1697 484 universae
1720 429 1918 484 carnis
1960 430 2108 485 ulte-
2135 410 2194 472 Α
2296 431 2621 503 Hucusque
2638 431 2891 505 digesta,
2908 438 3130 503 prouta
3148 435 3437 508 Rodulpho
3449 442 3764 517 comitehujus

444 521 573 576 rius
604 519 823 574 habere
854 535 971 573 non
999 517 1271 588 potestis,
1319 518 1587 588 deposito
1620 534 1797 573 onere
1827 519 1963 573 vitae
1986 534 2109 573 cor-

444 608 743 680 ruptibilis
802 630 825 655 n
858 607 967 661 His
1000 606 1072 661 ab
1123 622 1192 661 eo
1224 607 1474 678 lugubre
1521 606 1787 677 prolatis,
1837 607 2108 677 protinus

445 703 568 756 tota
632 697 845 753 domus
916 695 1250 751 concutitur
1316 695 1635 767 gemitibus
1692 699 1749 750 et
1803 696 2104 766 lacrymis.

444 787 708 843 Tandem
737 785 976 839 ﬂetibus
1006 784 1237 853 sopitis,
1273 798 1590 837 assensum
1621 783 1890 854 praebent
1911 783 2111 837 volun-

446 876 551 931 tati
582 875 775 943 ducis,
803 872 1162 927 Richardum
1190 872 1647 941 adolescentem,
1680 876 1848 942 pacta
1879 873 1933 927 ei
1963 872 2108 926 fide-

445 965 629 1034 litate,
653 962 1064 1033 aequanimiter
1086 960 1485 1015 collaudantes
1515 961 1862 1031 principem.
1884 960 2110 1015 Dehinc

447 1053 737 1126 languore
769 1053 1245 1122 ingravescente,
1291 1050 1441 1104 lecto
1471 1050 1887 1119 prosternitur,
1920 1053 1995 1117 et,
2034 1049 2105 1102 li-

445 1140 639 1196 bratis
670 1156 912 1194 sursum
943 1139 1154 1208 oculis,
1197 1139 1350 1193 inter
1371 1138 1551 1193 verba
1583 1138 1866 1194 orationis
1896 1138 2110 1209 plenus

446 1230 678 1285 dierum
716 1229 990 1299 spiritum
1020 1228 1263 1283 efﬂavit.

2203 519 2393 607 adticis
2423 520 2623 589 fratre,
2675 538 2890 594 magno
2921 525 2976 576 et
3014 523 3265 579 honesto
3294 527 3426 596 viro,
3455 536 3647 585 narrata
3667 540 3767 591 sunt

2223 608 2472 680 collegi;
2507 625 2638 680 quis
2670 610 2954 665 scholasti
2985 611 3296 667 dictamine
3338 618 3534 687 scripta
3563 621 3765 694 relinquo

2220 697 2502 767 posteris.
2534 697 2688 752 Obiit
2718 701 2915 769 autem
2961 701 3117 770 apud
3149 701 3484 760 Fiscannum
3515 706 3768 766 Richardus

2220 786 2340 841 dux
2361 786 2609 856 primus,
2630 786 2909 842 flentibus
2928 789 3186 860 populis,
3211 792 3567 862 gaudentibus
3579 797 3768 868 angelis,

2218 876 2669 946 nongentesimo
2702 878 3107 948 monagesimo
3139 882 3305 935 sexto
3334 896 3470 938 anno
3487 882 3548 937 ab
3574 884 3773 940 incarna-

2221 963 2377 1017 tione
2398 963 2650 1018 Domini.
2671 965 2977 1035 Regnante
3007 966 3215 1021 eodem
3247 969 3475 1025 Domino
3490 974 3659 1026 nostro
3672 973 3778 1029 Jesu

2218 1049 2477 1121 Christo,
2512 1053 2613 1122 qui
2644 1069 2778 1106 cum
2826 1054 3002 1108 Patre
3044 1058 3102 1109 et
3139 1055 3355 1125 Spiritu
3390 1064 3569 1113 sancto
3607 1061 3718 1115 vivit
3740 1068 3779 1116 et

2221 1144 2429 1212 regnat
2449 1141 2509 1195 in
2542 1141 2767 1195 saecula
2798 1142 3178 1199 saeculorum.
3211 1146 3411 1200 Amen.

764 1492 1735 1652 HISTORUE
1842 1492 3542 1655 NORTHMANNOBUM

1757 1761 2064 1840 LIBER
2109 1760 2565 1855 QUINTUS,

1278 1930 1366 1986 De
1395 1929 1654 1986 secundo
1683 1928 1984 1985 Richardo
2012 1929 2178 2001 duce,
2203 1925 2326 1986 ﬁlio
2349 1929 2642 1986 Richardi
2668 1931 3022 2003 superioris.

974 2098 1226 2155 CAPUT
1254 2098 1585 2154 PRIMUM.

452 2208 541 2266 De
571 2210 818 2265 honesta
859 2208 1315 2262 conversatione
1344 2206 1594 2261 secundi
1642 2205 1953 2276 Richardi,
1998 2213 2113 2260 tam

615 2282 676 2334 in
706 2278 1102 2334 saecularibus
1128 2296 1294 2351 quam
1328 2279 1388 2331 in
1412 2278 1640 2332 divinis
1661 2278 1937 2349 negotiis.

518 2369 803 2435 Quoniam
836 2368 1069 2439 quidem
1119 2367 1317 2439 dignis
1374 2368 1808 2436 praeconiorum
1831 2366 2014 2421 titulis
2055 2366 2113 2420 in

447 2459 927 2531 prmcedentibus
960 2457 1375 2528 pretiosissam
1404 2456 1623 2510 Christi
1664 2467 1975 2527 gemmam,
2011 2456 2109 2509 Ri-

450 2549 737 2603 chardum
761 2546 990 2601 scilicet
1010 2545 1550 2599 Northmannorum
1568 2545 1777 2599 ducem
1795 2545 2111 2598 extulimus

450 2640 507 2692 et
528 2636 731 2691 aeterni
760 2635 924 2706 regis
943 2635 1158 2688 annulo
1178 2634 1458 2688 decenter
1489 2635 1885 2702 inseruimus;
1916 2649 2112 2703 operae

449 2724 707 2796 pretium
743 2724 976 2777 videtur
1018 2727 1078 2777 ut
1138 2723 1537 2777 carbunculus
1568 2723 1640 2777 ab
1672 2722 1803 2792 ipso
1835 2723 2112 2776 exoriens

455 2813 798 2881 secundam,
847 2811 1022 2866 sicuti
1052 2811 1111 2865 in
1145 2812 1403 2879 nomine,
1436 2812 1514 2865 ita
1546 2811 1604 2864 in
1634 2810 2113 2881 praeclarissima:

452 2902 838 2974 ingenuitatis
870 2901 1107 2972 eulogio
1129 2900 1397 2954 absidam
1418 2903 1610 2954 teneat
1631 2899 1963 2954 Richardus
1979 2898 2113 2970 ejus

451 2991 746 3063 siquidem
787 2990 967 3059 filius,
992 2989 1345 3043 militaribus
1375 2988 1689 3058 triumphis
1722 2988 1935 3058 oppido
1969 3003 2113 3043 con-

452 3081 721 3150 spicuus,
737 3083 794 3132 et
812 3094 928 3133 non
958 3076 1171 3132 minori
1192 3078 1429 3133 laudum
1453 3077 1704 3146 tripudio
1728 3077 2111 3132 excolendus.

450 3168 562 3234 Qui
590 3169 683 3223 sui
718 3167 971 3239 fulgoris
1001 3166 1203 3221 radios
1235 3183 1340 3237 per
1357 3168 1632 3221 diversos
1646 3166 1809 3221 orbis
1842 3166 2115 3220 cardines

452 3257 718 3329 glorioso
746 3257 980 3311 nomine
1002 3271 1319 3328 Spargens,
1340 3256 1492 3310 intra
1515 3256 1609 3310 sui
1631 3257 1879 3310 ducatus
1900 3256 2115 3311 limites

451 3345 727 3416 plurimis
758 3346 1052 3399 bonorum
1083 3360 1327 3415 operum
1350 3346 1730 3399 incrementis
1755 3344 2117 3399 Northman-

453 3434 647 3489 nicam
675 3450 826 3504 pene
855 3434 1101 3502 patriam
1122 3449 1298 3487 unam
1325 3432 1549 3487 Christi
1570 3434 1883 3506 insignivit
1913 3433 2117 3489 Eccle-

455 3522 625 3576 siam.
662 3522 852 3575 Hicin
883 3522 1066 3575 armis
1097 3521 1411 3575 admodum
1438 3525 1743 3593 strenuus,
1778 3523 1998 3594 ubique
2019 3539 2117 3576 ar-

455 3612 643 3664 matas
667 3609 912 3663 militum
944 3609 1216 3680 legiones
1247 3610 1521 3664 nobiliter
1548 3611 1701 3666 rexit
1748 3612 1819 3666 de
1860 3611 2117 3667 inimicis

455 3698 766 3753 victoriam
798 3713 1035 3767 semper
1064 3713 1274 3767 capere
1304 3703 1604 3755 assuetus.
1627 3700 1697 3754 Et
1713 3702 1982 3771 quamvis
2004 3716 2115 3756 saa-

459 3787 647 3842 culari
692 3788 849 3841 actui
897 3787 1047 3842 foret
1076 3787 1329 3858 deditus,
1380 3792 1538 3843 totus
1594 3793 1789 3844 tamen
1847 3789 1955 3844 fuit
2002 3791 2117 3846 fide

454 3876 784 3930 catholicus
816 3878 1033 3947 eterga
1068 3876 1171 3929 Dei
1203 3876 1459 3932 cultores
1490 3878 1819 3933 benevolus
1842 3894 1909 3933 ac
1940 3880 2117 3935 devo-

447 3968 567 4020 tus.
612 3965 734 4019 Sub
766 3964 939 4035 cujus
972 3965 1368 4020 moderamine
1410 3967 1659 4035 plurima
1695 3969 2117 4024 monachorum

451 4054 766 4109 adolevere
798 4054 992 4122 ovilia,
1030 4055 1130 4125 qui
1162 4054 1321 4108 velut
1361 4070 1502 4124 apes
1527 4072 1603 4110 ex
1632 4058 1831 4112 multis
1873 4062 2116 4113 sancto-

451 4159 583 4197 rum
613 4145 847 4197 actuum
887 4143 1169 4197 canistris
1210 4149 1606 4214 erumpentes,
1648 4146 2016 4203 lucidissima
2056 4150 2116 4204 in

452 4232 731 4286 caelestes
754 4231 1074 4286 thesauros
1106 4232 1426 4288 intulerunt
1455 4236 1649 4290 mella.

1100 4321 1353 4377 CAPUT
1386 4323 1452 4377 ΙΙ.

454 4427 635 4493 Quam
657 4428 965 4503 sapienter
985 4428 1284 4497 repressit
1301 4430 1632 4484 unanimem
1647 4446 1709 4484 co
1720 4429 2110 4503 ry’urationem

2141 2079 2193 2141 Β
2222 2098 2405 2169 phum
2434 2100 2704 2155 comitem
2733 2116 2865 2155 cum
2896 2099 3146 2155 militum
3173 2100 3534 2156 multitudine
3547 2100 3650 2155 illis
3668 2101 3800 2156 desti-

2224 2189 2402 2258 navit,
2432 2190 2530 2259 qui
2552 2193 2854 2260 agrestem
2887 2188 3250 2245 feroeitatem
3278 2193 3333 2245 et
3355 2191 3614 2245 rusticam
3628 2190 3800 2244 dirime-

2221 2280 2309 2331 ret
2328 2279 2694 2331 concionem.
2718 2276 2848 2346 Qui,
2870 2294 2986 2333 non
2999 2294 3241 2334 morans
3250 2279 3448 2351 jussa,
3480 2281 3694 2333 cunctos
3711 2293 3803 2332 con-

2223 2365 2419 2419 festim
2433 2366 2663 2437 legatos
2679 2382 2810 2420 cum
2829 2367 3130 2422 nonnullis
3144 2369 3280 2423 aliis
3295 2370 3463 2438 cepit,
3479 2368 3803 2436 truncatisque

2221 2454 2493 2509 manibus
2525 2471 2593 2508 ac
2625 2455 2875 2524 pedibus
2902 2456 3142 2511 inutiles
3156 2458 3291 2512 suis
3311 2457 3548 2524 remisit,
3580 2456 3664 2528 qui
3685 2470 3807 2510 eosa

2220 2542 2437 2597 talibus
2456 2546 2987 2613 compescerent,et
3008 2561 3080 2599 ne
3098 2547 3390 2600 deteriora
3406 2548 3706 2616 paterentur
3717 2542 3809 2597 suis

2219 2631 2531 2686 eventibus
2564 2636 2770 2686 cautos
2816 2633 3151 2688 redderent.
3200 2635 3315 2689 His
3355 2634 3552 2689 rustici
3588 2632 3809 2703 expertis,

2209 2716 2498 2774 'festinato
2529 2720 2917 2775 concionibus
2962 2722 3229 2793 omissis,
3287 2723 3361 2778 ad
3391 2739 3497 2779 sua
3524 2726 3693 2777 aratra
3717 2722 3815 2774 sunt

2221 2824 2471 2863 PBVBI‘Sl.
2487 2847 2497 2855 ο

2856 2898 3109 2955 CAPUT
3158 2899 3258 2954 IIl.

2223 2986 2309 3040 Da
2328 2986 2659 3043 rebellione
2681 2987 2978 3043 VVillelmi
3007 2989 3307 3044 naturalis
3338 2988 3550 3044 fratris
3565 2988 3723 3059 ipsius
3741 2984 3817 3039 (lu-

2296 3058 2403 3127 cis,
2440 3060 2534 3113 cui
2564 3060 2815 3115 dederat
2850 3060 3228 3115 Oximensem
3260 3058 3607 3128 comitatum,
3639 3065 3688 3113 et
3720 3071 3821 3128 quo-

2294 3130 2463 3183 modo
2506 3131 2662 3202 idem
2722 3131 3064 3186 Willelmus
3112 3138 3324 3202 captus
3373 3137 3433 3186 et
3472 3130 3640 3185 fratri
3666 3132 3821 3202 postea

2299 3201 2737 3269 reconciliatus,
2786 3201 3072 3257 Oeensem
3104 3197 3445 3257 comitatum
3474 3202 3547 3256 ab
3584 3197 3694 3269 ipse
3715 3197 3822 3252 duce

2146 3301 2193 3363 Ο
2296 3271 2447 3363 dono
2461 3274 2718 3363 accepit,
2745 3288 2872 3351 cum
2919 3274 3295 3329 Lezscenina
3329 3281 3391 3329 et
3433 3273 3507 3329 de
3542 3269 3674 3327 [iliis
3704 3269 3825 3339 ejus-

2296 3341 2427 3395 dem
2461 3341 2775 3397 Willelmi.

2296 3429 2514 3484 Eadem
2544 3434 2891 3502 tempestate
2931 3433 3246 3504 quemdam
3279 3433 3456 3489 ducis
3482 3447 3594 3487 uno
3621 3446 3685 3486 ex
3706 3428 3828 3497 patre

2225 3518 2466 3573 fratrem
2495 3520 2976 3593 primogenitum,
3017 3523 3256 3577 nomine
3301 3521 3676 3586 Willelmum,
3717 3530 3828 3587 quo-

2224 3608 2492 3662 rumdam
2526 3611 2823 3679 protervia
2876 3610 3289 3680 improborum
3320 3611 3463 3667 fecit
3502 3607 3756 3664 tumidum
3792 3605 3834 3656 et

2223 3696 2507 3752 rebellem
2542 3739 2555 3751 .
2591 3697 2649 3752 Is
2673 3698 2827 3753 enim
2848 3698 3107 3753 fraterno
3127 3699 3502 3755 contuberno
3515 3697 3833 3752 Oximensem

2224 3786 2296 3841 ab
2329 3786 2459 3857 ipso
2484 3786 2784 3857 accipiens
2816 3802 3062 3842 munere
3081 3788 3452 3857 comitatum,
3493 3790 3554 3841 ut
3579 3784 3701 3839 inde
3715 3777 3832 3835 exhi-

2223 3874 2395 3929 beret
2425 3874 2475 3928 ei
2514 3874 2735 3930 militiae
2767 3878 3001 3944 statuta,
3035 3892 3365 3946 pravorum
3404 3876 3632 3931 illectus
3659 3867 3837 3926 callidi-

2224 3965 2360 4033 tate,
2394 3963 2716 4018 dominium
2743 3963 2876 4035 ejus
2904 3966 3151 4034 sprevit,
3191 3968 3249 4020 et
3282 3967 3359 4022 ab
3391 3965 3551 4020 illius
3599 3956 3837 4015 fidelitatis

2226 4052 2516 4122 obsequio
2549 4068 2615 4106 se
2647 4051 2928 4107 cohibuit.
2963 4052 3075 4118 Qui
3105 4054 3244 4108 dum
3280 4070 3393 4125 per
3422 4053 3647 4126 legatos
3676 4066 3704 4103 a
3730 4048 3841 4102 duce

2226 4142 2450 4211 saepius
2484 4140 2924 4213 objurgaretur,
2951 4145 3007 4197 et
3036 4143 3107 4197 ab
3125 4158 3281 4198 ausu
3304 4143 3660 4213 resipiscere
3686 4134 3840 4198 nollet,

2225 4228 2501 4283 consultu
2549 4232 2607 4283 et
2660 4230 2875 4284 auxilio
2938 4231 3231 4301 Rodulphi
3285 4232 3526 4287 comitis
3574 4231 3774 4298 captus,
3805 4222 3847 4274 in

2228 4317 2732 4388 Rothomagensis
2764 4319 2933 4374 urbis
2962 4323 3126 4374 turre
3158 4320 3524 4389 detruditur,
3556 4308 3844 4373 temeritatis

2223 4407 2641 4478 paenitudinem
2653 4407 2733 4461 ibi
2747 4423 2853 4477 per
2865 4408 3341 4479 quinquennium
3358 4409 3556 4465 luens.
3572 4400 3850 4473 Nonnullos

520 4488 901 4572 rusticorum,
946 4488 1112 4569 quain
1152 4506 1356 4553 contra
1394 4518 1599 4572 pacem
1641 4488 1859 4572 patvriae
1901 4488 2107 4562 molie;
2135 4506 2191 4569 D
2223 4511 2458 4568 quoque
2489 4511 2736 4550 suorum
2768 4497 3085 4551 satellitum
3114 4498 3175 4551 in
3230 4498 3557 4553 seditionis
3599 4488 3847 4564 ΡΓοΡοείίο

519 4570 759 4624 bantur.

522 4659 672 4713 Dum
701 4657 884 4729 igitur
914 4659 1087 4712 tantae
1108 4658 1416 4728 probitatis
1448 4661 1800 4717 exuberaret
1829 4665 2114 4736 copiis,in

449 4747 615 4802 initio
639 4762 765 4801 suae
782 4745 1114 4817 juventutis
1128 4746 1278 4800 intra
1301 4747 1825 4805 Northmannicum
1841 4752 2114 4811 ducatum

451 4835 696 4907 contigit
710 4834 1001 4906 quoddam
1018 4836 1285 4905 pestiferi
1308 4836 1446 4890 oriri
1462 4839 1842 4895 seminarium
1858 4842 2113 4899 dissidii.

451 4926 600 4979 Nam
640 4924 846 4979 rustici
877 4924 1186 4979 unanimes
1226 4940 1335 4996 per
1364 4926 1638 4982 diversos
1669 4930 1847 4985 totius
1891 4931 2116 4987 North-

449 5014 737 5068 mannicae
781 5014 987 5084 patriae
1027 5014 1339 5069 comitatus
1398 5015 1651 5085 plurima
1693 5023 1941 5090 agentes
1973 5037 2115 5076 con-

451 5102 766 5169 venticula,
786 5103 955 5173 juxta
974 5119 1120 5157 suos
1134 5104 1337 5157 libitus
1354 5105 1556 5159 vivere
1574 5107 2117 5180 decernebantqua-

453 5192 627 5243 tenus
649 5195 761 5243 tam
780 5191 838 5245 in
861 5192 1148 5246 silvarum
1162 5194 1531 5263 compendiis
1563 5212 1736 5265 quam
1754 5197 1813 5250 in
1832 5214 2115 5268 aquarum

455 5279 851 5344 commerciis,
872 5281 1031 5335 nullo
1054 5282 1381 5336 obsistente
1398 5288 1533 5337 ante
1560 5285 1755 5338 statuti
1771 5284 1931 5355 juris
1944 5287 2114 5343 obice

453 5365 691 5435 legibus
742 5370 1045 5423 uterentur
1076 5370 1225 5424 suis.
1251 5370 1392 5435 Quae
1424 5374 1485 5424 ut
1515 5375 1638 5426 rata
1681 5378 2006 5445 manerent,
2041 5378 2113 5431 ab

452 5468 810 5525 unoquoque
838 5460 991 5511 coetu
1014 5457 1263 5512 furentis
1285 5460 1450 5531 vulgi
1481 5460 1595 5515 duo
1619 5461 1918 5533 eliguntur
1934 5463 2114 5536 legati

453 5542 554 5613 qui
586 5542 825 5598 decreta
870 5544 945 5598 ad
986 5546 1480 5602 mediterraneum
1523 5550 1858 5607 roborando
1892 5552 2115 5609 ferrent

453 5635 828 5690 conventum.
858 5633 1027 5700 Quod
1055 5636 1119 5689 ut
1146 5634 1266 5690 dux
1294 5637 1556 5709 agnoxa't,
1588 5639 1860 5711 protinus
1893 5641 2113 5698 Redul-

2222 4584 2670 4655 persistentium
2689 4583 2922 4639 crebris
2936 4586 3326 4641 certaminum
3344 4584 3688 4641 tumultibus
3699 4576 3852 4634 devin-

2223 4689 2389 4741 cens,
2424 4672 2541 4726 vita
2564 4672 2838 4743 privavit,
2869 4673 3020 4729 alios
3052 4674 3262 4729 exules
3297 4675 3375 4730 de
3399 4676 3532 4730 suis
3563 4671 3759 4727 ﬁnibus
3777 4678 3852 4717 ex-

2223 4760 2503 4815 turbavit.
2568 4760 2912 4816 Willelmus
2940 4762 3178 4817 tandem
3217 4767 3364 4833 post
3410 4754 3850 4835 quinquennium:

2226 4848 2543 4920 cujusdam
2576 4850 2670 4904 sui
2700 4850 2903 4905 militis
2935 4850 3210 4922 factione,
3235 4852 3606 4924 longissimo
3634 4849 3755 4902 fune
3774 4853 3853 4910 per

2225 4938 2671 4993 eminentiorem
2700 4938 3019 4994 fenestram
3042 4955 3076 4993 a
3106 4944 3270 4994 turre
3295 4940 3513 5011 lapsus
3532 4939 3720 5010 fugam
3736 4929 3852 4993 iniit:

2222 5026 2330 5091 Qui
2359 5026 2591 5096 diebus,
2627 5043 2699 5081 ne
2730 5044 2763 5081 a
2794 5028 3284 5098 perquirentibus
3328 5029 3712 5099 reperiretur,
3738 5018 3853 5074 deli-

2224 5118 2483 5183 tescens,
2509 5118 2566 5169 et
2584 5116 2857 5170 noctibus
2888 5115 2998 5169 iter
3027 5131 3305 5186 carpens,
3328 5116 3659 5172 novissime
3675 5107 3852 5167 delibeo

2222 5203 2375 5256 ravit
2405 5203 2556 5272 apud
2589 5218 2676 5272 se,
2710 5204 2942 5274 aequius
2967 5203 3047 5256 illi
3080 5201 3207 5258 fore
3231 5221 3375 5259 cum
3407 5206 3545 5258 vitae
3559 5196 3853 5257 discrimine

2224 5290 2592 5345 clementiam
2616 5291 2819 5345 fratris
2837 5294 3142 5362 attentare,
3169 5308 3352 5363 quam
3376 5292 3704 5365 cujuspiam
3723 5280 3853 5355 regis

2222 5382 2321 5433 aut
2353 5380 2586 5433 comitis
2620 5377 2971 5451 suffragium
3000 5380 3080 5434 nil
3111 5380 3226 5435 sibi
3258 5382 3619 5452 quandoque
3637 5375 3855 5449 profutu-

2224 5483 2353 5520 rum
2396 5471 2692 5536 expetere.
2726 5467 2849 5523 Sub
2881 5468 2992 5524 hac
3022 5470 3236 5540 quippe
3269 5469 3694 5524 deliberatione
3711 5456 3852 5516 animi

2226 5555 2434 5616 callem
2466 5557 2811 5628 conﬁciens,
2845 5557 3097 5628 quadam
3128 5558 3221 5614 die
3252 5558 3476 5615 ducem
3498 5557 3723 5629 reperit,
3739 5566 3795 5605 se
3810 5546 3855 5599 in

2224 5643 2378 5700 saltu
2418 5645 2714 5702 Vernensi
2738 5650 3116 5703 exercentem
3164 5650 3496 5705 venatuum
3535 5644 3704 5702 ludis.
3743 5637 3852 5693 MOI
