3956 6176
471 248 590 316 82⁸7

1159 250 1600 313 WILLELMI
1675 249 2033 314 CALCULI
2093 249 2786 316 GEMMETICENSIS
2841 253 3238 317 MONACHI
3717 265 3803 330 828

469 451 781 523 quamdam
811 450 1008 506 navim
1026 465 1092 505 se
1116 449 1506 518 contulerunt,
1535 451 1593 504 et
1608 448 1767 520 fugae
1791 447 2136 519 praesidium
2165 429 2225 491 Α
2251 431 2346 485 nia
2377 432 2586 487 ducem
2621 434 2980 490 Richardum
3002 437 3256 508 expetiit.
3281 439 3328 492 Α
3348 455 3453 510 quo
3469 440 3702 500 decenter
3731 462 3807 501 ac-

468 557 572 610 per
617 539 914 595 Thamism
957 540 1190 594 alveum
1235 539 1414 594 celeri
1448 538 1696 610 remigio
1726 539 1907 592 maris
1940 539 2136 593 sinum

468 630 780 700 petierunt.
827 630 1153 684 Permenso
1205 631 1399 683 autem
1448 627 1666 698 prolixi
1717 627 1876 696 ponti
1920 627 2133 698 spatio,

469 718 796 773 novissime
822 717 1080 786 cupitum
1112 716 1533 771 Danamarchae
1563 720 1798 787 portum
1819 717 2134 787 applicant,

468 806 717 878 regique
746 805 942 861 Sueno
975 809 1218 860 cruenta
1251 805 1447 877 gentis
1470 821 1597 860 suae
1639 805 1816 860 exitia
1847 805 2132 859 nuntiant.

469 891 638 949 Tunc
693 910 800 949 rex
849 895 1030 949 nimio
1084 894 1288 949 dolore
1319 895 1511 948 tactus
1539 893 1924 962 intrinsecus,
1953 893 2134 947 totius

467 983 638 1054 regni
697 983 793 1038 sui
843 983 1048 1038 ascitis
1100 982 1488 1053 principibus,
1533 986 1802 1036 cunctam
1834 983 1886 1037 ei
1918 981 2136 1036 seriem

467 1069 588 1125 illis
645 1071 900 1141 deponit,
953 1071 1211 1143 quidque
1241 1070 1536 1142 agendum
1565 1071 1965 1140 consulerent,
1999 1070 2135 1124 dili-

468 1163 676 1230 genter
705 1161 964 1230 inquirit.
1015 1158 1128 1224 Qui
1179 1160 1501 1214 amicorum
1550 1163 1606 1214 et
1669 1160 2134 1230 prapinquorum

465 1249 749 1303 erumnis
780 1251 837 1303 et
867 1247 1029 1303 luctu
1061 1249 1223 1318 moti,
1267 1249 1439 1320 quasi
1469 1263 1545 1303 ex
1591 1265 1708 1304 uno
1767 1264 1868 1303 ore
1925 1263 2132 1303 omnes

464 1352 670 1392 eorum
699 1337 1052 1410 sanguinem
1081 1337 1474 1393 decreverunt
1503 1337 1722 1393 debere
1741 1339 1879 1393 totis
1903 1337 2134 1392 viribus

463 1425 693 1481 ulcisci.

1084 1514 1336 1570 CAPUT
1392 1515 1513 1569 VII.

469 1620 632 1688 Quod
662 1621 896 1678 Suenus
925 1638 1040 1678 rex
1060 1630 1421 1694 congregato
1452 1622 1732 1694 exercitu,
1778 1621 1854 1676 ad
1896 1620 2136 1694 Ebora-

534 1709 660 1765 cum
691 1694 1026 1754 comitatum
1055 1692 1378 1765 appellans,
1413 1693 1553 1747 inde
1589 1692 1836 1747 dimisso
1867 1693 2138 1765 exercitu

537 1764 612 1818 ad
634 1765 993 1822 Ricbardum
1008 1763 1212 1835 ducem
1225 1765 1683 1835 Northmannioe
1689 1763 1964 1835 petendae
1969 1765 2140 1834 pacis

531 1837 729 1906 gratia
743 1851 870 1891 cum
890 1834 1188 1890 nonnullis
1206 1851 1276 1888 na
1289 1834 1459 1906 vibus
1494 1834 1908 1906 Rothoinagum
1938 1835 2097 1906 venit
2121 1851 2136 1906 ;

534 1905 594 1959 et
615 1905 877 1978 deapacto
897 1906 1045 1978 quod
1082 1907 1268 1978 inter:
1283 1905 1728 1978 Northmannos
1747 1913 1804 1978 et
1835 1905 2032 1978 Danos
2044 1905 2141 1978 lir-

533 1976 750 2030 matdm
781 1976 999 2031 estht
1029 1976 1180 2048 quod
1216 1976 1637 2048 Eboracenses
1654 1983 1712 2031 et
1745 1977 2054 2030 Cantuarii
2083 1985 2142 2033 et

531 2047 982 2104 Lundonienses
1016 2047 1206 2103 eidem
1235 2047 1373 2117 regi
1409 2063 1478 2105 se
1523 2049 1934 2114 tradiderunt;
1967 2056 2023 2104 et
2070 2049 2144 2106 de

531 2119 672 2190 fuga
696 2118 952 2173 Eldredi
972 2121 1140 2189 regis
1159 2136 1285 2174 cum
1309 2136 1492 2175 uxore
1527 2128 1585 2174 et
1610 2120 1756 2174 [iliis
1773 2118 1847 2174 ad
1889 2122 2142 2177 Richar-

537 2190 670 2245 dum
690 2190 894 2244 ducem
934 2190 1494 2253 Northmannorum,

534 2279 645 2332 His
668 2281 860 2333 autem
889 2293 995 2332 rex
1028 2279 1265 2348 auditis,
1302 2295 1436 2336 cum
1472 2280 1849 2335 festinatione
1890 2285 2137 2337 cunctos

463 2367 574 2422 sub
608 2382 718 2422 suo
750 2367 1038 2439 regimine
1081 2367 1367 2439 degentes
1400 2370 1721 2439 praeparari
1757 2369 1968 2440 jussit.
2010 2371 2135 2426 Hac

461 2455 714 2526 illacque
744 2455 1094 2511 veredarios
1117 2457 1297 2525 misit,
1332 2457 1602 2528 diemque
1627 2457 1879 2528 praefixit
1900 2459 2133 2529 quando

461 2544 680 2598 milites
719 2544 868 2598 lucri
896 2545 1145 2613 cupidos
1167 2545 1239 2598 de
1271 2545 1493 2599 exteris
1521 2547 1727 2617 regnis
1756 2548 1828 2600 ad
1859 2547 2010 2601 hanc
2041 2564 2136 2602 ex-

461 2631 819 2701 peditionem
841 2633 1045 2686 venire
1089 2633 1402 2687 mandavit.
1442 2634 1647 2703 Porro,
1683 2636 1930 2690 termino
1957 2636 2134 2691 adve-

463 2717 660 2773 niente
692 2722 931 2788 statuto,
973 2721 1045 2774 ad
1097 2736 1280 2775 naves
1314 2723 1639 2776 immensus
1682 2723 1836 2778 illico
1868 2725 2133 2780 cucurrit

462 2808 782 2864 exercitus.
818 2809 901 2864 De
927 2809 1064 2864 hinc
1104 2810 1326 2882 regalia
1357 2811 1416 2864 in
1437 2811 1687 2865 sublime
1705 2813 2010 2868 elevantur
2025 2829 2132 2869 ve-

460 2895 624 2967 xilla,
646 2900 702 2952 et
732 2897 1020 2953 librantes
1036 2899 1230 2954 ventis
1243 2899 1392 2969 vela,
1407 2900 1700 2954 veliﬁcato
1719 2903 1984 2970 protensi
2010 2919 2128 2958 ma-

459 2984 546 3063 ris
579 2986 882 3041 intervallo
912 2987 985 3042 ad
1012 2986 1278 3043 Eboraca
1310 2988 1682 3044 devehuntur
1709 2991 2020 3046 territoria.
2040 2991 2127 3046 Ibi

459 3075 675 3145 quippe
705 3091 813 3130 rex
833 3076 1082 3132 dimisso
1105 3078 1368 3132 exercitu
1385 3093 1517 3132 cum
1541 3079 1840 3133 nonnullis
1873 3081 2125 3136 navibus
2157 3106 2211 3170 ο

458 3163 726 3233 petenda
756 3165 921 3236 pacis
953 3166 1141 3237 gratia
1171 3166 1325 3237 apud
1342 3167 1776 3239 Rothomagum
1791 3167 2000 3223 ducem
2018 3169 2126 3224 Ri-

465 3251 753 3308 chardum
770 3253 1135 3326 aggreditur.
1151 3254 1331 3320 Quem
1354 3271 1484 3310 cum
1497 3255 1615 3310 dux
1642 3257 1935 3328 aliquanta
1962 3274 2126 3313 mora

458 3340 745 3413 regaliter
764 3345 1061 3411 tractaret,
1095 3343 1233 3398 dum
1263 3344 1461 3419 etipse
1493 3347 1550 3398 et
1579 3345 1796 3400 milites
1827 3349 1964 3416 post
2000 3351 2125 3401 tan-

461 3430 584 3483 tum
642 3431 864 3502 navigii
910 3431 1173 3486 laborem
1231 3436 1662 3502 recrearentur,
1712 3449 1918 3505 pacem
1945 3436 2128 3490 conti-

463 3531 640 3570 nuam
671 3519 822 3572 inter
852 3534 918 3574 se
946 3519 1363 3589 ﬁrmaverunt;
1396 3537 1466 3576 ea
1490 3521 1914 3594 videlicetlege
1945 3527 2008 3578 ut
2023 3539 2128 3595 per

463 3605 843 3661 succedentia
880 3607 1181 3662 Danorum
1236 3624 1446 3680 regum
1503 3609 2128 3684 Nothmannorumque

463 3691 681 3748 ducum
708 3709 777 3748 ac
809 3710 1013 3750 eorum
1055 3696 1359 3752 haeredum
1405 3701 1687 3768 tempora,
1722 3700 1890 3754 firma
1911 3717 2126 3772 perpe-

461 3781 698 3838 tualiter
746 3784 900 3839 inter
954 3800 1060 3840 eos
1112 3791 1392 3855 maneret,
1416 3791 1473 3842 et
1503 3803 1635 3858 quin
1663 3789 1821 3858 ,Dani
1853 3789 2130 3846 abstulis-

461 3875 595 3927 sent
624 3873 900 3942 inimicis,
935 3875 1179 3930 emenda
1214 3875 1554 3932 conferrent
1584 3877 2030 3934 Northmannis.
2064 3879 2127 3935 Si

460 3961 597 4032 quis
627 3977 768 4016 vero
802 3963 1097 4019 Danorum
1128 3965 1421 4020 invalidus
1470 3970 1568 4021 aut
1598 3967 1944 4022 vulneratus
1976 3969 2125 4022 ami-

461 4063 666 4104 corum
683 4050 1310 4124 indigeretjuvamine,
1328 4055 1481 4124 apud
1495 4055 1936 4112 Northmannos
1949 4057 2124 4128 quasi

455 4137 517 4192 in
540 4138 712 4195 domo
735 4140 973 4212 propria
1003 4142 1116 4196 sub
1148 4144 1465 4202 securitate
1489 4149 1817 4200 sanaretur.
1855 4145 1998 4210 Quae
2027 4145 2122 4200 lex

457 4229 520 4282 ut
550 4231 674 4283 rata
713 4233 994 4301 maneret,
1041 4232 1114 4287 ab
1146 4235 1392 4303 utraque
1423 4237 1586 4302 parte
1616 4237 2122 4289 sacramentorum

455 4320 658 4374 tenore
680 4319 980 4390 principes
999 4335 1204 4375 eorum
1219 4322 1374 4376 illam
1395 4328 1738 4377 sanxerunt.
1773 4323 2000 4388 Quibus
2015 4339 2121 4378 rex

455 4409 528 4462 ad
571 4410 773 4462 votum
831 4409 1100 4478 expletis,
1158 4411 1470 4482 condignis
1521 4428 1552 4465 a
1582 4413 1730 4467 duce
1769 4411 2120 4468 muneribus

454 4498 818 4564 muneratus,
881 4499 1231 4568 quantocius
1270 4500 1342 4553 ad
1376 4515 1521 4554 suos
1551 4501 1884 4571 regreditur
1921 4501 2115 4556 laetus.

2251 524 2477 590 ceptus,
2515 537 2646 576 cum
2703 524 2935 596 magnis
2981 541 3155 594 opum
3185 528 3536 596 apparatibus
3569 547 3706 587 omne
3740 537 3808 589 sui

2248 611 2538 666 incolatus
2574 613 2921 685 Rethomagi
2954 629 3088 668 cum
3111 630 3178 668 eo
3210 618 3398 688 exegit
3426 621 3644 690 tempus.

2866 699 3119 757 CATUT
3152 703 3301 758 VIII.

2245 803 2570 886 Denmorle
2599 807 2786 886 Sueni
2831 808 3000 886 regis
3037 809 3187 879 apud
3243 810 3590 886 Lundoniam,
3625 820 3673 868 et
3705 821 3815 886 quod

2321 877 2625 932 Chunutus
2678 877 2839 932 [ilius
2900 878 3027 950 ejus
3070 877 3258 949 patri
3295 883 3604 949 succedens,
3648 877 3809 942 iterum

2316 951 2647 1021 exercitum
2688 954 2892 1021 contra
2924 949 3152 1021 Anglos
3193 953 3406 1021 movit;
3460 960 3512 1007 et
3563 955 3626 1009 de
3661 957 3811 1012 reditu

2312 1019 2578 1098 Eldredi
2594 1021 2655 1073 in
2671 1019 2949 1090 Angliam
2967 1019 3039 1074 et'
3057 1021 3130 1076 de
3158 1019 3403 1077 victoria
3425 1023 3680 1079 Danorum
3704 1031 3814 1098 apud

2317 1091 2774 1146 Auxendunum.

2311 1180 2497 1252 Igitur
2516 1173 2771 1249 Suenus,
2803 1180 2940 1234 dum
2961 1181 3114 1250 apud
3128 1180 3482 1246 Lundoniam
3497 1183 3561 1237 de
3578 1186 3814 1255 regnitra-

2241 1272 2425 1324 ctaret
2455 1269 2864 1339 dispositione,
2897 1272 3141 1344 mortem
3165 1270 3309 1324 obiit
3337 1272 3660 1341 interceptus
3685 1277 3813 1346 aegri-

2241 1357 2463 1413 tudine.
2497 1357 2686 1428 Cujus
2700 1373 2917 1427 corpus
2933 1358 3078 1412 Dani
3095 1360 3450 1414 aromatibus
3471 1362 3762 1416 condierunt
3780 1367 3820 1418 et

2240 1445 2302 1500 in
2323 1447 2457 1500 navi
2489 1446 2930 1516 disposuerunt,
2968 1449 3024 1501 et
3052 1462 3185 1501 cum
3217 1447 3570 1504 festinatione
3596 1451 3720 1519 apud
3736 1452 3821 1504 Da-

2242 1534 2620 1588 namarcham
2651 1535 3056 1589 tumulandum
3113 1536 3488 1591 devexerunt.
3533 1537 3642 1602 Quo
3673 1543 3821 1594 tumu-

2241 1621 2377 1689 lato,
2404 1623 2562 1676 filius
2595 1621 2750 1693 ejus,
2783 1624 3017 1677 nomine
3047 1621 3376 1694 Chunutus,
3413 1641 3558 1679 arma
3583 1627 3716 1680 illius
3746 1645 3822 1681 su-

2249 1726 2420 1765 mens
2464 1711 2791 1766 exercitum
2842 1712 3093 1766 viriliter
3131 1713 3389 1782 roborat,
3413 1725 3467 1768 et
3493 1730 3558 1769 ne
3577 1715 3639 1768 ab
3667 1715 3819 1770 iterata

2251 1799 2622 1869 expeditione
2672 1799 3046 1869 resipiscant,
3104 1801 3243 1854 totis
3292 1803 3514 1856 nisibus
3551 1807 3820 1874 exaggerat.

2252 1887 2536 1958 Denique,
2554 1889 2761 1943 missis
2784 1888 3016 1960 legatis,
3039 1888 3190 1943 duos
3210 1905 3391 1961 reges
3419 1891 3486 1944 ad
3503 1907 3654 1945 suum
3673 1895 3825 1946 evocat

2251 1974 2602 2047 sulfragium
2617 1997 2634 2030 :
2649 1976 2905 2031 Lacman
2928 1977 3202 2048 equidem
3221 1977 3543 2034 Suavorum
3559 1985 3608 2033 et
3621 1979 3824 2047 Olavum,

2249 2063 2627 2120 Noricorum.
2671 2065 2746 2120 Hi
2775 2066 2847 2120 ad
2879 2065 3012 2137 ejus
3042 2065 3329 2120 auxilium
3366 2068 3708 2122 advenientes
3732 2083 3824 2121 cum

2251 2153 2381 2207 suis
2413 2154 2599 2224 c0piis
2618 2154 2884 2225 militum,
2914 2155 3092 2208 totius
3119 2154 3304 2210 robur
3323 2157 3532 2211 militiae
3555 2173 3664 2210 sum
3683 2171 3827 2210 corro-

2249 2240 2608 2298 boraverunt
2639 2245 2872 2297 virtute.
2908 2243 3153 2312 Interea,
3169 2243 3310 2298 dum
3328 2244 3454 2300 haec
3471 2248 3733 2317 geruntur,
3757 2243 3825 2296 El-

2249 2329 2470 2386 dredus
2501 2347 2610 2385 rex
2646 2336 2892 2387 mortem
2921 2331 3102 2388 Sueni
3144 2336 3414 2400 audiens,
3447 2334 3745 2403 praeparatis
3779 2332 3827 2384 ad

2246 2420 2644 2490 navigandum
2675 2422 2970 2492 omnibus,
3005 2441 3138 2478 cum
3169 2425 3542 2480 uxorelwtus
3561 2422 3624 2476 ad
3640 2435 3826 2492 regnum

2245 2522 2419 2562 suum
2469 2509 2846 2581 regreditur;
2901 2513 3006 2566 sed
3055 2514 3210 2569 ﬁlios
3251 2530 3401 2568 suos
3451 2510 3758 2566 Edwardum
3792 2510 3830 2560 et

2242 2595 2565 2650 Aluredum
2599 2613 2728 2652 cum
2760 2599 3052 2655 avunculo
3085 2602 3340 2669 dimittit,
3364 2602 3489 2655 Rex
3520 2603 3688 2652 autem
3713 2595 3827 2650 Chu-

2240 2685 2711 2754 nutus,collectis
2741 2687 3129 2759 undequaque
3160 2690 3410 2744 militum
3440 2686 3830 2759 legionibus,ve-

2238 2771 2324 2826 lut
2343 2773 2518 2828 turbo
2537 2773 2768 2829 validus
2782 2791 2814 2828 a
2836 2792 3021 2848 regno
3045 2794 3156 2833 suo
3175 2793 3484 2849 egressus,
3509 2775 3829 2847 procellosum

2237 2876 2398 2914 mare
2429 2862 2670 2916 intentat
2699 2865 3049 2934 intrepidus.
3071 2865 3396 2922 Subductis
3427 2871 3607 2919 autem
3622 2863 3673 2917 in
3698 2861 3828 2914 altum

2235 2951 2510 3020 navibus,
2542 2951 2796 3008 velivolo
2827 2969 3006 3009 cursu
3055 2955 3128 3008 ad
3146 2955 3378 3027 Anglos
3413 2953 3706 3009 devehitur.
3735 2947 3833 3001 lude

2236 3041 2448 3108 petens
2468 3039 2764 3096 Thamisae
2779 3041 3041 3111 ﬂuvium,
3059 3044 3336 3098 celeriter
3351 3043 3564 3114 appulit
3577 3036 3831 3094 Lundonia

2237 3128 2593 3183 comitatum.
2615 3127 2721 3183 Cui
2741 3145 2874 3184 cum
2908 3131 3038 3185 suis
3071 3133 3406 3204 egredienti
3437 3133 3505 3186 de
3533 3129 3748 3184 navibus
3769 3139 3836 3177 oc~

2237 3219 2546 3271 currentes
2577 3218 2754 3290 Angli
2787 3235 2860 3273 ex
2890 3221 3047 3274 omni
3079 3236 3267 3292 regno
3300 3220 3455 3291 apud
3476 3216 3834 3272 Auxenduuum

2235 3306 2605 3377 congregati,
2639 3307 2712 3361 ad
2733 3323 2903 3362 suam
2931 3310 3257 3378 perniciem
3303 3308 3747 3364 cruentissimum
3775 3299 3834 3353 illi

2234 3391 2452 3447 bellum
2481 3395 2831 3450 intulerunt.
2861 3396 3006 3452 Cum
3038 3397 3255 3468 quibus
3289 3413 3418 3464 rex,
3453 3388 3837 3460 eﬁeratislegio-

2235 3497 2376 3535 num
2402 3497 2646 3538 suarum
2675 3486 2910 3553 animis,
2944 3486 3225 3541 atrociter
3246 3487 3596 3558 conﬂigens,
3615 3484 3744 3536 tanta
3764 3491 3836 3531 eos

2235 3569 2641 3627 internecione
2669 3573 2905 3643 delevit,
2935 3578 2998 3629 ut
3021 3573 3218 3629 nullus
3242 3575 3544 3630 hominum
3563 3573 3714 3644 queat
3737 3580 3836 3632 sup-

2235 3662 2441 3729 putare
2471 3665 2614 3733 quot
2642 3661 2821 3716 millia
2869 3663 2930 3717 in
2987 3663 3082 3719 die
3122 3663 3220 3718 illa
3253 3663 3581 3719 corruerint
3634 3655 3839 3728 Anglice

2236 3749 2454 3819 gentis.

2875 3822 3132 3878 CAPUT
3165 3823 3269 3878 IX.

2238 3923 2402 3991 Quod
2428 3935 2655 4006 mortuo
2685 3927 2949 4006 E'ld_redo
2986 3946 3132 4002 rege
3189 3929 3558 4006 Anglorum,_
3591 3925 3832 4006 Cliuuutus

2308 4015 2424 4053 rex
2444 4000 2744 4072 Danorutn
2761 4001 3025 4054 Emmam
3059 3998 3312 4056 uxorein
3356 4001 3485 4072 ejus
3521 3998 3681 4072 duxit
3719 3999 3764 4047 et
3787 4003 3838 4065 ex

2306 4085 2374 4123 ea
2424 4071 2631 4142 genuit
2685 4071 3227 4142 Hardechunutum,
3269 4066 3399 4144 qui'
3427 4066 3758 4142 postmodum
3799 4075 3836 4112 et

2305 4143 2616 4195 successit.

2305 4230 2435 4284 Rex
2463 4245 2606 4285 vero
2647 4229 2836 4284 victor
2865 4229 3132 4300 effectus,
3165 4229 3239 4284 ad
3262 4245 3452 4285 naves
3466 4244 3604 4284 suas
3620 4218 3840 4281 cumsuis

2231 4322 2324 4373 est
2345 4334 2648 4374 reversus.
2683 4319 2834 4374 Hinc
2865 4320 3045 4375 celeri
3067 4336 3133 4374 se
3148 4336 3400 4375 movens
3414 4318 3638 4384 fiducia,
3657 4311 3842 4369 Lundo-

2229 4407 2385 4462 niam
2418 4407 2741 4462 circumdat
2771 4408 3103 4463 obsidione.
3153 4408 3340 4473 Quam
3383 4409 3532 4462 intra
3576 4405 3754 4460 urbem
3776 4395 3845 4450 El-
3887 4479 3889 4485 ι

2229 4496 2448 4551 dredus
2465 4513 2568 4551 rex
2593 4497 3276 4569 graviteraegrotavit,et,
3295 4497 3675 4552 crudescente
3688 4485 3843 4543 morbo

453 4583 561 4649 Qui
594 4589 655 4638 ut
685 4600 794 4639 suo
819 4584 1065 4656 junctus
1098 4590 1189 4640 est
1221 4589 1526 4655 exercitui,
1567 4589 1844 4644 continuo
1887 4590 2118 4660 Anglo-
2147 4575 2198 4636 D
2229 4585 2520 4654 corporis,
2562 4600 2678 4640 non
2712 4587 2888 4640 multo
2923 4590 3056 4656 post
3079 4587 3377 4642 hominem
3406 4585 3598 4640 exivit.
3625 4581 3736 4636 Rex
3758 4573 3842 4646 igi-
3885 4619 3887 4627 ι

455 4688 584 4728 rum
633 4688 885 4745 regnum
943 4674 1120 4728 tradit
1149 4675 1459 4731 ultricibus
1499 4677 1771 4732 ﬂammis.
1833 4678 2115 4734 Videntes

454 4761 648 4831 itaque
698 4760 951 4816 Eboraci
1007 4777 1039 4815 a
1071 4763 1231 4816 nullo
1273 4761 1494 4833 juvari,
1527 4765 1681 4818 datis
1713 4765 2024 4820 obsidibus
2048 4782 2116 4820 se

454 4850 740 4921 subigunt
785 4850 945 4906 illius
1004 4851 1345 4905 dominatui.
1380 4851 1520 4906 Inde
1549 4868 1689 4907 vero
1722 4869 2013 4924 egressus
2041 4855 2115 4908 ad

453 4937 749 4994 Thamisae
794 4955 895 4994 ora
937 4940 1300 5010 provehitur.
1336 4941 1448 4995 Ubi
1481 4943 1786 4997 venientes
1817 4941 2118 4998 Cantuarii

454 5028 633 5082 simili
664 5029 835 5084 modo
859 5028 992 5100 ejus
1015 5045 1082 5084 se
1115 5029 1684 5099 subduntpotestati.
1715 5031 1937 5086 Deinde
1955 5032 2119 5087 avul-

455 5115 544 5168 sis
574 5118 808 5171 navium
830 5119 1130 5188 anchoris,
1153 5119 1383 5173 alveum
1405 5120 1648 5174 sulcans
1663 5121 1941 5188 fluminis,
1963 5121 2118 5190 apud

456 5201 822 5259 Lundoniam
863 5207 1236 5262 obsidionem
1269 5209 1584 5277 componit.
1617 5208 1804 5280 Cujus
1835 5210 2116 5278 impetum

455 5290 745 5345 Lundonii
777 5309 893 5348 non
921 5297 1187 5351 valentes
1238 5296 1413 5366 ferre,
1443 5296 1603 5350 illius
1634 5297 1940 5352 servitutis
1966 5296 2116 5368 jugo

455 5378 603 5432 colla
657 5379 842 5434 ferina
893 5383 1057 5437 inviti
1092 5400 1485 5455 supposuere.
1521 5384 1814 5440 Eldredus
1839 5401 1979 5440 vero
2011 5402 2117 5441 rex

452 5466 606 5536 apud
639 5467 1002 5524 Wintoniam
1031 5471 1276 5543 degens,
1314 5478 1374 5528 ut
1405 5474 1476 5528 ab
1493 5473 1702 5546 Anglis
1722 5490 1786 5528 se
1818 5475 1963 5527 vidit
1981 5473 2118 5528 fun-

451 5553 610 5611 ditus
641 5555 901 5628 destitui,
925 5559 1176 5614 sublatis
1206 5577 1240 5615 a
1256 5564 1414 5617 terra
1430 5563 1750 5633 thesauris,
1777 5578 1908 5617 cum
1931 5578 2117 5619 uxore

449 5647 506 5703 et
539 5645 678 5704 ﬁliis
709 5625 1008 5704 Edwardo
1038 5648 1267 5706 scilicet
1282 5655 1338 5708 et
1355 5651 1634 5721 Aluredo,
1669 5625 2122 5709 in'Northman-
2219 5651 2446 5720 Quibus
2457 5649 2737 5724 peractis,
2775 5625 2947 5705 omne
2968 5649 3152 5704 robur
3168 5625 3404 5720 Anglici
3433 5642 3600 5716 regni
3621 5625 3871 5702 incubuit.

2226 4676 2322 4727 tur
2346 4673 2675 4743 Chunutus,
2710 4675 2905 4729 audita
2924 4679 3107 4729 morte
3127 4676 3311 4746 regis,
3349 4673 3620 4730 consultu
3639 4665 3842 4764 ﬁdelium
3884 4723 3885 4769 ι

2228 4777 2473 4816 suorum
2502 4779 2850 4832 praecavens
2882 4765 2941 4818 in
3001 4763 3280 4831 futurum,
3318 4763 3582 4817 Emmam
3629 4755 3840 4826 reginam

2226 4849 2579 4903 abstractam
2615 4851 2687 4904 ab
2719 4852 2864 4906 urbe
2896 4854 3032 4920 post
3059 4850 3282 4920 aliquot
3341 4851 3474 4905 dies
3532 4847 3642 4902 sibi
3684 4837 3838 4912 jumiil
3881 4903 3883 4909 ,

2227 4936 2550 4992 christiano
2587 4954 2772 5007 more,
2807 4939 2954 4994 dans
2987 4955 3095 5009 pro
3128 4939 3224 4992 illa
3271 4943 3486 4992 cuncto
3517 4927 3771 4990 exercitui
3796 4925 3836 4976 in

2225 5041 2368 5080 auro
2399 5031 2454 5081 et
2481 5031 2729 5099 argento
2760 5042 3011 5098 pensum
3035 5027 3194 5081 illius
3214 5028 3512 5097 corporis.
3537 5024 3619 5077 Ex
3644 5037 3720 5085 ea,
3742 5028 3842 5069 suc-
3879 5015 3881 5051 έ

2225 5115 2467 5170 cedente
2490 5119 2771 5185 tempore,
2808 5117 3010 5187 genuit
3042 5117 3224 5170 tilium
3265 5117 3504 5170 nomine
3555 5103 3846 5165 Hardechu-

2225 5205 2450 5271 nutum,
2476 5205 2850 5275 postmodum
2881 5221 3088 5276 regem
3104 5205 3425 5273 Danorum,
3449 5207 3505 5256 et
3522 5201 3687 5255 ﬁliam
3707 5206 3842 5246 voca-
3875 5271 3877 5274 q

2223 5289 2363 5346 bulo
2386 5291 2735 5364 Gunnidem,
2771 5310 2904 5365 quae
2937 5294 3138 5363 nupsit
3179 5292 3438 5348 Henrico
3499 5289 3838 5344 Romanorum

2227 5379 2588 5449 imperatori.
2624 5382 2971 5437 Difﬁdentes
3029 5398 3264 5454 quoque
3323 5378 3615 5434 Lundonii
3661 5373 3723 5427 de
3763 5377 3875 5454 εῐιιι

2225 5475 2434 5542 salute,
2460 5471 2674 5544 quippe
2707 5487 2841 5526 cum
2871 5471 3145 5524 diuturna
3177 5469 3515 5524 laborarent
3534 5459 3838 5529 fame,pate-

2224 5563 2378 5619 facta
2405 5562 2554 5617 urbe
2588 5576 2654 5614 se
2694 5575 2921 5630 suaque
2969 5559 3165 5614 omnia
3211 5558 3337 5629 regi
3402 5557 3608 5626 sponte
3661 5544 3873 5630 dedere‘i
