3956 6176
481 279 898 342 HISTORI/E
942 277 1734 342 NORTHMANNORUM
1775 277 2000 341 LIBRI
2046 278 2292 342 OCTO.
2333 315 2403 326 -
2437 282 2692 344 LIBER
2734 283 3128 355 QUINTUS.

3403 283 3524 349 830

179 489 261 542 sub
285 480 499 537 dominio
529 479 694 550 regis
725 478 1000 532 Chunuti.
1047 479 1191 533 Haec
1224 480 1282 533 in
1327 478 1510 550 hujus
1555 462 1830 550 operisA
1862 479 2198 535 devolutum
2244 497 2381 536 esse
2425 483 2783 550 vecordiam,
2834 485 3040 538 missis
3088 487 3320 557 legatis,
3372 487 3522 542 duos

173 576 291 632 serie
327 568 674 632 intexuimus,
709 570 770 621 ut
816 567 1094 621 Edwardi
1138 569 1300 639 regis
1346 572 1534 622 ortum
1580 569 1754 639 igno-

169 662 378 719 rantibus
405 660 878 711 monstraremus.
915 656 1083 709 Nunc
1111 673 1252 711 vero
1279 657 1350 711 ad
1383 658 1748 727 propositum

167 749 507 819 retorqueatur
535 744 744 815 stylus,
781 761 811 798 a
846 759 960 815 quo
989 744 1290 815 paulisper
1338 745 1602 817 digressi
1645 761 1751 800 su-

167 854 282 893 inus.

739 922 990 978 CAPUT
1028 924 1101 978 X.

162 1015 226 1069 De
239 1010 495 1067 discordia
516 1011 678 1065 inter
695 1011 1056 1066 Richardum
1075 1013 1280 1067 ducem
1303 1019 1361 1068 et
1383 1013 1639 1068 Odonem
1661 1027 1752 1066 (:0-

212 1084 376 1139 mitcm
391 1081 800 1153 Carnotensem
810 1090 1057 1153 propter
1070 1090 1327 1137 castrum
1341 1085 1751 1152 Dorcasinum;

211 1161 256 1208 et
274 1153 402 1225 quod
418 1152 566 1225 idem
586 1152 707 1225 dux
719 1152 978 1207 caStrum
1009 1154 1355 1221 Tcgularias
1375 1171 1554 1224 super
1566 1159 1756 1208 Arvas

209 1223 409 1278 Hui/ium
426 1223 586 1276 [irma
600 1224 704 1287 vit;
720 1232 778 1277 et
793 1226 1069 1295 quomodo
1079 1223 1479 1280 Northmanni
1497 1226 1752 1280 Odonem

209 1300 257 1349 et
279 1295 404 1349 duos
430 1295 669 1348 comites
698 1295 1004 1364 adjutores
1033 1296 1161 1367 ejus
1198 1300 1483 1351 vicerunt.

205 1383 548 1452 Temporibus
567 1382 820 1453 denique
839 1385 950 1438 sub
967 1384 1210 1454 eisdem,
1227 1385 1348 1438 Odo
1368 1384 1750 1439 Carnotensis

155 1486 310 1525 comes
339 1471 635 1541 quamdam
665 1471 835 1525 ducis
853 1487 1120 1526 sororem
1153 1474 1384 1528 nomine
1417 1474 1752 1528 Mathildem

151 1575 251 1612 cum
277 1560 614 1613 multimodis
647 1561 992 1615 muneribus
1023 1576 1055 1614 a
1086 1561 1340 1615 fraterna
1372 1562 1544 1616 domo
1586 1562 1752 1616 aufe-

149 1663 271 1714 rens,
314 1648 415 1700 sibi
461 1648 516 1701 in
566 1650 935 1703 matrimonio
979 1650 1239 1720 legitime
1286 1651 1599 1719 copulavit.
1646 1650 1753 1705 Cui

146 1735 236 1788 dux
256 1736 602 1790 medietatem
627 1737 938 1792 Dorcasini
963 1739 1138 1792 castri
1165 1739 1322 1792 dedit
1339 1739 1492 1794 dotis
1516 1741 1752 1794 nomine

1863 584 2041 640 reges
2073 587 2205 624 cum
2238 572 2522 642 paganica
2569 572 2937 628 multitudine
2988 591 3060 628 ex
3108 577 3522 631 transmarinis

1863 659 2150 728 partibus,
2185 661 2279 712 sui
2308 664 2512 713 evocat
2542 661 2600 713 in
2640 662 2956 731 auxilium;
3001 662 3244 718 Olavum
3295 666 3525 720 scilicet

1863 746 2218 801 Noricorum
2261 751 2315 802 et
2366 749 2619 803 Lacman
2665 749 3013 805 Suavorum.
3060 751 3247 822 Cujus
3291 753 3522 825 legatos

1864 850 2041 906 reges
2074 841 2470 906 competenter
2499 843 2911 908 susceperunt,
2948 856 3080 894 cum
3110 840 3309 894 multis
3341 841 3525 896 dona-

1864 923 1971 976 riis
2003 925 2056 978 ei
2087 926 2463 993 remiserunt,
2497 931 2554 981 et
2582 944 2699 982 non
2744 930 2924 984 multo
2962 933 3096 999 post
3127 946 3193 986 se
3242 935 3526 988 venturos

1864 1029 2003 1068 esse
2028 1014 2478 1084 .nuntiaverunt.
2527 1017 2749 1071 Deinde
2807 1035 2939 1072 cum
2987 1020 3116 1073 suis
3162 1021 3522 1077 exercitibus

1862 1103 2081 1172 pariter
2109 1104 2472 1174 congregati,
2500 1107 2821 1176 paucisque
2852 1107 3085 1162 navium
3109 1109 3259 1163 velis
3277 1126 3523 1179 spumea

1865 1190 2163 1244 sulcantes
2197 1207 2433 1262 aequora
2466 1194 2645 1262 ponti,
2679 1210 2858 1249 cursu
2890 1197 3065 1249 celeri
3105 1198 3178 1250 ad
3207 1198 3521 1255 Britanno-

1863 1295 1992 1333 rum
2024 1280 2265 1333 ﬁnitima
2293 1281 2485 1334 littora
2516 1287 2653 1336 sunt
2685 1283 2962 1338 devoluti.
3013 1285 3285 1340 Britones
3329 1291 3520 1344 autem

1863 1383 2064 1422 eorum
2087 1370 2454 1437 repentinum
2471 1375 2866 1440 agnoscentes
2891 1389 3220 1444 accessum,
3243 1393 3273 1429 a
3291 1379 3520 1432 cunctis

1864 1459 2030 1528 regni
2050 1458 2319 1528 partibus
2344 1461 2708 1529 congregati,
2731 1477 2834 1515 eos
2853 1462 2923 1515 ad
2948 1463 3204 1530 praedam
3227 1465 3521 1521 inhiantes

1862 1545 1963 1619 [in]
1987 1550 2191 1602 cautos
2224 1563 2641 1618 praeoccupare
2675 1554 2812 1604 sunt
2840 1551 3092 1606 arbitati.
3123 1553 3346 1624 Pagani
3379 1571 3520 1610 vero

1862 1652 2064 1691 eorum
2084 1636 2252 1690 dolos
2267 1639 2720 1707 comperientes,
2743 1640 2990 1710 quadam
3007 1641 3096 1694 usi
3119 1645 3398 1712 versutia,
3417 1659 3525 1714 per

1863 1726 2049 1794 campi
2081 1726 2399 1795 planitiem,
2433 1742 2546 1795 quo
2583 1727 2714 1780 illos
2745 1732 3026 1782 naverant
3055 1733 3336 1786 venturos
3371 1731 3518 1802 fore,

148 1839 248 1876 cum
268 1827 404 1878 terra
433 1840 619 1894 super
643 1825 818 1880 Arvas
841 1826 1079 1880 fluvium
1104 1827 1431 1896 adjacente.
1459 1828 1751 1893 Nonnulis

1939 1814 2368 1868 ofundissimos
2392 1813 2664 1869 foderunt
2687 1817 2991 1870 cuniculos
3015 1819 3071 1872 in
3094 1819 3407 1887 superficie
3425 1836 3524 1874 an-

143 1911 244 1965 ln'nc
263 1912 616 1967 elabentibus
656 1915 848 1984 annis,
879 1915 1006 1968 haec
1029 1915 1230 1969 eadem
1268 1916 1584 1984 Mathildis,
1604 1916 1754 1986 judi-

149 2001 215 2054 cio
234 2001 557 2069 disponente
595 2003 715 2072 Dei,
745 2003 989 2056 moritur
1007 2004 1231 2074 absque
1251 2003 1474 2058 liberis.
1497 2005 1638 2058 Post
1661 2021 1755 2059 cu-

135 2088 212 2158 jus
253 2089 454 2143 obitum
507 2090 652 2144 duci
701 2095 917 2144 terram
976 2092 1386 2161 praetitulatam
1446 2093 1749 2162 repetenti,

140 2192 297 2231 comes
316 2177 431 2232 Odo
461 2179 667 2232 nimiis
692 2180 975 2233 versutiis
1005 2182 1178 2248 coepit
1201 2182 1510 2250 contraire,
1545 2182 1753 2236 nolens

136 2264 197 2318 illi
231 2267 462 2336 quietam
504 2267 800 2322 dimittere
834 2268 1146 2322 Dorcasini
1192 2270 1374 2323 castri
1421 2271 1748 2324 tuitionem.

134 2351 448 2425 Quapropter
477 2357 623 2424 dux,
650 2357 853 2411 ascitis
878 2357 1218 2412 Britonibus
1245 2375 1376 2412 cum
1401 2359 1754 2412 Northman-

136 2455 300 2496 norum
327 2443 688 2516 legionibus,
732 2461 914 2515 super
955 2445 1134 2500 Arvas
1175 2448 1416 2500 ﬂuvium
1463 2447 1755 2501 hostiliter

135 2532 334 2586 veniens
355 2539 621 2587 castrum
653 2534 928 2599 condidit,
964 2535 1120 2604 quod
1142 2535 1476 2606 Tegulense
1500 2537 1750 2590 vocavit.

135 2617 348 2690 Sumptis
378 2625 581 2676 autem
611 2637 683 2676 ex
705 2622 927 2676 Odonis
961 2624 1236 2678 comitatu
1259 2625 1574 2693 alimoniis,
1600 2641 1755 2679 cam-

132 2705 231 2760 dem
249 2710 627 2765 munitionem
644 2711 1150 2766 abundantissime
1167 2713 1433 2782 replevit.
1457 2714 1756 2784 Nigellum

132 2792 670 2868 Constantinensem,
697 2804 869 2870 atque
895 2799 1212 2854 Rodulfum
1236 2800 1666 2871 Toennensem,
1700 2805 1757 2858 et

132 2883 410 2955 Rogerium
439 2887 637 2942 ﬁlium
668 2887 958 2958 ejusdem,
985 2904 1117 2943 cum
1144 2904 1348 2943 eorum
1378 2891 1625 2943 militum
1656 2907 1756 2944 cu-

129 2973 292 3028 stodes
344 2977 401 3028 in
450 2993 520 3031 ea
579 2977 834 3048 reliquit.
883 2977 1109 3041 Quibus
1154 2979 1396 3047 patratis
1445 2995 1752 3050 prospere,

125 3063 333 3118 recessit
359 3065 499 3120 inde
532 3081 1017 3138 unumquemque
1042 3066 1263 3137 jubens
1297 3068 1368 3120 ad
1400 3083 1509 3122 sua
1539 3069 1752 3123 redire.

125 3147 220 3204 Odo
237 3167 368 3207 vero
391 3169 628 3223 comes,
655 3155 996 3208 convocatis
1020 3155 1167 3209 clam
1188 3155 1259 3209 ad
1291 3157 1384 3209 sui
1408 3155 1753 3228 suffragium
1786 3189 1836 3247 Ο

123 3240 412 3311 comitibus,
445 3243 712 3314 Hugone
740 3243 1031 3314 siquidem
1057 3243 1485 3299 Cenomanensi
1519 3262 1585 3300 ac
1612 3245 1755 3298 Wa-

121 3323 320 3384 leranno
342 3330 765 3401 Mellendensi,
789 3347 920 3385 cum
942 3346 1147 3386 eorum
1167 3333 1411 3386 militum
1432 3334 1619 3404 cepiis
1639 3338 1755 3388 tota

119 3419 559 3489 nocteequitans,
585 3420 840 3474 diluculo
859 3421 931 3474 ad
948 3421 1282 3492 Tegulense
1299 3427 1558 3476 castrum
1573 3423 1752 3493 venit,

117 3508 486 3570 praeeuntibus
521 3507 861 3579 signiferis.
896 3508 1054 3572 Quos
1086 3514 1146 3562 ut
1170 3509 1441 3564 viderunt
1471 3526 1754 3580 proceres

117 3595 434 3666 praetitulati,
469 3597 834 3652 custodibus
863 3598 1011 3652 intra
1043 3599 1421 3668 municipium
1464 3600 1752 3669 dimissis,

116 3685 380 3750 repentino
412 3686 651 3756 impetu
682 3685 841 3740 foras
859 3691 1236 3757 erumpentes
1261 3703 1394 3742 cum
1415 3688 1565 3758 suis,
1600 3704 1758 3743 com-

117 3771 368 3827 miserunt
414 3775 702 3845 praelium
733 3791 864 3830 cum
916 3775 1052 3830 illis.
1105 3776 1264 3830 Illico
1313 3780 1515 3846 partes
1564 3777 1755 3847 ducis,

113 3856 209 3913 Deo
229 3861 494 3934 juvante,
533 3865 621 3918 ita
667 3878 771 3918 eos
802 3867 1248 3933 prostraverunt
1279 3868 1357 3932 ut,
1391 3866 1590 3920 multis
1622 3883 1759 3936 per-

116 3950 310 4019 emptis,
341 3953 634 4021 plurimis
655 3952 999 4020 vulneratis,
1027 3968 1132 4022 per
1158 3953 1324 4007 devia
1349 3955 1559 4024 reliqui
1592 3955 1758 4026 fuge-

111 4041 629 4096 rentetnutabundi
646 4057 824 4111 opaca
847 4041 1127 4096 silvarum
1147 4041 1384 4096 latibula
1398 4046 1756 4113 quaererent.

111 4122 209 4179 0do
232 4143 369 4184 vero
391 4134 580 4201 atque
611 4130 1028 4198 Walerannus,
1050 4133 1385 4201 quaerentes
1408 4130 1760 4202 suffragium

110 4213 236 4285 vitae,
284 4220 694 4274 occuluerunt
730 4235 796 4274 se
841 4220 1149 4274 Dorcasini
1195 4221 1374 4274 castri
1417 4221 1757 4275 munitione.

112 4299 256 4374 Hugo
300 4323 542 4379 nempe,
600 4324 754 4378 equo
804 4309 899 4362 cui
943 4308 1245 4362 insederat
1289 4309 1566 4378 extincto,
1613 4309 1761 4379 pede

110 4387 313 4462 fugiens
344 4397 421 4452 ad
453 4397 673 4451 caulas
707 4399 903 4450 ovium
934 4398 1186 4464 divertit,
1227 4401 1283 4451 et
1317 4397 1558 4452 loricam
1589 4414 1764 4468 quam

109 4477 314 4538 indutus
328 4490 458 4540 erat
472 4487 600 4540 sub
615 4486 845 4540 telluris
860 4486 1026 4540 sulco
1042 4487 1202 4539 texit.
1220 4487 1442 4540 Deinde
1458 4486 1764 4556 chlamyde

111 4569 350 4636 opilionis
369 4591 441 4630 se
459 4575 782 4643 amiciens,
805 4579 1088 4645 septaque
1109 4591 1361 4647 gregum
1384 4576 1768 4646 infatigabili-

108 4657 178 4709 ter
202 4659 466 4717 humeris
499 4663 582 4718 de
608 4664 737 4717 loco
765 4663 836 4716 ad
860 4663 1050 4718 locum
1075 4664 1298 4732 ferens,
1325 4665 1766 4718 Northmannos

109 4740 428 4806 hortabatur
471 4756 541 4806 ut
593 4751 944 4822 quantocius
993 4757 1497 4823 persequerentur
1539 4753 1765 4824 hostes,

108 4847 203 4889 non
229 4836 408 4911 longe
441 4844 593 4894 ante
627 4841 761 4894 illos
790 4841 1040 4910 turpiter
1069 4841 1374 4896 abeuntes.
1409 4842 1530 4896 Illis
1574 4843 1770 4912 itaque

107 4925 527 4993 recedentibus,
567 4929 798 4998 praevio
830 4932 1067 4999 pastore
1103 4930 1385 4984 silvarum
1417 4930 1604 4985 lustra
1635 4945 1769 4984 car-

105 5023 244 5082 pens,
275 5019 530 5072 tandem
556 5021 698 5087 post
718 5017 977 5071 triduum
1009 5018 1427 5072 Cinnomannis
1448 5019 1628 5086 venit,
1663 5033 1769 5071 ve-

105 5100 284 5164 pribus
332 5109 392 5160 et
437 5105 728 5160 sentibus
776 5106 1196 5160 miserabiliter
1238 5107 1423 5177 pedes
1475 5122 1544 5161 ac
1592 5107 1768 5161 tibias

105 5195 446 5250 cruentatus.

743 5282 996 5339 CAPUT
1025 5283 1126 5338 XI.

108 5361 246 5427 Quod
271 5370 386 5427 duo
417 5386 624 5444 reges
658 5372 874 5444 pagani
906 5388 984 5427 ex
1030 5372 1458 5444 transmarinis
1494 5371 1772 5442 partibus

165 5451 447 5498 venerunt
467 5443 554 5497 ad
569 5444 850 5498 auxilium
886 5444 1170 5503 Ricbardi
1182 5443 1349 5498 ducis
1366 5450 1570 5498 contra
1583 5443 1773 5497 Fran-

163 5523 270 5565 008.

163 5598 378 5659 Videns
423 5604 631 5675 igitur
674 5604 794 5660 dux
822 5605 1096 5663 comitem
1138 5604 1402 5662 Odonem
1451 5604 1521 5660 ad
1555 5606 1777 5660 tantam

1865 1908 2096 1976 gustos,
2132 1907 2194 1958 ut
2223 1904 2712 1973 supervenientes
2743 1906 2992 1975 equites,
3029 1908 3306 1962 cruribus
3338 1924 3523 1979 equo-

1862 2009 1994 2047 rum
2026 1992 2364 2060 confractis,
2397 1991 2740 2046 indecenter
2784 1993 2962 2048 humo
2993 1996 3520 2067 praecipitarentur,

1864 2084 2070 2151 sicque
2091 2081 2302 2151 gladiis
2323 2081 2554 2134 facilius
2573 2083 3017 2150 perimerentur.
3039 2084 3312 2140 Britones
3331 2089 3525 2141 autem

1862 2170 2106 2223 veniunt
2136 2173 2192 2224 et
2223 2170 2500 2223 continuo
2534 2187 2715 2240 super
2735 2171 2940 2226 hostes
2969 2175 3246 2227 atrociter
3272 2174 3520 2229 irruunt.

1862 2259 1980 2313 Sed
2013 2273 2376 2329 paganorum
2408 2259 2696 2328 decipulis
2726 2260 3023 2329 prostrati,
3073 2264 3291 2316 tantam
3341 2263 3523 2317 saevi-

1863 2347 2000 2401 tiam
2034 2348 2186 2400 illico
2219 2351 2356 2400 sunt
2386 2347 2678 2415 perpessi,
2715 2350 2775 2400 ut
2803 2347 2904 2401 vix
2925 2363 2956 2401 e
2987 2349 3190 2417 praelio
3222 2349 3523 2405 elaberen-

1865 2440 1959 2490 tur
1987 2436 2284 2505 perpauci.
2319 2434 2458 2488 Inde
2489 2435 2724 2488 barbari
2755 2435 3042 2504 prolixius
3073 2438 3522 2509 progredientes

1866 2529 2122 2579 castrum
2152 2524 2280 2577 Doli
2313 2524 2604 2591 obsident,
2641 2527 2697 2577 et
2727 2528 2958 2593 captum
2988 2525 3124 2596 igne
3151 2527 3520 2598 comburunt,

1866 2630 1933 2668 ac
1964 2614 2189 2668 incolas
2223 2612 2355 2683 ejus
2389 2627 2519 2667 cum
2550 2612 2862 2666 Salomone
2893 2614 3178 2668 advocato
3209 2615 3320 2669 loci
3348 2615 3524 2671 inter-

1863 2703 2085 2757 ﬁciunt.
2120 2701 2340 2755 Deinde
2370 2700 2619 2754 sublatis
2652 2700 2932 2757 anchoris
2957 2706 3228 2772 repetunt
3252 2719 3434 2774 mare,
3468 2708 3526 2759 et

1865 2793 2193 2846 veliﬁcante
2216 2791 2411 2844 classe
2433 2791 2504 2844 ad
2526 2806 2626 2844 ora
2654 2790 3024 2846 devehuntur
3044 2792 3352 2864 Sequanae.
3378 2793 3524 2848 Car-

1863 2884 2069 2952 pentes
2090 2895 2233 2934 vero
2255 2879 2514 2933 ﬂuminis
2537 2878 2788 2948 alveum,
2817 2881 3046 2948 pernici
3066 2881 3314 2952 remigio
3334 2882 3524 2952 appli-

1865 2973 1996 3024 cant
2027 2969 2480 3039 Rothomagum,
2533 2984 2756 3038 eosque
2805 2969 3140 3023 Richardus
3187 2970 3308 3024 dux
3354 2970 3523 3026 valde

1864 3059 2113 3130 gavisus
2144 3057 2494 3127 competenti
2527 3056 2753 3110 honore
2785 3056 3064 3127 regaliter
3092 3057 3343 3128 excepit.

2486 3144 2738 3198 CAPUT
2768 3143 2896 3198 XII.

1867 3235 2028 3303 Quod
2047 3235 2348 3294 Robertus
2365 3250 2479 3288 rex
2490 3234 2856 3306 Francorum
2878 3235 3088 3288 timore
3098 3235 3523 3306 praedictorum

1934 3323 2138 3379 regum
2171 3305 2540 3360 concordiam
2563 3305 2706 3358 fecit
2731 3304 2892 3360 inter
2921 3304 3124 3360 ducem
3165 3306 3522 3364 Riclzardum

1938 3386 1994 3434 et
2031 3379 2305 3433 Odonem.

1940 3467 2236 3522 Robertus
2255 3470 2447 3520 autem
2467 3465 2586 3519 dux
2605 3463 2985 3534 Francorum,
3003 3465 3250 3520 audiens
3265 3481 3529 3538 paganos

1866 3560 2022 3612 tanta
2050 3555 2345 3610 Britannis
2373 3555 2584 3624 probra
2611 3554 2904 3623 intulisse,
2931 3555 3259 3625 ducemque
3285 3554 3532 3609 Richar-

1867 3646 2003 3700 dum
2034 3645 2108 3699 ad
2141 3644 2553 3698 confutandam
2575 3643 2796 3698 Odonis
2839 3644 3070 3698 comitis
3103 3644 3531 3699 contumaciam

1866 3751 1971 3790 cos
2003 3734 2359 3802 accersisse,
2385 3748 2599 3786 verens
2624 3748 2696 3786 ne
2728 3733 2799 3787 ab
2823 3733 2911 3787 eis
2938 3730 3186 3786 Francia
3207 3730 3526 3787 demolire-

1865 3830 1981 3895 tur,
2015 3827 2281 3893 satrapas
2315 3822 2620 3893 regiminis
2668 3822 2760 3876 sui
2802 3823 3169 3891 convocavit,
3203 3822 3530 3893 ambosque

1870 3913 2178 3968 discordes
2195 3912 2266 3965 ad
2280 3927 2345 3965 se
2360 3911 2509 3981 apud
2525 3909 2769 3964 Coldras
2785 3912 3102 3967 convenire
3115 3911 3408 3966 mandavit
3421 3909 3535 3965 Ubi

1871 4002 2009 4058 dum
2027 4017 2240 4055 causas
2262 4000 2706 4054 dissensionum
2725 4003 2967 4070 utraque
2986 4001 3043 4052 in
3062 4003 3225 4069 parte
3242 4000 3536 4069 audisset,

1872 4091 2082 4161 sopitis
2106 4105 2310 4144 eorum
2337 4089 2569 4155 animis,
2594 4089 2861 4158 protinus
2886 4089 3018 4142 illos
3043 4088 3372 4142 concordes
3395 4088 3534 4143 red-

1872 4179 2035 4249 didit,
2059 4194 2128 4233 eo
2152 4178 2386 4248 quidem
2409 4180 2610 4231 tenore
2632 4180 2693 4230 ut
2712 4177 2833 4230 Odo
2858 4177 3247 4230 Dorcasinum
3273 4179 3536 4230 castrum

1869 4272 2114 4332 teneret,
2149 4270 2205 4321 et
2232 4267 2351 4322 dux
2378 4269 2726 4336 praereptam
2759 4270 2974 4319 terram
3019 4265 3338 4333 reciperet;
3372 4265 3530 4318 reci-

1868 4373 2046 4428 proce
2077 4355 2398 4428 Tegulensi
2430 4358 2628 4408 castro
2676 4355 2736 4407 in
2767 4355 2921 4407 statu
2953 4368 3063 4407 suo
3112 4350 3532 4422 perpetualiter

1873 4447 2256 4511 consistente,
2291 4445 2350 4498 in
2379 4442 2510 4514 ejus
2560 4443 2787 4497 scilicet
2819 4440 3240 4512 haeredumque
3289 4456 3534 4495 suorum

1784 4544 1836 4607 ι)
1870 4538 2179 4606 potestate.
2218 4534 2442 4599 Quibus
2471 4533 2589 4587 dux
2612 4532 2684 4586 ad
2726 4535 2923 4586 votum
2946 4532 3220 4600 peractis,
3251 4529 3323 4584 ad
3354 4545 3534 4601 reges

1871 4640 2019 4679 suos
2053 4623 2392 4695 regreditur
2428 4622 2621 4677 laetus.
2657 4621 2993 4675 Muneratos
3024 4623 3217 4674 autem
3250 4617 3533 4690 congruis

1873 4713 2044 4768 donis
2077 4712 2375 4783 regaliter,
2426 4712 2496 4764 ad
2529 4711 2767 4781 prepria
2815 4713 3060 4764 ovanter
3089 4708 3282 4762 redire
3313 4707 3533 4776 permi-

1872 4806 1968 4873 sit,
2007 4802 2356 4873 quandoque
2406 4801 2476 4853 ad
2526 4800 2659 4870 ejus
2685 4799 2967 4870 juvamen
3008 4800 3246 4866 paratos
3295 4794 3531 4850 reverti.

1875 4896 2005 4948 Rex
2037 4895 2227 4947 autem
2255 4890 2468 4944 Slavus
2499 4904 2680 4959 super
2708 4887 3040 4941 Christiana
3065 4885 3351 4956 religione
3383 4883 3541 4939 oble-

1879 4985 2090 5051 ctatus,
2125 4981 2322 5050 spreto
2353 4977 2647 5032 idolorum
2680 4977 2857 5044 cultu,
2901 4991 3031 5030 cum
3062 4973 3359 5028 nonnullis
3390 4986 3535 5026 suo-

1878 5087 2029 5139 rum,
2064 5069 2334 5122 hortante
2365 5066 2623 5120 Roberto
2676 5063 3143 5133 archiepiscopo,
3197 5061 3266 5114 ad
3315 5060 3536 5114 Christi

1878 5160 2052 5214 ﬁdem
2075 5172 2405 5213 conversus
2424 5157 2534 5224 est,
2551 5158 2743 5224 atque,
2763 5153 2834 5206 ab
2853 5167 2921 5206 eo
2939 5151 3288 5220 baptismate
3306 5149 3461 5204 lotus
3482 5151 3540 5204 et

1877 5263 2051 5304 sacro
2085 5246 2403 5302 chrismate
2427 5243 2742 5310 delibutus,
2774 5241 2846 5295 de
2872 5243 3146 5310 percepta
3168 5240 3354 5311 gratia
3387 5254 3536 5311 gau-

1878 5337 2025 5392 dens
2055 5336 2129 5390 ad
2156 5349 2404 5406 regnum
2438 5347 2611 5387 suum
2641 5345 2962 5401 regressus
2995 5331 3104 5383 est.
3137 5328 3351 5383 Postea
3389 5341 3537 5382 vero

1876 5443 1908 5481 a
1927 5425 2054 5480 suis
2073 5424 2340 5496 proditus
2360 5424 2415 5476 et
2433 5438 2462 5475 a
2480 5419 2722 5491 perfidis
2740 5417 2962 5489 injuste
2980 5419 3338 5487 peremptus,
3356 5415 3538 5470 coale-

1877 5517 2026 5570 stem
2043 5514 2270 5585 regiam
2288 5511 2523 5566 intravit
2537 5523 2645 5563 rex
2662 5509 2951 5577 etmartyr
2968 5505 3296 5578 gloriosus,
3315 5506 3370 5558 et
3382 5517 3538 5558 nunc

1877 5603 2032 5675 apud
2060 5603 2298 5676 gentem
2325 5599 2484 5656 illam
2506 5598 2782 5654 coruscat
2804 5595 3097 5668 prodigiis
3119 5596 3178 5650 et
3196 5591 3534 5648 virtutibus.
