3956 6176
457 292 569 357 831

1072 492 1324 548 CAPUT
1363 493 1514 548 XIII.

465 603 628 670 Quod
658 600 999 658 Richardus
1027 600 1150 654 dux
1179 615 1420 655 uxorem
1443 598 1613 654 duxit
1635 598 1841 654 Judith
1863 613 2131 670 sororem

537 673 833 730 Goiti'redi
853 671 1088 727 comitis
1109 672 1554 740 Britannorum,
1583 676 1642 726 et
1672 670 1746 724 de
1769 669 1941 740 prole
1965 685 2130 741 quam

534 762 613 802 ex
640 761 706 801 ea
736 744 963 816 genuit.

532 836 719 889 Porro
742 833 863 886 dux
885 830 1220 886 Richardus
1243 831 1314 885 de
1338 829 1727 885 successione
1749 827 1934 898 prolis
1964 828 2133 883 solli-

463 923 639 992 citus,
671 920 1032 976 Goit‘fredum
1065 919 1484 974 Britannorum
1516 919 1788 974 comitem
1821 917 2133 988 quamdam

461 1011 682 1067 habere
714 1024 982 1065 sororem
1032 1008 1267 1063 nomine
1314 1007 1517 1061 Judith
1561 1006 1830 1075 audiens,
1883 1020 2133 1075 corpore

463 1099 777 1154 admodum
824 1099 1173 1170 elegantem,
1222 1096 1498 1167 omnique
1539 1111 1768 1149 morum
1819 1094 2132 1149 honestate

461 1189 798 1260 pollentem,
832 1186 983 1240 hanc
1015 1201 1120 1256 per
1161 1185 1392 1256 legatos
1439 1185 1603 1255 petiit
1650 1185 1710 1238 in
1750 1182 2129 1238 connubium.

462 1275 799 1331 Goiil'redus
846 1279 1040 1330 autem
1083 1273 1386 1344 proposito
1434 1272 1568 1344 ejus
1616 1273 1887 1327 ultroneo
1936 1271 2132 1324 animo

466 1370 748 1436 satagens
771 1363 1125 1432 accelerare,
1151 1362 1426 1416 omnibus
1450 1378 1583 1432 quae
1607 1361 1678 1415 ad
1699 1364 1921 1416 tantum
1944 1374 2134 1431 nego-

463 1455 608 1509 tium
657 1458 822 1510 erant
870 1468 1135 1524 congrua
1165 1451 1538 1522 praeparatis,
1573 1466 1701 1504 eam
1758 1449 1843 1502 illi
1892 1447 2135 1502 deduxit

461 1559 654 1614 usque
685 1543 758 1597 ad
779 1543 980 1596 limina
1002 1540 1346 1612 archangeli
1367 1539 1696 1593 Michaelis.
1720 1538 1806 1592 Ibi
1836 1537 1955 1592 dux
1977 1537 2135 1590 illam

461 1631 816 1702 competenti
848 1631 1071 1684 honore
1102 1630 1389 1699 suscepit,
1437 1627 1671 1698 sibique
1705 1627 1968 1698 legitimo
1992 1625 2132 1696 jure

457 1720 676 1792 junxit.
710 1720 792 1773 De
823 1734 958 1790 qua,
991 1717 1421 1788 proﬂuentibus
1453 1716 1644 1785 annis,
1679 1719 1805 1769 tres
1836 1713 1992 1768 filios
2022 1729 2132 1785 ge-

462 1811 606 1878 nuit,
630 1808 995 1863 Richardum
1014 1805 1326 1878 siquidem,
1348 1808 1520 1876 atque
1545 1805 1892 1874 Robertum,
1913 1806 1969 1858 et
1986 1802 2134 1856 Wil-

461 1897 705 1953 lelmum
731 1896 885 1967 apud
913 1895 1272 1950 Fiscannum
1303 1893 1621 1949 monachili
1652 1892 1872 1948 vellere
1898 1892 1959 1946 in
1989 1891 2134 1946 ado-

468 1984 752 2041 lescentia
784 1984 1048 2038 functum
1077 1983 1498 2052 :Totidemque
1531 1982 1705 2051 ﬁlias,
1740 1997 1990 2052 quarum
2021 1996 2137 2035 una

463 2073 699 2129 nomine
731 2072 932 2126 Adeliz
959 2071 1243 2126 Rainaldo
1269 2070 1762 2142 Burgundionum
1791 2070 1988 2124 comiti
2021 2085 2138 2122 nu-

461 2162 604 2234 psit,
627 2178 702 2217 ex
723 2177 842 2232 qua
863 2160 1230 2214 Willelmum
1253 2162 1308 2213 et
1329 2159 1649 2213 VVidonem
1673 2159 2026 2228 procreavit;
2051 2157 2138 2211 al-

459 2255 584 2306 tera
637 2249 922 2304 Balduino
972 2248 1351 2314 Flandrensi;
1382 2249 1552 2302 tertia
1578 2247 1701 2318 jam
1752 2247 1947 2302 adulta
1997 2247 2140 2301 obiit

460 2340 654 2412 virgo.
685 2340 874 2393 Porro
908 2337 1242 2392 Goiflredus
1263 2352 1462 2391 comes
1480 2336 1659 2408 longo
1689 2340 1822 2406 post
1855 2335 2140 2390 orationis

459 2444 566 2500 pro
600 2427 840 2482 obtentu
874 2427 1120 2481 Romam
1138 2425 1549 2495 proficiscens,
1573 2428 1753 2480 totam
1774 2424 2136 2479 Britanniam

462 2533 596 2572 cum
623 2517 857 2570 duobus
881 2515 1042 2584 ﬁliis,
1069 2514 1298 2568 Alanno
1321 2514 1595 2569 videlicet
1615 2530 1682 2568 ac
1707 2513 1969 2580 Eudone,
2003 2513 2139 2566 reli-

461 2606 588 2678 quit
619 2605 731 2659 sub
762 2603 933 2658 ducis
963 2603 1272 2657 advocatu.
1291 2603 1400 2668 Qui
1431 2604 1764 2674 peragratis
1798 2605 2139 2656 sanctorum

460 2693 638 2762 locis,
671 2694 730 2747 in
760 2691 1135 2762 repatriando
1169 2694 1509 2760 prmventus
1553 2693 1741 2746 morte
1787 2690 1941 2745 diem
1973 2689 2135 2746 obiit.

1079 2796 1331 2851 CAPUT
1369 2796 1526 2852 XIV.

468 2903 758 2970 Quomodo
780 2902 1079 2958 Robertus
1093 2917 1210 2956 rex
1223 2901 1586 2957 Francorum
1610 2900 1832 2957 auxilio
1849 2899 2142 2956 Riclmrdi

534 2975 704 3030 ducis
732 2974 962 3029 redidit
990 2973 1344 3028 Burclzardo
1372 2979 1632 3028 castrum
1659 2973 2035 3028 Milidunum.

530 3063 820 3134 Tempore
834 3062 953 3132 illo,
970 3077 1104 3116 eum
1118 3061 1502 3116 Burchardus
1516 3061 1930 3116 Milidunensis
1945 3059 2131 3114 castri

463 3167 664 3207 comes
693 3152 848 3222 apud
880 3152 1044 3223 regis
1095 3149 1460 3205 Francorum
1509 3150 1731 3205 curiam
1775 3152 2126 3218 moraretur,

461 3241 698 3312 quidam
717 3239 852 3310 ejus
869 3240 1041 3294 miles
1061 3239 1296 3294 nomine
1315 3238 1642 3293 Walterius
1661 3238 2008 3293 muneribus
2026 3253 2135 3292 cae-

462 3333 654 3398 catus,
691 3328 833 3382 illud
864 3329 918 3382 ei
947 3329 1080 3382 dolo
1115 3328 1379 3398 subipuit
1409 3331 1466 3382 et
1507 3327 1693 3382 Odoni
1740 3327 1937 3382 comiti
1967 3327 2131 3380 clan-

462 3417 695 3473 destina
753 3417 1086 3486 proditione
1141 3416 1396 3469 tradidit.
1457 3417 1583 3471 Rex
1630 3419 1845 3485 autem,
1903 3418 1964 3469 ut
2021 3415 2133 3470 hoc

461 3505 766 3575 comperit,
819 3504 1007 3558 Odoni
1041 3504 1315 3558 festinato
1368 3504 1664 3558 mandavit
1694 3509 1984 3576 quatenus
2033 3519 2134 3558 ca-

463 3597 652 3648 strum
673 3593 983 3648 desereret
1004 3593 1401 3662 sponte,quod
1415 3592 1531 3646 sibi
1550 3596 1868 3663 usurparet
1887 3591 2130 3664 injuste.

461 3682 580 3737 Sed
599 3682 697 3736 ille
720 3680 834 3736 loci
858 3680 1008 3734 ﬁsus
1035 3681 1376 3748 munimine,
1403 3681 1476 3735 ob
1499 3680 1874 3736 decurrentis
1899 3681 1957 3734 in
1987 3695 2133 3752 gyro

463 3771 697 3825 alveum
711 3769 1002 3841 Sequanae
1017 3768 1414 3824 referentibus
1429 3769 1641 3840 legatis
1661 3770 1788 3841 regi
1807 3769 2131 3839 respondit,

462 3859 606 3914 illud
637 3858 756 3913 vita
789 3859 1004 3912 comite
1037 3873 1102 3912 se
1132 3857 1276 3912 nulli
1302 3874 1559 3930 unquam
1583 3858 1854 3913 reddere.
1889 3858 1999 3912 His
2029 3872 2136 3912 rex

464 3948 678 4018 oppido
712 3948 1102 4002 exacerbatus
1145 3947 1371 4016 verbis,
1408 3947 1768 4002 Richardum
1817 3947 2134 4001 Nortman-

461 4051 672 4092 norum
706 4037 915 4091 ducem
941 4037 1011 4090 ad
1032 4035 1389 4107 colloquium
1411 4037 1747 4107 accersivit,
1768 4036 1940 4107 eique
1957 4037 2134 4090 rubo-

460 4125 547 4180 ris
584 4127 679 4180 sui
723 4125 984 4180 dedecus
1017 4125 1310 4196 deposuit,
1347 4142 1524 4180 orans
1564 4127 1968 4198 gratissimam
1998 4123 2133 4196 ejus

460 4214 800 4270 ﬁdelitatem
824 4214 1251 4270 subventuram
1274 4215 1413 4283 sibi,
1436 4232 1510 4270 ne
1532 4217 1688 4269 tanto
1711 4213 2132 4284 praesumptio-

460 4320 597 4358 num
629 4303 884 4358 ludibrio
908 4306 1274 4374 premeretur
1294 4320 1325 4356 a
1347 4306 1497 4358 suis.
1533 4303 1663 4358 Dux
1686 4307 1879 4357 autem
1911 4317 2118 4373 oppro-

459 4393 654 4448 brium
682 4391 762 4463 pii
784 4393 948 4464 regis
970 4409 1087 4448 non
1111 4393 1329 4463 ferens,
1357 4395 1719 4464 congregato
1743 4393 1906 4446 mirae
1931 4391 2129 4446 multi-

457 4480 682 4535 tudinis
741 4480 1005 4535 exercitu
1053 4482 1404 4552 quantocius
1453 4481 1800 4536 Milidunum
1844 4481 2022 4549 venit,
2074 4481 2131 4534 et

457 4568 605 4624 illud
637 4585 708 4624 ex
739 4585 854 4622 una
875 4569 1134 4624 fluminis
1158 4573 1320 4640 parte
1352 4570 1603 4636 obsedit,
1633 4573 1690 4624 et
1721 4585 1828 4624 rex
1857 4569 1917 4623 in
1945 4569 2131 4623 altera

458 4661 625 4729 parte
657 4658 938 4713 constitit.
981 4656 1084 4712 Sib
1115 4661 1241 4712 acte
1276 4659 1541 4729 utrisque
1572 4659 1840 4729 partibus
1872 4661 2133 4712 castrum

459 4747 554 4802 die
586 4749 882 4818 noctuque
915 4762 1048 4800 cum
1098 4747 1332 4802 turbine
1365 4748 1536 4819 gravi
1562 4748 1872 4802 tormentis
1905 4751 1962 4802 et
2006 4761 2135 4800 ma-

458 4835 654 4891 chinis
684 4835 969 4908 quatiunt.
1002 4835 1285 4890 Videntes
1317 4837 1512 4906 itaque
1544 4836 1972 4891 Milidunenses
2001 4838 2133 4889 tan-

459 4927 576 4979 tam
605 4928 726 4978 vim
757 4925 1016 4980 hostium
1046 4940 1113 4979 se
1144 4940 1262 4979 non
1301 4940 1485 4995 posse
1521 4925 1796 4995 tolerare,
1851 4924 2132 4978 distracto

458 5014 594 5068 duci
626 5014 846 5069 tumido
894 5013 1251 5068 rebellatore
1299 5018 1501 5084 portas
1553 5017 1792 5084 repente
1840 5004 2130 5084 aperiunt,

459 5117 712 5174 eumque
762 5119 895 5158 cum
945 5104 1076 5158 suis
1109 5103 1505 5157 introducunt.
1550 5104 1680 5156 Dux
1708 5118 1849 5157 vero
1878 5119 2132 5172 parcens

461 5190 836 5261 multitudini,
886 5193 1230 5247 traditorem
1272 5192 1544 5262 protinus
1603 5192 1732 5262 regi
1793 5191 2127 5261 destinavit,

462 5279 751 5332 mandans
781 5283 842 5332 ut
864 5281 1081 5335 milites
1113 5282 1426 5353 dirigeret;
1457 5281 1557 5350 qui
1591 5283 1850 5334 castrum
1881 5279 2133 5334 reddidit

462 5366 828 5436 Burchardo,
863 5371 919 5422 et
947 5370 1306 5439 proditorem
1337 5387 1470 5424 cum
1502 5384 1685 5424 uxore
1715 5369 1955 5438 propria
1986 5368 2132 5438 pati-

461 5455 601 5510 bulo
618 5455 808 5527 jussit
830 5459 1137 5528 suspendi,
1162 5459 1414 5513 debitam
1438 5458 1556 5512 illis
1578 5457 1852 5512 talionem
1873 5457 2129 5511 reddens

464 5560 592 5600 suae
622 5543 918 5598 factionis.
951 5546 1094 5599 Post
1126 5546 1254 5600 haec
1281 5548 1614 5603 Richardus
1647 5548 1786 5616 dux,
1819 5547 2000 5600 rebus
2031 5546 2130 5600 de-

461 5636 664 5692 center
687 5632 960 5705 expletis,
981 5648 1134 5703 cum,
1159 5635 1570 5693 benedictione
1591 5636 1778 5709 regali
1800 5635 1873 5691 ad
1892 5635 2129 5707 propria

1162 291 1593 356 WILLELMI
1639 291 2004 357 CALCULI
2045 289 2732 356 GEMMETICENSIS
2772 288 3174 354 MONACHI.

3692 296 3781 362 832

2150 474 2209 534 Α
2237 492 2540 547 remeavit.
2567 490 2757 562 Cujus
2779 491 2970 546 aetatis
2991 493 3254 560 tempore
3273 505 3489 560 semper
3510 495 3694 548 assueti
3705 495 3800 550 iue-

2242 584 2380 635 runt
2410 581 2617 635 hostes
2650 581 2860 652 fugare
2892 579 3302 649 Northmanni,
3335 579 3433 634 sed
3461 583 3605 652 terga
3631 588 3801 638 vertere

2241 669 2412 724 nulli.

2872 756 3125 811 CAPUT
3152 755 3278 810 XV.

2241 862 2404 928 Quod
2431 863 2653 919 auxilio
2697 863 2985 920 Richardi
3005 863 3174 918 ducis
3205 862 3483 920 Robertus
3508 879 3607 917 rex
3622 862 3811 919 Franco-

2308 952 2438 989 rum
2485 935 2755 1006 ducatum
2804 934 3192 1006 Burgundiae,
3239 933 3696 1006 quempHenricjus
3729 936 3814 989 dux

2314 1006 2579 1078 ejusdem
2602 1005 2725 1078 sibi
2740 1007 3005 1060 moriens
3028 1004 3374 1076 reliquerat,
3399 1004 3454 1058 in
3466 1006 3588 1059 vilis
3601 1005 3810 1078 Burgun-

2357 1076 2598 1131 ionibus
2625 1077 2875 1148 adeptus
2907 1081 3019 1130 est.

2241 1183 2430 1236 Annis
2463 1181 2675 1237 adhinc
2723 1181 2917 1236 tribus
2950 1181 3232 1250 emensis,
3285 1179 3558 1235 Henricus
3601 1181 3811 1252 Burgun-

2241 1272 2482 1326 dionum
2540 1271 2660 1324 dux
2716 1271 2965 1325 moritur
3021 1269 3248 1340 absque
3305 1268 3516 1323 liberis.
3564 1269 3812 1324 Robertum

2240 1360 2607 1414 Francorum
2623 1375 2831 1431 regem
2847 1360 2939 1414 sui
2960 1359 3209 1413 ducatus
3225 1357 3550 1429 relinquens
3565 1357 3811 1411 haeredem.

2241 1449 2700 1520 Burgundiones
2720 1463 2854 1502 eum
2872 1449 3027 1502 fastu
3048 1447 3348 1518 supercilii
3368 1447 3644 1516 suscipere
3658 1445 3814 1498 refuta-

2239 1541 2477 1608 verunt;
2502 1537 2613 1591 sed
2635 1536 2992 1591 Landricum
3016 1537 3446 1590 Niverncnsem
3464 1536 3696 1588 comitem
3713 1534 3818 1587 intra

2241 1627 2688 1680 Autisiodorum
2701 1625 2773 1679 ad
2787 1625 3187 1680 rebellandum
3203 1621 3816 1686 summiserunt.Quorum

2242 1715 2500 1770 tumidos
2517 1714 2958 1784 praesumptivee
2979 1713 3325 1768 temeritatis
3347 1715 3575 1766 conatus
3592 1711 3818 1765 Robertus

2244 1819 2352 1858 rex
2375 1803 2766 1873 comprimere
2788 1802 3100 1872 festinans,
3129 1801 3417 1856 accersito
3439 1801 3573 1854 duce
3594 1797 3818 1853 Richardo

2244 1908 2377 1947 cum
2409 1891 2672 1947 exercitu
2702 1891 3244 1946 Northmannorum
3272 1891 3526 1960 c0pioso,
3554 1885 3819 1943 Autisiodo-

2243 1997 2374 2035 rum
2405 1981 2607 2035 tandiu
2638 1979 2891 2049 obsedit,
2942 1979 3131 2035 donec
3179 1979 3527 2033 Landricum
3562 1992 3674 2032 cum
3697 1973 3818 2040 urbe,

2243 2067 2561 2123 obsidibus
2593 2068 2870 2137 sumptis,
2895 2083 3004 2122 suo
3027 2067 3382 2138 subjugaret
3401 2062 3700 2119 dominatui.
3723 2060 3822 2114 lude

2160 1783 2212 1845 Β

2241 2172 2383 2211 vero
2416 2156 2724 2226 profectus
2748 2156 2901 2226 apud
2923 2155 3252 2209 Avalonum
3281 2159 3530 2209 castrum
3551 2152 3613 2205 ad
3632 2150 3823 2204 obsidio-

2241 2261 2398 2313 nem,
2435 2250 2526 2300 est
2556 2248 2750 2299 castra
2780 2247 3052 2299 metatus.
3087 2242 3256 2307 Quod
3289 2259 3421 2298 cum
3460 2241 3633 2296 tribus
3658 2239 3821 2292 mensi-

2241 2334 2357 2388 bus
2380 2336 2753 2405 expugnaret
2771 2334 2986 2388 robore
3008 2332 3366 2401 vehementi,
3391 2330 3607 2385 tandem
3628 2328 3826 2397 Burgun-

2243 2423 2338 2477 dia
2371 2426 2598 2477 vastata
2629 2422 2904 2492 oppidani
2949 2422 3133 2476 coacti
3165 2421 3418 2491 penuria
3459 2416 3821 2488 stipendiorum,

2245 2511 2498 2566 consilio
2519 2514 2575 2565 et
2597 2511 2816 2564 auxilio
2836 2511 3006 2564 ducis
3024 2510 3166 2564 illud
3189 2509 3562 2564 reddiderunt
3583 2505 3691 2576 regi
3705 2503 3827 2556 Fran-

2245 2616 2469 2655 corum.
2506 2600 2618 2654 His
2649 2600 2722 2653 ad
2751 2602 2954 2654 votum
2985 2599 3092 2652 rite
3122 2598 3406 2668 peractis,
3436 2612 3536 2650 rex
3561 2609 3653 2665 per
3677 2595 3824 2645 cuncta

2245 2689 2490 2744 castella
2509 2688 2790 2743 custodes
2810 2687 3108 2757 deputavit
3124 2691 3180 2742 et
3197 2688 3519 2742 Robertum
3537 2683 3692 2737 ﬁlium
3707 2693 3827 2734 suum

2243 2777 2480 2832 ducatui
2495 2777 2866 2848 subrogavit,
2883 2776 3091 2847 sicque
3107 2777 3448 2847 arrogantia
3462 2769 3827 2844 repugnantium

2243 2869 2478 2921 cessata
2500 2866 2743 2937 quievit.
2769 2865 2992 2920 Deinde
3014 2880 3124 2919 rex
3143 2865 3206 2918 in
3228 2864 3535 2919 Franciam
3553 2865 3603 2916 et
3622 2859 3720 2914 dux
3740 2869 3830 2910 cum

2244 2955 2372 3011 suis
2405 2955 2556 3010 redit
2585 2955 2646 3008 in
2677 2954 3188 3009 Northmanniam.

2162 3089 2214 3151 C
2849 3042 3101 3097 CAPUT
3147 3041 3306 3096 XVI.

2244 3149 2408 3214 Quod
2419 3147 2745 3203 Rainaldus
2763 3153 2933 3202 trans
2950 3147 3166 3203 Saonae
3180 3147 3263 3201 {In
3275 3148 3426 3202 vium
3444 3159 3623 3201 comes
3635 3141 3834 3211 Burgun-

2314 3221 2548 3276 dionum
2580 3220 2750 3274 duxit
2780 3219 2960 3273 filiam
2993 3219 3289 3274 Hichardi
3319 3219 3489 3274 ducis
3516 3214 3721 3271 Adeliz.

2314 3326 2562 3398 Cognita
2591 3341 2826 3397 quoque
2855 3326 3257 3380 mirandorum
3289 3340 3532 3395 operum
3571 3320 3716 3375 ducis
3742 3315 3832 3384 Opi-

2243 3417 2416 3470 nione
2433 3416 2756 3470 Rainaldus
2768 3418 2930 3469 trans
2945 3413 3154 3469 Saonae
3169 3414 3416 3469 ﬂuvium
3429 3408 3835 3483 Burgundionum

2245 3520 2467 3574 comes,
2502 3504 2710 3558 missis
2745 3505 2982 3575 legatis,
3029 3504 3209 3557 ﬁliam
3241 3503 3379 3574 ejus
3411 3501 3632 3556 nomine
3658 3491 3837 3551 Adheliz

2242 3594 2304 3648 in
2352 3593 2699 3665 conjugium
2740 3593 2857 3646 sibi
2905 3593 3204 3663 expetivit.
3251 3591 3438 3656 Quam
3485 3587 3834 3659 impetratama

2244 3687 2487 3753 paterna
2509 3683 2681 3736 domo
2703 3681 3004 3751 auferens,
3029 3681 3089 3736 in
3113 3681 3523 3752 Burgundiam
3543 3693 3661 3734 cum
3680 3683 3835 3742 magno

2244 3771 2468 3827 honore
2499 3770 2747 3841 induxit,
2782 3785 3011 3840 suoque
3042 3774 3170 3825 toro
3194 3770 3522 3824 christiana
3549 3768 3668 3838 lege
3693 3760 3833 3815 socia—

2245 3862 2347 3914 vit.
2386 3860 2501 3915 Sed
2529 3860 2707 3931 longe
2738 3861 2875 3930 post
2904 3859 3130 3914 obortis
3170 3859 3362 3914 litium
3393 3856 3673 3921 fomentis,
3701 3851 3797 3920 ipse
3816 3861 3836 3897 θ

2245 3949 2499 4021 quodam
2528 3948 2907 4003 Cabilonensi
2956 3948 3168 4002 comite
3197 3948 3438 4002 nomine
3485 3946 3709 4015 Hugone
3745 3933 3834 3989 dolo

2246 4038 2474 4108 capitur
2504 4040 2561 4092 et
2592 4037 2704 4091 sub
2737 4037 2880 4092 dirae
2904 4035 3191 4091 custodiae
3225 4035 3530 4108 ergastulo
3559 4027 3836 4088 detruditur,

2246 4127 2750 4197 compedibusque
2781 4125 3161 4197 gravissimis
3184 4127 3433 4179 artatur.
3465 4120 3641 4192 Citius
3666 4118 3836 4197 incomj

2244 4196 2539 4286 petentem
2567 4196 2922 4269 anxietatem
2954 4214 3075 4268 dux
3095 4216 3157 4267 ut
3185 4214 3452 4285 agnovit,
3486 4211 3633 4265 illico
3660 4196 3839 4273 Hugoni

2247 4305 2516 4374 expedite
2546 4304 2778 4374 legatos
2819 4303 3052 4372 direxit,
3086 4302 3378 4356 mandans
3409 4303 3470 4356 ut
3498 4299 3702 4367 absque
3726 4287 3838 4344 difﬁ-

2249 4392 2462 4447 cultate
2505 4392 2803 4446 dilationis
2850 4406 3137 4463 generum
3185 4407 3365 4446 suum
3409 4404 3514 4460 pro
3551 4397 3728 4441 amore
3763 4388 3839 4431 δυο

2159 4458 2215 4521 D
2247 4481 2472 4536 sineret
2493 4480 2744 4535 liberum
2763 4458 2948 4534 abire.
2972 4480 3359 4550 Legationem
3377 4458 3520 4533 vero
3542 4473 3694 4530 ducis
3712 4467 3839 4534 H1130

2244 4569 2635 4640 parvipendit,
2693 4584 2802 4623 nec
2844 4568 3018 4623 modo
3075 4568 3429 4623 Rainaldum
3476 4563 3702 4620 reddere
3737 4567 3838 4610 con-

2242 4659 2501 4729 tempsit,
2521 4673 2725 4712 verum
2742 4657 2917 4713 etiam
2935 4657 3285 4712 custodibus
3304 4655 3584 4711 abhibitis
3600 4648 3843 4704 vehemen-

2239 4747 2361 4802 tius
2415 4746 2715 4802 custodire
2757 4745 2978 4800 tumide
3020 4745 3228 4817 jussit.
3276 4744 3448 4810 Quod
3487 4756 3612 4798 cum
3650 4734 3840 4792 relatum

2241 4835 2379 4891 duci
2414 4835 2648 4906 fuisset,
2681 4835 2950 4905 protinus
2985 4833 3279 4889 Richardo
3315 4834 3437 4888 ﬁlio
3465 4846 3573 4886 suo
3600 4818 3840 4895 imperavit

2239 4927 2322 4994 ut,
2357 4928 2561 4978 coacto
2592 4924 2651 4978 in
2681 4939 2863 4978 unum
2892 4923 3436 4978 Northmannorum
3459 4917 3716 4979 exercitu,
3737 4910 3840 4962 Bur—

2241 5013 2520 5084 gundiam
2549 5012 2755 5081 adiret,
2786 5027 3073 5083 suamque
3096 5011 3378 5082 iujuriam
3401 5011 3472 5064 de
3503 5007 3713 5061 funesto
3740 4995 3837 5051 totis

2239 5102 2474 5156 nisibus
2495 5101 2843 5155 vindicaret.
2864 5101 3234 5155 Adolescens
3249 5100 3433 5170 jussu
3450 5095 3622 5168 patris
3643 5089 3836 5145 libenter

2239 5192 2571 5261 exequitur,
2606 5193 2662 5243 et
2695 5190 2888 5244 omnia
2917 5205 3050 5260 quae
3081 5190 3152 5242 ad
3198 5189 3341 5242 tanti
3387 5187 3608 5240 itineris
3651 5172 3836 5247 expedi-

2237 5280 2455 5333 tionem
2487 5282 2814 5348 opportuna
2862 5283 3029 5332 erant
3075 5279 3391 5347 praeparat.
3429 5274 3675 5342 Denique
3718 5261 3835 5314 velut

2238 5370 2558 5436 tempestas
2589 5367 2923 5436 procellosa
2969 5381 3165 5420 coram
3198 5381 3263 5420 se
3295 5368 3506 5419 cuncta
3541 5353 3835 5441 proturbans:

2237 5472 2270 5509 a
2304 5457 2484 5525 patria
2515 5435 2836 5527 egreditur,
2872 5454 3141 5508 confecto
3165 5453 3309 5507 calle
3335 5469 3468 5507 cum
3491 5435 3835 5527 innumerabili

2238 5526 2779 5600 Northmannorum
2810 5542 3176 5596 multitudine
3209 5539 3606 5612 Burgundiam
3647 5526 3832 5588 invadit,

2237 5635 2296 5690 et
2309 5633 2690 5691 Milinandum
2707 5628 3134 5705 [Milbiandum]
3157 5632 3420 5686 castrum
3448 5622 3729 5683 obsidione
3751 5613 3835 5668 cin-
