3956 6176
183 261 275 372 θεέ

541 296 958 361 ΗΙΞΤΟΗΗΕ
1011 293 1786 360 ΝΟΒΤΗΜΑΝΝΟΒΗΜ
1819 292 2048 357 LIBRI
2083 293 2103 353 (

1528 293 1786 358 TORUM
1819 292 2048 357 LIBRI
2083 290 2324 356 OCTO.
2359 323 2438 338 —
2469 290 2721 356 LIBER
2749 291 3090 356 SEXTUS.

3417 294 3538 358 83.4

177 505 253 576 git.
283 499 461 555 Incolae
488 512 618 552 vero
649 495 763 550 loci
799 497 922 550 tuto
954 494 1206 548 fidentes
1236 493 1578 562 munimine,
1615 491 1754 547 telis
1783 474 1842 536 Α
1871 490 2182 562 piissimus
2205 493 2261 546 et
2298 507 2620 561 pauperum
2644 494 3007 547 sustentator
3035 493 3398 550 indefessus.
3421 494 3533 548 His

175 608 224 646 ac
248 588 440 661 sagittis
465 587 652 641 hostes
675 588 981 654 coeperunt
1006 582 1318 637 confestim
1341 583 1414 636 ad
1439 583 1531 636 sui
1552 582 1755 652 perni-

173 681 283 734 ciem
300 690 604 747 provocare.
629 673 1018 727 Northmanni
1037 671 1376 727 saevissimo
1398 671 1595 724 furore
1618 686 1753 724 con-

171 768 303 833 citati,
328 769 557 818 castrum
577 779 706 816 cum
729 777 944 834 magno
971 763 1190 830 impetu
1221 775 1327 832 per
1346 776 1558 831 gyrum
1580 775 1758 829 oppu-

167 859 320 926 gnant,
351 855 565 922 repente
595 852 849 921 capiunt,
884 853 941 904 et
972 865 1103 904 cum
1127 849 1274 902 viris
1304 865 1371 902 ac
1399 848 1754 902 mulieribus

165 947 294 1013 atque
319 941 555 1010 parvulis
575 942 708 1011 igne
735 942 894 994 terra
916 942 1089 994 tenus
1117 937 1489 992 comburunt.
1515 935 1656 990 Inde
1682 937 1756 991 ad

161 1030 534 1085 Cabilonensem
564 1029 770 1082 urbem
792 1029 902 1082 iter
919 1028 1201 1098 dirigunt,
1231 1025 1485 1096 ejusque
1507 1026 1754 1096 patriam

160 1121 259 1190 igne
297 1121 640 1172 consumunt.
688 1117 1090 1172 Considerans
1123 1115 1307 1186 igitur
1339 1115 1514 1186 Hugo
1548 1117 1752 1168 contra

158 1210 325 1261 tantum
350 1207 632 1260 exercitus
673 1206 860 1261 robur
891 1222 957 1260 se
991 1205 1150 1258 nullo
1179 1207 1350 1274 pacto
1383 1218 1564 1273 posse
1595 1202 1750 1257 resi-

153 1302 270 1350 stere
294 1299 602 1365 equestrem
633 1296 842 1350 sellam
869 1294 1068 1349 ferens
1101 1292 1750 1362 humeris,provolutus

154 1384 622 1454 genibusliichardi
635 1383 1238 1453 adolescentis,prece
1252 1381 1504 1452 supplici
1518 1381 1751 1435 veniam

147 1477 364 1541 precatur
407 1474 737 1527 commissa:
785 1472 1155 1526 temeritatis.
1205 1470 1329 1535 Qua
1361 1470 1582 1524 indulta
1614 1471 1748 1524 Bai-

146 1559 329 1614 naldum
358 1561 618 1632 reddidit,
658 1565 733 1631 et,
780 1561 1196 1616 obsidionibus
1229 1559 1403 1627 datis,
1439 1558 1590 1628 apud
1626 1560 1748 1614 Ro-

141 1649 420 1720 thomagum
441 1666 510 1704 ex
523 1650 636 1704 hoc
655 1666 721 1704 se
736 1650 863 1706 fore
881 1649 1330 1704 satisfacturum
1349 1646 1748 1718 jurejurando

139 1736 238 1790 duci
255 1738 525 1793 Richardo
543 1739 882 1809 sp0pondit.
904 1737 1132 1803 Quibus
1157 1738 1228 1790 ad
1247 1741 1444 1791 votum
1466 1737 1744 1806 peractis,

137 1825 409 1881 llichardus
443 1827 688 1898 juvenis
722 1828 794 1882 ad
824 1830 1049 1897 patrem
1081 1826 1255 1881 rediit
1286 1841 1419 1879 cum
1450 1825 1601 1880 suis.

671 1933 922 1988 CAPUT
965 1933 1146 1988 XVII.

1869 583 1924 634 et
1946 579 2292 650 hujusmodi
2319 581 2674 648 probitatum
2694 581 2908 652 vigens
2930 581 3135 651 titulis,
3161 585 3336 653 ccepit
3355 583 3530 640 vehe-

1866 671 2092 722 menter
2119 669 2434 740 aggravari
2481 670 2832 740 aegritudine
2872 671 3160 740 corporis.
3209 673 3536 728 Robertum

1862 773 2006 828 ergo
2046 757 2560 827 archiepiscopum
2603 760 2659 811 et
2699 761 2944 813 cunctos
2992 759 3537 815 Northmannorum

1858 846 2158 917 principes
2184 846 2337 916 apud
2371 845 2729 900 Fiscannum
2762 850 3066 916 convocat,
3088 847 3294 918 eisque
3324 863 3390 901 se
3407 847 3534 917 jam

1859 936 2097 990 omnino
2142 934 2365 989 resolvi
2408 935 2646 988 indicat.
2680 935 2844 990 Illico
2893 951 3000 1006 per
3040 939 3249 990 cuncta
3277 935 3533 990 triclinia

1855 1024 2070 1077 domus
2122 1023 2186 1076 fit
2226 1022 2502 1077 omnibus
2539 1023 2930 1077 intolerabilis
2981 1024 3196 1078 luctus.
3250 1025 3531 1097 Lugubre

1855 1113 2070 1184 quippe
2101 1111 2574 1166 lamentabantur
2599 1113 2874 1166 monachi
2904 1115 2960 1167 et
2990 1112 3211 1183 clerici,
3237 1129 3341 1182 pro
3373 1116 3531 1167 tanta

1855 1203 2100 1258 orbitate
2118 1201 2300 1270 patris
2315 1201 2676 1255 charissimi.
2703 1201 2964 1255 Heroum
2989 1217 3092 1255 ora
3113 1201 3412 1255 undabant
3440 1202 3532 1257 la-

1854 1291 2074 1361 crymis
2105 1306 2213 1360 pro
2236 1289 2562 1344 amissione
2584 1289 2966 1344 invictissimi
2996 1289 3186 1343 ducis.
3222 1290 3538 1364 Lugobant

1853 1395 2088 1451 quoque
2119 1382 2377 1433 catervae
2409 1393 2735 1450 egenorum
2763 1393 2870 1448 per
2897 1379 3154 1447 compita
3185 1382 3403 1452 oppidi,
3426 1396 3533 1450 pro

1852 1469 2228 1524 destitutione
2246 1466 2343 1522 sui
2363 1467 2754 1521 consolatoris
2798 1471 2856 1520 et
2903 1469 3154 1536 patroni.
3189 1469 3532 1524 Novissime

1852 1563 2046 1612 autem
2096 1557 2346 1610 ascitum
2399 1554 2762 1610 Richardum
2811 1553 2998 1612 ﬁlium
3051 1574 3224 1612 suum
3256 1557 3531 1612 consultu

1853 1646 2184 1716 sapientum
2224 1643 2494 1715 praefecit
2527 1659 2636 1698 suo
2667 1645 2930 1717 ducatui,
2964 1650 3021 1701 et
3052 1647 3376 1700 Robertum
3406 1646 3529 1700 fra-

1850 1737 1999 1788 trem
2031 1734 2164 1804 ejus
2198 1733 2496 1787 comitatui
2539 1731 2878 1803 Oxim.ensi,
2927 1737 2990 1789 ut
3018 1735 3153 1789 inde
3184 1734 3263 1788 illi
3297 1734 3530 1804 persol-

1853 1827 2022 1878 veret
2054 1822 2313 1878 debitum
2353 1820 2650 1892 obsequii.
2694 1824 2959 1894 Denique
2991 1823 3264 1877 omnibus
3296 1838 3429 1894 quae
3461 1823 3533 1877 ad

1858 1913 1962 1966 Dei
1981 1913 2202 1966 cultum
2223 1911 2520 1982 pertinere
2539 1913 2915 1982 videbantur,
2933 1917 3173 1966 strenue
3198 1911 3528 1981 dispositis,

130 2017 256 2084 Quod
276 2020 388 2075 dux
425 2021 769 2078 Richard“
799 2023 875 2076 ad
905 2027 1173 2076 extrema
1223 2021 1469 2075 veniens
1504 2019 1745 2076 Βίοιηησ,
1774 2023 1826 2085 Β
1857 2001 2172 2056 millesimo
2219 2000 2510 2057 vicesimo
2557 2005 2728 2056 sexto
2781 2016 2932 2056 anno
2991 2000 3064 2055 ab
3130 2001 3530 2056 incarnatione

232 2092 347 2145 dum
378 2091 560 2147 lilium
591 2097 889 2148 seniorem
914 2093 1194 2164 prmfecit
1223 2108 1328 2147 suo
1357 2091 1614 2146 ducatui.

175 2179 469 2236 Richardus
487 2183 632 2251 dux,
657 2183 926 2252 quamvis
949 2181 1634 2252 praecellentissimorum
1658 2197 1748 2235 ac-

119 2273 244 2323 tuum
270 2271 680 2342 praerogativis
711 2271 888 2342 longe
919 2271 1150 2341 lateque
1190 2270 1485 2324 claruerat
1513 2269 1744 2340 perspi-

119 2372 250 2428 cuus,
270 2362 452 2414 tamen
474 2358 703 2414 Christi
737 2360 929 2414 cultor
959 2360 1145 2414 extitit
1175 2359 1480 2428 assiduus,
1511 2359 1657 2413 adeo
1681 2363 1743 2414 ut

114 2448 478 2504 monachorum
530 2451 711 2520 atque
758 2448 1109 2504 clericorum
1134 2448 1270 2519 jure
1301 2452 1547 2502 vocetur
1575 2451 1741 2518 pater

1858 2091 2087 2146 Domini
2115 2089 2415 2144 hominem
2438 2091 2638 2160 exivit,
2671 2091 2826 2144 viam
2857 2088 3201 2161 ingrediens
3232 2089 3532 2144 universa

1855 2179 2074 2248 carnis,
2139 2183 2431 2248 regnante
2479 2180 2687 2233 eodem
2727 2179 2874 2232 Jesu
2931 2176 3165 2231 Christo
3213 2177 3274 2230 in
3304 2177 3530 2234 Deitate

1851 2273 2112 2340 paternae
2147 2266 2485 2338 Majestatis
2532 2270 2590 2321 et
2636 2267 2692 2320 in
2741 2267 2957 2320 unitate
3007 2264 3262 2334 Spiritus
3313 2265 3524 2337 sancti,

1849 2373 1956 2428 per
1984 2356 2178 2412 omnia
2209 2355 2439 2410 saecuila
2469 2355 2855 2423 saeculorum,
2890 2355 3098 2410 Amen.

683 2786 1468 2917 HISTORLE
1567 2720 2987 2918 NOR'I‘HMANNOBUM

1453 2997 1741 3078 LIBER
1791 2999 2192 3076 SEXTUS.

331 3159 434 3222 De
477 3159 685 3222 tertio
730 3157 1071 3221 Richardo
1119 3161 1181 3220 et
1221 3157 1509 3220 Roberto
1530 3161 1763 3240 fratre
1805 3159 1967 3240 ejus,
1998 3158 2176 3238 ﬁliis
2206 3159 2512 3221 videlicet
2551 3160 2824 3222 secundi
2863 3160 3209 3223 Richardi.

593 3414 844 3470 CAPUT
876 3413 1206 3470 PRIMUM.

85 3517 216 3582 Quod
252 3523 600 3578 Richardus
642 3521 889 3590 tertius,
937 3521 1079 3575 licet
1119 3520 1430 3591 pauliSper
1467 3522 1528 3574 in
1568 3521 1736 3592 regi-

131 3593 272 3647 mine
294 3595 518 3648 ducatu
532 3610 563 3647 s
581 3592 794 3662 fuerit,
827 3593 1151 3647 bonitatem
1177 3598 1369 3647 tamen
1378 3594 1580 3663 patris
1599 3593 1736 3646 imi-

135 3668 277 3718 tatus
317 3673 430 3719 est.

130 3768 417 3846 Hactenus
462 3770 829 3826 clarissimis
875 3769 1339 3840 praecedentium
1379 3768 1735 3824 Northman-

71 3869 254 3912 norum
279 3860 506 3915 ducum
545 3861 735 3930 gestis
775 3859 1070 3913 inelimato
1119 3858 1256 3929 styli
1285 3857 1474 3912 nitore
1506 3858 1561 3910 in
1594 3873 1736 3928 pro-

65 3947 301 4014 patulum
333 3948 692 4019 expressis,
727 3962 1107 4017 consequens
1139 3947 1372 4000 videtur
1411 3949 1472 4000 ut
1502 3946 1602 4017 qui
1634 3948 1736 4000 flo-

67 4043 287 4092 ruerunt
346 4042 536 4092 aetate
585 4037 772 4091 nostri
819 4036 1131 4105 temporis,
1184 4036 1239 4088 in
1298 4034 1481 4106 hujus
1542 4035 1732 4089 stadio

61 4127 332 4194 gymnasii
383 4129 792 4197 opportunum
841 4125 1140 4179 obtineant
1193 4125 1387 4178 locum
1435 4124 1729 4179 stationis.

61 4211 293 4275 Quorum
324 4221 511 4270 actus
535 4216 745 4284 partim
766 4215 996 4283 intuitu,
1019 4213 1228 4283 partim
1250 4213 1554 4268 veracium
1574 4229 1730 4267 com-

59 4303 299 4367 perimus
349 4304 576 4372 relatu,
628 4319 779 4374 quos
819 4303 1204 4373 plurimorum
1254 4301 1496 4372 notitiae,
1557 4305 1736 4372 prout

57 4391 289 4446 tenuitas
313 4393 668 4447 dictaminis
691 4392 1177 4462 suppeditaverit,
1203 4391 1511 4460 propalare
1536 4391 1734 4445 decre-

57 4477 249 4534 vimus.
285 4481 490 4552 lgitur
526 4479 862 4534 Richardus
887 4479 1132 4550 juvenis
1155 4480 1211 4532 in
1243 4479 1459 4534 ducatu
1489 4495 1732 4550 supers-

51 4569 128 4620 tes
159 4571 485 4639 genitoris,
528 4568 663 4623 licet
701 4568 1004 4638 paulisper
1035 4567 1453 4637 supervixerit,
1490 4568 1645 4621 sicut
1673 4569 1732 4622 in

52 4658 322 4712 vocabulo
356 4658 651 4725 nominis,
688 4658 764 4710 ita
797 4657 994 4711 haeres
1028 4656 1250 4711 exstitit
1279 4671 1535 4710 censura
1567 4671 1725 4710 sum-

47 4745 578 4818 maaingenuitatis.
606 4745 793 4800 Hicin
807 4745 988 4800 armis
1009 4745 1242 4799 bellicis
1261 4744 1431 4800 valde
1451 4745 1720 4814 idoneus,

45 4832 184 4887 totus
213 4838 418 4889 tamen
452 4834 571 4888 fide
604 4834 712 4889 fuit
743 4835 1069 4888 catholicus
1089 4834 1313 4888 etcirca
1332 4833 1437 4888 Dei
1457 4834 1718 4888 cultores

42 4917 327 4994 benignus
359 4940 438 4977 ac
474 4927 821 4977 mansuetus
843 4965 857 4992 ,
893 4938 1063 4993 aequo
1093 4923 1401 4976 libramine
1433 4922 1712 4978 militares
1741 4951 1796 5012 D

37 5009 243 5066 turmas
274 5013 640 5080 moderans,
677 5027 821 5081 pace
853 5012 1122 5082 gaudens
1155 5011 1270 5066 frui
1301 5011 1600 5066 continua.

677 5118 928 5173 CAPUT
979 5117 1049 5172 II.

36 5203 112 5258 De
165 5207 492 5278 discordia
537 5208 701 5261 inter
736 5208 926 5278 ipsum
967 5213 1024 5261 et
1087 5207 1410 5265 Robertam
1459 5206 1712 5264 fratrem

93 5292 285 5346 suam,
335 5285 400 5352 et
441 5277 516 5331 de
552 5277 972 5350 morte’ipsius
1015 5280 1302 5338 Riclzardi
1325 5285 1458 5352 post
1497 5278 1711 5334 factam

93 5350 511 5404 concordiam.

90 5453 337 5525 Verum,
377 5452 568 5525 hujus
601 5440 869 5525 optandae
908 5457 1074 5526 pacis
1123 5457 1489 5512 incremento
1521 5459 1703 5528 perﬁ-

27 5542 125 5596 dus
159 5545 370 5598 hostis
406 5558 528 5598 non
551 5544 771 5598 diutius
793 5561 1014 5614 passus
1039 5547 1308 5601 estillum
1338 5547 1703 5618 laetari,quo-

28 5633 289 5687 rumdam
319 5633 597 5688 versutia
646 5633 1068 5692 malevolorum
1101 5635 1341 5692 fratrem
1373 5652 1546 5692 suum
1579 5638 1701 5692 Ro-

1770 3396 1820 3456 C
1843 3415 2077 3471 bertum
2107 3417 2400 3472 adversus
2429 3432 2571 3474 eum
2593 3416 2898 3472 concitans
2915 3417 2988 3472 ad
3007 3417 3433 3474 rebellandum.
3455 3403 3529 3474 Is.

1843 3505 2000 3559 enim
2030 3509 2166 3574 post
2193 3506 2525 3575 biennium,
2547 3509 2880 3576 contempto
2899 3505 3032 3576 ejus
3063 3506 3340 3575 dominio,
3360 3508 3515 3562 intra

1841 3594 2092 3649 Falesiae
2123 3599 2390 3650 castrum
2441 3612 2574 3650 cum
2600 3596 2735 3674 suis
2778 3595 3132 3650 satellitibus
3173 3611 3239 3649 se
3271 3595 3519 3651 contulit

1840 3683 1911 3738 ad
1925 3684 2348 3739 resistendum.
2361 3685 2696 3740 Richardus
2710 3687 2902 3738 autem
2915 3684 3032 3738 dux
3047 3683 3298 3738 furentis
3311 3684 3512 3740 fratris

1838 3773 2185 3826 temerarios
2206 3778 2458 3828 conatus
2482 3774 2695 3828 festiue
2720 3774 2964 3843 cupiens
2989 3773 3312 3843 refrenare,
3338 3789 3408 3828 ac
3438 3774 3512 3828 ad

1838 3861 2366 3930 obtemperandum
2394 3862 2608 3916 debitae
2639 3860 2999 3932 subjectioni
3028 3877 3332 3931 revocare,
3375 3878 3514 3917 cum

1837 3950 2094 4004 hostium
2127 3950 2500 4004 multitudine
2540 3950 2695 4003 infra
2736 3950 2917 4004 castri
2955 3950 3237 4004 ambitum
3270 3951 3517 4006 vallavit;

1837 4053 1972 4092 eum
1993 4038 2523 4107 obsidione.',Quod
2544 4054 2677 4092 cum
2697 4039 2929 4092 crebris
2950 4039 3168 4093 ictibus
3180 4039 3427 4094 arietum
3448 4045 3506 4095 et

1834 4127 2190 4182 balistarum
2201 4127 2541 4197 aliquandiu
2560 4128 2943 4198 expugnaret,
2960 4127 3192 4181 tandem
3207 4143 3239 4180 a
3259 4128 3507 4197 perfidia

1834 4215 2575 4287 resipiscente'Roberto,
2627 4216 2780 4269 datis.
2823 4215 3049 4269 dextris
3089 4214 3148 4268 in
3194 4215 3504 4284 pristinam

1836 4305 2216 4361 concordiam
2246 4304 2568 4373 redierunt,
2604 4308 2660 4358 et
2693 4303 2940 4357 ﬁrmiter
2983 4317 3127 4372 pace
3177 4304 3502 4372 composita

1833 4393 1910 4449 ab
1943 4394 2196 4448 invicem
2231 4397 2634 4448 secesserunt.
2667 4393 2852 4447 Porro
2883 4392 3003 4446 dux
3046 4391 3380 4447 Richardus
3409 4393 3502 4448 di-

1832 4484 2025 4538 misso
2057 4483 2322 4537 exercitu
2341 4482 2770 4554 Rothomagum
2786 4481 2978 4551 rediit,
3003 4484 3061 4536 et
3087 4497 3221 4536 cum
3251 4497 3501 4538 suorum

1830 4572 2158 4638 nonnullis,
2192 4574 2255 4626 ut
2299 4572 2536 4642 plurimi
2584 4571 2930 4639 retulerunt,
2971 4586 3200 4626 veneno
3251 4573 3505 4627 mortem.

1830 4661 1996 4716 obiit.
2035 4661 2162 4714 Hoc
2201 4661 2514 4715 millesimo
2562 4660 2850 4715 vicesimo
2882 4662 3088 4715 octavo
3118 4660 3190 4714 ab
3223 4660 3497 4715 incarna-

1829 4751 1989 4806 tione
2007 4749 2408 4804 Dominianno
2428 4749 2692 4822 contigit.
2718 4749 3012 4804 Parvulus
3027 4748 3321 4803 Richardo
3335 4748 3494 4804 illius

1829 4839 2116 4893 Nicolaus
2147 4838 2356 4907 extitit,
2390 4838 2491 4908 qui
2536 4842 2787 4893 terrenae
2819 4837 3182 4892 haereditatis
3215 4842 3399 4905 sorte,
3431 4843 3496 4894 ut

1826 4928 1955 4998 ipse
1969 4928 2134 4983 Deus
2159 4927 2254 4980 hic
2276 4930 2332 4980 et
2353 4927 2412 4980 in
2435 4943 2626 4982 aevum
2649 4943 2756 4981 sua
2774 4942 2912 4996 pars
2926 4929 3108 4994 esset,
3129 4926 3494 4982 caruit.Nam

1825 5017 1896 5068 ab
1939 5015 2182 5070 infantia
2227 5015 2440 5070 litteris
2489 5016 2739 5070 traditus
2788 5018 2845 5069 et
2892 5015 2951 5068 in
2999 5014 3269 5068 coenobio
3300 5016 3496 5070 sancti

1822 5105 2088 5159 Audoeni
2107 5105 2166 5159 in
2188 5105 2481 5160 suburbio
2507 5104 2972 5175 Rothomagensi
2991 5103 3266 5171 nutritus,
3291 5119 3489 5160 mona-

1821 5193 1975 5247 chile
2000 5193 2215 5265 jugum
2266 5191 2601 5247 diutissime
2649 5193 2918 5262 portavit.
2974 5193 3260 5247 Defuncto
3291 5197 3498 5250 autem

1818 5282 2028 5336 abbate
2076 5281 2380 5348 Herfasto,
2433 5281 2491 5334 in
2540 5281 2826 5352 regimine
2874 5280 3103 5349 praefati
3142 5285 3501 5340 monasterii

1817 5372 2134 5440 successit,
2169 5371 2329 5441 quod
2377 5369 2500 5423 fere
2531 5369 2956 5442 quinquaginta
2995 5371 3188 5440 annis,
3221 5375 3499 5443 tempore

1817 5459 2103 5514 VVillelmi
2133 5460 2303 5514 ducis
2329 5457 2733 5513 Nortmannim
2757 5463 2812 5513 ct
2843 5461 3041 5531 magni
3065 5460 3227 5532 regis
3251 5462 3497 5536 Anglia:

1814 5548 2014 5602 tenuit.
2038 5548 2300 5618 Denique
2335 5561 2490 5602 anno
2520 5543 2656 5598 1092
2691 5547 2763 5600 ab
2804 5547 3204 5603 incarnatione
3230 5549 3494 5618 Domini,

1813 5651 2015 5692 mense
2049 5636 2390 5705 Februario,
2423 5633 2569 5692 obiit
2601 5637 2861 5705 tempore
2897 5637 3202 5694 l-{obertill
3225 5637 3411 5696 ducis
3441 5643 3500 5703 et
