3956 6176
444 329 564 396 835

1164 335 1595 398 WILLELMI
1629 333 1987 398 CALCULI
2021 333 2688 398 GEMMETICENSIS
2731 334 3143 398 MONACHI.
3657 350 3743 414 336

449 533 738 589 Willelmi
761 534 1261 607 Rothomagensis
1293 535 1743 606 archiepiscopi.
1777 535 1946 589 Nunc
1971 550 2110 588 vero
2146 517 2199 577 Α
2229 535 2672 604 suspicabatur,
2726 535 2832 590 sed
2864 535 3060 604 potius
3103 536 3154 589 ei
3187 537 3377 592 ridens
3414 543 3470 594 ut
3493 543 3641 599 amico
3665 564 3766 602 con-

448 623 518 678 ad
541 625 906 695 propositum
923 628 1305 678 revertamur.

1085 730 1335 784 CAPUT
1377 731 1476 785 IlI.

451 835 614 901 Quod
642 836 941 891 Robertus
963 836 1145 890 fratri
1169 853 1272 891 suo
1294 837 1590 891 Richardo
1617 837 1926 902 successit,
1955 842 2010 890 ct
2044 836 2118 890 de

518 908 786 980 moribus
831 909 987 980 ejus,
1014 915 1093 980 et
1139 909 1211 961 de
1256 908 1554 962 discordia
1605 909 1767 962 inter
1810 908 1996 979 ipsum
2059 914 2117 961 et

518 978 862 1033 Robertum'
891 979 1412 1048 archiepiscopum.

525 1066 932 1121 Descendente
974 1067 1155 1137 igitur
1213 1069 1359 1121 duce
1404 1067 1698 1122 Richardo
1747 1083 1780 1120 a
1840 1067 2117 1120 mundani

457 1156 822 1226 principatus
855 1155 1128 1223 culmine,
1147 1159 1200 1209 et
1224 1171 1426 1226 regna,
1443 1160 1504 1210 ut
1527 1157 1846 1222 credimus,
1875 1157 2116 1210 uranica

450 1243 792 1308 scandente,
831 1244 1126 1296 Roliertus
1161 1245 1341 1298 frater
1373 1245 1505 1313 ejus
1537 1246 1715 1298 totius
1750 1245 2113 1298 nionarcliize

449 1331 760 1386 comitatus
810 1331 882 1384 ab
933 1333 1208 1386 omnibus
1257 1333 1636 1404 subrogatur.
1684 1333 1793 1398 Qui
1840 1334 2114 1404 quamvis

451 1419 608 1472 circa
658 1418 912 1473 rebelles
963 1420 1135 1473 fuerit
1181 1421 1434 1474 ferocior
1467 1421 1755 1492 moribus,
1807 1421 2114 1476 benevolis

451 1511 643 1561 tamen
658 1507 880 1561 exstitit
909 1507 1061 1562 lenis
1094 1513 1149 1562 et
1169 1510 1489 1581 benignus,
1516 1514 1571 1564 et
1601 1526 1741 1582 erga
1765 1511 1867 1564 Dei
1895 1510 2111 1564 cultum

446 1597 584 1668 pius
615 1612 682 1650 ac
712 1597 984 1651 devotus.
1009 1597 1405 1661 Quamobrem
1442 1600 1682 1653 diutinm
1712 1600 1877 1669 pacis
1910 1599 2112 1653 oblec-

445 1688 708 1740 tamento
740 1701 978 1755 semper
1007 1688 1220 1741 meruit
1236 1688 1372 1756 frui,
1397 1694 1612 1757 praeter
1627 1689 1684 1741 id
1717 1689 1872 1760 quod
1901 1703 2113 1758 pravo-

2228 623 2665 693 gralulabalur,
2715 623 2843 676 sine
2886 639 3065 677 causa
3112 626 3297 692 capite
3326 627 3594 682 crudeliter
3619 636 3757 701 priva-

2226 715 2409 774 verat,
2447 727 2583 765 mox
2625 727 2656 764 a
2689 711 2980 766 daemonio
3011 715 3277 781 arreptus
3311 718 3410 781 est,
3441 721 3488 768 et
3515 719 3768 776 videntibus

2225 799 2409 853 sociis
2441 799 2541 870 qui
2571 800 2812 853 aderant
2843 800 3244 870 strangulatus
3265 807 3365 854 est.
3399 803 3578 858 Iterum
3607 807 3775 864 Willel-

2226 905 2356 943 mus
2387 889 2455 942 ad
2493 893 2703 942 tantam
2738 891 3203 943 controversiam
3235 897 3421 944 contra
3448 894 3620 948 ducem
3635 899 3777 968 perju-

2226 981 2388 1031 ratus
2411 978 2732 1042 incanduit,
2760 983 2820 1032 ut
2838 979 3124 1048 intrepida
3148 996 3277 1034 cum
3301 980 3515 1034 audacia
3535 983 3658 1038 ﬁlios
3675 1002 3778 1040 suos

2226 1065 2545 1120 Fulconem
2576 1070 2749 1136 atque
2772 1067 3092 1120 Robertum
3113 1083 3244 1120 cum
3278 1068 3500 1122 militum
3517 1073 3653 1140 copia
3676 1074 3777 1127 (liri-

2224 1158 2411 1224 geret,
2452 1156 2550 1224 qui
2579 1155 3011 1224 direptionibus
3062 1155 3519 1210 Northmanniam
3552 1165 3780 1214 vexarent.

2226 1241 2442 1296 Verum
2476 1243 2708 1312 plurimi
2762 1259 2835 1296 ex
2865 1244 3036 1297 domo
3077 1244 3247 1297 ducis
3289 1246 3519 1314 expediti
3554 1250 3783 1302 vernaculi

2223 1331 2502 1384 audacter
2533 1332 2622 1384 eis
2653 1337 3060 1400 occurrerunt,
3094 1337 3151 1386 et
3182 1332 3328 1385 intra
3359 1333 3549 1387 saltum
3575 1335 3784 1390 Blavonis

2223 1422 2529 1472 cruentum
2563 1435 2696 1473 cum
2742 1420 2831 1473 eis
2879 1420 3144 1489 praelium
3188 1421 3595 1490 commiserunt,
3622 1438 3674 1476 ac
3697 1425 3786 1478 suf-

2223 1507 2490 1578 fragante
2522 1507 2642 1562 Deo
2676 1509 2939 1579 graviter
2969 1509 3104 1562 illos
3147 1511 3544 1578 protriverunt.
3569 1510 3642 1564 lbi
3666 1511 3792 1566 Fulco

2221 1597 2698 1667 praevaricatoris
2732 1597 2890 1650 filius
2915 1596 3225 1668 jugulatus
3267 1603 3373 1665 est,
3415 1602 3465 1652 et
3491 1615 3663 1653 omnes
3687 1615 3792 1670 pene

2222 1685 2438 1739 milites
2487 1686 2686 1739 abrasi
2735 1691 2892 1740 sunt.
2948 1687 3248 1740 Robertus
3294 1690 3473 1741 autem
3514 1687 3664 1740 frater
3699 1687 3794 1756 ejus

449 1789 580 1828 rum
616 1774 889 1828 consultu
923 1779 1132 1843 sponte
1163 1776 1274 1828 sibi
1312 1777 1547 1847 delegit.
1577 1777 1743 1831 Unde
1766 1778 1824 1830 in
1856 1778 2112 1846 primor-
2147 1809 2195 1870 Β
2224 1776 2570 1829 vulneratus
2602 1775 2702 1827 vix
2731 1790 2761 1828 e
2785 1775 3102 1828 certamine
3134 1791 3269 1828 cum
3291 1777 3484 1845 paucis
3501 1777 3698 1844 elapsus
3715 1779 3794 1828 est.

449 1861 564 1915 diis
599 1877 844 1915 suorum
892 1868 1125 1916 actuum
1156 1868 1498 1932 suspectum
1530 1865 1756 1918 habens
1791 1865 2112 1919 Robertum
2147 1861 2191 1870 "
2227 1863 2720 1918 Willelmusvero
2743 1866 2908 1931 pater
2927 1862 3268 1933 eorumjam
3293 1864 3533 1934 graviter
3548 1869 3797 1934 aegrotans,

451 1949 964 2019 archipraesulem,
1001 1951 1200 2004 hostili
1251 1952 1560 2006 obsidione
1594 1953 1900 2006 Ebroicam
1935 1969 2114 2023 gyru-

449 2037 533 2092 vit
563 2038 790 2092 urbem.
812 2037 960 2106 Ejus
992 2040 1171 2110 igitur
1202 2039 1412 2094 efl'eros
1446 2042 1696 2110 impetus
1728 2041 2116 2111 archipraasul

452 2127 697 2196 cupiens
745 2127 1060 2195 declinare,
1099 2129 1247 2182 intra
1277 2130 1443 2184 urbis
1476 2131 1686 2184 moenia
1721 2145 1852 2183 cum
1885 2129 2116 2183 militari

452 2229 630 2269 manu
674 2215 971 2269 obstruxit
1020 2232 1106 2270 se.
1160 2217 1501 2272 Novissime
1534 2233 1675 2272 vero
1710 2218 1860 2271 datis
1891 2218 2117 2272 dextris

448 2303 521 2357 ab
555 2319 621 2357 ea
653 2303 1334 2373 secedendi,Robertum
1368 2323 1571 2378 regem
1591 2305 1953 2361 Francorum
1983 2323 2115 2361 cum

451 2391 579 2445 suis
609 2392 742 2444 exul
798 2392 957 2462 adiit,
991 2397 1046 2446 et
1079 2393 1561 2448 Northmanniam
1610 2395 1930 2465 pontificali
1971 2411 2113 2448 ana-

448 2478 701 2533 themate
732 2481 1051 2548 percussit.
1087 2481 1382 2536 Robertus
1417 2500 1558 2555 ergo
1590 2484 1728 2552 dux,
1763 2498 2114 2554 recompen-

451 2571 576 2620 sata
606 2567 1008 2637 improborum
1039 2571 1272 2638 astutia,
1307 2575 1363 2625 et
1397 2573 1768 2640 perpendens
1816 2589 1881 2625 se
1913 2573 2115 2626 incon-

451 2655 603 2708 sulte
636 2657 840 2726 egisse
889 2658 1102 2726 omnia,
1137 2659 1650 2730 archiepiscopum
1683 2677 1712 2713 a
1745 2661 1992 2714 Francia
2026 2676 2114 2714 re-

449 2745 682 2798 vocavit
713 2749 769 2798 et
811 2745 870 2798 in
919 2746 1232 2815 pristinum
1269 2749 1551 2804 honorem
1589 2750 1864 2804 restituit.
1903 2749 2116 2802 Postea

449 2832 586 2885 mali
618 2833 908 2901 pmnitens
942 2835 1094 2901 facti,
1120 2837 1270 2906 suis,
1297 2843 1359 2892 ut
1385 2842 1603 2892 tantum
1621 2839 1813 2890 virum
1845 2837 2110 2902 decebat,

449 2921 663 2974 ascivit
693 2923 982 2992 consiliis,
1015 2925 1074 2978 in
1105 2926 1396 2996 reliquum
1427 2927 1511 2980 illi
1532 2928 1866 2996 persistens
1899 2925 2113 2979 ﬁdelis.

1085 3032 1337 3086 CAPUT
1378 3033 1472 3086 1V.

452 3115 617 3179 Quod
648 3117 802 3172 idem
834 3118 959 3172 dux
994 3121 1302 3176 Robertus
1347 3121 1704 3176 Willelmum
1741 3121 1816 3176 de
1860 3120 2120 3175 Belismo

519 3186 754 3242 obsedit
799 3189 960 3269 intra
1004 3191 1311 3246 Alentium
1351 3199 1636 3261 castrum,
1671 3199 1729 3248 et
1753 3193 1827 3247 ad
1857 3192 2119 3246 deditio-

517 3273 650 3312 nem
689 3268 902 3329 coegit.

516 3343 849 3400 Eliminatis
880 3349 1134 3421 denique
1166 3367 1196 3403 a
1231 3367 1296 3406 se
1329 3353 1511 3406 totius
1552 3353 1673 3406 litis
1716 3351 2120 3404 incentoribus

446 3435 504 3486 et
532 3434 798 3490 subactis
831 3439 960 3506 paci
990 3440 1202 3492 animis
1234 3440 1602 3508 liberalibus,
1639 3441 1969 3509 sapientum
2001 3455 2124 3493 caa-

444 3521 528 3590 pit
557 3525 902 3579 tractatibus
937 3527 1016 3579 uti
1040 3533 1095 3581 et
1128 3529 1331 3582 solerti
1354 3529 1644 3582 industria
1680 3529 1749 3581 ad
1782 3529 1994 3582 summi
2017 3527 2122 3582 ho-

442 3611 607 3665 noris
649 3613 1010 3669 incrementa
1042 3615 1472 3684 pollentissime
1505 3617 1771 3687 provehi.
1806 3617 1934 3670 Jam
1967 3632 2108 3687 pro-

442 3700 554 3754 bos
587 3699 720 3771 ejus
753 3717 950 3756 mores
975 3708 1030 3756 et
1051 3705 1333 3774 paciﬁcos
1358 3710 1525 3760 actus
1545 3706 1780 3761 laudum
1808 3706 2114 3759 favoribus

441 3789 728 3844 bonorum
777 3791 1013 3852 plurimi
1071 3798 1374 3863 coeperunt
1422 3794 1666 3864 efferre,
1711 3795 2117 3864 improborum

443 3894 586 3932 vero
617 3881 882 3934 nonnulli
911 3881 1166 3952 ignaviae
1205 3885 1531 3938 ascribere.
1567 3883 1656 3937 Ex
1685 3899 1940 3955 quorum
1969 3898 2114 3937 con-

409 3987 412 3990 ’
450 3967 722 4022 tubernio
756 3967 1100 4024 Willelmus
1125 3971 1535 4042 Belismensis,
1554 3972 1775 4026 Yvonis
1796 3972 2116 4039 filius,ani-

445 4057 774 4112 mositatem
807 4057 943 4128 ejus
967 4060 1192 4114 audens
1211 4065 1515 4130 attentare,
1534 4078 1607 4115 ex
1627 4065 1824 4115 castro
1857 4061 2110 4126 Alentio,

443 4145 601 4215 quod
632 4145 904 4201 beneficii
934 4150 1166 4202 tenebat
1191 4148 1348 4220 jure,
1370 4167 1399 4202 a
1432 4150 1775 4203 serviminis
1799 4148 1950 4220 jugo
1981 4164 2115 4217 per-

442 4232 695 4288 tinacem
724 4238 1016 4291 cervicem
1060 4242 1282 4292 temere
1315 4243 1547 4309 sumpta
1587 4237 1909 4292 rebellione
1941 4237 2112 4291 nisus

2225 1959 2287 2008 ut
2317 1967 2420 2007 eos
2455 1952 2543 2005 sic
2596 1951 2893 2005 interiisse
2942 1952 3244 2022 comperit,
3282 1953 3611 2006 intrinsecus
3649 1952 3795 2004 dolore

2224 2042 2426 2096 cordis
2457 2042 2678 2108 tactus,
2713 2039 2988 2094 continuo
3021 2041 3273 2093 animam
3313 2040 3536 2095 efflavit.
3566 2039 3648 2093 Sic
3672 2039 3792 2091 ducis

2224 2129 2500 2184 hostibus
2530 2127 2881 2199 profligatis,
2907 2128 3120 2183 seditio
3149 2144 3364 2199 pressa
3384 2130 3441 2183 in
3467 2128 3695 2198 partibus
3719 2126 3800 2178 illis

2223 2219 2370 2273 ultra
2403 2217 2712 2288 disparuit.

2875 2303 3126 2360 CAPUT
3172 2305 3244 2359 V.

2226 2394 2386 2460 Quod
2423 2394 2592 2462 Hugo
2640 2391 3005 2464 Bay'ocensis
3032 2393 3359 2464 episcopus,
3394 2391 3557 2464 ﬁlius,
3581 2388 3803 2464 Rodulphi

2293 2460 2543 2530 comitis,
2571 2460 2830 2517 castrum
2853 2460 3157 2518 [bri/idum
3184 2460 3394 2519 tenere
3417 2463 3600 2533 voluit,
3629 2460 3714 2516 sed
3733 2475 3807 2513 non

2286 2540 2496 2607 potuit.

2294 2623 2521 2678 Interea
2551 2624 2688 2678 dum
2721 2623 2850 2677 haec
2871 2625 3176 2694 geruntur,
3202 2623 3379 2693 Ilugo
3400 2621 3611 2676 Rodulﬁ
3639 2618 3810 2672 comitis

2221 2712 2398 2779 ﬁlius,
2422 2713 2793 2783 Bajocasinas
2825 2712 2991 2765 urbis
3022 2707 3721 2781 praesul,perspexitquod
3739 2706 3814 2757 Ro-

2222 2801 2427 2856 bertus
2459 2802 2578 2855 dux
2608 2801 2786 2856 vellet
2803 2801 3181 2870 prudentium
3209 2800 3460 2854 consilia
3479 2795 3667 2851 sectari
3683 2797 3726 2846 et
3741 2808 3815 2844 sua

2222 2891 2564 2958 destituere,
2599 2890 2849 2960 quadam
2894 2904 3041 2942 usus
3087 2887 3205 2942 doli
3258 2887 3536 2953 versutia,
3584 2883 3816 2937 lbrilicurn

2224 2985 2486 3033 castrum
2520 2979 2667 3032 clam
2699 2979 2879 3031 armis
2909 2981 2964 3031 et
2997 2977 3293 3031 alimoniis
3313 2976 3653 3031 sufﬁcienter
3679 2969 3816 3022 muni-

2150 3057 2195 3118 C
2225 3069 2326 3122 vit.
2348 3069 2571 3122 Deinde
2595 3067 2875 3120 custodes
2889 3067 3106 3136 posuit,
3132 3070 3188 3119 et
3212 3065 3519 3118 Franciam
3541 3063 3686 3117 ocius
3701 3057 3819 3120 adiit,

2225 3161 2288 3210 ut
2319 3157 2451 3210 inde
2499 3156 2717 3209 milites
2767 3155 3124 3209 conduceret
3175 3156 3278 3224 qui
3329 3154 3567 3206 viriliter
3604 3149 3735 3202 illum
3770 3143 3821 3196 ad

2226 3245 2673 3317 repugnandum
2700 3244 2996 3315 juvarent.
3015 3244 3145 3297 Dux
3165 3259 3315 3298 vero
3335 3242 3553 3296 fraudis
3575 3237 3690 3308 ejus
3705 3233 3825 3289 moli-

2227 3335 2382 3388 mina
2414 3334 2755 3388 accelerans
2788 3333 3128 3401 anticipare,
3171 3331 3494 3384 contractis
3539 3326 3825 3381 Northman-

2229 3439 2435 3479 norum
2476 3423 2665 3491 copiis
2705 3422 2860 3476 idem
2905 3421 3212 3475 castellum
3255 3416 3676 3490 praeoccupavit
3703 3410 3826 3467 obsi-

2229 3514 2422 3580 dione,
2475 3511 2676 3565 clausa
2724 3509 3068 3582 egrediendi
3116 3510 3186 3562 ab
3242 3525 3314 3563 eo
3347 3510 3476 3562 sive
3525 3498 3827 3576 ingrediendi

2229 3601 2503 3655 omnibus
2534 3599 2828 3653 facultate.
2864 3599 2914 3652 A
2946 3597 3120 3668 cujus
3146 3599 3439 3668 ingressu
3460 3611 3587 3650 cum
3615 3607 3674 3646 se
3699 3589 3829 3658 llugo

2225 3691 2456 3744 videret
2485 3691 2815 3756 extrusum,
2843 3686 3134 3741 sollicitus
3167 3686 3240 3740 de
3259 3687 3393 3740 suis
3426 3686 3571 3737 intra
3601 3679 3723 3734 illud
3741 3690 3836 3729 con.

2225 3779 2434 3847 clusis,
2469 3776 2797 3831 libertatem
2826 3775 3079 3829 abeundi
3110 3790 3217 3844 per
3242 3776 3525 3846 legatosa
3554 3771 3686 3824 duce
3710 3763 3835 3837 petiit

2225 3871 2281 3922 et
2309 3882 2414 3921 eos
2448 3866 2579 3919 inde
2610 3866 2876 3935 protinus
2901 3864 3118 3935 abegit.
3145 3864 3278 3933 Ipse
3314 3876 3550 3934 quoque
3580 3874 3697 3912 cum
3725 3853 3839 3917 suis,

2224 3971 2378 4027 quos
2426 3955 2768 4023 expetierat,
2818 3952 3038 4006 diutius
3091 3953 3352 4006 extorris
3393 3947 3713 4020 permansit.
3743 3943 3837 3994 Dux

2223 4059 2365 4098 vero
2411 4042 2760 4098 custodibus
2805 4057 2836 4093 a
2882 4040 3124 4095 castello
3171 4041 3410 4108 amotis,
3450 4039 3598 4092 idem
3644 4036 3695 4088 in
3721 4029 3844 4085 dedi-

2223 4133 2381 4187 tione
2412 4132 2700 4185 munitum
2725 4130 3010 4198 suscepit.

2854 4218 3105 4272 CAPUT
3146 4217 3246 4271 Vl.

443 4325 536 4376 est
563 4327 934 4395 extorquere.
971 4326 1060 4380 Ad
1092 4327 1266 4398 cujus
1296 4332 1557 4382 atrocem
1582 4327 1955 4380 insolentiam
1977 4339 2112 4394 pro-

2233 4309 2393 4375 Quod
2420 4308 2748 4398 Balnd'uinus
2783 4321 2984 4398 COLIDBS.
3023 4305 3428 4398 Flaudrrensis
3467 4303 3585 4357 filio
3622 4313 3714 4353 suo

449 4425 589 4480 pere
621 4416 1039 4468 conterendam
1071 4417 1395 4471 adveniens
1445 4418 1564 4470 dux
1596 4432 1727 4470 cum
1762 4415 2120 4468 militaribus

447 4501 682 4568 turmis,
715 4503 915 4556 tandiu
960 4520 1092 4557 eum
1131 4506 1280 4558 intra
1333 4505 1714 4560 munitionem
1754 4507 1929 4558 tantm
1961 4517 2120 4572 prae-

441 4590 800 4658 sumptionis
843 4591 1193 4662 adjutricem
1244 4594 1554 4664 conclusit,
1589 4593 1776 4647 donec
1825 4592 1960 4662 ejus
1994 4591 2120 4645 cle-

444 4678 724 4732 mentiam
771 4685 1074 4749 expeteret
1120 4685 1176 4735 et
1222 4683 1398 4736 nudis
1449 4682 1724 4752 vestigiis
1782 4684 2118 4750 equestrem

443 4765 652 4820 sellam
699 4769 772 4822 ad
802 4768 1286 4824 satisfaciendum
1317 4771 1582 4825 humeris
1623 4770 1820 4824 ferret.
1856 4769 1990 4822 Dux
2019 4785 2120 4822 au-

445 4859 562 4913 tem
610 4861 684 4927 ei,
720 4860 856 4915 licet
907 4861 1061 4929 ﬁcte,
1115 4859 1503 4915 satisfacienti
1553 4875 1668 4913 non
1701 4858 1872 4913 modo
1907 4861 2118 4912 cuncta

439 4950 707 5020 indulsit,
742 4967 951 5005 verum
982 4951 1155 5004 etiam
1195 4949 1424 5004 reddito
1455 4949 1508 5002 ei
1540 4948 1753 5018 Oppido
1794 4947 2051 5002 festinus
2084 4963 2115 5000 a

442 5039 577 5095 loco
610 5042 885 5095 secessit.
924 5039 1262 5093 Willelmus
1303 5040 1456 5093 enim
1489 5037 1680 5091 dirum
1713 5039 1967 5108 angusto
2001 5035 2112 5089 sub

443 5133 682 5200 pectore
696 5129 865 5182 virus
887 5129 1116 5196 efflans,
1138 5127 1440 5198 paulisper
1466 5144 1496 5179 a
1514 5126 1829 5181 manifesto
1852 5125 2114 5194 perfidiae

443 5221 606 5272 motu
657 5233 723 5270 se
773 5218 1118 5287 suspendit;
1166 5217 1272 5272 sed
1324 5233 1439 5270 non
1479 5215 1658 5269 multo
1690 5218 1827 5284 post
1855 5214 1924 5266 ad
1959 5213 2113 5267 idem

443 5305 694 5380 perjurii
716 5308 914 5360 scelus
947 5308 1135 5376 palam
1160 5306 1350 5360 rediit.
1385 5306 1627 5359 Multum
1658 5305 1874 5376 quippe
1908 5303 2116 5357 crude-

445 5396 520 5449 lis
550 5399 609 5451 et
641 5395 890 5465 cupidus
923 5401 1064 5463 erat,
1112 5399 1168 5449 et
1215 5399 1465 5466 quatuor
1507 5393 1682 5462 ﬁlios,
1719 5391 2030 5444 Warinum
2062 5394 2118 5446 et

444 5485 789 5550 Fulconem,
841 5484 1162 5538 Robertum
1202 5487 1258 5538 et
1307 5482 1706 5551 Willelmum,
1753 5481 1847 5534 sui
1889 5479 2114 5533 similes

445 5574 720 5631 habebnt.
756 5574 1043 5628 VVarinus
1074 5573 1276 5644 igitur,
1309 5576 1625 5642 postquam
1655 5569 2016 5624 Gunherium
2045 5569 2115 5622 de

447 5664 706 5722 Bolismo
739 5663 983 5722 militem
1003 5663 1220 5718 bonum
1247 5676 1316 5715 ac
1337 5661 1786 5730 amabilem,qui
1817 5657 1960 5714 nihil
1985 5657 2117 5711 mali

2303 4382 2480 4436 duino
2509 4379 2689 4433 ﬁliam
2735 4377 2984 4435 Roberti
3014 4379 3180 4447 regis
3230 4367 3848 4447 Francoruniqug-s‘it'i‘

2303 4459 2360 4506 et
2379 4451 2623 4522 accepit,
2641 4451 2789 4504 malo
2811 4464 2935 4522 suo,
2950 4449 3068 4522 nisi
3085 4441 3397 4522 'Robertus
3415 4447 3537 4500 dux
3550 4441 3850 4522 [γοῌζιωᾷζξς

2301 4524 2415 4577 nia?
2428 4515 2549 4576 sibi
2565 4515 2759 4575 ferret
2773 4520 2958 4574 auxili
2963 4536 3074 4581 um;
3090 4526 3146 4571 et
3165 4518 3238 4590 de
3253 4524 3449 4571 morte
3479 4515 3709 4590 [juberti
3724 4517 3850 4576 regis

2303 4594 2686 4660 Francorum,
2713 4592 2806 4644 cui
2831 4591 3121 4644 successit
3138 4589 3450 4642 Henricus
3472 4586 3625 4640 filius
3643 4586 3766 4654 ejus.

2301 4683 2422 4737 Sub
2447 4681 2654 4735 eodem
2673 4685 2936 4749 tempore
2955 4679 3279 4732 Balduinus
3311 4681 3549 4745 satrapa
3571 4668 3848 4756 Frandren:

2228 4773 2317 4826 sis
2337 4770 2602 4825 sobolem
2617 4785 2784 4823 suam
2804 4767 3050 4837 cupiens
3067 4768 3409 4820 innormarc
3429 4761 3692 4835 prosapia
3706 4750 3853 4825 regali

2230 4860 2553 4915 Robertum
2575 4873 2778 4929 regem
2803 4857 3162 4910 Francorum
3186 4855 3455 4924 expetiit,
3481 4857 3536 4906 et
3571 4851 3728 4905 ﬁliam
3747 4841 3849 4929 θέρε

2225 4948 2509 5002 Balduino
2533 4926 2776 5001 ﬁlio‘suo
2799 4945 2924 4998 dari
2947 4945 3234 5016 poposcit.
3261 4945 3311 4996 Α
3336 4940 3618 4995 Palatinis
3640 4926 3849 4988 veretri-

2224 5037 2419 5091 cliniis
2450 5036 2719 5104 adeptam
2741 5035 2888 5102 tulit,
2922 5051 2988 5086 ac
3021 5033 3091 5086 ad
3122 5032 3359 5086 domum
3394 5028 3688 5101 prepriam
3713 5022 3853 5109 inet?

2222 5127 2315 5180 nis
2343 5124 2686 5194 asportavit,
2705 5137 2948 5192 eamque
2970 5137 3159 5190 usque
3177 5121 3246 5173 ad
3269 5134 3465 5173 annos
3499 5114 3718 5172 nubiles
3746 5104 3852 5159 dili-

2222 5215 2383 5286 genti
2415 5229 2555 5268 cura
2588 5211 2847 5266 nutrivit.
2881 5209 3068 5263 Filius
3101 5211 3292 5263 autem
3327 5209 3525 5278 ipsius
3557 5219 3681 5257 mox
3710 5201 3763 5252 ut
3785 5206 3860 5246 n0-

2221 5304 2360 5357 bilis
2385 5301 2596 5372 puellae
2626 5299 2995 5368 amplexibus
3023 5299 3198 5368 cmpit
3230 5297 3370 5362 frui,
3398 5293 3674 5348 afﬁnitate
3703 5287 3852 5377 fretus

2224 5392 2431 5462 regali,
2467 5394 2690 5460 patrem
2722 5404 2753 5441 a
2787 5387 3026 5457 proprio
3059 5387 3186 5440 solo
3221 5385 3472 5455 pepulit,
3523 5377 3856 5464 Fundi-ens}-

2222 5481 2336 5533 bus
2366 5479 2438 5533 ab
2472 5477 2607 5549 ejus
2633 5476 2908 5530 fidelitate
2929 5476 3178 5530 avulsis.
3210 5473 3322 5537 Qui
3355 5472 3690 5526 indecenter
3709 5479 3736 5515 a
3756 5467 3857 5512 sms

2224 5569 2566 5634 destitutus,
2603 5565 3143 5619 Northmannorum
3173 5563 3386 5616 ducem
3423 5557 3756 5614 festinanter
3776 5560 3859 5612 ag‘

2226 5658 2516 5730 greditur,
2553 5654 2903 5726 suffragium
2933 5654 3227 5708 adversus
3249 5652 3438 5705 ﬁlium
3471 5643 3859 5718 postulaturus.
