3988 6176
202 342 306 404 837

629 338 1062 402 ΗΙΞΤΟΒΙΔΕ
1091 338 1817 405 NORTHMANNORU

2011 341 2149 404 BRI
2180 342 2426 407 OCTO.
2455 379 2527 390 —
2553 345 2790 412 LIBER
2814 349 3159 416 SEXTUS.

3489 351 3608 416 833

201 544 314 596 Dux
342 556 481 612 ergo
511 540 724 594 nobilis
755 541 868 595 viri
898 542 1287 598 calamitatem
1317 543 1656 613 miseratus,
1691 558 1835 598 con-
1867 525 1918 587 Ᾱ
1956 542 2086 596 irati
2118 558 2419 598 carcerem
2438 545 2726 600 violenter
2744 547 3076 618 irrumpunt
3093 553 3149 604 et
3184 553 3506 609 Robertum
3533 554 3605 612 de

202 631 387 686 tractis
412 630 650 683 militum
667 630 896 685 viribus
928 632 1088 686 velut
1118 632 1398 687 horridus
1410 633 1585 687 turbo
1605 632 1838 703 apatria

198 734 484 789 egressus,
506 717 882 773 Flandoniam
901 723 991 774 est
1008 737 1364 792 aggressus,
1380 722 1537 775 illam
1555 722 1833 776 extermi-

199 822 332 861 nans
373 807 618 860 ﬂammis
668 809 1028 862 exitialibus.
1083 811 1479 880 Progrediens
1520 811 1717 882 itaque
1766 811 1836 865 ad

201 899 436 950 castrum
459 896 614 964 quod
637 895 813 951 Cioca
835 898 1176 966 vocabatur,
1193 900 1507 954 confestim
1536 899 1678 954 illud
1697 900 1836 955 sub-

197 984 367 1051 vertit,
400 989 458 1038 et
488 986 679 1038 omnia
711 1002 843 1056 quae
865 987 924 1039 in
947 1001 1016 1041 eo
1049 987 1456 1042 consistebant
1486 990 1834 1043 combussit.

194 1072 451 1126 Videntes
478 1078 671 1126 autem
693 1073 908 1145 reliqui
926 1091 1231 1144 proceres,
1258 1079 1314 1130 et
1334 1077 1548 1130 similia
1574 1078 1692 1146 pati
1713 1079 1836 1131 for-

197 1160 484 1228 midantes,
542 1162 746 1216 relicto
792 1163 912 1218 filio
953 1165 1024 1218 ad
1061 1168 1282 1234 patrem
1317 1165 1547 1219 reversi
1592 1165 1835 1220 obsides

190 1248 433 1320 dirigunt
447 1250 604 1304 duci.
629 1251 1000 1306 Adolescens
1017 1269 1157 1307 vero
1171 1253 1494 1308 Balduinus
1508 1254 1744 1308 intuens
1765 1270 1832 1308 se

188 1353 289 1390 non
324 1353 502 1406 posse
536 1340 656 1394 ullo
687 1341 860 1394 modo
892 1341 1226 1396 subsistere
1257 1345 1391 1396 ante
1423 1343 1593 1396 ducis
1616 1343 1834 1396 intole-

190 1425 385 1479 rabiles
415 1443 737 1496 excursus,
757 1429 984 1500 legatos
1007 1430 1089 1484 illi
1107 1445 1239 1484 cum
1257 1430 1538 1500 precibus
1570 1430 1832 1485 humilli-

187 1513 282 1567 mis
295 1514 513 1585 dirigit,
541 1517 690 1586 patri
705 1532 771 1570 se
785 1532 1000 1587 cupere
1019 1535 1086 1573 eo
1101 1518 1420 1574 mediatore
1436 1520 1828 1574 reconciliari.

190 1601 474 1656 Desiderio
489 1603 628 1674 ejus
643 1621 711 1658 ac
737 1607 1000 1675 petitioni
1024 1607 1112 1660 vir
1133 1623 1382 1661 summae
1395 1607 1828 1663 benevolentiae

186 1691 593 1761 congratulanti
615 1692 824 1747 affectu
857 1693 1018 1763 favit,
1055 1700 1109 1749 et
1140 1700 1424 1766 utrosque
1456 1697 1633 1750 libato
1663 1697 1830 1766 pacis

189 1780 370 1833 osculo
387 1780 444 1833 in
458 1781 774 1850 pristinam
797 1783 1172 1837 concordiam
1186 1783 1464 1838 continuo
1482 1784 1676 1838 redire
1697 1800 1829 1854 per-

189 1868 374 1920 suasit.
419 1867 522 1921 Sic
552 1869 756 1924 litibus
789 1873 1173 1941 compressis,
1210 1871 1462 1926 ulterius
1494 1872 1553 1926 in
1593 1888 1738 1943 pace
1773 1875 1830 1927 et
1857 1896 1904 1956 Β

182 1969 358 2010 amore
383 1972 500 2026 quo
527 1958 722 2012 decuit
738 1961 1138 2028 perstiterunt.
1161 1961 1294 2030 Ipse
1313 1976 1454 2015 vero
1473 1961 1612 2030 dux,
1631 1961 1827 2016 demo-

184 2042 284 2097 litis
330 2045 643 2099 rebellium
699 2047 902 2116 rebus,
956 2064 1091 2102 cum
1138 2049 1417 2104 incolumi
1466 2050 1731 2104 exercitu
1769 2051 1827 2104 in

182 2130 650 2188 Northmanniam
663 2135 1508 2208 regreditur.Quatempestate
1529 2138 1826 2194 Robertus

183 2234 271 2274 rex
292 2219 659 2278 Francorum
689 2225 956 2295 moritur,
987 2226 1082 2280 cui
1115 2227 1416 2282 successit
1444 2227 1743 2283 Henricus
1760 2227 1827 2282 ti-

177 2307 275 2362 lius
305 2309 452 2380 ejus.

788 2401 1040 2458 CAPUT
1071 2403 1195 2458 VII.

183 2484 444 2550 Quomodo
469 2490 780 2565 itemgdux
792 2492 957 2564 juvit
976 2492 1300 2547 Henricum
1331 2508 1535 2565 regem
1571 2490 1826 2550 Franco-

245 2575 358 2614 cum
380 2569 594 2616 contra
616 2561 1019 2617 Constantiam
1047 2569 1299 2618 matrem
1331 2561 1514 2618 suam.

237 2649 354 2703 Rex
381 2651 546 2704 enim
565 2650 859 2706 Henricus
879 2657 1042 2723 patre
1068 2654 1326 2708 Roberto
1357 2654 1595 2709 vivente
1628 2653 1818 2707 Fran-

181 2753 359 2792 corum
395 2755 593 2811 regno
643 2741 882 2809 potitus,
935 2744 1093 2796 tanto
1139 2742 1514 2812 postmodum
1551 2759 1583 2795 a
1634 2745 1821 2797 matre

175 2825 484 2881 Constantia
502 2830 810 2883 novercali
829 2830 961 2885 odio
977 2834 1069 2885 est
1082 2830 1349 2899 affectus,
1369 2834 1451 2899 ut,
1477 2831 1823 2901 conspiran-

173 2915 309 2969 tibus
326 2917 625 2972 adversus
643 2933 777 2972 eum
800 2919 1136 2987 comitibus,
1153 2937 1186 2972 a
1209 2920 1394 2991 regali
1417 2920 1658 2992 fastigio
1685 2935 1820 2974 eum

179 3002 443 3074 deponere
475 3009 876 3077 satageret,et
908 3008 1234 3063 Robertum
1248 3009 1491 3063 fratrem
1511 3009 1645 3079 ejus
1661 3009 1818 3062 Bur-

175 3094 513 3162 gundionum
548 3095 757 3149 ducem
775 3096 935 3150 illius
960 3097 1089 3151 loco
1113 3099 1442 3169 subrogare
1457 3097 1815 3167 disponeret.

171 3179 428 3238 Consultn
441 3184 645 3254 itaque
675 3200 918 3239 suorum
940 3187 1010 3239 ad
1033 3185 1354 3240 Robertum
1377 3186 1816 3240 Northmanno-

170 3285 279 3323 rum
305 3272 515 3327 ducem
542 3287 677 3326 cum
697 3273 1010 3328 duodecim
1037 3274 1330 3329 clientulis
1359 3274 1702 3346 confugium
1725 3275 1815 3329 fe-
1849 3255 1900 3317 ο

171 3358 250 3422 cit,
274 3376 336 3414 ac
353 3362 507 3430 apud
547 3361 906 3416 Fiscannum
928 3379 1034 3432 per
1058 3363 1195 3417 ﬁdei
1212 3363 1472 3417 debitum
1503 3363 1619 3431 sibi
1640 3363 1712 3417 ab
1745 3378 1816 3419 eo

170 3447 654 3520 subveniripetiit.
674 3450 803 3505 Dux
827 3467 961 3506 eum
979 3452 1304 3507 honoriﬁce
1338 3453 1582 3523 recepit,
1615 3452 1814 3506 multis

171 3533 316 3590 donis
343 3538 678 3608 honoravit,
709 3542 892 3594 etnon
909 3541 1090 3594 multo
1109 3541 1536 3609 postdecenter
1557 3541 1729 3610 equis
1761 3543 1817 3595 et

168 3625 714 3698 armisiustructum,
735 3631 942 3698 patruo
957 3645 1067 3683 suo
1087 3629 1370 3701 Malgerio
1384 3630 1579 3683 comiti
1598 3628 1818 3684 Corbu-

167 3708 317 3766 liensi
337 3714 678 3784 destinavit,
704 3717 991 3769 mandans
1014 3720 1073 3770 ut
1095 3717 1223 3770 suis
1243 3717 1299 3769 in
1316 3717 1583 3785 partibus
1606 3732 1813 3770 omnes

167 3799 430 3856 incendiis
444 3820 516 3856 ac
533 3806 840 3858 tormentis
855 3805 1324 3876 afﬂigeret,quos
1338 3805 1410 3858 ab
1431 3805 1562 3875 ejus
1577 3805 1817 3859 ﬁdelita-

167 3889 212 3940 te
229 3888 468 3946 deﬁcere
490 3892 739 3946 videret.
763 3893 896 3963 Ipse
917 3909 1058 3948 vero
1075 3910 1181 3963 per
1201 3897 1410 3948 cuncta
1431 3909 1557 3948 suae
1572 3894 1811 3948 ditionis

167 3979 380 4031 castella
403 3979 679 4034 Francia
703 3982 1067 4035 contermina
1099 3983 1346 4036 militum
1377 3982 1810 4036 validissimum

166 4076 373 4120 manum
412 4069 638 4138 posuit,
664 4072 718 4123 et
739 4070 1110 4124 conﬂictibus
1143 4071 1372 4124 crebris
1393 4069 1810 4125 tandiurebel-

165 4149 238 4206 les
265 4155 555 4212 violenter
578 4158 958 4230 oppugnavit,
981 4159 1168 4214 donec
1188 4160 1525 4214 cervicibus
1542 4159 1735 4229 plexis
1753 4160 1812 4214 et

167 4241 275 4296 suis
304 4247 583 4301 omnibus
607 4248 996 4317 consumptis,
1034 4249 1219 4303 coacti
1252 4263 1360 4304 suo
1384 4249 1512 4319 regi
1541 4249 1808 4302 reconci-

164 4327 427 4388 liarentur
471 4339 532 4388 et
587 4336 957 4391 infelissimaa
1018 4339 1224 4391 matris
1271 4341 1518 4392 conatus
1569 4338 1806 4392 omnino

168 4419 606 4477 exinanirentur.
642 4424 804 4478 Tunc
830 4425 1128 4480 ltobertus
1160 4426 1445 4479 Willelmi
1476 4426 1808 4479 Belismen-

165 4505 239 4559 sis
265 4513 571 4577 potestatis
606 4512 800 4567 haeres
820 4516 876 4567 et
905 4514 1291 4582 crudelitatis,
1314 4531 1420 4584 per
1452 4515 1673 4584 aliquot
1701 4530 1808 4567 an-

1954 631 2233 702 Belismo,
2269 634 2584 688 securibus
2608 636 2794 704 capite
2825 635 2958 706 ejus
2986 637 3204 693 ibidem
3225 644 3474 698 contrito
3496 643 3614 697 mi-

1954 723 2291 778 serabiliter
2318 724 2612 779 occidunt.
2634 726 2758 790 Quo
2785 727 3081 795 defuncto,
3109 729 3449 786 Willelmus
3474 733 3611 786 Tal-

1956 813 2163 866 vacius
2178 813 2503 883 fraterejus
2527 816 2825 869 successit
2841 815 2899 868 in
2923 816 3149 872 honore
3169 819 3452 874 fraterno.
3476 821 3611 890 Ipse

1957 901 2186 954 cunctis
2217 900 2503 956 fratribus
2537 904 2664 956 suis
2694 904 2753 957 in
2784 905 3059 959 omnibus
3085 907 3324 978 ﬂagitiis
3357 908 3614 962 deterior

1953 989 2082 1056 fuit,
2098 993 2154 1043 et
2166 989 2224 1042 in
2243 990 2374 1060 ejus
2389 992 2636 1046 seminis
2651 993 2992 1047 haeredibus
3012 995 3394 1050 immoderata
3411 997 3612 1068 nequi-

1954 1080 2032 1133 tia
2061 1095 2253 1151 usque
2284 1080 2457 1136 hodie
2486 1082 2695 1154 viguit.

2564 1170 2815 1226 CAPUT
2856 1173 3006 1228 VIII.

1957 1257 2550 1322 QuodduxRobertus
2563 1262 2821 1314 contraA
2831 1261 3066 1316 [annum
3081 1264 3231 1318 comi
3237 1271 3350 1318 tem
3370 1265 3613 1321 Britan-

2019 1344 2224 1382 norum
2244 1345 2668 1403 pergens,_n_on
2698 1331 2878 1403 longe,
2903 1349 2934 1386 a
2955 1333 3196 1388 ﬂumine
3225 1335 3480 1391 Coisnon
3511 1353 3612 1392 ca-

2012 1405 2201 1454 strum
2236 1400 2522 1455 Carnicas
2541 1400 2882 1475 [Carrucas]
2915 1405 3198 1461 condidit.
3497 1406 3502 1417 ’

2017 1505 2436 1561 Britannorum
2471 1523 2705 1579 quoque
2744 1525 2945 1564 comes
2982 1511 3246 1566 Alannus
3284 1514 3609 1581 protervim

1944 1595 2100 1650 fastu
2141 1596 2350 1666 elatus,
2384 1611 2418 1649 a
2449 1597 2695 1652 Roberti
2728 1598 2898 1653 ducis
2923 1600 3169 1655 servitio
3203 1616 3269 1655 se
3295 1602 3608 1673 subripere

1942 1684 2322 1754 pertinaciter
2345 1688 2436 1739 est
2456 1700 2767 1756 egressus.
2789 1687 2918 1741 Dux
2935 1688 3119 1760 igitur
3143 1690 3438 1745 adversus
3471 1707 3607 1746 eum

1943 1772 2431 1827 innumerabilem
2456 1774 2776 1828 exercitum
2807 1776 3009 1846 movit,
3035 1780 3091 1830 et
3120 1794 3238 1832 non
3257 1779 3433 1850 longe
3451 1796 3482 1833 a
3501 1781 3607 1834 ilu-

1943 1862 2038 1916 vio
2069 1862 2330 1916 Coisnon
2349 1866 2628 1927 castrum,
2647 1864 2803 1933 quod
2828 1866 3059 1919 vocavit
3075 1865 3389 1937 Carrucas,
3416 1869 3604 1923 stabi-

1942 1951 2088 2019 livit;
2104 1950 2174 2004 ad
2199 1951 2516 2006 munimem
2538 1952 3516 2024 videlicetNorthmannicilimitis,
3539 1972 3608 2012 ac

1941 2040 2295 2095 domandum
2312 2042 2517 2096 tumidi
2539 2043 2936 2114 arrogantiam
2958 2046 3432 2114 prmsumptoris.
3468 2045 3608 2102 Inde

1940 2128 2298 2184 Britanniam
2318 2131 2552 2200 invasit,
2572 2134 2874 2202 totumque
2907 2133 3036 2186 Doli
3054 2134 3391 2189 comitatum
3428 2151 3607 2191 vora-

1940 2218 2110 2272 cibus
2129 2219 2380 2274 flammis
2410 2220 2671 2274 tradidit.
2712 2219 2940 2284 Quibus
2963 2221 3292 2277 luculenter
3321 2225 3601 2294 peractis,

1939 2322 2072 2361 cum
2089 2307 2289 2377 praeda
2305 2308 2532 2379 ingenti
2549 2308 3037 2364 Northmanniam
3059 2311 3309 2380 repetiit.
3333 2312 3604 2368 Alannus

1936 2399 2129 2450 autem
2158 2400 2294 2467 post
2322 2396 2456 2468 ejus
2478 2397 2832 2453 abscessum
2866 2399 3110 2468 cupiens
3136 2399 3348 2453 ulcisci
3376 2399 3604 2456 illatum

1938 2485 2054 2539 sibi
2075 2485 2519 2555 improperium,
2557 2487 2630 2540 ad
2661 2486 3091 2541 demoliendum
3114 2487 3602 2544 Abrincatensem

1937 2573 2272 2628 comitatum
2287 2589 2418 2628 cum
2437 2591 2652 2646 magna
2683 2575 2944 2630 exercitu
2964 2591 3034 2630 eo
3064 2576 3366 2648 evestigio
3395 2593 3600 2647 perse-

1935 2663 2136 2732 quitur
2155 2662 2338 2716 illum.
2371 2663 2645 2735 Nigellus
2661 2679 2804 2718 vero
2821 2668 2875 2719 et
2886 2664 3190 2720 Aluredus
3206 2671 3599 2738 cognomento

1933 2749 2138 2822 Gigas,
2188 2753 2524 2821 prmtitulati
2572 2753 2800 2808 castelli
2852 2755 3153 2825 custodes,
3191 2771 3324 2809 cum
3384 2755 3513 2809 suis
3545 2755 3602 2810 ei

1935 2844 2273 2908 occurrunt,
2307 2845 2364 2896 et
2409 2857 2540 2896 cum
2573 2857 2642 2897 eo
2688 2845 2981 2897 certantes
3010 2842 3170 2898 illico
3201 2845 3357 2898 tanta
3395 2846 3599 2915 strage

1935 2928 2208 2984 Britones
2242 2931 2575 3000 depopulati
2607 2934 2764 3000 sunt,
2798 2934 2861 2985 ut
2899 2947 3006 3002 per
3033 2947 3374 3002 camporum
3427 2931 3600 3001 plana

1934 3017 2062 3072 sive
2094 3017 2365 3088 praedicti
2409 3019 2668 3073 ﬂuminis
2710 3020 2905 3074 littora
2935 3021 3212 3090 prostrati
3251 3021 3597 3074 viderentur

1933 3107 2106 3177 quasi
2133 3107 2428 3162 bibentes.
2454 3107 2718 3162 Alannus
2741 3108 2936 3178 itaque
2960 3123 3068 3162 sua
3085 3109 3276 3162 tristia
3293 3111 3593 3180 repetens,

1933 3210 2066 3248 cum
2098 3195 2391 3250 dedecore
2424 3195 2687 3251 Redonis
2719 3197 2898 3251 venit.

2535 3285 2786 3340 CAPUT
2827 3285 2928 3339 IX.

1930 3373 2018 3428 De
2031 3373 2269 3446 abbatia
2290 3373 2473 3446 Becci
2485 3374 2744 3446 etprima
2760 3373 2976 3428 abbate
2988 3378 3046 3429 et
3065 3372 3245 3430 funda
3253 3379 3382 3430 tore
3402 3375 3522 3446 ipsi
3526 3391 3595 3430 us

2009 3445 2343 3518 venerabili
2381 3445 2673 3501 Herluino
2707 3452 2766 3499 et
2791 3446 2865 3501 de
2902 3460 3252 3501 successore
3299 3445 3436 3518 ejus
3468 3447 3592 3500 An-

2001 3516 2203 3570 selmo.

1999 3623 2168 3678 Circa
2183 3623 2312 3678 haec
2334 3628 2616 3695 tempore,
2644 3641 2796 3680 anno
2808 3623 3084 3679 videlicet
3095 3623 3168 3679 ab
3189 3624 3592 3680 incarnatione

1930 3711 2159 3766 Domini
2176 3713 2312 3768 1034
2331 3713 2583 3768 domnus
2603 3714 2789 3768 abbas
2822 3713 3165 3784 Herluinus,
3191 3713 3592 3785 quadragesi-

1927 3817 2020 3856 mo
2040 3803 2228 3857 aetatis
2248 3818 2374 3856 sua:
2398 3817 2550 3856 anno
2574 3803 2864 3856 deserens
2887 3803 3236 3861 saecularem
3266 3803 3464 3869 vitam,
3490 3818 3590 3856 sa-

1929 3907 2049 3946 crae
2079 3891 2390 3962 religionis
2413 3890 2676 3945 habitum
2693 3891 2958 3960 suscepit
2979 3889 3050 3944 ab
3069 3890 3350 3962 episcopo
3389 3891 3590 3946 Luxo-

1927 3979 2118 4034 viensi
2148 3979 2439 4032 Herberto
2461 3993 2474 4047 ;
2498 3981 2555 4032 et
2573 3981 2780 4047 postea
2804 3978 2876 4032 ab
2894 3980 3098 4033 eodem
3119 3979 3374 4048 praesule
3393 3995 3590 4035 sacer.

1928 4068 2036 4122 dos
2084 4067 2418 4136 ordinatus,
2457 4071 2629 4137 atque
2679 4067 2864 4120 abbas
2910 4068 3266 4122 constitutus
3305 4072 3416 4123 est.
3449 4068 3590 4124 Inde

1927 4156 2229 4211 Beccense
2251 4155 2581 4210 coenobium
2601 4155 2776 4224 coepit
2805 4155 3024 4209 habere
3041 4156 3289 4210 initium.
3313 4156 3430 4210 Sed
3452 4157 3587 4227 quia

1924 4246 2064 4300 tanti
2084 4245 2278 4298 Patris
2316 4243 2565 4298 fecimus
2587 4244 2961 4313 mentionem,
2985 4243 3126 4296 libet
3149 4243 3221 4297 ad
3239 4244 3583 4298 memoriam

1925 4335 2287 4405 posteritatis
2309 4333 2403 4386 his
2436 4332 2731 4386 annalium
2763 4332 2995 4404 paginis
3015 4331 3206 4402 aliqua
3231 4331 3303 4387 de
3320 4347 3388 4385 eo
3411 4336 3468 4386 et
3492 4347 3587 4387 ec-

1927 4423 2108 4478 clesia
2134 4423 2206 4476 ab
2253 4438 2322 4477 eo
2368 4424 2705 4476 constructa
2757 4421 2929 4492 paulo
2965 4422 3142 4476 latius
3205 4421 3492 4476 inserere.
3537 4424 3587 4476 Α

1925 4513 2302 4581 Danisigitur
2316 4512 2413 4582 qui
2432 4511 2914 4566 Northmanniam
2937 4510 3113 4581 primi
3143 4511 3448 4566 obtinuere
3476 4526 3584 4581 pa-

166 4609 259 4649 nos
285 4598 538 4655 infestus
569 4607 693 4655 erat
748 4603 964 4656 vicinis
996 4603 1111 4657 sibi
1159 4602 1708 4658 Cenomanensibus
1755 4606 1808 4658 et
1834 4607 1890 4671 Β
1923 4606 2013 4657 ter
2033 4602 2168 4672 ejus
2183 4601 2472 4672 originem
2495 4601 2679 4668 duxit,
2702 4601 3220 4671 mater-proximam
3237 4599 3586 4654 ducumMo-

167 4680 590 4743 Northmannis.
651 4690 1097 4761 Expeditionem
1133 4693 1330 4762 itaque
1377 4693 1524 4746 ultra
1581 4693 1809 4746 Sartam

165 4786 348 4846 agens,
369 4794 399 4830 a
419 4776 970 4834 Cenomanensibus
999 4781 1245 4850 capitur,
1280 4797 1348 4834 ac
1373 4781 1524 4850 apud
1567 4781 1808 4834 Balaum

167 4867 400 4919 castrum
441 4867 676 4921 duobus
703 4869 875 4922 annis
908 4869 965 4921 in
997 4885 1236 4923 carcere
1283 4869 1634 4922 custoditur.
1666 4869 1806 4922 Post

165 4947 441 5007 biennium
475 4971 619 5010 vero
655 4956 990 5011 Willelmus
1021 4957 1217 5012 Geroii
1242 4957 1420 5024 filius,
1455 4957 1670 5025 aliique
1692 4957 1807 5010 Ro-

165 5033 298 5091 berti
311 5057 589 5109 proceres
603 5045 927 5098 exercitum
950 5049 1398 5118 congregant,et
1410 5044 1804 5099 Cenomannis

167 5128 416 5183 comitem
445 5132 516 5184 ad
535 5148 793 5204 pugnam
815 5138 1166 5189 revocantet
1201 5135 1448 5188 viriliter
1462 5135 1801 5203 praeliantes

166 5225 191 5262 θ
219 5213 362 5270 bello
399 5219 674 5291 et‘fugant.
719 5222 803 5276 lbi
834 5222 1189 5277 VValterium
1212 5224 1281 5277 de
1300 5223 1582 5277 Sordenia
1621 5239 1798 5295 egre-

167 5300 306 5365 gium
337 5308 592 5379 militem,
618 5326 750 5362 cum
773 5310 1006 5364 duobus
1042 5313 1179 5365 filiis
1211 5312 1496 5365 militibus
1539 5312 1795 5381 eximiis,

167 5395 1795 5470 comprehendunt,interquos,comtradicenteWillelmo,

168 5479 414 5545 nequiter
445 5497 573 5536 eum
601 5485 657 5538 in
681 5486 938 5555 patibulo
962 5488 1349 5558 suspendunt.
1372 5487 1484 5541 Alii
1509 5504 1648 5542 vero
1673 5492 1796 5542 tres

1925 4692 2208 4758 rinorum,
2231 4704 2382 4760 quos
2401 4689 2666 4744 moderni
2684 4687 2971 4744 Flandros
2990 4689 3408 4760 cognominant
3437 4702 3584 4743 con-

1921 4779 2377 4849 sanguinitatcm
2400 4778 2609 4848 attigit.
2628 4778 2934 4848 Ansgotus
2959 4777 3215 4846 ille,§ista
3229 4777 3436 4832 Helois
3472 4791 3582 4831 no-

1921 4883 2054 4921 men
2081 4867 2352 4921 habebat.
2373 4867 2743 4921 Gislebertus
2776 4865 3125 4932 Brionensis
3151 4881 3371 4934 comes,
3411 4865 3584 4935 primi

1920 4956 2200 5010 Richardi
2225 4955 2671 5009 Northmanniae
2694 4954 2866 5008 ducis
2898 4969 3082 5024 nepos
3098 4969 3170 5008 ex
3192 4954 3312 5008 ﬁlio
3335 4955 3582 5008 consule

1915 5044 2260 5112 Godet‘rido,
2279 5044 2441 5097 illum
2460 5044 2774 5098 enutritum
2789 5058 2972 5112 penes
2988 5057 3054 5096 se
3068 5043 3218 5096 inter
3235 5057 3442 5097 omnes
3473 5058 3579 5097 cu-

1913 5133 2019 5187 riae
2043 5149 2168 5187 sua:
2189 5133 2471 5202 primates
2495 5131 3493 5200 habuitacceptissime.Habilisille
3507 5133 3580 5187 ad

1914 5237 2077 5275 arma
2092 5222 2407 5292 plurimum
2425 5227 2572 5289 erat,
2593 5237 2702 5274 nec
2717 5221 2924 5274 minori
2945 5236 3011 5274 ea
3026 5220 3398 5276 animositate
3429 5236 3576 5290 ges-

1915 5310 2090 5364 tabat.
2108 5310 2326 5364 Omnes
2341 5310 2598 5364 omnium
2613 5310 2793 5363 totius
2817 5309 3260 5364 Northmanniae
3286 5310 3580 5381 majorum

1913 5399 2437 5454 familiaeinelectis
2457 5397 2618 5452 illum
2654 5398 2946 5452 habebant
2971 5399 3030 5452 in
3061 5400 3263 5468 armis,
3300 5401 3577 5470 omnique

1910 5488 2279 5543 reimilitaris
2294 5503 2406 5541 usu
2426 5490 2479 5540 ct
2504 5487 2660 5540 cultu
2684 5486 2958 5556 corporis
2973 5487 3066 5540 sui
3097 5487 3455 5542 attollebant.
3487 5487 3574 5541 Ab

166 5561 256 5614 ﬁlii
286 5564 564 5626 Walter-io
608 5575 759 5643 apud
791 5576 1032 5629 Balaum
1073 5580 1254 5630 erant.
1290 5576 1399 5641 Qui
1439 5579 1500 5630 ut
1539 5581 1798 5632 atrocem
1907 5577 2237 5632 inhonestis
2271 5576 2572 5630 avertebat
2594 5577 2870 5642 animum,
2906 5575 3176 5630 honestis
3213 5593 3345 5646 quae
3388 5576 3570 5629 curiae

167 5651 332 5715 patris
358 5658 414 5708 et
436 5657 674 5717 fratrum
686 5667 932 5718 mortem
958 5668 1386 5738 cognoverunt,
1414 5665 1796 5721 vehementer

1907 5664 2742 5739 magnifaciunt,impendebat
2773 5681 2944 5720 omne
2983 5665 3264 5721 studium.
3304 5664 3469 5720 Domi
3502 5679 3571 5719 ac
