3940 6174
439 329 560 396 839

1156 329 1564 394 VILLELMI
1611 327 1960 393 CALCULI
2007 329 2699 392 GEMMETICENSIS
2743 329 3136 392 MONACHI

3675 339 3770 405 840

441 528 663 584 militiae
688 529 1152 586 commilitonum
1165 545 1409 584 suorum
1427 529 1962 599 praestantissimus
1987 544 2103 582 non
2134 512 2184 573 Ᾱ
2220 531 2399 582 stcre.
2416 527 2696 582 Sentibus
2718 533 2773 582 et
2795 529 2984 597 spinis
3006 529 3322 602 aliiagrum
3341 533 3687 604 emundabant,
3703 541 3772 592 alii

440 633 601 687 esse,
652 619 964 688 impatiens
1000 621 1144 672 erat.
1177 618 1404 682 Quibus
1436 619 1506 671 de
1539 618 1720 671 rebus
1761 634 1877 671 non
1909 617 2100 671 solum

441 707 808 778 singularem
825 705 1044 760 domini
1065 706 1160 760 sui
1176 707 1502 760 obtinuerat
1522 707 1804 773 favorem,
1825 722 2032 760 verum
2045 709 2101 760 ot

439 795 594 864 apud
628 794 950 849 Robertum
980 796 1155 849 totius
1185 796 1387 864 patrias
1414 795 1643 863 ducem,
1669 798 1726 848 et
1747 795 1898 863 apud
1929 799 2095 848 exte-

443 897 642 937 rarum
683 883 951 937 dominos
997 885 1328 954 regionum,
1385 887 1689 953 pepererat
1729 883 1842 936 sibi
1884 899 2098 937 nomen

441 971 777 1041 plurimum,
794 987 1220 1042 accessumque
1237 972 1603 1026 familiarem.

513 1059 662 1113 Vitae
686 1059 866 1128 hujus
889 1059 1324 1129 jucundissimo
1346 1064 1496 1115 statu
1521 1077 1710 1117 annos
1734 1062 1966 1132 illejam
1991 1077 2097 1115 ex-

441 1149 709 1202 cesserat
746 1147 983 1218 triginta
1016 1151 1262 1218 septem,
1297 1165 1431 1203 cum
1451 1151 1683 1204 tandem
1714 1151 1911 1204 divino
1942 1153 2098 1204 metu

440 1235 724 1288 succendi
769 1251 966 1290 amore
1013 1253 1177 1290 mens
1235 1238 1391 1290 illius
1439 1240 1633 1308 coepit,
1676 1243 1733 1292 et
1780 1239 1852 1292 ab
1901 1254 2098 1292 amore

437 1323 641 1376 mundi
665 1327 990 1392 tepescere,
1013 1327 1357 1396 sensimque
1399 1328 1456 1379 in
1479 1327 1607 1382 dies
1640 1328 1988 1398 frigescere.
2010 1327 2098 1380 Ab

439 1411 839 1466 exterioribus
871 1413 1104 1466 oculum
1126 1415 1325 1467 cordis
1349 1419 1700 1469 convertens
1719 1415 1787 1468 ad
1810 1415 2095 1485 seipsum,

438 1498 560 1554 ibat
592 1499 962 1570 frequentius
1002 1503 1073 1556 ad
1123 1504 1458 1571 ecclesiam,
1519 1504 1721 1558 orabat
1768 1505 1997 1572 devote,
2031 1519 2099 1556 ac

438 1603 601 1658 saepe
623 1590 1114 1658 prorumpebatur
1143 1591 1200 1644 in
1217 1591 1528 1662 lacrymas.
1565 1593 1822 1647 Ludicra
1845 1609 1910 1647 re
1936 1592 2095 1646 omni

438 1677 682 1746 omissa,
714 1676 842 1748 jam
865 1680 1060 1733 minus
1093 1679 1374 1750 frequens
1397 1685 1522 1735 erat
1551 1682 1610 1734 in
1643 1682 1806 1735 curia
1833 1681 1954 1746 Qua
1985 1682 2098 1735 hoc

437 1765 565 1820 solo
581 1765 1135 1837 detinebatur,quod
1154 1769 1374 1836 praedia
1393 1785 1503 1823 sua
1522 1771 1639 1824 Deo
1661 1785 1861 1824 secum
1884 1770 2100 1823 lucrari

437 1854 766 1924 satagebat.
798 1854 964 1918 Quod
1010 1859 1067 1910 et
1096 1857 1383 1927 obtinuit,
1433 1862 1793 1928 extorqueas
1823 1875 1891 1913 ea
1922 1858 2038 1912 sibi
2069 1875 2098 1912 a

437 1940 675 1996 domino
705 1957 814 1996 suo
839 1943 1015 1996 multa
1030 1945 1306 1998 instantia
1329 1947 1554 1999 servitii
1582 1962 1595 2015 ;
1622 1947 1826 2000 ditioni
1851 1947 2009 2000 illius
2032 1963 2100 2000 ac

437 2030 681 2084 servitio
712 2031 843 2100 ipso
875 2033 1388 2089 dominotradente
1413 2036 1696 2106 quidquid
1711 2037 2101 2106 paternijuris

438 2117 736 2173 habebant
780 2120 994 2176 fratres
1025 2123 1140 2190 sui,
1192 2123 1293 2192 qui
1349 2125 1552 2178 eadem
1609 2125 1890 2196 dignitate
1921 2126 2104 2197 geniti

435 2208 783 2264 exstiterant
811 2210 948 2264 sibi.
981 2210 1126 2275 Quia
1160 2212 1394 2282 dignior
1417 2216 1470 2267 et
1499 2229 1642 2267 vera
1673 2215 1973 2268 nobilitate
2005 2231 2108 2287 ge-

446 2297 721 2352 nerosior
776 2301 1078 2369 germanis
1132 2301 1517 2370 efﬁciebatur,
1565 2302 1701 2374 jure
1751 2304 1823 2357 ab
1882 2304 1971 2358 eis
2018 2304 2103 2357 illi

433 2384 671 2454 subjici,
707 2401 818 2441 nec
849 2389 1154 2460 indignum
1184 2395 1282 2443 aut
1304 2389 1655 2461 injuriosum
1679 2392 2100 2446 aestimabatur.

509 2474 862 2530 Protinusin
887 2478 1024 2530 villa
1047 2495 1180 2548 quae
1196 2480 1409 2533 dicitur
1423 2481 1820 2550 Burnenvilla,
1836 2485 2106 2536 extruen-

432 2560 572 2615 dum
605 2565 855 2618 servitio
889 2565 993 2620 Dei
1025 2583 1175 2636 opus
1209 2568 1454 2637 arripuit
1483 2585 1598 2623 non
1635 2585 1902 2638 parvum,
1933 2571 2105 2624 brevi

434 2655 764 2718 peractum.
805 2653 940 2721 Ipse
976 2671 1093 2710 non
1138 2655 1330 2710 solum
1375 2657 1536 2726 operi
1581 2658 2102 2728 praesidebat,.sed

435 2751 591 2806 opus
618 2739 812 2807 ipsum
837 2742 1151 2809 efﬁciebat,
1184 2747 1400 2798 terram
1425 2745 1678 2814 fodiens,
1713 2747 1938 2800 fossam
1958 2747 2103 2802 eﬁ‘e-

434 2840 598 2896 rens,
644 2827 893 2898 lapides,
937 2831 1228 2899 sabulum,
1273 2834 1609 2903 calcemque
1639 2834 1904 2889 humeris
1937 2851 2102 2889 com-

429 2917 695 2985 portans,
711 2932 779 2971 ac
801 2932 870 2973 ea
888 2919 946 2972 in
970 2921 1250 2988 parietem
1279 2921 1527 2991 ipsemet
1549 2938 1930 2992 componens.
1952 2923 2097 2988 Qui-

428 3001 567 3072 bus,
591 3003 688 3056 alii
708 3005 872 3062 horis
896 3007 1159 3078 aberant,
1181 3009 1308 3079 ipse
1325 3010 1684 3082 congerebat
1707 3027 1839 3082 quae
1863 3012 1933 3066 ad
1949 3029 2098 3082 opus

428 3090 843 3164 exigebantur,
881 3096 1168 3151 excluens
1221 3099 1402 3152 otium
1440 3099 1513 3153 ab
1562 3099 1723 3154 omni
1754 3103 1920 3169 parte
1959 3101 2097 3156 diei.

427 3177 653 3242 Quanto
683 3182 937 3239 vanitate
969 3186 1190 3241 tumida
1220 3187 1358 3241 olim
1389 3187 1714 3257 delicatior,
1769 3193 1926 3243 tanto
1957 3205 2096 3244 vera

436 3233 474 3242 τ
630 3233 643 3235 _
702 3233 934 3239 Ἵππη
973 3233 1190 3241 ηψπ
1391 3233 1714 3257 _----_---.,
1772 3233 1924 3243 .-.ην
1971 3233 2096 3244 ......

427 3265 753 3324 humilitate
778 3287 933 3326 nunc
950 3274 1022 3327 ad
1054 3290 1285 3329 omnem
1320 3275 1540 3330 laboris
1560 3277 1925 3331 tolerantiam
1955 3295 2098 3348 pro-

427 3357 558 3424 pter
601 3357 787 3413 Deum
831 3362 1160 3428 patientior.
1194 3363 1402 3416 Cibum
1444 3367 1662 3433 praeter
1715 3366 1933 3435 quibus
1981 3382 2096 3420 non

422 3442 561 3499 licet
591 3446 823 3516 diebus,
859 3450 1043 3504 semel
1095 3451 1438 3520 accipiebat,
1473 3467 1582 3506 nec
1633 3454 1995 3524 exquisitum
2041 3458 2099 3509 et

424 3546 604 3600 parce
639 3535 807 3602 satis,
841 3537 1071 3604 expleto
1105 3554 1236 3590 cum
1261 3539 1352 3592 die
1385 3555 1564 3608 opere
1589 3557 1718 3594 suo.

496 3620 694 3674 Prima
726 3622 1050 3677 litterarum
1081 3625 1367 3680 elementa
1397 3628 1616 3694 didicit,
1660 3645 1790 3681 cum
1815 3628 1940 3698 jam
1967 3631 2095 3684 exi-

425 3709 609 3762 steret
640 3725 926 3764 annorum
947 3728 1132 3782 prope
1156 3715 1565 3786 quadraginta,
1602 3720 1658 3770 et
1687 3717 1880 3770 divina
1901 3720 2094 3788 opitu-

423 3795 582 3849 lante
605 3798 795 3867 gratia
835 3814 905 3853 eo
935 3816 1125 3871 usque
1159 3804 1472 3871 processit,
1508 3809 1571 3859 ut
1600 3807 1773 3858 etiam
1805 3807 1954 3876 ipsis
1987 3824 2095 3878 ap-

423 3883 611 3954 prime
643 3886 889 3940 eruditis
920 3892 1302 3960 grammatica
1321 3892 1377 3944 in
1396 3894 1761 3962 exponendis
1783 3910 1850 3948 ac
1881 3895 2094 3951 intelli-

422 3972 637 4042 gendis
670 3975 1000 4031 divinarum
1046 3978 1484 4048 Scripturarum
1527 3983 1838 4037 sententiis
1884 3986 2093 4040 merito

421 4059 742 4116 haberetur
771 4065 1154 4122 admirabilis.
1185 4069 1348 4134 Quod
1396 4072 1668 4141 ut,solius
1705 4072 1922 4127 divinae
1949 4090 2090 4145 gra-

420 4148 538 4218 tim,
564 4150 827 4207 efﬁcacia
843 4159 1034 4210 actum
1053 4157 1343 4228 credatur,
1365 4161 1670 4214 nocturnis
1687 4164 1905 4216 tantum
1925 4161 2089 4218 horis

419 4236 558 4293 huic
579 4242 775 4296 studio
808 4245 1074 4315 vacabat,
1107 4247 1243 4318 quia
1295 4252 1534 4318 prepter
1575 4249 1886 4305 lectionem
1935 4267 2089 4306 nun-

421 4343 600 4396 quam
613 4329 1349 4404 diurnioperisintermisit
1373 4339 1834 4393 exsecutionem.
1857 4340 2091 4395 Avulsit

416 4415 576 4472 illico
607 4423 883 4488 paternas
914 4423 1144 4496 domos,
1173 4427 1327 4481 unde
1359 4442 1674 4481 servorum
1706 4428 1811 4482 Dei
1857 4428 2086 4484 habita-

417 4504 551 4560 cula
582 4510 933 4564 construxit.

2219 618 2418 670 ﬁmum
2441 617 2702 685 scapulis
2717 621 3151 686 comportantes
3171 621 3518 690 spargebant.
3541 623 3599 675 lli
3617 628 3771 680 sarrie-

2159 697 2164 702 ’
2217 705 2378 774 bant,
2418 705 2499 758 illi
2522 705 2818 775 serebant,
2843 721 3014 760 nemo
3035 721 3245 776 panem
3269 707 3580 764 absumebat
3605 712 3650 764 in
3670 716 3774 769 otio.

2173 865 2176 868 .
2219 793 2306 847 Ad
2323 794 2525 848 horam
2544 795 2756 866 agendi
2771 795 2951 848 ofﬁcii
2970 795 3028 848 in
3053 795 3320 864 ecclesia,
3345 812 3528 852 omnes
3544 801 3603 853 ad
3622 818 3778 856 unam-

2220 897 2508 952 quamque
2538 883 2982 937 conveniebant.
3022 883 3229 940 Victus
3259 886 3613 955 quotidianus,
3654 893 3780 958 panis

2219 970 2556 1042 siligineus,
2610 974 2665 1025 et
2693 971 2895 1026 herbae
2933 988 3062 1026 cum
3097 989 3246 1042 aqua
3278 978 3330 1027 et
3369 975 3498 1029 sale.
3535 977 3673 1046 Aqua
3697 995 3780 1031 non

2218 1058 2330 1112 nisi
2360 1057 2661 1128 lutulenta,
2692 1060 2827 1131 quia
2856 1059 2992 1116 fons
3021 1077 3310 1133 nusquam
3347 1061 3414 1116 ad
3447 1062 3548 1116 duo
3573 1065 3784 1119 milliaria

2218 1147 2562 1202 habebatur.

2287 1235 2474 1289 Simili
2502 1252 2568 1291 se
2598 1237 2740 1291 inibi
2764 1241 3004 1308 prepter
3021 1239 3205 1293 Deum
3225 1239 3481 1293 servituti
3496 1240 3677 1295 nobilis
3699 1257 3785 1294 ma-

2219 1327 2310 1379 ter
2326 1323 2460 1395 ejus
2478 1325 2715 1394 addixit,
2751 1329 2808 1380 et
2827 1327 3138 1380 concessis
3153 1327 3272 1381 Deo
3292 1328 3514 1396 praediis
3529 1344 3641 1399 quae
3655 1329 3788 1384 habe-

2215 1411 2333 1482 bat,
2356 1414 2585 1468 ancillae
2609 1415 2968 1485 fungebatur
2995 1415 3225 1483 ofﬁcio;
3253 1432 3543 1470 servorum
3571 1417 3655 1470 Dei
3681 1434 3788 1486 pan-

2215 1517 2324 1556 nos
2337 1502 2584 1558 abluens
2597 1507 2653 1558 et
2673 1503 2957 1574 quidquid
2973 1503 3054 1576 inj
3066 1506 3392 1576 uugebatur
3405 1507 3624 1560 extremi
3639 1507 3790 1576 operis

2214 1591 2660 1646 accuratissime
2691 1607 2899 1663 agens.

2287 1679 2452 1748 Dein,
2486 1683 2620 1748 post
2641 1679 3001 1750 aliquantum
3019 1682 3321 1750 temporis,
3355 1698 3456 1752 per
3475 1683 3646 1736 visum
3669 1698 3789 1736 com-

2215 1768 2471 1823 monitus
2505 1773 2594 1823 est
2628 1772 2707 1838 ut,
2737 1770 2984 1822 dimissa
3024 1769 3339 1826 solitudine
3368 1773 3670 1841 campestri,
3697 1787 3792 1841 qua:

2214 1858 2565 1927 competenti
2596 1858 3022 1927 opportunitate
3069 1861 3306 1914 omnino
3341 1861 3577 1928 carebat,
3606 1875 3714 1914 eum
3743 1859 3794 1912 ad

2213 1944 2408 2000 locum
2439 1946 2534 1999 sui
2556 1944 2715 2016 juris
2747 1947 3113 2001 mansionem
3154 1947 3512 2014 transferret,
3542 1948 3678 2016 quia
3702 1948 3793 2000 rivo

2212 2033 2331 2088 illic
2376 2034 2634 2088 mananti
2682 2035 2910 2089 Beccus
2955 2035 3300 2105 appellatur,
3343 2037 3411 2089 ad
3459 2035 3739 2088 milliarium
3773 2050 3795 2087 a

2214 2126 2412 2176 castro
2436 2123 2592 2194 quod
2608 2126 2853 2177 vocatur
2872 2124 3350 2179 Brionnium.Est
3366 2125 3456 2178 hic
3478 2123 3628 2179 locus
3642 2125 3691 2177 in
3704 2125 3796 2192 ipso

2214 2213 2366 2265 saltu
2393 2212 2767 2280 Brionnensi,
2800 2212 2951 2266 valle
2971 2213 3087 2266 ima
3104 2214 3404 2268 montibus
3434 2213 3683 2267 saltuosis
3699 2213 3796 2264 hinc

2215 2299 2350 2354 inde
2399 2301 2700 2369 conclusa,
2757 2301 2913 2355 omni
2961 2303 3390 2371 opportunitate
3445 2302 3670 2355 humano
3702 2300 3800 2354 usui

2215 2389 2582 2443 commodus.
2597 2390 2848 2458 Propter
2858 2391 3203 2445 densitatem
3225 2406 3294 2444 ac
3307 2390 3796 2454 rivirecreationem,

2215 2477 2470 2532 ferarum
2502 2477 2620 2531 illic
2653 2478 2871 2532 multus
2909 2482 3034 2533 erat
3074 2495 3388 2533 accursus.
3426 2479 3610 2533 Trium
3635 2480 3801 2532 tantum

2213 2565 2681 2620 molendinorum
2711 2569 2834 2621 tres
2856 2567 3067 2621 domus
3093 2567 3214 2621 illic
3239 2571 3424 2637 erant,
3455 2570 3508 2622 et
3534 2567 3699 2621 solum
3726 2565 3801 2616 ba-

2210 2654 2449 2708 bitabile
2479 2655 2906 2724 permodicum.

2281 2743 2639 2798 Consecrata
2670 2744 2875 2813 paucis
2908 2747 3172 2800 extructa
3212 2745 3386 2799 annis
3425 2760 3534 2800 non
3564 2758 3712 2814 parva
3738 2757 3804 2795 ec-

2211 2831 2418 2900 clesia,
2445 2833 2738 2886 columnis
2758 2848 2829 2886 ex
2860 2832 3075 2904 ligneis
3098 2834 3424 2888 claustrum
3445 2830 3748 2892 construxit,
3766 2830 3806 2881 in

2209 2935 2326 2990 quo
2345 2920 2417 2973 ad
2443 2936 2664 2974 morem
2679 2922 2884 2990 patriae
2908 2921 3262 2992 fratresjam
3287 2939 3570 2994 nusquam
3586 2934 3806 2991 progreso

2209 3025 2388 3064 suros
2416 3009 2730 3064 considere
2752 3011 3022 3065 instituit.
3055 3011 3254 3066 Variis
3278 3028 3423 3084 ergo
3455 3009 3805 3071 simultatibus,

2209 3112 2342 3167 quae
2384 3113 2544 3167 saepe
2575 3099 2874 3153 introrsus
2899 3099 3261 3170 oriebantur,
3298 3101 3472 3170 coepit
3501 3101 3677 3154 dolere
3701 3094 3808 3149 mul-

2208 3188 2331 3239 tum
2362 3189 2419 3240 et
2466 3187 2713 3241 anxiari.
2755 3188 2845 3241 Ad
2891 3203 2959 3241 ea
3003 3190 3158 3242 enim
3203 3189 3615 3260 componenda,
3643 3184 3725 3256 qui
3768 3183 3809 3235 in

2208 3275 2468 3329 claustro
2498 3274 2868 3344 praesideret,
2911 3275 3149 3332 minime
3179 3281 3326 3345 erat,
3353 3280 3670 3346 sumptuum
3701 3286 3808 3325 con-

2208 3362 2603 3434 gerendorum
2625 3364 2959 3418 necessitas
2992 3364 3156 3418 illum
3186 3365 3487 3420 immorari
3515 3368 3661 3418 extra
3687 3374 3810 3414 com-

2205 3451 2480 3520 pellebat.
2513 3451 2636 3504 Hac
2667 3453 2737 3506 de
2760 3467 2842 3518 re,
2879 3467 3010 3506 cum
3033 3452 3157 3523 jam
3192 3454 3380 3508 Deum
3412 3453 3684 3508 multoties
3709 3462 3812 3502 exo-

2205 3539 2624 3605 rasset,divina
2638 3539 3067 3595 sibimiseratio
3088 3539 3811 3600 accommodavitauxilium,

2208 3627 2518 3681 sufﬁciens
2558 3628 2630 3682 ad
2678 3628 2960 3682 universa
3004 3645 3137 3699 quae
3179 3631 3414 3702 agenda
3458 3628 3815 3697 forent(eranti

2207 3715 2580 3787 suffragium.

2275 3805 2455 3859 Ortus
2495 3805 2655 3859 Italia
2687 3806 2927 3876 quidam
2958 3807 3048 3860 vir
3077 3809 3219 3875 erat,
3253 3822 3433 3878 quem
3470 3804 3745 3868 Latinitas,
3771 3800 3813 3852 in

2203 3894 2506 3965 antiquum
2537 3895 2611 3948 ab
2653 3909 2722 3949 eo
2766 3897 3032 3949 restituta
3072 3895 3341 3950 scientiae
3378 3899 3609 3964 statum,
3629 3897 3816 3946 totosu-

2203 3999 2471 4052 premum
2503 3983 2696 4037 debito
2730 3999 2862 4037 cum
2891 3999 3092 4038 amore
3122 3988 3177 4038 et
3195 3984 3427 4040 honore
3448 3982 3716 4055 agnoscit,
3743 3992 3816 4030 no-

2204 4071 2360 4126 mine
2375 4072 2914 4141 Lanfrancus.lpsa
2946 4088 3180 4143 quoque
3202 4073 3261 4126 in
3288 4072 3630 4127 liberalibus
3647 4066 3817 4122 studiis

2203 4161 2463 4231 gentium
2508 4161 2790 4231 magistra
2822 4160 3051 4216 Graecia
3077 4161 3408 4231 discipulos
3432 4160 3585 4214 illius
3612 4157 3816 4211 libenter

2200 4248 2474 4303 audiebat
2504 4253 2560 4303 et
2585 4249 3004 4303 admirabatur.
3029 4249 3086 4304 Is
3117 4250 3304 4318 patria
3323 4263 3630 4321 egressus,
3655 4257 3820 4315 quam-

2199 4337 2404 4407 plures
2442 4337 2890 4393 multinominis
2937 4337 3248 4392 scholares
3281 4353 3493 4392 secum
3531 4335 3751 4399 habens,
3777 4330 3819 4380 in

2199 4427 2682 4480 Northmanniam
2715 4426 2969 4480 devenit.
3014 4427 3268 4480 Beccum
3309 4427 3508 4496 itaque
3552 4423 3693 4489 adiit,
3732 4431 3820 4487 quo

2198 4516 2422 4569 nullum
2445 4531 2694 4586 usquam
2713 4515 3030 4585 pauperius
3054 4514 3463 4568 aestimabatur
3475 4512 3563 4566 vel
3575 4507 3817 4580 abjectius

489 4594 730 4651 Sacrata
747 4614 891 4653 vero
908 4604 1786 4671 quamconstruxitecclesiaab
1801 4607 2083 4676 episcOpo
2115 4584 2176 4654 Ι)
2198 4603 2554 4658 coenobium.
2588 4603 2762 4659 Forte
2811 4609 2949 4659 tunc
2979 4603 3167 4658 abbas
3218 4601 3599 4658 exstruendaa
3634 4592 3818 4653 fornaci

416 4681 782 4742 Luxoviensi
801 4688 1346 4760 Herberto,comam
1360 4694 1627 4763 totundit,
1649 4710 1716 4748 ac
1733 4696 2083 4750 saecularem

415 4770 676 4828 habitum
707 4776 1010 4846 deponens
1040 4780 1113 4834 ab
1145 4781 1351 4836 eodem
1381 4783 1656 4852 pontiﬁce
1688 4799 1879 4839 sacrae
1924 4785 2083 4840 habi-

411 4863 534 4916 tum
576 4863 883 4936 religionis
917 4869 1163 4939 accepit,
1197 4871 1368 4924 miles
1413 4869 1630 4926 Christi
1663 4888 1773 4942 per
1799 4877 1881 4928 tot
1917 4875 2080 4945 peri-

415 4950 544 5008 cula
584 4953 753 5010 fortis
784 4961 918 5012 ante
945 4961 1244 5028 expertus.
1276 4959 1558 5031 Ejusdem
1582 4962 1810 5016 ordinis
1846 4978 1978 5016 cum
2009 4979 2078 5019 eo

408 5040 622 5112 juhum
670 5045 982 5100 subierunt
1029 5047 1144 5102 duo
1177 5048 1290 5102 sui.
1345 5048 1725 5104 Postmodum
1761 5068 1793 5104 a
1831 5051 2078 5120 praefato

412 5133 670 5200 praesule
694 5136 976 5190 sacerdos
1013 5141 1418 5207 consecratus,
1439 5138 1708 5208 pluribus
1737 5139 1970 5193 ducatui
2005 5141 2076 5192 il-

411 5216 530 5272 lius
543 5216 665 5286 jam
677 5221 892 5275 additis
909 5222 1194 5278 fratribus
1212 5225 1396 5280 abbas
1412 5226 1916 5295 praeﬁciturQuos
1931 5243 2075 5298 ergo

413 5305 714 5376 regendos
756 5313 1082 5380 acceperat,
1123 5313 1444 5381 actissime,
1497 5315 1604 5368 sed
1640 5330 1804 5369 more
1845 5317 2077 5384 patrum

412 5394 893 5466 prmeedentium,
915 5401 1178 5470 regebat.
1203 5401 1471 5472 Videres,
1495 5409 1731 5473 peracto
1748 5403 1805 5456 in
1824 5403 2079 5457 ecclesia

415 5482 631 5552 ofﬁcio,
657 5483 928 5539 abbatem
952 5487 1102 5542 collo
1134 5494 1480 5559 sementem,
1514 5507 1688 5545 manu
1705 5495 1964 5545 rastrum
1986 5492 2078 5545 vel

412 5573 712 5631 sarculum
743 5578 1073 5646 gestantem
1113 5577 1185 5630 ad
1217 5580 1638 5650 agriculturam
1678 5580 1910 5650 praeire,
1946 5595 2077 5634 mo-

411 5661 635 5726 nachos
668 5679 874 5720 omnes
905 5664 1064 5722 ruris
1097 5667 1258 5741 Operi
1290 5667 1402 5721 sub
1433 5668 1545 5724 diei
1579 5669 1894 5724 terminum
1923 5669 2074 5723 insi-

2199 4695 2542 4762 occupatus,
2577 4692 2704 4760 ipse
2753 4692 3109 4761 cperabatur
3163 4691 3440 4746 manibus
3489 4689 3631 4743 suis.
3670 4683 3818 4752 Cujus

2199 4781 2582 4836 humilitatem
2637 4779 2836 4848 animi,
2905 4780 3319 4850 sermonisque
3371 4778 3699 4850 dignitatem
3746 4771 3820 4824 ille

2198 4869 2513 4941 plurimum
2542 4871 2861 4924 veneratus
2891 4872 2945 4922 et
2977 4883 3202 4936 amans,
3239 4867 3571 4922 monachus
3608 4863 3681 4917 ibi
3715 4857 3818 4914 efﬂ-

2199 4959 2369 5014 citur.

2269 5047 2368 5101 Sic
2397 5061 2505 5116 per
2539 5050 2666 5100 tres
2699 5060 2888 5100 annos
2929 5046 3074 5099 vixit
3122 5045 3428 5100 solitarius
3477 5035 3816 5111 infrequentia

2201 5136 2522 5203 hominum,
2548 5135 2816 5207 gaudens
2849 5150 2963 5204 quo
2977 5135 3055 5188 ibi
3072 5134 3476 5203 nesciebatur,
3493 5135 3694 5204 praeter
3707 5140 3816 5197 pau-

2201 5227 2476 5281 cissimos
2491 5225 2706 5295 quibus
2719 5224 3031 5295 aliquando
3046 5223 3401 5295 loquebatur
3414 5221 3676 5278 omnibus
3691 5217 3821 5285 igno-

2198 5319 2315 5368 tus.
2353 5315 2594 5380 Rumor,
2643 5317 2704 5366 ut
2737 5314 2849 5367 hoc
2893 5313 3106 5367 factum
3138 5312 3374 5382 prodiit,
3410 5313 3580 5381 longe
3625 5308 3817 5372 lateque

2197 5401 2454 5472 protulit,
2489 5406 2544 5456 et
2574 5401 2726 5456 fama
2740 5403 2848 5454 viri
2861 5401 3322 5471 praeclarissima
3343 5401 3593 5454 Beccum
3615 5400 3663 5450 et
3677 5391 3800 5445 abba

2197 5496 2312 5545 tem
2346 5491 2692 5544 Herluinum
2718 5490 2885 5544 brevi
2923 5506 3029 5558 per
3057 5490 3259 5544 orbem
3291 5492 3583 5542 terrarum
3622 5477 3810 5539 extulit,

2191 5580 2520 5634 Occurrunt
2549 5580 2768 5649 clerici,
2798 5579 3014 5632 ducum
3047 5578 3168 5647 ﬁlii,
3193 5573 3640 5632 nominatissimi
3671 5568 3813 5624 scho-

2193 5668 2380 5722 larum
2411 5667 2741 5723 Latinitatis
2778 5667 3068 5740 magistri,
3093 5667 3226 5722 laici
3263 5669 3556 5737 potentes,
3589 5660 3691 5715 alta
3729 5667 3810 5709 no-
