3940 6174
147 296 233 359 841
484 282 901 349 HISTORle
933 278 1732 346 NORTHMANNORUM
1767 277 1994 342 LIBRI
2027 275 2274 343 ocro.
2310 312 2382 327 η-
2446 277 2692 341 LIBER
2721 279 3073 343 SEXTUS.
3378 282 3501 349 842

146 503 319 561 bilitate
345 498 455 553 viri.
487 496 642 551 Multi
673 512 779 566 pro
824 496 1014 566 ipsius
1059 512 1256 552 amore
1287 497 1503 552 multas
1535 482 1807 551 eidem!
1834 495 2041 565 lapsus
2073 495 2262 549 fuerat
2290 493 2762 562 dissolutionem,
2796 493 2869 546 ad
2899 492 3380 561 probatissimam
3410 508 3503 549 re-

144 591 360 649 ecclesia)
385 590 556 641 terras
588 587 908 641 contulere.
960 587 1187 645 Ditatur
1214 586 1373 640 illico
1404 586 1729 641 Beccensis
1834 584 2122 639 formatur
2164 583 2534 652 disciplinam
2581 582 3094 636 monasteriorum.
3127 581 3337 636 Clerici
3386 583 3499 637 sub

143 684 271 737 locus
291 676 631 744 ornamentis,
655 676 1172 745 possessionibus,
1192 676 1471 746 personis
1494 674 1732 729 mobili-
1834 673 2159 727 canonicali
2191 675 2542 727 coercentur
2564 672 2791 741 regula;
2818 670 3090 740 populus,
3118 672 3334 725 rituum
3358 671 3502 726 bar-

139 774 225 826 bus
235 764 806 823 ethonestis.lnterius
820 764 1028 836 religio
1042 769 1214 835 atque
1228 765 1476 819 eruditio
1490 764 1735 817 multum
1832 763 2109 817 berorum
2132 761 2441 815 interdicta
2460 760 2733 827 vanitate,
2758 759 2832 812 ad
2854 760 3011 812 recta
3031 759 3309 813 credendi
3325 763 3503 831 atque

140 871 419 914 accrescere
446 853 700 909 exterius
731 868 931 907 rerum
955 854 1214 908 omnium
1249 854 1727 907 necessariarum
1833 851 2072 923 vivendi
2120 849 2368 904 formam
2427 849 2710 903 eruditur.
2753 847 3279 902 Nobilissimorum
3328 852 3504 919 atque

138 944 530 1002 subministratio
586 942 761 1013 coepit
811 942 882 996 ad
936 943 1173 1013 plenum
1230 943 1558 997 abundare.
1617 940 1726 1005 Qui
1839 939 2207 1010 optimorum,
2229 942 2345 992 tam
2365 938 2713 992 clericorum
2732 953 2906 1008 quam
2929 937 3234 1005 laicorum,
3261 936 3505 991 exmul-

138 1051 247 1107 ergo
295 1034 344 1087 in
395 1031 572 1101 ipsius
630 1031 973 1086 monasterii
1028 1031 1398 1085 inchoatione
1457 1030 1732 1084 domibus
1806 1070 1813 1077 .
1840 1029 1916 1083 tis
1946 1028 2214 1099 partibus
2246 1028 2410 1083 orbis
2443 1027 2561 1081 illic
2582 1027 2871 1081 adunatus
2894 1041 3177 1081 numerus
3200 1025 3273 1079 ad
3302 1026 3505 1080 cente-

134 1122 429 1178 necessariis
445 1120 631 1175 solum
649 1120 958 1175 sufﬁciens
976 1136 1092 1174 non
1109 1120 1330 1183 habuit,
1349 1118 1403 1190 ej
1413 1135 1483 1174 us
1501 1134 1727 1189 paucos
1839 1118 2063 1173 nariam
2093 1117 2555 1187 protendebatur
2585 1116 2793 1186 (pertin
2802 1116 2999 1187 gebat)
3032 1130 3341 1168 summam.

139 1213 251 1266 inira
278 1225 444 1264 annos
473 1210 544 1263 ad
573 1209 841 1264 milliaria
872 1210 1243 1280 protenditur
1272 1208 1610 1263 dominium.
1909 1207 2077 1261 Nova
2108 1206 2357 1261 necdum
2391 1207 2621 1259 sacrata
2655 1208 2780 1259 erat
2815 1205 3090 1272 ecclesia,
3124 1203 3402 1274 quoniam
3432 1203 3507 1258 ab

187 1301 292 1354 Non
318 1298 479 1353 multo
526 1301 680 1367 post,
716 1301 958 1369 propter
986 1298 1433 1352 inhabitantium
1467 1296 1728 1352 multitu-
1837 1297 1969 1366 ipso
1993 1295 2166 1366 cujus
2189 1311 2316 1348 eam
2340 1294 2652 1349 consilium
2676 1293 2974 1348 inchoavit
2989 1296 3044 1346 et
3061 1292 3347 1346 auxilium
3361 1307 3507 1346 con-

132 1391 298 1457 dinem,
329 1388 555 1458 contigit
576 1388 636 1441 in
657 1403 725 1442 ea
757 1388 895 1442 illud
917 1404 949 1441 a
974 1388 1220 1442 Domino
1243 1387 1575 1457 perlsaiam
1596 1401 1728 1454 pro-
1838 1384 2172 1451 summavit,
2209 1385 2553 1454 expectabat
2602 1382 2961 1450 consecrari,
3009 1382 3299 1436 instanter
3329 1381 3441 1436 hoc
3473 1396 3509 1434 a

133 1480 344 1549 phetam:
374 1479 671 1548 Angustus
691 1477 839 1530 mihi
856 1482 947 1531 est
970 1476 1154 1545 locus,
1179 1476 1273 1531 fac
1303 1477 1558 1547 spatium
1582 1474 1732 1527 mihi
1838 1475 1960 1528 Deo
1993 1488 2348 1542 exposcens.
2373 1471 2561 1543 Cujus
2591 1471 2874 1541 petitioni,
2910 1470 3005 1540 qui
3039 1470 3109 1524 ad
3143 1473 3356 1524 caetera
3390 1468 3507 1524 sibi

129 1572 175 1621 ιιι
198 1566 502 1620 inhabitem.
538 1566 870 1620 Adunatum
900 1567 1117 1620 etenim
1148 1566 1267 1619 illic
1298 1566 1549 1619 fratrum
1580 1564 1732 1617 mul-
1835 1562 2133 1633 benignus
2152 1561 2900 1629 exstiteratoptatumDeus
2916 1559 3217 1613 concessit
3234 1556 3509 1613 effectum

129 1655 376 1709 Iitudinem
396 1656 525 1725 quia
539 1655 848 1709 domorum
868 1656 1222 1724 spaciositas
1236 1654 1360 1725 jam
1379 1669 1594 1724 capere
1618 1668 1734 1706 non
1837 1652 2165 1721 adimplens
2196 1666 2303 1719 per
2333 1636 2524 1703 omnia
2557 1665 2739 1719 super
2770 1648 2878 1702 hac
2907 1663 2970 1702 re
3016 1647 3176 1701 illius
3208 1646 3506 1702 affectum.

127 1743 310 1798 valebat
338 1748 387 1797 et
426 1743 559 1813 quia
611 1743 764 1798 situs
812 1744 926 1798 loci
960 1744 1298 1815 degentium
1350 1740 1734 1797 incolumitati
1838 1741 2018 1794 Multo
2051 1739 2207 1793 enim
2239 1738 2506 1807 ampliori
2536 1753 2710 1808 quam
2733 1752 3098 1807 praesumere
3129 1738 3378 1806 poterat,
3410 1736 3510 1791 ho-

128 1832 398 1885 contrarius
420 1833 729 1901 existebat,
755 1833 1115 1887 venerabilis
1149 1833 1522 1886 Lanfrancus
1553 1831 1735 1885 abba-
1768 1828 2204 1922 Bnoriﬁcentia
2236 1829 2580 1881 consecrata
2610 1829 2702 1880 est
2731 1841 2763 1878 a
2793 1841 2909 1896 quo
2940 1825 3273 1895 exeptabat.

127 1925 212 1975 tem
230 1921 549 1975 Herluinum
568 1922 641 1976 de
666 1920 909 1991 majoris
928 1922 1346 1976 monasteriiet
1363 1921 1735 1974 ofﬁcinarum
1768 1914 1815 1922 —
1910 1917 2096 1989 Igitur
2126 1935 2163 1969 x
2192 1917 2308 1970 kal.
2357 1915 2734 1983 Novembris,
2787 1930 2940 1967 anno
2985 1914 3055 1967 ad
3106 1914 3508 1970 incarnatione

126 2009 450 2063 aediﬁcatione
481 2009 838 2078 compellare
871 2010 1065 2077 coepit.
1099 2008 1269 2062 Tanti
1300 2009 1500 2078 operis
1546 2009 1734 2062 solam
1838 2007 2071 2061 Domini
2107 2003 2262 2075 1077,
2314 2009 2536 2059 sanctae
2569 2004 2762 2059 omnis
2803 2002 3091 2057 Ecclesiae
3138 2002 3509 2057 reverendus

124 2098 577 2152 commonitionem
599 2097 697 2151 ille
719 2098 1002 2164 extimuit,
1039 2098 1229 2152 aetatis
1254 2096 1379 2167 jam
1405 2096 1737 2151 deﬁcientis
1836 2097 2103 2169 gentium
2119 2093 2646 2148 transmarinarum
2666 2107 2937 2145 summus
2954 2091 3217 2161 pontifex
3234 2090 3514 2145 Lant'ran-

125 2186 305 2240 viribus
322 2185 631 2255 plurimum
650 2186 946 2240 difﬁdens.
973 2185 1221 2240 Nolente
1244 2186 1343 2239 illo
1365 2185 1736 2256 aliquatenus
1839 2201 1947 2240 cus
1996 2184 2250 2250 advenit,
2301 2180 2707 2236 consecrando
2751 2183 3270 2235 consummaturus
3315 2181 3513 2235 eccle-

121 2275 465 2345 acquiescere,
498 2275 701 2329 divino
731 2279 875 2329 nutu
914 2275 1261 2329 monasterii
1290 2274 1729 2344 presbyterium
1838 2275 2009 2343 siam,
2041 2288 2216 2343 quam
2246 2271 2575 2340 inspirante
2624 2270 2745 2324 Deo
2779 2269 3095 2338 inchoavit,
3138 2272 3195 2322 et
3226 2269 3286 2321 in
3335 2267 3513 2339 cuius

123 2365 314 2417 corruit.
347 2364 608 2418 Tandem
638 2363 852 2431 victus,
900 2379 1066 2433 spem
1097 2364 1156 2416 in
1189 2363 1307 2441 Deo
1340 2363 1736 2417 certissimam
1837 2358 2891 2426 exstruendisfundamentislapidem
2907 2356 3379 2437 secundumipse
3396 2371 3517 2411 ma-

122 2467 290 2521 gerens
309 2455 360 2506 et
379 2452 694 2522 plurimum
718 2453 775 2506 in
802 2451 1128 2507 consiliarii
1150 2453 1246 2505 sui
1267 2467 1376 2522 ope
1399 2451 1728 2520 conﬁdens,
1836 2468 1914 2506 nu
1928 2466 2036 2505 sua
2050 2446 3048 2519 imposuit.Conveneruntuniversi
3063 2445 3510 2500 Northmanniaa

120 2540 254 2611 cujus
282 2557 444 2610 opera
466 2542 586 2596 sibi
610 2543 765 2595 bona
794 2542 990 2595 omnia
1015 2541 1460 2611 proveniebant,
1489 2540 1551 2593 in
1576 2540 1732 2594 salu-
1841 2538 2127 2610 episcopi,
2148 2537 2393 2591 abbates
2418 2538 2475 2591 et
2496 2535 2593 2589 alii
2614 2535 2833 2606 quique
2853 2534 3124 2606 religiosi
3146 2533 3278 2588 viri.
3304 2532 3511 2589 Affue-

118 2627 256 2683 hriori
300 2632 534 2684 multum
587 2631 706 2684 situ
745 2647 897 2685 nova
946 2630 1273 2693 inchoavit;
1308 2629 1734 2685 monasterium
1842 2632 1977 2684 runt
2005 2642 2284 2697 proceres
2315 2624 2506 2697 regni.
2535 2626 2665 2679 Rex
2687 2624 2819 2678 aliis
2842 2624 3100 2678 intentus
3120 2624 3381 2695 negotiis
3404 2623 3514 2677 ad-

118 2717 594 2789 etofﬁcinas,opus
613 2716 1447 2791 pergrande,dignum,cujus
1465 2716 1732 2788 dignitati
1845 2733 1982 2773 esse
2009 2733 2125 2771 non
2156 2715 2359 2786 potuit.
2393 2713 2623 2785 Regina
2655 2712 2951 2767 Mathildis
2982 2712 3178 2766 libens
3218 2710 3510 2782 affuisset,

116 2805 316 2861 ditiores
360 2808 557 2862 multae
591 2823 709 2861 non
754 2808 1041 2862 accedunt
1071 2807 1344 2861 abbatiae.
1378 2806 1467 2859 Ad
1497 2806 1735 2859 inilian-
1841 2807 1959 2862 nisi
1990 2805 2177 2877 regiis
2196 2805 2424 2859 detenta
2449 2802 2937 2872 occupationibus
2962 2801 3196 2855 fuisset.
3217 2798 3397 2854 Atfuit
3420 2802 3514 2855 ta-

113 2894 360 2966 dumopus
384 2897 491 2951 hoc
512 2901 761 2963 tantum,
779 2911 894 2950 non
917 2911 1016 2950 res
1043 2911 1194 2964 suae,
1219 2911 1352 2966 quae
1374 2895 1733 2965 permodicae
1840 2912 1976 2951 men
1991 2910 2097 2965 per
2114 2894 2533 2948 condecentem
2550 2891 2959 2945 beneﬁcentiae
2973 2889 3511 2962 suaelargitionem.

115 2987 261 3052 erant,
289 2986 387 3039 sed
418 2986 675 3040 maxima
707 2986 767 3039 in
791 2986 978 3039 Deum
1009 2984 1160 3039 ﬁdes
1182 2984 1438 3037 animum
1461 2984 1732 3037 ﬁrmavit.
1840 2984 2042 3039 Noluit
2071 2999 2177 3038 rex
2209 2996 2510 3053 supernus
2530 2981 2691 3049 operi
2716 2980 2924 3051 gratiae
2946 2995 3074 3033 suae
3095 2993 3302 3051 regem
3321 2981 3514 3033 terre-

113 3070 220 3134 Quae
235 3074 497 3128 universa
512 3073 876 3128 conferendo
890 3073 978 3126 sic
993 3072 1400 3141 accumulavit,
1418 3071 1575 3142 quod
1588 3087 1620 3124 a
1638 3071 1733 3125 die
1838 3089 1976 3128 num
1997 3087 2335 3142 supremam
2352 3085 2589 3123 manum
2610 3070 2937 3138 imponere,
2961 3068 3078 3122 sibi
3100 3068 3287 3122 totum
3306 3080 3513 3120 reser-

113 3174 199 3228 qua
222 3162 392 3230 primo
437 3163 823 3217 fundamenta
869 3161 1058 3231 posita
1093 3164 1250 3231 sunt,
1301 3176 1493 3231 usque
1523 3159 1596 3214 ad
1626 3174 1733 3214 ex-
1777 3178 1989 3231 Avens
2039 3159 2429 3215 consummati
2478 3157 2778 3229 gaudium,
2828 3156 2984 3227 quod
3032 3155 3187 3209 infra
3248 3155 3513 3209 sedecim

120 3208 199 3228 1"“
224 3208 389 3230 r""""
437 3208 823 3217 '“"‘“"“"-"'
870 3208 1058 3231 I’"""‘
1093 3208 1250 3231 """1
1306 3208 1489 3231 ""l"'
1524 3208 1596 3214 ""
1632 3208 1701 3214 "‘
1854 3208 1988 3216 “““""
2043 3208 2429 3215 """‘“""""
2478 3208 2778 3229 O""""‘"'l
2843 3208 2887 3227 1’
2926 3208 2967 3210 "
3058 3208 3133 3209 ""
3160 3208 3185 3209 η
3296 3208 3303 3209 ί
3332 3208 3337 3209 ⁷
3371 3208 3381 3209 ί

112 3249 242 3303 tremi
269 3250 471 3321 lapidis
505 3250 946 3321 impositionem
973 3264 1081 3303 nec
1112 3250 1354 3304 materia
1387 3248 1591 3318 defuit,
1624 3262 1734 3302 nec
1775 3208 2028 3306 cannos
2051 3250 2199 3304 solis
2221 3263 2544 3319 pauperum
2567 3246 2849 3316 expensis
2873 3244 3187 3315 complevit
3207 3247 3512 3299 monaste-

114 3343 356 3408 sumptus.
1839 3342 1992 3395 rium
2023 3355 2155 3394 cum
2186 3337 2460 3392 omnibus
2484 3336 2761 3404 ofﬁcinis,
2788 3350 2937 3404 opus
2959 3333 3273 3404 pulchrum
3303 3337 3360 3388 et
3390 3349 3513 3389 ma-

164 3425 280 3481 Post
319 3430 531 3484 trienni
586 3444 730 3484 vero
788 3429 1242 3499 completionem
1298 3426 1425 3481 sola
1481 3426 1734 3481 necdum
1839 3430 2082 3484 ximum.
2117 3426 2426 3482 Aﬁ'uerunt
2456 3428 2513 3480 et
2534 3425 2699 3495 regni
2725 3423 2992 3477 Franciae
3020 3421 3342 3478 clarissimi
3363 3438 3512 3478 con-

111 3515 1587 3586 completabasilica,venerabilisLanfraneuscmpti
1604 3531 1735 3585 ope-
1841 3519 2007 3574 sules
2035 3520 2092 3572 et
2140 3533 2214 3571 ex
2244 3515 2377 3570 aliis
2423 3514 2596 3587 regni
2638 3513 2909 3584 ejusdem
2952 3512 3301 3581 primatibus
3346 3527 3512 3568 com-

110 3603 172 3655 ris
188 3605 484 3677 institutor,
519 3611 643 3662 tam
667 3606 917 3675 Domini,
943 3622 1116 3676 quam
1140 3605 1586 3660 Northmanniae
1616 3603 1735 3673 pri-
1840 3608 2064 3679 plures,
2100 3605 2318 3674 clerici,
2344 3602 2638 3674 monachi,
2662 3617 2739 3657 ex
2766 3601 3064 3656 universis
3095 3600 3510 3672 adjacentibus

108 3694 282 3745 matum
309 3695 740 3764 supplicatione
772 3697 1039 3762 coactus,
1071 3692 1342 3747 ecclesiae
1381 3691 1734 3746 Cadomensi
1844 3696 2190 3768 provinciis.

108 3779 256 3833 abbas
279 3784 619 3851 praeﬁcitur.
653 3783 881 3836 Interea
912 3783 1410 3837 Nortmannorum
1441 3782 1561 3835 dux
1590 3781 1737 3834 Wil-
1916 3786 2246 3856 Aliquando
2260 3780 2697 3851 verotemporis
2710 3782 2843 3850 post
2860 3779 3286 3835 dedicationem
3303 3781 3512 3837 exacto

108 3866 278 3925 lelmus
291 3872 730 3927 hereditarium
745 3871 863 3925 sibi
881 3871 1112 3942 Angliaa
1130 3886 1381 3942 regnum
1400 3870 1733 3940 pervadens
1845 3876 2219 3931 venerandus
2242 3873 2414 3927 Pater
2434 3871 2756 3925 Herluinus
2775 3869 2933 3924 omni
2952 3871 3352 3924 membrorum
3375 3869 3511 3925 offi-

106 3954 366 4026 imperium
397 3962 630 4016 rebelle
662 3962 841 4015 armis
864 3960 936 4014 ad
958 3976 1091 4030 quae
1122 3958 1467 4030 voluitjura
1498 3974 1733 4026 compo-
1846 3964 1936 4019 cio
1960 3964 2197 4019 destitui
2219 3962 2452 4032 penitus
2486 3961 2681 4028 coepit,
2711 3961 2766 4012 et
2795 3960 2973 4028 longe
3003 3961 3135 4013 ante
3166 3958 3283 4012 diei
3312 3959 3509 4028 ipsius

105 4045 211 4100 suit.
241 4048 377 4103 Dein
404 4052 477 4105 ad
512 4050 921 4107 meliorandos.
948 4049 1337 4104 ecclesiarum
1383 4050 1573 4102 status
1605 4047 1732 4099 ani-
1846 4068 2097 4107 annuam
2116 4050 2539 4106 revolutionem
2559 4047 2714 4118 quod
2733 4050 3054 4116 optaverat,
3073 4047 3339 4102 obtinuit.
3361 4048 3512 4103 Nam

104 4146 228 4187 mum
255 4138 511 4193 intendit.
547 4138 755 4192 Totius
800 4138 984 4208 igitur
1025 4137 1471 4191 christianitatis
1517 4135 1734 4191 summi
1845 4142 2110 4215 proximo
2130 4135 3240 4207 subsecutomenseAugusto,xmKal,
3264 4139 3511 4206 septem.

102 4224 352 4288 pontificis
372 4227 718 4295 Alexandri,
742 4226 853 4280 viri
870 4227 989 4280 vita
1016 4229 1072 4280 et
1096 4226 1343 4279 scientia
1366 4225 1736 4279 excellentis-
1842 4233 1993 4303 bris,
2027 4230 2119 4284 die
2147 4227 2466 4296 Dominica,
2495 4240 2570 4279 ex
2589 4226 2708 4278 toto
2730 4224 2883 4278 lecto
2911 4223 3208 4278 decubuit,
3243 4225 3509 4295 Vesper-

102 4310 224 4379 δίωίν
255 4317 524 4371 ῢοηειιιῑὶι
555 4320 609 4370 et
642 4320 875 4388 rogatu,
925 4315 1184 4369 omnium
1217 4330 1452 4385 quoque
1497 4313 1735 4385 Anglici
1840 4322 1961 4376 tina
1991 4337 2023 4374 a
2055 4316 2337 4373 fratribus
2368 4315 2602 4385 peracta
2648 4311 2860 4380 sinaxi,
2896 4327 3030 4364 cum
3069 4311 3185 4365 diei
3213 4327 3283 4366 ac
3312 4312 3507 4369 diurni

103 4402 237 4471 regni
267 4407 319 4457 et
347 4404 699 4460 Nortmanni
725 4404 954 4473 imperii
980 4408 1316 4475 magnatum
1340 4402 1733 4457 libentissimo
1842 4409 2168 4477 ofﬁciiﬁne,
2184 4407 2319 4459 vitae
2335 4405 2605 4458 humanae
2619 4401 2873 4456 stadium
2888 4400 3047 4454 felici
3060 4402 3507 4475 cursuperegit,

104 4502 318 4546 assensu
349 4510 458 4547 rex
474 4494 823 4548 Willelmus
845 4494 1001 4564 quod
1027 4493 1402 4564 potissimum
1424 4492 1735 4561 solumque
1805 4563 1817 4568 Δ
1842 4502 2012 4553 nocte
2026 4497 2147 4568 jam
2170 4494 2457 4567 proxima,
2479 4508 2611 4563 quae
2632 4490 2692 4544 in
2715 4489 3079 4544 Dominicam
3101 4490 3507 4562 illucescebat,

104 4582 399 4650 acceptahat
428 4582 771 4652 consilium,
823 4563 1125 4637 doctorem
1164 4598 1349 4652 supra
1378 4582 1734 4634 meroratum
1772 4563 1924 4642 Dvu
1956 4563 2083 4641 Ka'l,
2118 4563 2503 4655 Septembris.
2537 4581 2749 4635 Actum
2779 4582 2872 4634 est
2902 4578 2961 4633 in
2992 4579 3244 4649 capitulo
3266 4580 3350 4634 illi
3380 4596 3510 4635 mo-

102 4665 155 4717 ad
181 4667 281 4723 hoc
304 4671 485 4743 elegit
508 4672 832 4743 negotium.
858 4671 1063 4725 Victus
1095 4669 1401 4739 multiplici
1430 4669 1652 4723 ratione
1673 4668 1736 4721 in
1840 4679 2201 4744 numentum,
2233 4674 2521 4728 bonorum
2550 4673 2787 4724 actuum
2818 4671 3107 4724 aaternum
3138 4669 3277 4724 ﬁliis
3322 4670 3511 4726 mgni-

105 4752 335 4826 Angliam
366 4760 722 4813 conducitur
750 4763 806 4813 et
849 4774 981 4830 quae
1012 4758 1340 4813 insularum
1382 4755 1732 4811 transmari-
1839 4768 2120 4820 mentum.
2153 4765 2187 4818 J
2195 4778 2297 4817 ure
2329 4777 2444 4833 quo
2475 4760 2547 4814 de
2574 4758 2985 4828 spiritualibus
3007 4758 3260 4813 locuturi
3292 4759 3511 4816 studiis

101 4855 272 4899 narum
315 4850 634 4917 primatum
680 4848 921 4916 obtinet,
974 4847 1417 4902 Cantuariensis
1462 4846 1733 4901 ecclesiae
1845 4854 2219 4918 conveniunt,
2272 4851 2432 4905 illius
2474 4849 2870 4918 praesentatur
2916 4847 3217 4917 memoria,
3279 4848 3381 4920 qui
3435 4864 3514 4905 ex

105 4935 331 5002 suscepit
358 4936 765 5004 praesulatum.
799 4935 907 5000 Qui
933 4937 1243 4989 multarum
1277 4936 1492 4989 ditatus
1525 4950 1658 5004 amp

1956 4959 2091 5000 inno
2112 4941 2454 5013 religiosus,
2476 4954 2550 4992 ex
2572 4936 2816 4990 multum
2839 4934 3368 5003 saecularipomnino
3391 4938 3512 5008 spi-

100 5019 265 5076 ίυάίηθ
277 5027 590 5094 terrarum:
606 5040 750 5079 δυνο
765 5027 1128 5095 argentoque
1143 5023 1554 5093 locupletatus;
1571 5038 1738 5077 exse'
1844 5034 2096 5098 ritualis,
2120 5030 2233 5085 loci
2258 5028 2416 5083 illius
2439 5030 2611 5097 atque
2634 5023 2863 5079 ordinis
2883 5022 3110 5093 primus
3129 5024 3357 5081 exstitit
3380 5025 3513 5084 fun-

103 5109 245 5162 cutus
273 5113 608 5166 mandatum
630 5114 787 5184 quod
812 5114 873 5167 in
895 5113 1099 5167 Exodo
1122 5112 1429 5166 mandatur
1453 5127 1464 5166 :
1496 5110 1734 5166 Honora
1847 5123 2013 5177 dator
2037 5122 2094 5176 et
2121 5118 2329 5174 abbas,

97 5201 294 5261 patrem
309 5206 465 5254 tuum
482 5207 802 5256 ctmatrem
819 5207 878 5255 ut
891 5202 980 5255 sis
990 5202 1179 5273 longae
1192 5216 1295 5255 vus
1311 5216 1492 5273 super
1510 5206 1734 5255 terram

103 5286 343 5341 omnibus
364 5290 560 5344 modis
582 5292 879 5363 benignus
903 5291 1128 5345 exstitit
1145 5292 1304 5344 circa
1318 5292 1545 5361 patrem
1564 5305 1738 5344 suum

101 5373 432 5439 spiritualem
464 5382 525 5434 et
554 5362 796 5434 matrem
828 5379 1179 5434 Ecclesiam.
1213 5378 1403 5450 Cujus
1434 5379 1493 5432 in
1524 5378 1740 5450 Anglia
1842 5371 1968 5427 Hac
1999 5370 2225 5443 ιθῃίειιν
2247 5369 2443 5438 Petra!
2469 5362 2584 5433 qu",
2619 5362 3215 5450 quaf'cimmPic’s
3237 5365 3420 5438 mdes’

2491 5251 2869 5292 EPITAPHIUH.

103 5465 325 5528 quantus
338 5470 547 5535 postea
560 5468 1111 5537 exstiteritfructus,
1129 5447 1417 5529 latissime
1431 5447 1738 5522 attestatur
1920 5465 2175 5519 Cunctas
2204 5454 2497 5519 ediderat,
2530 5447 2851 5503 monachus
2879 5463 2958 5502 ex
2982 5449 3153 5507 laico.

102 5557 390 5610 renovatus
420 5571 848 5629 usquequaque
880 5557 1269 5613 institutionis
1315 5557 1739 5612 ecclesiasticae
1855 5556 1969 5611 Ter
1995 5553 2125 5624 post
2158 5545 2418 5601 undenos
2449 5556 2516 5594 ac
2548 5544 2675 5593 tres
2706 5543 2765 5592 et
2798 5544 3072 5612 quattuor
3093 5558 3279 5600 annos

104 5641 287 5697 status.
306 5644 664 5702 Coenobialis
689 5647 833 5703 ordo
851 5647 952 5719 qui
970 5648 1208 5703 omnino
1232 5646 1303 5703 ad
1321 5647 1588 5703 laicalem
1603 5661 1738 5718 pro-
1921 5641 2259 5701 Grammata
2292 5630 2615 5701 nescierat,
2642 5634 2893 5702 postque
2915 5632 3155 5703 peritus
3179 5633 3325 5690 obit.

360 5754 616 5813 PATROL.
660 5755 912 5812 CXLIX.
2514 5742 2521 5749 '
3162 5736 3233 5790 27
