3940 6174
462 268 581 329 843

470 467 755 532 Quattuor
783 469 1065 523 undecies
1091 473 1391 543 transegit
1421 474 1769 529 cmnobialis

536 557 767 624 Annos,
798 557 920 612 rite
951 574 1090 613 suos
1121 559 1488 617 dimidiando
1517 564 1667 629 dies,

470 644 611 700 Cum
641 646 943 702 Pluebeus
974 664 1183 703 nonum
1214 650 1324 705 sub
1375 652 1618 723 Virgine
1643 655 1894 725 protulit
1924 663 2135 727 ortum,

543 734 998 807 Commigrando
1028 737 1183 792 diem
1216 739 1428 795 clausit
1460 748 1518 796 et
1548 743 1994 800 hebdomadam.

468 821 798 878 Herluinus
824 830 974 892 erat,
1009 827 1071 880 si
1096 828 1227 898 quis
1256 828 1331 883 de
1360 830 1593 885 nomine
1626 839 1873 904 quwrat,

545 911 655 967 Cui
683 928 810 967 cum
841 914 1071 968 sanctis
1099 916 1199 970 det
1232 918 1514 990 quidquid
1544 921 1633 975 eis
1663 922 1826 978 Deus
1855 929 1967 978 est.

1120 1022 1257 1059 ITEM
1294 1024 1488 1063 ALIUD.

473 1088 645 1144 Hunc
673 1095 953 1161 spectans
993 1094 1267 1148 tumulum
1303 1096 1468 1152 tilulo
1506 1114 1792 1171 cognosce
1831 1104 2142 1175 sepultum.

544 1176 662 1232 Est
698 1179 789 1232 via
822 1180 1067 1236 virtutis
1095 1198 1271 1238 nosse
1303 1185 1434 1256 quis
1462 1188 1591 1257 ipse
1620 1188 1755 1244 fuit.

475 1265 623 1321 Dum
657 1274 866 1339 quater
895 1270 994 1324 hic
1026 1272 1211 1326 denos
1240 1275 1361 1327 aevi
1396 1278 1661 1333 venisset
1692 1280 1768 1334 ad
1797 1296 2001 1352 annos,

547 1354 691 1420 Quae
718 1355 961 1412 fuerant
988 1360 1159 1414 saecli
1188 1364 1422 1433 sprevit
1453 1382 1653 1421 amore
1681 1368 1814 1423 Dei.

467 1444 713 1500 Mutans
743 1462 889 1517 ergo
924 1449 1107 1519 vices,
1142 1451 1216 1505 de
1245 1454 1451 1508 mundi
1472 1456 1664 1512 milite
1688 1458 1864 1513 miles

540 1533 642 1588 Fit
675 1534 911 1590 Christi
941 1538 1159 1609 subito,
1194 1543 1513 1598 monachus
1543 1561 1622 1600 ex
1648 1545 1819 1602 laico.

470 1623 627 1678 Hinc
655 1624 781 1679 sibi
820 1642 985 1681 more
1009 1635 1246 1699 patrum
1287 1632 1524 1687 socians
1567 1634 1815 1707 collegia
1862 1636 2141 1709 fratrum,

546 1713 702 1768 Cura
737 1731 845 1786 qua
875 1715 1093 1787 docuit,
1127 1719 1292 1773 rexit
1321 1736 1441 1792 eos,
1477 1722 1642 1778 aluit.

478 1800 627 1867 Quot
658 1808 1019 1875 quantasque
1056 1807 1244 1875 vides,
1279 1808 1377 1863 hic
1407 1810 1568 1864 solus
1595 1813 1859 1868 condidit
1887 1816 2052 1870 aedes

553 1889 691 1945 Non
724 1897 838 1945 tam
865 1894 1105 1950 divitiis
1135 1913 1300 1967 quam
1332 1897 1476 1953 fidei
1504 1902 1762 1956 meritis.
1839 1967 1848 1975 ,

480 1984 638 2050 Quas
659 1998 812 2054 puer
840 1982 997 2037 haud
1026 1983 1238 2038 didicit
1261 1985 1613 2057 Scripturas
1633 1996 1836 2060 postea
1870 1992 2071 2063 scivit,

548 2072 771 2127 Doctus
805 2076 864 2126 ut
892 2071 1190 2126 indoctum
1230 2075 1334 2128 vix
1361 2084 1718 2148 sequeretur
1745 2095 1893 2134 eum.

475 2161 801 2217 Flentibus
827 2161 983 2215 hunc
1011 2161 1185 2216 nobis
1217 2163 1350 2217 tulit
1380 2165 1761 2223 inclementia
1791 2171 2023 2241 mortis,

549 2250 810 2305 Sextilis
841 2250 1015 2322 quina
1046 2250 1258 2322 bisque
1287 2254 1385 2307 die
1416 2254 1663 2310 decima.

476 2339 769 2396 Herluine
798 2339 1007 2409 Pater,
1041 2340 1130 2394 sic
1162 2342 1365 2395 cce/ica
1384 2344 1642 2419 ’scandis
1672 2353 1943 2417 ovanter,

551 2429 821 2484 Credere
851 2445 1099 2501 namque
1130 2430 1250 2484 tuis
1279 2430 1386 2485 hoc
1416 2431 1557 2487 licet
1590 2448 1669 2488 ex
1695 2436 1951 2490 meritis.

545 2518 825 2573 Decessit
852 2520 1047 2572 autem
1077 2519 1231 2573 idem
1262 2521 1622 2576 venerabilis
1667 2524 1843 2578 Pater
1888 2543 1969 2578 vu
2012 2525 2141 2580 Kal.

475 2607 866 2678 Septembris,
900 2608 1091 2661 aetatis
1118 2625 1245 2663 suae
1268 2625 1419 2664 anno
1446 2610 1534 2679 84,
1569 2613 1956 2668 monachatus
1997 2631 2143 2670 vero

474 2696 567 2761 44;
595 2698 923 2767 paucisque
946 2697 1317 2768 interpositis
1340 2699 1572 2769 diebus,
1598 2702 1823 2756 electus
1847 2706 1939 2756 est
1960 2703 2146 2758 abbas

477 2786 802 2840 Anselmus
833 2800 940 2855 pro
964 2802 1054 2854 eo,
1088 2788 1190 2857 qui
1218 2790 1356 2842 tunc
1379 2794 1503 2842 erat
1527 2790 1690 2860 prior
1712 2790 1983 2862 ejusdem
2007 2793 2143 2847 loci.

477 2874 587 2939 Qui
606 2877 839 2944 quanta
861 2875 1035 2929 fuerit
1057 2876 1386 2947 religionis,
1408 2881 1718 2949 quantaeve
1739 2882 2063 2952 sapientiae,
2088 2882 2148 2937 in

474 2964 633 3019 libro
657 2964 758 3034 qui
779 2963 852 3018 de
872 2965 987 3017 vita
1010 2965 1202 3034 ipsius
1225 2966 1527 3033 scribitur,
1560 2967 1731 3023 facile
1754 2971 1854 3040 qui
1876 2971 2148 3026 eumdem

473 3052 1212 3125 librumlegeritreperiet.
1235 3054 1485 3126 Scripsit
1504 3073 1648 3113 vero
1667 3059 1822 3113 idem
1865 3060 1958 3114 vir
1986 3075 2151 3115 reve-

474 3141 700 3197 rendus
722 3143 1002 3197 nonnulla
1024 3143 1201 3214 digna
1232 3146 1536 3199 memoriae
1569 3162 1703 3217 quae
1735 3148 1940 3203 subter
1969 3164 2146 3202 anne-

476 3235 637 3285 ctere
656 3230 1016 3285 curavimus.
1040 3232 1189 3285 Dum
1212 3232 1403 3287 adhuc
1422 3235 1585 3303 prior
1600 3238 1764 3289 esset
1780 3237 1839 3289 in
1858 3237 2148 3292 Beccensi
2175 3208 2231 3277 ο

478 3320 750 3375 ϐαδηοῦἰο
770 3320 1012 3390 scripsit
1034 3324 1315 3375 tractatus
1334 3324 1477 3391 tres,
1498 3323 1749 3392 primum
1776 3326 1856 3379 De
1878 3326 2145 3397 veritate,

476 3410 811 3464 secundum
831 3409 915 3463 De
942 3410 1211 3463 libertate
1235 3410 1480 3479 arbitrii,
1504 3412 1736 3467 tertium
1760 3413 1841 3467 De
1860 3430 2004 3469 casu
2026 3415 2147 3469 dia-

476 3499 618 3553 boli.
650 3497 905 3567 Scripsit
934 3501 991 3551 et
1019 3501 1311 3568 quartum,
1347 3515 1521 3569 quem
1553 3500 1800 3557 titulavit
1829 3503 1913 3557 De
1943 3519 2146 3575 gram—

475 3586 712 3651 matico;
736 3586 799 3641 in
820 3601 936 3656 quo
960 3586 1273 3656 discipulo,
1299 3604 1474 3658 quem
1496 3604 1701 3644 secum
1722 3591 2147 3662 disceptantem

477 3674 1144 3744 introducit,respondet
1170 3678 1226 3730 et
1249 3678 1459 3732 multas
1491 3679 1830 3735 dialecticas
1862 3683 2144 3752 quiestio-

475 3780 587 3819 nes
616 3763 891 3835 proponit
921 3766 978 3818 et
1010 3765 1206 3819 solvit.
1240 3764 1404 3821 Fecit
1434 3783 1667 3839 quoque
1694 3769 1955 3824 libellum
1976 3771 2144 3841 quin-

478 3858 620 3924 tum,
671 3869 847 3924 quem
896 3853 1297 3926 Monologium
1328 3857 1619 3926 apellavit.
1663 3858 1838 3914 Solus
1884 3860 2040 3914 enim
2085 3861 2147 3914 in

477 3957 549 3997 eo
580 3944 637 3997 et
666 3958 874 3998 secum
902 3944 1178 4014 loquitur,
1205 3960 1272 3997 ac
1295 3946 1466 3999 tacita
1491 3947 1648 4001 omni
1675 3949 1903 4003 ratione
1933 3949 2148 4020 quaerit

477 4035 535 4086 et
563 4031 806 4103 invenit,
836 4034 893 4088 et
924 4032 1083 4104 quod
1114 4049 1255 4088 vera
1277 4034 1426 4089 fides
1450 4035 1520 4090 de
1544 4036 1667 4091 Deo
1696 4038 1873 4092 sentit
1894 4038 2147 4092 invinci-

474 4121 582 4179 bili
609 4122 834 4175 ratione
867 4123 975 4188 sic,
1008 4138 1119 4177 nec
1141 4122 1310 4178 aliter
1340 4139 1478 4179 esse
1509 4140 1690 4195 posse
1723 4127 1929 4195 prohat
1960 4130 2015 4180 et
2043 4143 2147 4181 as-

474 4213 635 4269 truit.
670 4211 1015 4282 Composuit
1044 4212 1218 4266 etiam
1247 4213 1465 4268 librum
1495 4218 1729 4269 sextum
1759 4215 1895 4270 licet
1939 4232 2149 4286 parvu-

475 4303 618 4371 lum,
654 4301 763 4356 sed
789 4301 1213 4356 sententiarum
1241 4319 1309 4357 ac
1350 4303 1761 4359 subtilissimae
1800 4306 2149 4375 contempla-

475 4391 656 4447 tionis
683 4390 945 4460 pondere
976 4406 1274 4462 magnum,
1312 4407 1486 4463 quem
1514 4393 1860 4464 Proﬂogion
1891 4395 2149 4448 nomina-

476 4480 577 4534 vit.
630 4478 967 4549 Alloquitur
996 4480 1151 4533 enim
1180 4482 1240 4535 in
1284 4497 1354 4536 eo
1386 4497 1562 4553 Opere
1594 4484 1692 4536 aut
1735 4484 2003 4553 seipsum
2050 4486 2149 4538 aut

2057 1858 2071 1887 ’
2175 1855 2226 1919 Β

1121 272 1561 337 VVILLELMI
1601 276 1986 340 CALCULI.
2023 315 2096 327 —
2128 281 2811 349 GEMMETICENSIS
2852 289 3253 357 MONACHI.
3716 306 3805 369 844

2163 477 2223 538 Α
2252 499 2358 539 cos
2390 486 2447 538 in
2466 486 2712 542 Barensi
2736 490 3007 562 concilio,
3032 496 3315 564 negantes
3335 495 3585 567 Spiritum
3607 510 3809 561 sanctum

2250 589 2284 627 a
2314 574 2461 629 Filio
2510 578 2853 645 procedere.
2901 580 3070 635 Unde
3118 586 3344 654 sumpta
3389 589 3620 643 materia.
3658 599 3814 665 rogatu

2253 661 2529 718 lldeberti
2546 663 3056 724 Ccnomannorum
3075 672 3334 742 episcopi
3351 674 3494 730 hunc
3509 676 3687 734 librum
3703 661 3815 737 clom-

2253 752 2466 820 posuit.
2502 753 2570 808 Et
2602 756 2738 825 quia
2768 756 2840 812 de
2870 757 2983 812 hoc
3012 762 3333 817 venerabili
3372 765 3489 820 viro
3516 767 3679 839 aliqua
3704 771 3816 825 dixi-

2252 856 2406 909 mus,
2442 843 2584 898 libet
2613 848 3031 917 compendiose
3064 852 3313 920 spatium
3334 853 3461 909 vita)
3482 857 3600 927 ejus
3619 875 3817 931 compre-

2254 928 2533 987 hendere.

2324 1018 2501 1075 Ortus
2535 1021 2716 1093 igitur
2745 1040 2819 1078 ex
2848 1029 3164 1097 generosis
3208 1032 3534 1100 parentibus
3563 1035 3613 1088 in
3649 1036 3820 1093 civitate

2251 1110 2543 1177 Augusta,
2568 1126 2701 1182 quae
2721 1115 2997 1187 contigua
3018 1120 3112 1171 est
3131 1119 3482 1191 Burgundize
3503 1126 3553 1175 et
3567 1123 3732 1193 Italiae,
3751 1141 3823 1194 per

2252 1196 2493 1252 diversa
2520 1199 2650 1255 loca
2680 1203 2896 1258 studiis
2925 1204 3251 1262 litterarum
3291 1225 3516 1280 operam
3542 1214 3702 1267 dando
3726 1230 3824 1284 per-

2254 1288 2415 1341 venit
2462 1288 2969 1363 Northmanniam,
3001 1299 3058 1349 et
3086 1296 3145 1350 in
3184 1301 3528 1354 monasterio
3557 1301 3718 1366 Hceci,
3755 1303 3825 1355 ubi

2253 1377 2391 1430 tunc
2422 1380 2706 1448 temporis
2738 1397 2991 1453 magnus
3020 1384 3119 1439 ille
3150 1388 3516 1457 supradictus
3537 1390 3825 1445 Lanl'rancus

2255 1466 2473 1533 prioris
2493 1467 2847 1525 fundebatur
2868 1472 3086 1543 ofﬁcio,
3115 1491 3245 1529 cum
3268 1477 3399 1531 aliis
3420 1478 3825 1533 conscholasticis

2259 1554 2332 1607 ab
2360 1555 2566 1609 eodem
2597 1560 2713 1611 tam
2744 1559 2959 1615 divinis
2987 1577 3161 1633 quam
3184 1565 3563 1621 saecularibus
3582 1567 3753 1621 litteris
3770 1569 3827 1621 in-

2258 1644 2523 1712 structis,
2553 1645 2745 1713 ipsius
2768 1647 3002 1704 hortatu
3023 1654 3081 1704 et
3110 1654 3362 1709 consilio
3392 1655 3568 1709 factus
3592 1660 3669 1709 est
3686 1671 3828 1708 mona-

2259 1731 2408 1785 chus
2442 1732 2611 1787 Becci
2646 1752 2797 1790 anno
2820 1739 3007 1793 aetatis
3031 1756 3157 1795 suae
3180 1742 3269 1811 2'7,
3294 1744 3392 1797 ubi
3415 1743 3553 1797 vixit
3570 1744 3830 1798 claustralis

2260 1819 2389 1873 sine
2420 1822 2760 1889 praelatione
2799 1827 2989 1881 tribus
3034 1831 3228 1898 annis,
3280 1829 3345 1884 15
3383 1833 3535 1901 prior
3574 1838 3686 1901 post
3707 1832 3830 1885 bona

2258 1910 2559 1964 memoriae
2590 1913 2936 1980 praedictum
2968 1916 3386 1973 Lanfrancum.
3434 1919 3832 1975 Cantuariensem

2258 1997 2791 2070 archiepiscopum.
2819 2003 3038 2059 Deinde
3066 2005 3129 2060 15
3146 2009 3320 2062 annis
3341 2009 3518 2063 abbas
3539 2010 3725 2063 exstitit
3741 2012 3832 2078 post

2258 2085 2371 2155 piae
2404 2090 2831 2146 recordationis
2853 2096 3251 2150 venerabilem
3280 2097 3629 2166 Herluinum,
3649 2099 3834 2169 primum

2257 2175 2527 2231 abbatem
2551 2178 2740 2248 ipsius
2766 2180 2899 2235 loci.
2921 2182 3060 2237 Inde
3081 2192 3431 2256 assumptus
3447 2187 3611 2241 estad
3627 2186 3836 2253 archiepi-

2258 2280 2363 2320 sco
2370 2269 2566 2335 patum
2585 2268 3067 2327 Cantuariensem
3080 2280 3216 2344 post
3228 2277 3616 2331 venerandum
3630 2274 3838 2328 Lauican-

2258 2370 2411 2425 cum,
2464 2372 2637 2427 quem
2660 2360 2812 2413 rexit
2840 2360 2907 2415 16
2936 2364 3127 2417 annis.
3163 2363 3425 2435 Septimo
3456 2366 3663 2419 decimo
3699 2370 3834 2417 autem

2256 2445 2805 2516 archiepiscopatus
2838 2466 3010 2521 anno,
3043 2453 3432 2508 monachatus
3453 2470 3586 2508 vero
3611 2453 3687 2521 49,
3714 2467 3836 2523 porro

2257 2534 2447 2588 aetatis
2470 2534 2557 2603 ’76,
2585 2538 2816 2592 transiit
2845 2554 2876 2592 e
2898 2541 3117 2595 mundo
3140 2558 3199 2595 xx
3223 2542 3353 2597 Kal.
3377 2544 3527 2611 Maii,
3554 2544 3677 2597 feria
3693 2545 3836 2612 quarta

2258 2626 2388 2677 ante
2411 2624 2650 2677 Gmnam
2673 2627 2925 2682 Domini.
2950 2629 3085 2698 Ipso
3109 2647 3262 2686 anno
3286 2632 3398 2686 fuit
3415 2632 3656 2686 ultimum
3672 2629 3836 2684 Pascha

2258 2710 2371 2766 hoc
2404 2717 2494 2767 est
2521 2730 2602 2767 vu
2635 2715 2762 2769 Kal.
2797 2716 2953 2771 Maii.

2332 2801 2439 2855 His
2456 2818 2564 2871 per
2576 2804 3046 2874 anticipationem
3062 2807 3237 2862 dictis
3254 2808 3332 2863 de
3350 2808 3640 2863 fundatore
3656 2808 3839 2861 Beccen-

2260 2889 2347 2943 sis
2381 2893 2654 2961 ceenobii,
2690 2909 2823 2947 cum
2852 2897 3187 2950 reverentia
3216 2898 3567 2952 nominando
3592 2894 3841 2951 venerabili

2262 2977 2545 3033 Herluino
2571 2984 2625 3034 ct
2647 2997 3001 3038 successere
3024 2985 3158 3056 ejus
3181 2986 3313 3041 viro
3338 2987 3656 3041 clarissimo
3681 2986 3729 3038 in
3746 2984 3844 3036 divi-

2259 3069 2354 3122 nis
2386 3068 2569 3123 rebus
2605 3071 2903 3135 Anselmo,
2953 3075 3026 3128 ad
3058 3075 3329 3129 ordinem
3376 3080 3662 3148 gestorum
3687 3073 3843 3127 ducum

2258 3156 2701 3214 Northmanniae
2718 3162 2977 3232 aquibus
2990 3163 3291 3233 paululum
3313 3164 3573 3237 digressi
3589 3165 3839 3225 fueramus,

2259 3250 2643 3303 revertamur.

2910 3339 3162 3395 CAPUT
3200 3342 3276 3396 X.

2259 3424 2571 3503 De‘classe
2603 3443 2767 3503 quam
2787 3428 2923 3503 dux
2951 3429 3251 3503 liobertus
3281 3431 3571 3503 disposuit
3598 3426 3847 3503 mitterem

2330 3495 2701 3572 Anglianfin
2724 3499 3077 3572 adjutorium
3111 3495 3530 3572 congnatorum
3548 3516 3749 3557 suorum
3772 3495 3849 3551 Ed-

2268 3568 2461 3621 wardi
2492 3575 2550 3623 et
2578 3568 2855 3639 Aluredi,
2888 3570 3144 3627 filiorum
3175 3568 3350 3645 regis
3377 3574 3673 3629 Edelredi.

2333 3674 2624 3745 Tempore
2649 3691 2765 3746 quo
2789 3676 3137 3748 Edelredus,
3162 3694 3269 3734 rex
3292 3682 3632 3753 Anglorum,
3653 3681 3705 3733 ut
3722 3688 3849 3744 supra

2261 3763 2660 3833 recitavimus,
2681 3781 2715 3819 a
2735 3766 2951 3834 Sueno,
2974 3768 3270 3823 Danorum
3294 3786 3465 3842 rege,
3489 3785 3658 3841 regno
3679 3766 3847 3837 pulsus.

2262 3855 2316 3906 et
2330 3852 2812 3908 Northmanniam
2826 3856 3117 3928 profugus
3131 3859 3311 3927 venit,
3329 3859 3482 3913 duos
3496 3859 3657 3927 ﬁlios,
3672 3854 3851 3909 Edwar-

2261 3940 2399 3994 dum
2421 3945 2478 3996 et
2499 3942 2839 4014 Aluredum,
2866 3960 2983 3999 non
3004 3946 3180 4017 longe
3198 3952 3337 4017 post
3359 3948 3598 4017 patriam
3618 3947 3848 4014 repetens,

2265 4030 2561 4085 Richardo
2592 4047 2796 4087 eorum
2840 4036 3131 4090 avunculo
3162 4036 3511 4091 nutriendos
3559 4032 3779 4104 reliquit.
3803 4027 3851 4080 lli

2264 4120 2418 4173 enim
2447 4122 2598 4175 intra
2628 4121 3167 4179 Northmannorum
3194 4124 3417 4180 ducum
3455 4125 3637 4179 aulam
3663 4116 3851 4180 educati,

2260 4211 2419 4263 tanto
2450 4209 2672 4265 honore
2702 4227 2735 4265 a
2765 4212 2913 4266 duce
2960 4218 3099 4268 sunt
3148 4214 3356 4285 habiti,
3388 4220 3452 4270 ut
3489 4213 3686 4269 summi
3714 4218 3853 4264 nexus

2260 4299 2480 4353 amoris
2510 4303 2785 4370 tanquam
2815 4300 3030 4355 fratres
3062 4317 3165 4356 eos
3198 4300 3854 4373 adoptaretsibi.Quorum

2259 4387 2535 4442 diuturno
2550 4404 2903 4459 compassus
2917 4391 3232 4460 exsulatui,
3250 4393 3460 4446 missis
3475 4389 3674 4462 legatis
3684 4383 3857 4440 manda-

2258 4476 2341 4530 vit
2370 4475 2642 4531 Chunuto
2673 4478 2804 4549 regi
2843 4482 2902 4532 ut
2924 4477 3047 4549 jam
3062 4478 3303 4550 jamque
3327 4481 3574 4534 satiatus
3595 4490 3770 4532 eorum
3787 4487 3857 4525 ex-

481 4570 692 4640 Deum,
724 4567 977 4638 Scripsit
1009 4574 1065 4622 et
1097 4571 1409 4640 septimum
1440 4571 1654 4626 librum
1670 4572 2051 4642 epistolarum
2076 4566 2229 4635 adn
2260 4567 2534 4621 terminio
2565 4566 2684 4619 illis
2714 4571 3000 4637 Pal‘cel‘et,
3035 4572 3092 4621 et
3122 4583 3230 4621 sua
3274 4569 3366 4622 eis
3397 4569 3489 4622 νει
3522 4583 3648 4622 εθνο
3683 4578 3768 4634 Pr0
3791 4558 3856 4612 sui

478 4659 775 4726 diversos,
798 4657 1057 4712 diversis
1070 4674 1276 4712 eorum
1289 4661 1545 4730 negotiis
1561 4661 1953 4731 respondens,
1971 4664 2063 4717 vel
2079 4678 2148 4717 ea

477 4763 612 4820 quae
643 4762 754 4801 sua
799 4746 1121 4801 intererant
1161 4763 1482 4817 procurare
1526 4749 1838 4803 mandans.
1886 4749 2049 4805 Fecit
2092 4754 2149 4805 et

476 4840 751 4892 octavum
780 4835 864 4890 De
886 4835 1287 4891 incarnatione
1322 4837 1521 4892 Verbi.
1550 4837 1717 4903 Quod
1748 4855 1897 4908 opus
1929 4840 2147 4909 episto-

472 4926 584 4981 lari
614 4926 770 4997 style
821 4926 1222 4996 conscriptum
1271 4929 1493 4982 sanctae
1528 4928 1809 4982 Romanae
1859 4928 2145 4984 Ecclesiae

477 5031 709 5072 summo
739 5016 1000 5087 pontiﬁci
1021 5016 1261 5071 Urbano
1292 5017 1526 5086 dicavit,
1552 5017 1884 5071 destinavit.
1911 5018 2145 5072 Nonum

474 5104 693 5159 librum
739 5106 937 5176 edidit,
990 5122 1163 5177 quem
1211 5105 1329 5161 Cur
1375 5107 1523 5162 deus
1573 5107 1748 5161 homo
1801 5107 2141 5177 appellavit;

479 5193 769 5247 decimum
790 5194 873 5249 De
901 5201 1187 5266 conceptu
1214 5196 1505 5268 virginali,
1526 5196 1905 5251 undecimum
1929 5196 1999 5249 de
2025 5211 2148 5250 ora-

480 5280 740 5336 tionibus
767 5283 838 5336 ad
870 5285 1144 5341 diversos
1171 5288 1432 5355 sanctos,
1467 5302 1618 5357 quos
1651 5285 1883 5355 plurimi
1914 5284 2148 5338 Medita-

478 5371 669 5425 tiones
698 5376 929 5427 vocant.
974 5374 1037 5428 In
1069 5376 1285 5445 quibus
1318 5376 1653 5447 legentibus
1688 5374 1858 5427 facile
1903 5376 2148 5443 apparet

478 5460 693 5531 quanta
711 5458 958 5515 dulcedo
973 5478 1363 5533 supernorum
1378 5468 1630 5518 mentem
1644 5463 1697 5534 ej
1708 5480 1777 5517 us
1794 5463 2143 5531 repleverat.

480 5548 898 5620 Duodecimus,
945 5552 1046 5622 qui
1075 5556 1129 5607 et
1158 5555 1419 5621 ultimus,
1462 5554 1548 5607 illi
1594 5555 1876 5607 tractatus
1920 5551 2030 5605 fuit
2062 5552 2143 5605 De

478 5639 866 5712 processione
884 5639 1140 5712 Spiritus
1161 5644 1369 5698 sancti.
1384 5643 1800 5699 Confutaverat
1818 5641 1971 5695 enim
1989 5640 2144 5694 Grae-

2261 4655 2483 4709 amoris
2516 4655 2757 4709 obtentu
2790 4655 3079 4710 redderet.
3105 4657 3179 4709 At
3204 4657 3300 4711 illc
3319 4658 3655 4711 salubribus
3673 4650 3854 4707 monitis

2262 4743 2396 4814 ejus
2428 4760 2543 4798 non
2576 4744 3003 4814 acquievit,sed
3034 4744 3532 4815 legatos,infectis
3555 4745 3733 4807 rebus,
3751 4734 3853 4791 nihil

2262 4833 2462 4888 laetum
2492 4837 2794 4903 portantes
2822 4835 3067 4888 remisit.
3094 4835 3257 4888 Tunc
3278 4834 3399 4889 dux
3421 4823 3859 4918 vehementissimi

2264 4922 2486 4977 furoris
2518 4922 2734 4976 rubore
2767 4938 3121 4993 succensus,
3170 4924 3513 4977 convocatis
3552 4922 3767 4975 ducatus
3790 4927 3857 4965 sm

2263 5011 3113 5083 principibusjussitmagnam
3129 5011 3365 5065 navium
3380 5013 3631 5066 classem
3643 5004 3857 5097 festinato

2266 5101 2562 5156 fabricari.
2610 5101 2792 5165 Quam
2843 5115 2917 5154 ex
2960 5100 3235 5155 omnibus
3266 5097 3857 5154 NorthmannicimanS

2265 5192 2527 5262 partibus
2560 5195 2840 5259 coactam,
2874 5192 2930 5243 et
2960 5189 3115 5243 infra
3136 5189 3332 5259 exigui
3364 5188 3640 5258 temporis
3660 5181 3856 5275 spatium

2263 5283 2323 5335 in
2340 5280 2642 5347 anchoris,
2664 5281 2846 5333 armis
2864 5278 3323 5348 hominibusque
3339 5272 3755 5332 robustissimis
3769 5268 3856 5320 dili-

2262 5373 2471 5442 genter
2512 5369 2879 5435 instructam,
2913 5370 3071 5421 stare
3101 5367 3256 5435 apud
3287 5365 3600 5420 Fiscanum
3628 5364 3680 5415 in
3707 5360 3853 5413 littore

2259 5460 2419 5529 ponti
2452 5459 2607 5513 fecit.
2632 5457 2770 5511 Inde
2794 5473 3027 5527 quoque
3050 5457 3223 5526 signo
3247 5456 3402 5523 dato,
3427 5460 3483 5509 et
3514 5454 3653 5507 velis
3683 5451 3730 5501 in
3751 5443 3853 5498 sub-

2256 5548 2393 5602 lime
2416 5549 2638 5617 pansis,
2673 5547 2852 5600 nimia
2883 5547 3228 5614 tempestate
3256 5545 3369 5598 acti
3401 5543 3473 5597 ad
3504 5540 3735 5596 insulam
3758 5544 3853 5603 quie

2257 5637 2484 5692 Gersus
2507 5641 2771 5707 vocatur,
2798 5652 2929 5691 cum
2952 5649 3165 5707 magno
3186 5633 3449 5706 periculo
3470 5629 3654 5704 pelagi
3672 5628 3855 5682 domum
