3940 6174
104 377 196 439 845

403 368 816 432 HISTORIIE
872 367 1650 432 NORTHMANNOBUM
1707 367 1936 430 LIBRI
1991 367 2227 431 OCTO.
2292 402 2366 413 —
2425 365 2680 429 LIBER
2738 368 3091 433 SEXTUS.

3355 374 3477 437 846

97 576 201 629 sunt
226 571 471 627 devoluti.
502 569 662 634 Quod
692 572 832 639 puto
864 569 942 622 ita
982 569 1199 622 factum
1228 582 1386 634 esse,
1422 567 1544 621 Deo
1565 583 1674 622 au-
1703 549 1761 610 Α
1792 569 2069 636 appetere
2088 566 2681 637 Hierosolymitanam
2713 568 3249 639 peregrinationem
3280 574 3471 626 mani-

97 670 237 727 ctore,
256 676 349 730 pro
371 658 644 712 Edwardo
662 674 825 728 rege,
850 673 1021 728 quem
1036 655 1387 727 disponebat
1402 656 1461 710 in
1483 656 1676 711 futuro

94 765 295 823 regnare
333 749 452 802 sine
481 747 786 818 sanguinis
836 745 1145 801 effusione.
1184 745 1297 799 Ubi
1331 746 1468 798 dum
1498 746 1675 817 longo

98 838 924 904 detinerenturtempore,vento
948 834 1203 915 adverso
1235 834 1453 887 diutius
1485 834 1678 902 ﬂante,

90 928 178 981 dux
192 925 415 981 efferatis
438 924 642 978 animis
670 923 1000 977 incredibili
1017 923 1389 977 cruciabatur
1402 938 1679 978 mcerore.

88 1014 368 1070 Novissime
388 1017 576 1066 autem
605 1012 814 1066 videns
834 1027 900 1066 se
915 1012 1074 1066 nullo
1090 1012 1264 1066 modo
1282 1026 1464 1081 posse
1481 1013 1680 1065 trans-

84 1102 270 1165 fretare,
290 1102 497 1172 gyratis
515 1102 750 1154 navium
773 1101 992 1171 proris,
1018 1101 1172 1170 apud
1196 1100 1394 1153 Sancti
1414 1100 1679 1153 Michae-

81 1192 365 1245 lismontem
386 1192 636 1244 remeato
667 1190 849 1245 limbo
881 1190 1063 1243 maris
1126 1190 1480 1260 quantocius
1540 1192 1680 1244 sunt

83 1279 283 1349 appulsi.

668 1384 921 1438 CAPUT
950 1384 1050 1439 XI.

82 1490 205 1563 Quod
216 1498 424 1561 partem
453 1491 714 1563 ejusdem
746 1490 967 1563 classis
994 1491 1158 1544 misit
1217 1489 1293 1544 ad
1320 1487 1678 1563 afﬁgendam

127 1560 488 1630 Britanniam,
502 1569 559 1616 et
592 1562 666 1616 de
681 1578 827 1633 pace
858 1562 1274 1632 redintegrata
1305 1560 1469 1615 inter
1489 1560 1677 1631 ipsum

130 1639 174 1686 et
195 1633 458 1687 Alamium
477 1634 746 1687 comitem
768 1633 1124 1687 Britannia}.

127 1741 227 1794 Dux
276 1745 456 1795 autem
517 1741 816 1795 Robertus
849 1739 1161 1810 quamdam
1200 1742 1425 1809 partem
1454 1737 1672 1791 classis

80 1829 269 1884 Rabello
291 1830 607 1884 fortissimo
631 1829 793 1883 militi
821 1828 1075 1894 tradidit,
1098 1844 1166 1882 ac
1206 1828 1276 1881 ad
1298 1826 1674 1899 afﬂigendam

76 1918 307 1973 incendiis
343 1922 394 1973 et
415 1919 660 1989 praediis
693 1919 1052 1973 Britanniam
1083 1917 1314 1972 direxit.
1347 1917 1479 1986 Ipse
1509 1931 1670 1985 vero,

1794 655 2050 709 festavit.
2084 656 2312 720 Quibus
2341 655 2543 709 verbis
2570 672 2776 709 omnes
2816 657 3199 713 vehementer
3239 662 3463 716 attoniti

1790 748 2031 813 propter
2057 744 2192 815 ejus
2223 744 2552 798 absentiam
2586 744 2981 798 formidabant
3015 748 3263 815 patriam
3304 751 3469 805 multi

1790 834 1961 887 mode
1991 833 2342 902 perturbari.
2378 832 2696 902 Exponens
2729 838 2922 887 autem
2978 836 3068 888 eis
3102 835 3469 893 \Villelmum

1790 922 1973 975 tilium
2005 937 2198 987 suum,
2217 936 2389 991 quem
2407 920 2642 974 unicum
2661 923 2814 990 apud
2848 922 3139 976 Falesiam
3157 932 3462 996 genuerat,

1786 1010 1859 1062 ab
1904 1008 1993 1063 eis
2024 1009 2413 1062 attentissime
2458 1008 2754 1078 exigebat,
2787 1014 2848 1062 ut
2879 1010 3036 1063 hunc
3069 1012 3183 1065 sibi
3214 1012 3345 1067 loco
3370 1014 3464 1068 sui

1786 1097 2086 1151 dominum
2116 1096 2424 1167 eligerent,
2460 1100 2516 1150 et
2545 1096 2766 1151 militiae
2799 1113 2926 1151 suae
2959 1099 3285 1169 principem
3312 1119 3466 1171 prae-

1783 1184 2047 1239 ﬁcerent.
2080 1183 2190 1248 Qui
2219 1184 2354 1237 licet
2384 1184 2497 1237 sub
2529 1186 2847 1238 tenerrima
2886 1186 3248 1241 detineretur
3293 1193 3463 1246 aetate

1780 1272 2011 1342 puerili,
2065 1274 2259 1325 tamen
2290 1272 2361 1325 de
2392 1271 2526 1342 ejus
2558 1274 2964 1328 consolatione
2999 1291 3206 1330 omnes
3244 1279 3459 1347 oppido

1782 1360 2110 1429 exhilarati,
2131 1360 2301 1430 juxta
2314 1360 2616 1415 decretum
2635 1362 2805 1416 ducis
2828 1363 3098 1432 protinus
3118 1380 3250 1418 eum
3264 1382 3459 1435 prom-

1778 1453 1875 1520 pta
1905 1449 2215 1503 vivacitate
2242 1465 2417 1503 suum
2449 1450 2859 1505 collaudavere
2901 1453 3228 1521 principem
3258 1471 3326 1507 ac
3354 1456 3458 1511 do-

1780 1539 2022 1607 minum,
2044 1541 2372 1609 pangentes
2402 1538 2489 1591 illi
2512 1539 2848 1593 ﬁdelitatem
2881 1556 2996 1594 non
3028 1542 3321 1598 violandis
3354 1561 3456 1598 sa-

1782 1626 2120 1680 cramentis.
2156 1626 2286 1681 Dux
2314 1627 2507 1697 itaque
2540 1627 2838 1684 Robertus
2872 1633 3184 1701 postquam
3215 1633 3343 1687 haec
3381 1636 3455 1688 ad

1779 1718 1980 1769 votum
2017 1716 2292 1785 explevit,
2328 1716 2510 1769 ﬁlium
2550 1732 2723 1770 suum
2755 1717 3028 1773 ﬁdelibus
3079 1725 3134 1774 et
3193 1723 3453 1779 sensatis

1778 1803 2076 1858 tutoribus
2108 1809 2163 1858 et
2194 1805 2538 1859 auctoribus
2573 1822 2761 1875 usque
2795 1808 2865 1861 ad
2894 1807 3193 1879 legitiman
3221 1814 3451 1868 aetatem

1781 1893 2037 1964 subegit,
2083 1897 2140 1948 et
2168 1894 2477 1964 dispositis
2527 1899 2928 1966 competenter
2948 1899 3129 1953 rebus
3159 1900 3232 1953 ad
3250 1903 3452 1970 patriae

77 2012 313 2063 contracto
348 2010 609 2065 exercitu
639 2008 921 2080 equestri,
954 2007 1195 2077 parabat
1226 2006 1490 2061 exaltera
1509 2008 1672 2075 parte
1699 1997 1753 2059 B
1783 1983 2181 2080 ξηοάθνθωίηθ
2201 1984 2688 2080 θοηὲίνξξξθηίξδυδν
2712 1985 2868 2080 Ρίίξῖη
3046 1988 3251 2043 (“cens
3267 1992 3450 2080 omni‘

75 2112 165 2150 eam
176 2098 415 2169 aggredi.
441 2099 710 2152 Alannus
728 2098 923 2168 itaque
946 2096 1333 2151 considerans
1351 2111 1533 2167 grave
1557 2094 1674 2149 sibi

72 2185 121 2237 ab
155 2186 390 2258 utrisque
430 2187 703 2256 partibus
754 2187 1075 2241 discrimen
1116 2185 1444 2254 imminere,
1487 2186 1674 2242 missa

73 2274 325 2345 legatione,
360 2277 683 2331 Ilobertum
714 2276 1022 2346 utriusque
1053 2276 1427 2341 avunculum,
1464 2275 1673 2330 North'

71 2379 349 2418 mannorum
370 2366 646 2420 videlicet
663 2364 1177 2435 archipraasulem,
1202 2365 1271 2417 ad
1292 2379 1357 2419 se
1377 2364 1677 2418 mandavit

75 2450 360 2507 festinanter
401 2454 630 2523 venire,
663 2453 770 2508 Cui
827 2470 960 2508 cum
1012 2453 1305 2508 exitialem
1347 2453 1668 2507 Britanniae

70 2543 565 2611 exterminationem,
603 2548 660 2598 et
692 2542 960 2598 concitati
992 2542 1163 2597 ducis
1197 2544 1455 2596 atrocem
1487 2558 1671 2612 super

70 2644 117 2682 se
139 2636 435 2687 enarrasset
463 2632 922 2702 expeditionem,
954 2631 1177 2701 praesul
1199 2647 1307 2685 sua
1321 2630 1667 2700 interposita

69 2716 166 2779 ﬁde.
192 2735 304 2774 eum
331 2722 607 2792 sumpsit,
644 2737 712 2775 ac
742 2720 815 2774 ad
853 2724 1110 2774 montem
1141 2720 1425 2774 Tumbam
1477 2719 1665 2773 sancti

67 2804 307 2862 Michaelis
336 2810 573 2865 domum
614 2810 857 2864 adduxit
879 2813 936 2863 et
967 2809 1338 2864 clementiam
1370 2808 1667 2878 siquidem

63 2893 189 2950 ducis
213 2896 358 2952 illum
387 2899 673 2953 invadere
703 2899 1094 2969 disponentis.
1134 2898 1270 2952 Mox
1307 2897 1551 2951 nimium
1582 2897 1667 2950 ri-

66 2983 165 3051 gida
189 3001 367 3040 eorum
396 2987 752 3057 praecordia,
786 2984 1413 3056 propitianteZChristo,
1449 3000 1577 3039 eam
1594 2985 1667 3039 ad

61 3070 260 3140 quietem
289 3076 643 3146 composuit,
676 3078 741 3130 ut
784 3076 941 3129 omni
997 3075 1444 3130 dissensionum
1504 3078 1667 3130 motu

63 3160 217 3216 sedato
237 3178 433 3218 serena
462 3164 788 3220 concordia
819 3179 923 3219 eos
953 3164 1165 3234 uniret,
1212 3167 1269 3218 et
1297 3164 1666 3219 Alannumin

61 3246 250 3302 sem‘tio
286 3249 447 3304 ducis
497 3254 673 3321 pacta
729 3250 1005 3305 ﬁdelitate
1061 3251 1390 3321 supplicem
1426 3253 1666 3307 omnino

1781 2072 1917 2140 bus,
1952 2088 2086 2126 cum
2116 2088 2225 2126 suo
2270 2072 2641 2129 nobilissimo
2667 2074 3112 2130 comitatuillam
3140 2079 3449 2134 sanctissi-

1779 2175 1931 2214 mam
1955 2162 2489 2232 peregrinationem
2520 2165 2978 2234 estaggressus.
2999 2163 3141 2229 Quae
3173 2184 3316 2222 vero
3340 2169 3447 2224 lin-

1780 2266 1897 2321 gua
1925 2251 2019 2303 vel
2050 2266 2248 2304 sermo
2271 2250 2587 2320 explicabit
2605 2250 3117 2321 eleemosynarum
3134 2255 3448 2311 exhibitio-

1777 2353 1885 2391 nes
1907 2337 2117 2408 egenis
2139 2337 2212 2390 ab
2244 2352 2313 2391 eo
2340 2337 2600 2407 quotidie
2622 2338 2969 2392 distributas
2992 2341 3020 2393 ‘?
3042 2341 3155 2393 Ant
3190 2358 3323 2411 quae
3352 2345 3445 2396 vi-

1776 2428 1908 2496 dua,
1943 2425 2036 2479 vel
2067 2426 2389 2495 orphanus,
2422 2440 2769 2496 egenusque
2792 2425 3033 2494 exstitit,
3060 2429 3157 2498 qui
3175 2445 3293 2483 non
3308 2430 3443 2501 ejus

1774 2516 2058 2586 expensis
2108 2514 2561 2568 sublevaretur?
2613 2514 2872 2568 Tandem
2918 2517 3184 2571 confecto
3234 2518 3442 2575 itinere

1770 2605 1844 2660 ad
1903 2604 2045 2658 illud
2100 2603 2437 2657 venerabile
2487 2602 2827 2672 sepulcrum
2873 2610 3160 2676 pervenit,
3211 2608 3267 2661 in
3324 2625 3440 2679 quo

1772 2693 1960 2765 Regis
1993 2693 2254 2747 caelestis
2304 2692 2749 2762 sanctissimum
2805 2710 3023 2763 corpus
3057 2694 3265 2765 jacuit.
3297 2697 3441 2763 Quis

1771 2798 1918 2854 ergo
1965 2782 2265 2835 hominum
2309 2781 2605 2835 enarrabit
2665 2786 2805 2852 quot
2859 2798 2968 2853 per
3023 2787 3269 2839 octonos
3311 2789 3439 2845 dies

1768 2870 2164 2941 lacrymarum
2193 2870 2405 2925 rivulis
2436 2870 2581 2925 illud
2612 2871 2840 2941 eluerit,
2872 2872 2967 2927 vel
2988 2876 3129 2944 quot
3159 2877 3287 2930 auri
3307 2893 3439 2933 mu-

1773 2959 2017 3015 neribus
2050 2959 2509 3015 accumulaverit
2528 2962 2557 3013 ?

2381 3129 2633 3186 CAPUT
2674 3133 2826 3188 XIII.

62 3299 1664 3413 companies;‘isciggaggd.1:§.i.i£,';{;;.;;;;
1695 3340 1745 3402 c
1777 3299 2883 3413 Q"°"j‘_{?j”_i‘i’ff€f{’f’f‘f€ff"???
2910 3307 2983 3413 ξφ
3002 3307 3439 3413 ἔξθιῖοῗοίινωίε

59 3436 80 3473 a
98 3423 379 3483 Britannica
408 3431 728 3485 vexatione
758 3430 1036 3484 recedere
1060 3430 1268 3502 jussit.

627 3536 879 3592 CAPUT
919 3536 1049 3591 XII.

56 3637 177 3699 Quod
202 3642 510 3711 Chunutus,
544 3660 666 3699 rex
681 3643 1029 3715 Anglorum,
1056 3643 1269 3699 obtulit
1293 3659 1407 3715 per
1436 3643 1666 3715 legatos

102 3727 211 3769 suos
224 3716 311 3770 Ed
323 3717 525 3771 wardo
548 3722 611 3770 et
631 3714 899 3769 Aluredo
920 3714 1559 3786 medietatem’Angli’ci
1573 3731 1667 3769 re-

101 3786 183 3851 gni
204 3805 300 3856 pro
329 3790 561 3859 timore,
595 3786 862 3855 Roberti,
889 3787 1056 3840 ducis
1083 3786 1662 3859 Northmannorum;

98 3862 150 3929 et
168 3859 301 3929 quod
319 3860 475 3915 idem
506 3856 636 3913 dux
649 3873 912 3929 pergens
930 3857 1282 3929 Jerusalem,
1314 3856 1661 3911 Willelmum

100 3927 247 4003 tilium
274 3946 434 3984 suum
468 3927 905 4003 quinquennem
947 3928 1184 3983 dueatui
1204 3928 1663 3983 Northmanniae

96 3999 338 4068 prwfecit
350 4042 363 4055 .

97 4104 288 4168 Quibus
316 4108 385 4162 ad
418 4106 711 4178 liquidum
735 4106 967 4176 sopitis,
989 4121 1060 4159 en
1092 4105 1307 4161 adsunt
1334 4106 1512 4177 legati
1538 4107 1660 4161 Ro-

45 4188 173 4247 berto
198 4196 368 4250 ducia
396 4196 677 4251 Chunuto
696 4210 839 4265 rege
853 4192 1078 4259 directi,
1123 4194 1463 4248 nuntiantes
1495 4194 1661 4248 illum

46 4283 352 4340 medietatem
373 4285 616 4358 Anglici
654 4285 824 4355 regni
856 4284 1007 4338 velle
1039 4283 1286 4338 reddere
1320 4283 1457 4338 filiis
1481 4283 1658 4337 Edel-

48 4370 136 4423 redi
162 4374 327 4444 regis,
360 4390 507 4445 pace
534 4376 657 4428 rata
690 4374 746 4427 in
774 4372 986 4427 diebus
1017 4372 1168 4439 suis,
1203 4387 1272 4427 eo
1288 4373 1445 4443 quod
1466 4372 1659 4427 valida

43 4466 331 4525 gravaretur
360 4461 845 4517 incommoditate
888 4461 1201 4531 corporali,
1255 4462 1483 4517 Idcirco
1514 4462 1654 4532 dux,

44 4543 327 4604 intermissa
350 4551 561 4619 :navali
596 4549 992 4618 expeditione,
1035 4549 1259 4603 distulit
1316 4551 1655 4620 inemptum,

44 4635 169 4698 prius
217 4641 460 4710 cupiens
518 4640 593 4693 ab
640 4638 1071 4709 Hierosolymis
1115 4639 1308 4693 redire
1372 4641 1527 4710 quod
1560 4640 1659 4694 diu

44 4726 289 4788 optaverat
317 4729 711 4784 devotissimo
732 4727 945 4783 animo.
962 4727 1109 4781 Nam
1124 4730 1497 4797 perpendens
1511 4730 1659 4784 hanc

42 4809 174 4867 Vitam
197 4818 501 4890 prodigam
526 4819 651 4872 fore
670 4820 726 4871 et
748 4817 1003 4886 labilem,
1031 4818 1329 4888 verbaque
1357 4819 1658 4874 Dominica

42 4897 111 4961 Pio
136 4906 285 4972 atque
315 4905 477 4959 felici
511 4906 692 4960 corde
708 4905 1000 4971 volutans,
1026 4904 1651 4977 divitibusloquentia:

54 4981 126 5039 Va?
144 4990 305 5055 vobis,
329 4996 426 5066 qui
440 4994 683 5049 habetis
701 5001 959 5048 vestram
978 4994 1457 5063 consolationem,
1479 4996 1659 5067 elegit

44 5078 189 5144 magis
214 5096 435 5151 pauper
463 5082 686 5137 Christi
720 5083 846 5137 fieri
860 5100 1034 5154 quam
1050 5084 1482 5155 gehennalibus
1507 5084 1655 5155 igni-

44 5155 126 5214 bus
151 5166 320 5223 aduri.
357 5171 682 5225 Robertum
740 5187 887 5243 ergo
943 5173 1461 5243 archiepiscopum
1514 5190 1654 5228 cum

46 5252 366 5316 optimatibus
399 5261 495 5315 sui
528 5260 773 5316 ducatus
805 5262 1139 5332 accersivit,
1168 5264 1225 5316 et
1254 5262 1372 5316 illis
1405 5261 1558 5317 velle
1588 5278 1654 5317 se

1940 3390 2092 3461 apud
2122 3390 2325 3445 urbem
2357 3391 2666 3447 Niccenam
2712 3393 2862 3448 obiit
2903 3395 2967 3448 in
3001 3394 3263 3453 Christo.

1839 3561 2045 3631 Porro,
2074 3561 2294 3617 invitus
2327 3563 2463 3630 dux,
2489 3563 2625 3633 pius
2655 3565 2712 3617 et
2743 3565 2863 3619 Deo
2876 3566 3168 3636 amabilis,
3190 3568 3431 3625 adorato

1767 3648 2005 3705 Christo
2032 3666 2166 3704 cum
2196 3651 2562 3707 internorum
2620 3653 2986 3725 singultuum
3017 3657 3320 3728 suspiriis,
3379 3664 3436 3714 et

1767 3740 2099 3811 peragratis
2123 3740 2474 3795 Sanctorum
2520 3742 2691 3810 locis,
2727 3743 3139 3798 felicissimum
3180 3762 3434 3802 conver-

1764 3832 1895 3883 tens
1929 3830 2057 3899 iter,
2092 3829 2164 3883 ad
2185 3830 2487 3884 Niczenam
2519 3846 2840 3902 regressus
2865 3836 2956 3887 est
2986 3836 3214 3889 urbem.
3239 3836 3303 3890 In
3320 3853 3437 3908 qua

1768 3921 2076 3987 correptus
2105 3918 2452 3989 aegrimonia
2476 3921 2768 3989 corporis,
2791 3922 3103 3977 millesimo
3133 3925 3434 3982 tricesimo

1766 4007 1967 4077 quinto
2000 4006 2072 4060 ab
2114 4008 2517 4062 Incarnatione
2571 4009 2800 4063 Domini
2832 4027 3006 4079 anno,
3040 4014 3193 4066 viam
3224 4019 3433 4085 petens

1765 4094 2031 4149 universi
2054 4096 2294 4165 generis
2326 4095 2585 4165 humani,
2616 4098 3014 4167 gaudentibus
3046 4103 3299 4173 angelis,
3348 4106 3431 4159 di-

1765 4185 1917 4238 vinae
1947 4184 2269 4238 vocationis
2296 4184 2478 4255 jussu
2497 4186 2555 4238 in
2595 4186 2708 4240 fine
2725 4188 3002 4243 occubuit
3024 4206 3081 4243 vx
3109 4191 3311 4246 Nonas
3330 4194 3433 4248 Ju-

1763 4273 1844 4328 lii.
1874 4273 2005 4327 Non
2045 4273 2200 4326 enim
2233 4274 2538 4344 indignum
2571 4276 2800 4329 aestimo
2834 4277 3076 4332 credere
3133 4284 3188 4333 et
3219 4296 3427 4348 pennae

1763 4363 1960 4418 ofﬁcio
1990 4363 2250 4433 signare,
2293 4362 2448 4433 quod
2481 4367 2702 4417 aeterno
2766 4365 3025 4421 caelestis
3059 4368 3432 4424 Hierusalem

1763 4450 2134 4520 Moderatori,
2168 4449 2344 4521 cujus
2375 4454 2429 4505 et
2460 4453 2783 4521 sepulturae
2833 4454 3025 4509 locum
3058 4455 3116 4509 in
3145 4458 3303 4511 terra
3325 4476 3430 4514 ve-

1764 4543 2003 4594 neratus
2035 4542 2145 4606 est,
2180 4540 2239 4593 in
2261 4539 2444 4611 hujus
2475 4541 2610 4595 vitae
2633 4542 3041 4599 mediolabore
3058 4546 3129 4599 ad
3151 4550 3430 4616 perennis

1763 4629 1969 4701 gloriae
2026 4629 2392 4683 consortium
2449 4645 2581 4684 eum
2632 4647 2941 4687 assumere
2991 4635 3307 4703 placuerit;
3357 4654 3431 4694 ne

1763 4720 1931 4774 beata
1961 4719 2152 4771 anima
2184 4718 2434 4787 plurimo
2460 4717 2584 4789 jam
2599 4720 2952 4788 optimorum
2974 4738 3216 4794 operum
3243 4729 3437 4797 splen-

1765 4808 1909 4861 dore
1967 4806 2292 4873 candidate,
2354 4809 2489 4876 post
2521 4807 2833 4863 mundanis
2878 4811 3107 4867 actibus
3139 4814 3433 4884 implicata

1763 4895 2024 4949 maculas
2056 4894 2382 4965 colligeret.
2437 4896 2715 4964 Sepultus
2756 4901 2845 4952 est
2876 4900 3049 4954 etiam
3092 4903 3151 4956 in
3183 4904 3431 4961 basilica

1760 4986 1984 5038 sanctae
2015 4983 2215 5037 Mariae
2248 5000 2280 5037 a
2309 4984 2460 5051 suis,
2507 4985 2653 5039 intra
2689 4987 2902 5041 muenia
2936 4989 3196 5046 Nicaenae
3221 4994 3429 5049 civita-

1762 5072 1866 5138 tis;
1890 5075 2172 5143 regnante
2187 5072 2435 5127 Domino
2454 5078 2658 5128 nostro
2678 5076 2707 5128 J
2714 5091 2821 5129 esu
2839 5076 3073 5133 Christo
3090 5080 3151 5134 in
3169 5086 3430 5151 paternae

1760 5160 2091 5231 majestatis
2121 5161 2352 5230 deitate,
2379 5178 2513 5215 cum
2530 5164 2934 5234 coaequalitate
2958 5166 3216 5238 Spiritus
3238 5175 3431 5229 sancti

1762 5266 1869 5321 per
1898 5250 2093 5305 omnia
2126 5251 2367 5306 saecula.
2393 5252 2599 5306 Amen.
