3940 6174
500 356 690 439 847,

1206 354 1647 417 VVILLELMI
1695 352 2055 415 CALCULI
2100 352 2793 414 GEMMETICENSIS
2835 350 3229 413 MONACHI

830 688 1794 850 HISTORUE
1911 687 3589 905 NOR’I‘HMANNOBUM

1820 959 2103 1038 LIBER
2135 958 2641 1039 SEPTIMUS.

1376 1140 1464 1194 De
1527 1131 1824 1187 Willelmo
1885 1132 2033 1187 duce
2091 1132 2190 1205 qui

1047 1380 1297 1435 CAPUT
1332 1383 1376 1435 Ρ
1390 1382 1642 1436 RIMUM

522 1488 675 1552 Quos
706 1487 947 1542 labores
987 1486 1317 1541 Willelmus
1328 1505 1481 1559 puer
1507 1503 1831 1559 perpessus
1863 1491 1953 1540 est
1983 1485 2050 1559 _in
2078 1480 2186 1536 ini-

591 1559 671 1613 tio
698 1559 794 1613 sui
823 1559 1212 1630 principatus,
1269 1556 1681 1630 perversitate
1715 1556 2109 1630 quorumdam.

592 1664 928 1718 Recensitis
962 1665 1224 1718 seriatim
1257 1665 1497 1718 Roberti
1526 1664 1723 1734 magni
1755 1664 1925 1717 ducis
1955 1659 2187 1715 actibus

518 1756 575 1806 et
631 1751 948 1805 multorum
1009 1752 1212 1805 solerti
1256 1752 1533 1823 indagine
1581 1752 1864 1805 intimatis
1920 1748 2185 1816 auribus,

519 1843 865 1909 competens
925 1840 1176 1903 videtur,
1235 1844 1297 1894 ut
1328 1842 1402 1895 ad
1435 1841 1801 1894 Willelmum
1838 1840 2021 1893 lilium
2054 1836 2188 1907 ejus

521 1927 808 1982 articulus
865 1931 1164 1996 vertatur;
1218 1929 1656 1983 subscribendo
1681 1928 1916 1992 futuris,
1943 1942 2058 1997 quo
2091 1941 2188 1978 su-

520 2016 665 2070 dore
710 2016 932 2070 laboris
963 2016 1336 2071 inimicorum
1376 2018 1624 2088 laqueos
1669 2016 1947 2083 evaserit,
1973 2018 2030 2069 et
2061 2012 2190 2067 suis

523 2120 727 2161 eorum
758 2102 944 2158 ferina
975 2105 1122 2159 colla
1165 2106 1440 2177 vestigiis
1473 2106 1723 2160 viriliter
1767 2104 2187 2160 substraverit.

524 2193 833 2263 Plerisque
874 2194 1085 2246 etenim
1144 2193 1467 2264 Scriptura;
1500 2194 1791 2263 reperitur
1820 2194 1876 2246 in
1930 2191 2189 2262 paginis,

522 2280 782 2351 nequitia
835 2281 1020 2350 patris
1080 2281 1265 2351 iniqui
1297 2281 1534 2335 domum
1568 2281 1669 2334 filii
1702 2281 2003 2347 subverti;
2038 2295 2068 2334 θ
2108 2279 2193 2333 di-

522 2385 701 2424 verso
730 2384 893 2437 vero,
923 2369 1128 2423 merito
1151 2369 1289 2424 boni
1323 2370 1572 2424 solidius
1607 2369 1893 2423 roborari.
1930 2369 2193 2438 Denique

523 2457 801 2512 Christus
833 2459 1091 2512 Roberto
1124 2459 1278 2525 duci,
1334 2459 1553 2527 spretis
1590 2459 1662 2512 ab
1695 2473 1763 2511 eo
1795 2457 2193 2511 saecularibus

524 2546 779 2616 pompis,
813 2547 1048 2600 domum
1079 2547 1380 2613 stabilivit,
1417 2546 1553 2600 dum
1583 2547 1828 2616 perenni
1850 2562 1984 2599 eum
2004 2545 2194 2615 palma

526 2634 943 2701 remuneravit,
978 2638 1034 2688 et
1065 2634 1434 2689 \Villelmum
1460 2635 1640 2688 lilium
1673 2635 1827 2703 ejus,
1860 2634 2192 2705 profligatis

531 2721 809 2790 inimicis,
869 2722 1080 2776 throno
1125 2724 1312 2795 regali
1351 2724 1727 2792 postmodum
1757 2724 2045 2792 provexit.
2082 2722 2192 2777 Ve-

529 2813 878 2879 rumtamen,
939 2811 1155 2881 quibus
1196 2812 1575 2866 victoriarum
1634 2812 1948 2881 triumphis
1994 2812 2052 2864 in
2083 2811 2193 2864 du-

535 2903 668 2952 catu
691 2898 990 2967 claruerit,
1027 2901 1356 2970 proutordo
1387 2916 1583 2954 rerum
1614 2900 2002 2954 veracissime
2031 2913 2196 2953 com—

533 2991 830 3057 pertarum
860 2988 1187 3058 dictaverit,
1243 2989 1385 3043 libet
1431 2982 1726 3043 venturis
1758 2989 2083 3055 notiﬁcarc,
2126 3002 2198 3041 ne

532 3078 806 3147 tegantur
835 3075 996 3129 inani
1052 3076 1328 3147 segnitie,
1380 3093 1513 3148 quae
1555 3077 1837 3148 gloriosae
1869 3076 2201 3130 micuerunt

432 3214 441 3221 .
534 3164 724 3218 aetatis
754 3168 978 3219 nostrae
1007 3167 1295 3235 tempore.
1327 3166 1384 3219 Is
1417 3167 1610 3237 itaque
1633 3165 1750 3219 dux
1782 3166 1842 3218 in
1873 3165 2201 3234 puerilibus

533 3252 704 3307 annis
735 3255 901 3322 patre
954 3254 1218 3323 orbatus,
1282 3255 1487 3327 sagaci
1536 3258 1796 3308 tutorum
1832 3253 2203 3323 providentia

532 3341 863 3396 liberalium
938 3358 1169 3397 morum
1237 3343 1650 3397 instituebatur
1705 3343 1779 3395 ad
1820 3342 2199 3396 incrementa.

536 3429 660 3484 Sub
718 3429 850 3499 ejus
909 3430 1145 3485 ineunte
1175 3434 1363 3497 aetate,
1398 3430 1937 3484 Northmannorum
1966 3429 2204 3499 plurimi

536 3517 884 3571 aberrantes
907 3518 979 3571 ab
1011 3518 1062 3588 ej
1075 3534 1145 3571 us
1177 3518 1455 3573 fidelitate
1475 3519 1641 3588 plura
1674 3517 1921 3587 perloca
1944 3533 2203 3589 aggeres

541 3610 880 3675 erexerunt,
915 3610 971 3659 et
1000 3607 1332 3660 tutissimas
1352 3607 1467 3661 sibi
1487 3606 1844 3660 munitiones
1863 3610 2205 3661 construxe-

540 3695 696 3747 runt.
729 3692 985 3757 Quarum
1005 3695 1143 3749 dum
1159 3696 1441 3749 auderent
1458 3695 1906 3760 lisimunimine,
1932 3695 2204 3764 protinus

541 3781 697 3835 inter
732 3796 838 3836 eos
856 3782 1077 3836 diversi
1097 3787 1289 3837 motus
1313 3784 1674 3852 exoriuntur,
1710 3783 2034 3837 seditiones
2068 3798 2204 3837 con-

544 3869 816 3940 citantur,
874 3888 943 3925 ac
992 3888 1153 3926 saeva
1210 3872 1413 3942 patriae
1444 3872 1714 3926 incendia
1745 3872 1962 3941 ubique
1997 3887 2205 3941 perpe-

545 3962 791 4014 trantur.
830 3961 893 4014 In
921 3963 1077 4015 tanto
1091 3961 1304 4032 quippe
1328 3961 1771 4016 dissensionum
1792 3961 2028 4014 turbine
2048 3960 2207 4014 Mars

544 4048 820 4103 atrociter
862 4054 1192 4121 grassatur,
1255 4056 1311 4105 et
1364 4067 1483 4105 non
1534 4051 1803 4105 modicus
1853 4050 2207 4105 bellatorum

547 4154 774 4193 cuneus
804 4139 1032 4193 frustra
1064 4139 1450 4194 consumitur.

1184 4245 1436 4300 CAPUT
1464 4245 1535 4299 ΙΙ.

547 4351 636 4407 De
665 4352 821 4407 bello
842 4354 1005 4408 inter
1028 4353 1326 4407 Tustinum
1350 4354 1423 4408 de
1436 4351 1827 4407 Bastemborc
1850 4357 1908 4405 et
1940 4350 2210 4405 Walche-

621 4424 802 4479 linum
835 4424 908 4479 de
946 4423 1281 4494 Ferrariis,
1339 4430 1397 4479 et
1456 4425 1530 4478 de
1562 4428 1752 4478 morte
1787 4421 2065 4490 Osberni,
2102 4420 2213 4475 ﬁlii

623 4511 920 4567 Heri'asti.

622 4619 772 4672 Nam
805 4619 978 4691 Hugo
994 4620 1063 4672 de
1094 4618 1427 4673 Monteforti
1450 4619 1607 4674 filius
1639 4618 1867 4671 Tustini
1899 4633 2031 4671 cum
2054 4617 2213 4670 Wal-

551 4708 785 4764 chelino
837 4709 906 4763 de
966 4707 1258 4762 Ferrariis
1292 4709 1562 4777 certavit,
1611 4712 1666 4762 et
1721 4708 1778 4760 in
1834 4722 1903 4760 eo
1937 4706 2212 4760 conﬂictu

550 4802 798 4870 uterque
821 4798 1061 4853 occisus
1094 4798 1389 4852 occubuit.
1426 4800 1606 4852 Porro
1640 4796 1911 4850 humanis
1939 4810 2215 4866 quorum-

552 4890 686 4943 dam
730 4888 929 4943 rabies
954 4891 1200 4955 eructat,
1235 4904 1301 4941 ac
1332 4887 1405 4941 ad
1435 4888 1637 4955 patriae
1674 4885 2085 4939 detrimentum
2119 4884 2212 4936 ni-

551 4980 667 5034 mis
698 4982 928 5050 regnat.
983 4976 1285 5048 Siquidem
1309 4976 1678 5030 Gislebertus
1714 4990 1912 5028 comes
1941 4972 2211 5037 Oeensis,

553 5070 711 5123 filius
739 5066 1039 5123 Godefridi
1065 5067 1315 5131 comitis,
1335 5065 1585 5118 callidus
1600 5067 1656 5117 et
1686 5063 2042 5129 fortis,tutor
2072 5060 2218 5113 \Vil-

554 5157 713 5210 lelmi
729 5157 914 5225 pueri,
933 5156 1039 5210 sed
1055 5155 1294 5224 domini,
1316 5153 1566 5225 quodam
1591 5168 1761 5206 mane
1781 5152 1916 5204 dum
1942 5150 2214 5220 equitans

553 5246 896 5314 loqueretur
925 5260 1057 5297 eum
1091 5247 1386 5313 compatre
1421 5258 1528 5295 suo
1562 5240 1906 5293 VVascelino
1939 5239 2009 5291 de
2034 5239 2239 5291 Ponte‘

557 5331 964 5400 Erchenfredi,
1026 5333 1168 5386 nihil
1211 5332 1347 5385 mali
1391 5331 1710 5400 suspicans
1761 5328 2051 5382 occiditur
2082 5341 2215 5379 cum

557 5419 801 5474 Fulcoio
823 5420 940 5473 lilio
971 5420 1184 5475 Geroii.
1204 5421 1330 5475 Hoc
1363 5436 1502 5475 vero
1528 5420 1738 5473 malum
1761 5417 1987 5472 dolosis
2013 5416 2213 5469 horta-

555 5511 717 5564 tibus
732 5510 918 5563 Rodul
931 5510 1023 5578 plii
1039 5511 1108 5563 de
1124 5510 1499 5578 \Vaceio,tilii
1518 5508 1757 5563 ltoberti
1787 5504 2219 5575 archiepiscopi

559 5599 776 5653 factum
824 5602 934 5665 est,
964 5615 1069 5667 per
1108 5616 1316 5652 manus
1339 5600 1614 5652 crudeles
1646 5597 1868 5651 Udonis
1901 5594 2135 5661 Grossi,
2167 5596 2224 5647 ct

562 5689 804 5744 audacis
829 5686 1070 5743 Roberti
1093 5687 1191 5739 lilii
1210 5688 1425 5752 Geroii,
1456 5687 1675 5741 Deinde
1699 5684 2013 5751 Turoldus,
2037 5686 2225 5737 teneri

560 5779 729 5837 ducis
761 5779 1130 5850 paedagogus
1152 5776 1456 5845 perimitur
1471 5792 1503 5830 a
1528 5775 1770 5846 perﬁdis
1787 5773 1992 5846 patrue
2015 5773 2224 5828 deser-

2236 1131 2513 1202 Angliam
2572 1133 2759 1187 armis
2814 1133 3071 1207 subegit.

2207 1368 2538 1446 Atoribus.
2597 1393 2905 1448 Osbernus
2949 1409 3185 1465 quoque
3228 1396 3560 1464 procurator
3586 1394 3846 1463 principalis

2286 1480 2518 1549 domus,
2555 1482 2817 1536 Herfasti
2857 1482 3154 1537 Gunnoris
3202 1483 3513 1537 comitissre
3551 1482 3718 1535 fratris
3736 1483 3846 1535 ﬁlius

2286 1570 2536 1638 quadam
2558 1575 2749 1639 nocte,
2775 1571 2915 1625 dum
2946 1572 3004 1624 in
3035 1572 3308 1626 cubiculo
3339 1571 3501 1625 ducis
3532 1587 3648 1625 cum
3678 1571 3777 1639 ipso
3810 1571 3849 1622 in

2286 1657 2437 1711 valle
2472 1660 2700 1714 Rodoili
2743 1676 2995 1714 securus
3055 1665 3386 1730 soporatur,
3435 1664 3651 1729 repente
3674 1658 3721 1710 in
3746 1662 3847 1710 statu

2287 1764 2395 1801 suo
2427 1764 2458 1801 a
2490 1748 2792 1803 Willelmo
2826 1749 3370 1820 liogeriideMonto
3392 1746 3851 1817 Gumerifiliojuguo

2286 1836 2458 1889 latur.
2484 1837 2702 1907 Rogcri
2711 1853 2781 1890 us
2801 1838 2955 1891 enim
2970 1853 3073 1906 pro
3096 1837 3341 1905 perﬁdia
3357 1852 3461 1890 sua
3484 1841 3607 1889 tunc
3623 1836 3850 1888 exsulabat

2287 1925 2439 1993 apud
2458 1925 2722 1979 Parisios
2741 1929 2797 1979 ct
2814 1926 3073 1995 quinque
3094 1926 3193 1979 lilii
3212 1925 3348 1995 ejus
3371 1925 3537 1995 Hugo
3556 1930 3605 1978 et
3631 1924 3850 1977 Rebeilus

2292 2014 2588 2085 liogerius
2623 2018 2676 2067 et
2702 2015 3041 2069 \Villelmus
3060 2018 3232 2084 atque
3248 2014 3622 2077 Gislebcrtus,
3640 2014 3687 2064 in
3698 2011 3851 2064 North-

2290 2102 2522 2155 mannia
2556 2119 2930 2171 summopere
2970 2103 3377 2156 inserviebam;
3406 2102 3545 2155 diris
3574 2099 3851 2154 facinoribus

2290 2191 2407 2245 Sed
2440 2191 2778 2245 \Villclmus
2793 2207 2896 2260 pro
2922 2192 3149 2245 scelere
3172 2192 3540 2260 praescripto,
3560 2189 3693 2259 quod
3711 2202 3855 2256 opera-

2290 2282 2386 2332 tus
2410 2283 2520 2341 est,
2556 2295 2671 2332 non
2696 2280 2874 2332 multo
2905 2283 3039 2349 post
3061 2278 3417 2350 condignam
3445 2275 3735 2331 mercedem
3751 2273 3859 2326 retri-

2292 2368 2506 2421 buente
2544 2368 2884 2421 Deonactus
2917 2371 3026 2422 est.
3053 2368 3246 2421 Barno
3269 2368 3480 2438 quippe
3510 2364 3857 2430 deGlotispra-

2292 2457 2522 2525 positus
2549 2456 2801 2510 Osberni
2818 2455 3100 2525 injustam
3118 2472 3324 2509 necem
3350 2455 3555 2509 domini
3580 2454 3662 2507 sui
3687 2451 3857 2519 cupiens

2297 2545 2524 2612 ulcisci,
2555 2548 2724 2599 nocte
2773 2546 3023 2616 quadam
3072 2545 3385 2614 expeditos
3439 2544 3655 2614 pugiles
3682 2553 3860 2607 congre-

2300 2633 2479 2704 gavit,
2515 2635 2571 2686 et
2603 2634 2858 2700 domum,
2895 2633 2995 2687 ubi
3032 2633 3377 2686 \Villelmus
3411 2636 3465 2687 et
3496 2630 3766 2700 complices
3801 2624 3859 2675 sui

2221 2711 2274 2773 Β
2305 2722 2693 2790 dormiebant,
2718 2722 2876 2790 adiit,
2930 2738 2998 2775 ac
3056 2737 3265 2777 omnes
3317 2722 3491 2775 simul
3529 2720 3665 2773 sicut
3699 2728 3855 2770 merue-

2301 2814 2455 2880 rant,
2487 2811 2681 2864 statim
2713 2810 3046 2865 trucidavit.

2940 2933 3194 2987 CAPUT
3246 2934 3345 2988 ΙΙΙ.

2308 3058 2600 3123 Quomodo
2632 3059 2928 3129 Hogerius
2958 3059 3033 3113 de
3062 3058 3454 3126 Bellomonte,
3501 3057 3645 3112 ﬁlius
3668 3051 3871 3109 Haufridi
3904 3040 3905 3043 “

2373 3148 2447 3201 de
2488 3146 2731 3214 Vetti/is,
2780 3148 2979 3218 patris
3023 3147 3308 3218 jussione
3343 3148 3651 3219 Rogerium
3685 3145 3745 3199 de
3774 3141 3869 3193 Toc-

2377 3237 2510 3290 neio
2538 3251 2752 3307 supera
2766 3238 2865 3290 νὶι.

2377 3361 2674 3432 Rogerius
2697 3360 2973 3415 Toenites
3005 3361 3076 3414 de
3096 3361 3285 3430 stirpe
3318 3358 3752 3428 Malahulcii,qui
3784 3351 3872 3405 Hol-

2306 3450 2460 3504 lonis
2491 3447 2658 3503 ducis
2689 3451 2933 3517 patruus
2958 3448 3145 3503 fuerat
3174 3454 3230 3503 et
3259 3466 3397 3503 cum
3430 3465 3498 3504 eo
3529 3448 3758 3502 Francos
3781 3444 3877 3495 atte-

2306 3555 2445 3592 rens
2480 3537 2962 3591 Northmanniam
3012 3536 3877 3610 fortiteracquisierat,virpotens

2307 3627 2693 3696 etsuperbus,
2727 3642 2796 3680 ac
2827 3627 3009 3681 totius
3049 3627 3501 3681 Northmanniae
3533 3623 3752 3697 signifer
3787 3621 3878 3673 emt.

2311 3715 2420 3768 Hic
2450 3731 2611 3783 vero,
2633 3716 2767 3769 dum
2794 3715 3093 3770 Robertus
3126 3715 3249 3769 dux
3278 3730 3535 3787 peregre
3562 3712 3835 3784 perrexerat
3848 3708 3881 3757 in

2312 3805 2676 3875 HiSpaniam,
2713 3804 2813 3858 ubi
2844 3820 2948 3875 per
3007 3821 3137 3858 eum
3181 3805 3385 3859 multae
3431 3804 3728 3875 probitates
3766 3809 3883 3865 super

2310 3910 2576 3966 paganos
2609 3893 2777 3947 factae
2809 3896 2965 3962 sunt,
2999 3894 3308 3964 profectus
3332 3895 3545 3948 fuerat.
3568 3891 3672 3946 Sed
3699 3892 3801 3959 post
3821 3884 3883 3936 alio

2312 3985 2589 4053 quantum
2614 3981 2895 4050 temporis
2920 3981 2973 4032 in
2989 3997 3097 4035 sua
3110 3996 3443 4052 regressus
3466 3984 3573 4035 est.
3595 3973 3884 4045 Comperiens

2234 4064 2278 4127 C
2312 4074 2504 4125 autem
2534 4071 2689 4141 quod
2714 4070 3053 4124 \Villolmus
3076 4085 3222 4139 puer
3253 4070 3314 4124 in
3337 4071 3549 4124 ducatu
3570 4067 3701 4140 patri
3714 4076 3886 4118 succes-

2312 4160 2477 4227 serit,
2538 4159 2917 4213 vehementer
2962 4159 3310 4230 indignatus
3362 4164 3474 4226 est,
3529 4162 3581 4212 et
3625 4151 3803 4209 tumide
3833 4147 3890 4198 de

2314 4249 2508 4319 spexit
2533 4248 2611 4301 illi
2637 4249 2889 4317 servire,
2915 4248 3140 4315 dicens,
3167 4248 3329 4318 quod
3355 4248 3572 4302 nothus
3592 4261 3696 4300 non
3723 4239 3905 4295 deberet

2314 4339 2429 4393 sibi
2493 4337 2744 4408 aliisque
2793 4336 3217 4391 Northmannis
3278 4337 3593 4407 imperare.
3641 4328 3905 4384 Willelmus:

2314 4427 2468 4481 enim
2499 4442 2571 4480 ex
2603 4426 2929 4480 concubina
2954 4424 3197 4479 Roberti
3229 4425 3431 4492 ducis,
3465 4423 3683 4478 nomine
3714 4415 3893 4472 Herch

2314 4516 2643 4587 (Hcrlolta),
2710 4514 2969 4569 Fulberti
3005 4513 3361 4568 cubicularii
3423 4513 3590 4566 ducis
3627 4509 3728 4563 ﬁlia
3760 4506 3893 4559 natus,

2315 4604 2610 4659 nobilibus
2630 4603 2926 4674 indigenis
2958 4606 3012 4656 et
3028 4601 3280 4655 maxime
3303 4616 3380 4655 ex
3406 4598 3795 4655 Richardorum
3810 4601 3895 4658 pm-

2315 4694 2475 4763 sapia
2512 4694 2665 4746 natis
2697 4691 3001 4761 despectui
3041 4694 3182 4758 erat,
3220 4693 3427 4759 utpote
3460 4688 3682 4743 nothus.
3721 4682 3890 4736 Verum,

2317 4786 2626 4853 postquam
2650 4779 3225 4849 Hierosolymitanus
3270 4779 3395 4833 dux
3446 4776 3602 4843 obiit,
3658 4764 3896 4826 Hei-luimus

2318 4871 2554 4942 quidam
2586 4870 2809 4939 probus
2844 4868 3013 4921 miles
3046 4868 3367 4921 Ilerlevam
3415 4880 3650 4920 uxorem
3677 4856 3820 4913 duxit,
3850 4864 3898 4901 ex

2316 4976 2430 5031 qua
2461 4960 2611 5013 duos
2644 4958 2797 5012 ﬁlios
2827 4956 3086 5010 Odonem
3112 4960 3167 5009 et
3192 4956 3541 5022 ltobertum,
3589 4951 3677 5023 qui
3704 4947 3897 5032 postme-

2317 5051 2455 5103 dum
2514 5048 2816 5117 praeclaris
2865 5044 3244 5098 sublimitatis
3309 5044 3568 5108 fuerunt,
3625 5031 3895 5108 procreavit.

2320 5116 2619 5210 Roget-ius
2651 5136 2845 5205 itaque
2890 5133 3082 5187 fretus
3119 5132 3535 5186 auxiliatorum
3597 5116 3893 5181 multitudine,

2322 5231 2524 5283 contra
2552 5229 2821 5279 tenerum
2853 5224 3062 5276 ducem
3081 5238 3268 5275 ausus
3303 5226 3398 5274 est
3431 5218 3719 5274 rebellare.
3746 5212 3893 5263 Omnes

2324 5316 2552 5369 vicinos
2607 5329 2752 5368 suos
2800 5312 2991 5382 palam
3028 5310 3397 5381 despiciebat
3444 5312 3497 5363 et
3540 5311 3712 5359 terras
3738 5304 3892 5387 com-tit.

2245 5419 2298 5480 ι)
2327 5407 2576 5462 maxime
2612 5402 2884 5457 Hunt‘ridi
2934 5403 3005 5456 de
3056 5399 3304 5467 Vetulis,
3351 5397 3573 5466 rapinis
3612 5397 3661 5446 et
3684 5382 3892 5480 inrpndiis

2330 5495 2691 5552 devastabat.
2726 5495 2797 5546 At
2829 5491 2924 5545 ille
2965 5491 3184 5544 diutius
3216 5488 3333 5541 hoc
3354 5488 3508 5541 ferre
3523 5484 3728 5545 notens,
3758 5475 3895 5538 Boi—'9'

2330 5588 2480 5640 rium
2513 5586 2582 5639 de
2633 5583 2995 5637 Bellomcnte
3036 5579 3219 5632 tilium
3278 5593 3455 5631 suum
3487 5564 3802 5628 euml'amilia
3825 5567 3895 5608 sua

2331 5680 2531 5731 contra
2564 5692 2693 5728 eum
2729 5672 3112 5734 misit.Quem
3163 5667 3461 5739 Rogerius
3509 5654 3808 5717 Toeniensis
3846 5650 3896 5694 ιι·

2330 5782 2490 5823 mere
2524 5763 2765 5836 sprevit,
2802 5765 2857 5816 et
2881 5761 2962 5815 nil
2992 5763 3261 5815 metuens
3286 5772 3421 5812 cum
3452 5769 3517 5811 eo
3546 5750 3783 5806 audacter
3807 5746 3896 5791 0011‘
