3988 6176
471 306 587 370 851

1099 497 1350 552 CAPUT
1390 495 1514 550 VII.

484 610 645 677 Quod
666 604 1379 675 Robertoarcliiepiscopo
1399 602 1688 657 successit
1705 599 2035 671 Malgerius
2075 600 2149 654 li-

549 700 666 754 lius
714 696 962 753 secundi
999 693 1284 747 Richardi
1307 708 1384 746 ex
1401 691 1658 746 secunda
1698 690 1943 761 conjuge
1963 688 2147 760 Papia

551 788 807 858 (Papia);
842 791 900 839 et
931 785 1003 838 de
1040 781 1321 835 Willelmo
1358 779 1752 834 Archacensi.

552 895 786 949 Mortuo
804 891 1062 945 Roberto
1080 884 2005 957 Rothomagensiarchiepiscopo
2020 898 2148 937 suc-

484 984 671 1040 cessit
687 981 1007 1052 Malgerius
1042 977 1225 1030 frater
1248 975 1489 1029 Roberti
1512 974 1703 1027 ducis.
1729 973 1877 1027 Nam
1898 972 2143 1025 Richar-

483 1074 596 1127 dus
644 1069 1039 1136 Gunnorides,
1104 1069 1331 1119 mortua
1396 1063 1618 1127 Judith,
1668 1062 1843 1115 aliam
1903 1076 2151 1115 uxorem

483 1161 718 1217 nomine
758 1157 999 1227 Papiam
1030 1154 1214 1222 duxit,
1264 1168 1337 1206 ex
1378 1168 1493 1222 qua
1534 1152 1682 1205 duos
1716 1150 1871 1204 filios
1924 1149 2147 1220 genuit,

481 1248 829 1320 Malgerium
878 1245 1105 1297 scilicet
1154 1240 1641 1310 archipraesulem
1689 1243 1744 1293 et
1789 1238 2149 1292 Willelmum

483 1338 948 1393 Archacensem.
986 1332 1094 1385 Hic
1126 1330 1281 1385 enim
1322 1329 1655 1383 Willelmus
1685 1345 1719 1381 a
1759 1329 1908 1382 duce
1936 1326 2060 1398 jam
2088 1327 2148 1381 in

485 1424 887 1482 adolescentia
936 1421 1199 1491 pollente
1251 1419 1585 1472 comitatum
1616 1417 1824 1488 Talogi
1864 1416 2146 1486 percepit,

485 1517 726 1571 obtentu
754 1511 1054 1580 beneficii,
1086 1513 1149 1563 ut
1176 1509 1311 1562 inde
1345 1507 1430 1560 illi
1460 1506 1743 1561 existeret
1786 1505 1999 1560 fidelis.
2032 1505 2150 1559 No-

488 1604 712 1659 bilitate
733 1617 876 1655 vero
914 1599 1155 1671 generis
1186 1597 1396 1666 elatus,
1440 1599 1701 1649 castrum
1733 1594 2064 1648 Archarum
2090 1593 2150 1646 in

485 1693 789 1747 cacumine
820 1690 1010 1758 ipsius
1044 1685 1259 1740 montis
1283 1684 1557 1739 condidit.
1587 1683 1809 1737 Deinde
1842 1685 2149 1752 assumpta

486 1780 812 1853 tyrannide,
847 1777 1136 1847 regioque
1164 1772 1691 1843 fultusjuvamine,
1715 1774 1916 1826 contra
1943 1771 2153 1825 ducem

488 1886 675 1925 ausus
721 1870 814 1922 est
854 1866 1192 1919 calcaneum
1238 1862 1539 1917 extollere.
1576 1861 1761 1925 Quem
1805 1860 1924 1915 dux
1966 1877 1997 1913 a
2044 1875 2153 1913 sua

489 1957 733 2013 vesania
763 1956 957 2009 nitens
985 1951 1262 2019 avellere,
1293 1950 1366 2003 ad
1394 1950 1793 2004 exhibendum
1824 1949 1939 2003 sibi
1971 1948 2152 2003 obse-

491 2048 695 2119 quium
724 2061 831 2115 per
868 2044 1097 2114 legatos
1123 2039 1310 2111 jussit
1342 2055 1473 2093 eum
1502 2038 1727 2093 venire.
1762 2037 1878 2091 Sed
1908 2037 2005 2091 ille
2037 2037 2152 2091 hu-

487 2132 1120 2208 jusmodijlegationem
1142 2129 1368 2183 habens
1393 2127 1768 2197 contemptui,
1788 2142 2002 2198 magna
2020 2141 2153 2180 cum

490 2224 707 2279 fiducia
728 2224 801 2276 ad
832 2218 1233 2275 resistendum
1263 2233 1328 2271 se
1361 2216 1609 2270 munivit
1632 2220 1688 2270 et
1720 2215 1985 2269 armavit.
2025 2215 2155 2269 Dux

490 2328 654 2381 vero,
672 2310 903 2365 viribus
927 2308 1466 2362 Northmannorum
1480 2303 1707 2372 ascitis,
1729 2302 1863 2374 ejus
1888 2302 2158 2373 superci-

489 2402 636 2457 lium
676 2400 1029 2466 domiturus,
1077 2394 1429 2467 quantocius
1478 2408 1663 2463 super
1694 2407 1829 2446 eum
1876 2392 2055 2463 venit,
2101 2394 2159 2446 et

494 2490 709 2547 erectis
743 2487 1069 2560 aggeribus
1101 2485 1174 2538 ad
1202 2483 1462 2538 radicem
1492 2482 1710 2537 montis
1739 2484 2002 2536 castrum
2033 2483 2158 2535 sta-

490 2580 702 2649 bilivit,
730 2578 887 2649 quod
916 2575 1154 2631 fortium
1174 2573 1440 2627 virorum
1457 2572 1670 2626 robore
1699 2569 2157 2642 inexpugnabile

493 2669 768 2732 reddidit,
830 2669 887 2721 et
932 2665 1021 2719 sic
1064 2663 1200 2717 inde
1250 2662 1479 2731 abiens,
1541 2661 1819 2714 vallatum
1864 2658 2158 2713 alimoniis

495 2760 751 2829 reliquit.
796 2755 963 2821 Quod
1013 2754 1228 2807 factum
1276 2750 1547 2820 protinus
1592 2749 1912 2803 Henricum
1953 2762 2159 2818 regem

492 2848 733 2902 minime
764 2846 946 2899 latuit.
974 2845 1103 2897 Rex
1125 2857 1267 2911 ergo
1288 2840 1647 2894 Francorum
1670 2837 1873 2907 copias
1904 2836 2162 2905 sumpsit

496 2939 554 2991 et
566 2935 893 3005 superioris
908 2932 1105 3001 oppidi
1119 2945 1299 2983 causa
1316 2926 1613 2981 muniendi
1631 2925 2160 2997 properantissime

494 3026 751 3095 advenit,
786 3022 852 3078 â€˜et
884 3020 1208 3076 exercitum
1239 3020 1433 3072 castra
1463 3015 1669 3070 metari
1708 3015 1861 3084 apud
1892 3016 2160 3068 sanctum

495 3115 773 3170 Albinum
799 3112 1003 3183 jussit.
1028 3108 1216 3179 Cujus
1235 3107 1551 3161 adventum
1570 3104 1786 3158 milites
1809 3104 1979 3157 ducis
2004 3118 2159 3157 com-

493 3205 820 3275 perientes,
855 3202 924 3255 de
950 3199 1077 3253 suis
1109 3198 1415 3263 miserunt,
1438 3194 1489 3248 si
1507 3208 1658 3264 quos
1677 3192 1825 3247 forte
1849 3192 2107 3247 hostium
2129 3208 2163 3245 a

493 3293 661 3366 regio
694 3296 850 3346 coetu
880 3287 1316 3355 abstraherent,
1351 3299 1503 3354 quos
1556 3282 1640 3335 illi
1674 3281 1734 3335 in
1768 3280 2030 3335 latibulis
2063 3280 2161 3334 de-

500 3385 713 3455 gentes
759 3380 1030 3432 incautos
1076 3374 1440 3442 exciperent.
1489 3370 1613 3434 Quo
1658 3370 1796 3424 dum
1830 3369 2157 3437 venissent,

496 3487 614 3525 non
645 3469 942 3522 minimam
982 3463 1281 3519 exercitus
1311 3463 1535 3531 partem
1557 3459 1691 3512 inde
1722 3460 2155 3527 protraxerunt,

498 3561 555 3612 et
574 3558 873 3628 fugientes
894 3554 953 3606 in
985 3552 1235 3606 insidias
1254 3550 1630 3603 induxerunt.
1656 3546 1859 3600 Statim
1890 3561 2032 3600 vero
2062 3545 2162 3616 qui

494 3645 847 3699 videbantur
865 3642 1093 3711 fugere,
1125 3654 1301 3692 versa
1324 3637 1474 3691 facie
1492 3638 1797 3705 coeperunt
1824 3649 1929 3689 eos
1948 3634 2163 3688 acriter

498 3734 728 3789 caedere
754 3747 768 3801 ;
801 3731 947 3785 adeo
975 3733 1037 3783 ut
1069 3729 1128 3781 in
1159 3728 1269 3781 hoc
1306 3725 1581 3780 conflictu
1613 3739 1745 3777 cum
1774 3722 2045 3792 pluribus
2078 3723 2163 3775 In-

497 3823 821 3896 gelrannus
844 3817 1252 3874 Abbatisvillae
1276 3830 1476 3869 comes
1501 3813 1823 3868 confossus
1845 3812 2163 3882 perimere-

495 3919 685 3981 tur,ac
706 3911 880 3981 Hugo
900 3909 1291 3979 cognomento
1315 3901 1635 3957 Bardulfus
1656 3917 1788 3955 cum
1807 3900 2007 3954 multis
2025 3900 2159 3954 aliis

499 4002 828 4072 caperetur.
864 3998 1031 4062 Quod
1062 4000 1120 4051 ut
1144 4011 1249 4049 rex
1278 3992 1537 4065 agnovit,
1564 3990 1897 4045 alimoniam
1913 3990 2158 4044 castello

497 4106 605 4161 pro
664 4104 780 4160 quo
824 4089 1083 4150 venerat,
1132 4081 1468 4151 intromisit,
1517 4084 1573 4134 et
1621 4083 1870 4134 mmstus
1920 4082 2159 4149 propter

494 4179 713 4233 milites
744 4178 1002 4231 amissos
1031 4190 1164 4228 cum
1195 4172 1485 4226 dedecore
1516 4169 1788 4224 recessit.
1824 4168 2157 4223 Willelmus

497 4282 733 4340 quoque
783 4281 899 4319 non
944 4265 1122 4335 longo
1168 4264 1304 4332 post
1332 4259 1525 4314 inedia
1563 4256 1809 4311 affectus
1855 4273 1988 4311 cum
2029 4258 2158 4311 suis

495 4358 720 4412 invitus
757 4353 1062 4408 castellum
1112 4350 1366 4405 reddidit
1400 4351 1456 4403 et
1485 4348 1613 4418 ipse
1652 4363 1684 4399 a
1714 4346 1911 4400 nativo
1941 4346 2070 4400 solo
2099 4346 2159 4400 in

497 4445 772 4502 exsilium
803 4441 1104 4495 discessit.
1130 4440 1393 4508 Denique
1426 4453 1558 4491 cum
1587 4451 1772 4490 uxore
1795 4451 1923 4503 sua,
1948 4449 2159 4489 sorore

498 4536 726 4591 scilicet
750 4530 1017 4584 Widonis
1049 4529 1281 4583 comitis
1298 4526 1549 4594 Pontivi,
1581 4524 1964 4578 Eustachium
1987 4523 2160 4577 Bolo-

496 4625 612 4679 nim
644 4622 915 4676 comitem
948 4618 1208 4687 expetiit,
1256 4619 1311 4670 et
1343 4616 1402 4667 in
1434 4615 1567 4684 ejus
1601 4613 1818 4666 familia
1856 4612 2076 4665 victum
2104 4615 2161 4665 et

495 4713 774 4767 vestitum
804 4707 1159 4778 percipiens,
1194 4720 1385 4775 usque
1406 4703 1477 4756 ad
1500 4704 1746 4757 mortem
1769 4716 1938 4755 suam
1969 4703 2163 4755 extor-

493 4802 582 4856 ris
612 4799 916 4856 remansit.

1106 4899 1357 4954 CAPUT
1399 4898 1547 4952 VIII.

500 5013 663 5078 Quod
679 5016 906 5067 mortuo
930 5008 1197 5063 Chunuto
1218 5020 1364 5076 rege
1384 5001 1710 5073 Anglorum
1734 5000 2022 5055 successit
2042 4998 2158 5053 He-

568 5101 773 5155 raldus
803 5100 972 5153 filius
1004 5098 1151 5168 ejus,
1189 5100 1248 5148 et
1279 5094 1353 5147 de
1374 5092 1471 5146 Ed
1483 5091 1683 5145 wardo
1712 5089 1900 5143 adhuc
1931 5087 2155 5143 exsule.

570 5206 789 5259 Eadem
818 5206 1165 5274 tempestate
1189 5200 1516 5272 Anglorum
1540 5213 1645 5251 rex
1666 5196 1974 5250 Chunutus
1994 5194 2157 5264 obiit,

500 5296 596 5349 cui
645 5294 943 5348 successit
987 5290 1284 5346 Heraldus
1322 5288 1479 5342 filius
1525 5285 1679 5357 ejus,
1725 5300 1800 5338 ex
1830 5283 2160 5338 concubina

1180 297 1616 361 WILLELMI
1661 295 2027 359 CALCULI
2073 292 2768 357 GEMMETICENSIS
2825 292 3209 357 MONACHI

3738 298 3830 362 852

2165 476 2228 543 á½¦
2256 491 2459 547 fendit.
2488 492 2598 557 Qui
2627 493 2900 563 protinus
2914 507 3281 564 congressus
3306 507 3433 546 cum
3461 493 3561 561 eis,
3590 509 3688 548 non

2255 597 2410 635 mam
2454 584 2679 651 partem
2725 597 2797 635 ex
2827 581 2945 635 illis
2982 581 3150 635 ocius
3193 580 3340 635 Orco
3386 581 3694 637 transmisit.
3729 583 3831 653 Ipse

2256 685 2398 725 vero
2420 671 2608 724 victor
2637 670 2924 739 existens,
2958 670 3029 723 ad
3075 684 3259 723 naves
3290 684 3591 740 regressus
3629 675 3708 724 est
3731 688 3833 727 cum

2265 760 2413 813 suis.
2463 759 2687 814 Videns
2718 762 2912 814 autem
2951 774 3068 812 non
3107 758 3331 828 absque
3374 758 3605 828 plurimo
3640 760 3834 814 militum

2265 863 2507 902 numero
2526 864 2593 902 se
2623 864 2803 919 posse
2823 863 3069 919 regnum
3089 847 3353 901 obtinere
3369 846 3680 917 Anglorum,
3701 863 3837 919 regy-

2258 938 2403 990 ratis
2456 937 2692 990 navium
2748 936 2944 1007 proris
2997 934 3468 990 Northmanniam
3498 951 3618 989 cum
3643 938 3840 990 maxime

2259 1025 2460 1094 praeda
2492 1025 2724 1095 repetiit

2899 1094 3150 1149 CAPUT
3183 1096 3282 1150 IX.

2257 1184 2347 1239 De
2372 1185 2695 1239 traditione
2717 1183 2973 1239 Aluredi
3003 1183 3223 1237 fratris
3258 1183 3353 1238 Ed
3362 1185 3543 1239 wardi
3557 1201 3657 1256 per
3681 1185 3842 1240 Goduio

2335 1289 2469 1326 num
2500 1274 2769 1327 comitem
2783 1291 2801 1336 Í¾
2831 1278 2889 1326 et
2921 1271 3071 1342 quod
3088 1271 3571 1326 Hardecliunutus
3589 1272 3725 1327 {ilius
3740 1274 3843 1327 Em-

2334 1376 2443 1416 maa
2458 1361 2672 1415 matris
2693 1361 2790 1415 Ed
2801 1360 2991 1415 wardi
3006 1361 3297 1414 successit
3317 1359 3566 1415 Heraldo
3584 1360 3741 1415 fratri
3749 1377 3839 1426 suo,

2336 1456 2395 1504 et
2430 1449 2895 1504 Hardecliunuto
2936 1448 3283 1504 Edwardus
3308 1449 3405 1520 qui
3431 1448 3588 1503 duxit
3622 1448 3845 1503 Editlmm

2330 1537 2513 1592 filiam
2549 1536 2821 1592 Goduini.

2332 1626 2561 1681 Interea
2592 1626 2776 1680 frater
2822 1624 2955 1696 ejus
2996 1625 3295 1680 Aluredus
3342 1625 3547 1679 milites
3586 1641 3688 1678 non
3719 1625 3844 1694 parvi

2259 1716 2488 1770 numeri
2518 1716 2864 1785 assumpsit,
2892 1719 3240 1786 portumque
3267 1714 3523 1769 Wisanti
3549 1714 3693 1783 petiit
3708 1719 3754 1767 et
3766 1714 3845 1767 hac

2260 1803 2651 1864 transfretans
2676 1803 3108 1857 Doroberniam
3123 1802 3303 1856 venit.
3339 1802 3473 1855 Inde
3502 1800 3756 1871 siquidem
3779 1801 3845 1853 in-

2258 1892 2478 1947 teriora
2520 1894 2837 1962 penetrans
2882 1892 3074 1963 regni,
3137 1891 3464 1946 Goduinum
3515 1890 3749 1945 comitem
3776 1888 3848 1943 ob-

2259 1981 2421 2034 vium
2451 1980 2673 2035 habuit.
2705 1980 2888 2044 Quem
2919 1980 3074 2034 idem
3105 1995 3308 2034 comes
3346 1980 3405 2032 in
3434 1995 3538 2034 sua
3564 1979 3666 2033 fide
3692 1992 3847 2032 susce-

2259 2069 2363 2139 pit,
2415 2069 2524 2124 sed
2568 2069 2628 2123 in
2661 2068 2760 2124 illo
2807 2069 2919 2123 sub
2952 2069 3157 2124 eadem
3195 2072 3369 2123 nocte
3410 2067 3685 2122 traditoris
3725 2065 3849 2120 lude

2260 2158 2451 2211 vicem
2483 2158 2764 2226 implevit.
2797 2158 2947 2212 Nam
2977 2158 3155 2211 libato
3185 2157 3353 2227 pacis
3385 2156 3583 2211 osculo
3603 2159 3653 2210 et
3679 2170 3784 2209 cum
3799 2168 3848 2207 eo

2258 2249 2536 2316 percepto
2569 2246 2723 2315 cibo,
2763 2246 2952 2300 medio
2988 2246 3357 2315 intempesta)
3403 2246 3603 2312 noctis,
3637 2242 3849 2298 manibus

2261 2337 2400 2404 post
2429 2338 2664 2407 tergum
2685 2334 2886 2405 ligatis
2908 2335 3072 2388 illum
3093 2334 3353 2389 Heraldo
3370 2335 3496 2406 regi
3517 2333 3654 2404 apud
3675 2330 3851 2385 Lundoo

2261 2423 2419 2477 niam
2452 2439 2586 2477 cum
2606 2438 2852 2477 suorum
2878 2422 3181 2477 nonnullis
3203 2423 3539 2477 destinavit.
3570 2420 3753 2475 Milites
3775 2434 3850 2471 au-

2260 2515 2379 2567 tem
2410 2528 2555 2567 suos
2577 2512 2788 2582 partim
2819 2527 2928 2581 per
2944 2512 3277 2583 Anglorum
3311 2512 3604 2583 regionem
3618 2508 3849 2569 distraxit,

2261 2601 2474 2671 partim
2505 2616 2638 2655 cum
2665 2601 2954 2655 dedecore
2984 2601 3253 2670 peremit.
3291 2598 3577 2653 Heraldus
3611 2600 3666 2651 ut
3691 2596 3851 2649 Alure-

2262 2690 2401 2744 dum
2445 2689 2609 2759 vidit,
2649 2690 2847 2743 statim
2893 2688 3029 2760 ejus
3074 2689 3276 2743 socios
3330 2687 3582 2743 truncari
3626 2684 3852 2754 capitibus

2253 2776 2463 2848 jussit,
2500 2782 2554 2832 et
2580 2779 2777 2848 ipsum
2806 2778 2879 2832 ad
2905 2778 3052 2848 Hely
3070 2778 3227 2847 duci,
3248 2777 3449 2848 ibique
3471 2776 3646 2831 oculis
3664 2771 3851 2845 privari.

2263 2866 2360 2921 Sic
2384 2867 2793 2921 nobilissimus
2826 2870 2880 2921 et
2899 2867 3155 2935 optimus
3178 2866 3271 2919 vir
3305 2865 3591 2920 Aluredus
3618 2859 3853 2925 occubuit,

2263 2954 2486 3025 injuste
2530 2959 2890 3025 peremptus.
2936 2954 3231 3008 Heraldus
3259 2971 3408 3009 vero
3439 2970 3552 3009 non
3579 2952 3734 3006 multo
3759 2948 3857 3019 post

2265 3046 2574 3113 superstes
2623 3044 2766 3099 obiit
2808 3045 3076 3112 mortem,
3114 3043 3211 3097 cui
3258 3044 3557 3098 successit
3582 3042 3741 3095 frater
3760 3037 3858 3106 ejus

2266 3132 2768 3188 Hardechunutus
2784 3148 2817 3186 a
2831 3132 3010 3187 Dacia
3022 3147 3427 3204 egressus,ex
3439 3131 3629 3185 Emma
3640 3123 3859 3182 Edwardi

2190 3203 2447 3276 Cmatre
2489 3223 2684 3276 natus.
2731 3220 2844 3286 Qui
2894 3223 3029 3290 post
3071 3203 3397 3289 paululum
3445 3218 3780 3275 conï¬rmatus
3818 3212 3860 3264 in

2265 3310 2520 3365 culmine
2558 3309 2750 3381 regni,
2784 3309 3026 3364 fratrem
3058 3324 3232 3363 suum
3263 3308 3617 3363 Edwardum
3641 3322 3671 3359 a
3696 3300 3858 3357 North-

2179 1850 2233 1914 B

2263 3399 2501 3453 mannia
2528 3397 2850 3468 revocavit,
2883 3413 2951 3451 ac
2997 3413 3203 3452 secum
3235 3397 3572 3452 cohabitare
3599 3393 3736 3449 fecit.
3760 3390 3861 3460 Ipse

2264 3490 2459 3542 autem
2508 3501 2627 3541 non
2680 3485 2873 3555 plenis
2924 3484 3157 3539 duobus
3205 3485 3382 3539 annis
3427 3486 3691 3548 existens,
3727 3476 3861 3532 exivit

2266 3576 2583 3644 hominem,
2617 3577 2675 3629 et
2718 3573 3075 3629 Edwardum
3124 3574 3306 3628 totius
3339 3573 3510 3646 regni
3536 3568 3747 3641 reliquit
3768 3566 3860 3620 haeâ€”

2263 3665 2486 3720 redem.

2337 3754 2529 3809 Ferox
2554 3751 2792 3822 dolique
2824 3754 3189 3807 commentor
3220 3751 3529 3807 Goduinus
3557 3765 3623 3805 eo
3658 3751 3860 3814 tempore

2267 3857 2469 3897 comes
2516 3842 2573 3895 in
2623 3841 2841 3913 Anglia
2875 3842 3331 3911 potentissimus
3380 3846 3526 3910 erat,
3566 3843 3619 3894 et
3650 3845 3862 3905 magnam

2265 3932 2439 4003 regni
2467 3930 2796 4002 Anglorum
2825 3934 3051 3999 partem
3093 3930 3329 3985 fortiter
3358 3930 3606 3995 tenebat,
3641 3938 3788 3997 quam
3811 3934 3863 3972 ex

2266 4023 2573 4090 parentum
2606 4018 2925 4088 nobilitate,
2961 4034 3071 4074 seu
3098 4020 3157 4072 vi
3197 4019 3291 4073 vel
3326 4017 3700 4073 fraudulentia
3726 4007 3864 4065 vindi-

2268 4111 2523 4163 caverat.
2540 4108 2871 4161 Edwardus
2885 4108 3080 4178 itaque
3095 4110 3366 4162 metuens
3389 4108 3530 4162 tanti
3546 4105 3650 4159 viri
3665 4096 3863 4173 potentia

2267 4196 2425 4265 laedi,
2458 4196 2668 4251 dolove
2690 4197 2884 4264 solito,
2908 4196 3455 4252 Northmannorum
3477 4193 3743 4258 consultu,
3763 4200 3869 4258 quo-

2268 4301 2399 4340 rum
2427 4284 2543 4339 ï¬do
2575 4285 2817 4356 vigebat
2844 4285 3075 4353 solatio,
3110 4285 3416 4357 indignam
3460 4281 3686 4339 Aluredi
3712 4274 3867 4333 fratris

2269 4374 2363 4430 sui
2385 4374 2704 4444 perniciem
2733 4374 2789 4429 ei
2816 4373 3435 4445 benigniterindulsit.
3460 4375 3543 4428 Ac
3562 4375 3620 4426 ut
3648 4370 3775 4424 inter
3791 4376 3867 4417 eos

2269 4464 2478 4519 ï¬rmus
2508 4478 2672 4517 amor
2714 4462 2945 4534 jugiter
2974 4466 3257 4532 maneret,
3292 4463 3562 4518 Editham
3591 4459 3745 4513 filiam
3770 4451 3869 4521 ejus

2191 4566 2251 4632 Î¿
2269 4567 2513 4607 uxorem
2531 4552 2766 4605 nomine
2788 4554 2962 4606 tenus
2981 4552 3165 4606 duxit.
3189 4552 3343 4606 Nam
3371 4566 3594 4617 revera,
3625 4550 3678 4602 ut
3695 4541 3867 4632 dicuiit,

2269 4642 2441 4695 ambo
2471 4643 2812 4710 perpetuam
2840 4641 3240 4712 virginitatem
3261 4636 3763 4695 conservaverunt.
3791 4626 3871 4682 Ed-

2264 4730 2508 4784 wardus
2540 4745 2749 4799 nempe
2798 4729 2890 4783 vir
2919 4730 3114 4784 bonus
3163 4732 3310 4800 erat,
3351 4729 3511 4784 mitis
3563 4730 3617 4782 et
3657 4716 3865 4781 humilis,

2261 4818 2568 4890 jucundus
2591 4822 2647 4873 et
2669 4819 3047 4891 longanimis,
3065 4819 3347 4889 clemens,
3368 4830 3677 4890 pauperum
3691 4805 3871 4865 tutore!

2269 4907 2655 4979 Anglicarum
2700 4908 2900 4980 legum
2938 4908 3239 4981 legitimus
3278 4910 3577 4963 restituor.
3629 4894 3867 4957 Multoties

2271 4997 2471 5051 divina
2489 4997 2771 5067 mysteria
2791 4997 2936 5050 vidit
2966 5001 3022 5051 et
3051 4996 3324 5051 vaticinia
3345 5013 3479 5068 quae
3500 5008 3686 5049 rerum
3703 4986 3869 5043 eventu

2273 5085 2647 5155 postmodum
2666 5086 3046 5155 comprobata
3073 5089 3229 5156 sunt,
3258 5083 3637 5155 deprompsit,
3656 5084 3868 5148 regnum'

2274 5188 2389 5244 que
2418 5174 2748 5245 Anglorum
2776 5175 2903 5229 fere
2924 5171 2993 5228 23
3020 5174 3191 5228 annis
3221 5173 3475 5229 feliciter
3502 5172 3665 5228 rexit.

2917 5279 3167 5334 CAPUT
3208 5281 3282 5335 Î§.

497 5382 733 5438 nomine
765 5381 997 5452 Elfgiva
1027 5383 1220 5434 natus.
1252 5377 1440 5450 Cujus
1473 5355 1574 5429 diu
1623 5374 1876 5443 cupitam
1914 5374 2161 5424 mortem
2270 5369 2359 5424 De
2398 5368 2752 5424 crudelitate
2782 5368 3055 5423 Willelmi
3099 5369 3390 5422 Talavatii
3420 5375 3480 5423 et
3533 5367 3604 5422 de
3636 5355 3868 5417 Willelmo

498 5470 832 5525 Edwardus
864 5469 1135 5538 audiens,
1165 5467 1357 5522 adhuc
1380 5481 1513 5519 cum
1537 5464 1684 5517 duce
1707 5462 1954 5532 degens,
1980 5474 2162 5530 quan-
2339 5456 2463 5513 ï¬lio
2498 5457 2722 5527 Geroii,
2755 5458 2851 5530 qui
2882 5457 3197 5512 monachus
3229 5457 3407 5511 Becci
3434 5456 3624 5509 factus
3649 5455 3749 5506 est.

496 5561 690 5616 tocius
723 5574 857 5613 cum
886 5558 957 5610 40
988 5533 1241 5611 navibus
1274 5554 1453 5607 milite
1484 5551 1676 5622 plenis
1709 5551 1984 5618 superato
2015 5547 2166 5601 mari
2340 5546 3111 5619 Willelmus,cognomento
3126 5533 3874 5622 Talavatius,postquamBO-

499 5649 832 5703 Hantunam
874 5644 1132 5715 appulit;
1166 5643 1269 5698 ubi
1303 5621 1791 5696 innumerabilem
1835 5636 2165 5709 Anglorum
2267 5635 2420 5691 berti
2449 5635 2649 5691 fratris
2682 5636 2779 5691 sui
2807 5639 2980 5706 caput
3011 5649 3253 5690 carcere
3283 5632 3595 5689 securibus
3612 5621 3871 5715 comiti}:

493 5704 932 5797 multitudinem
949 5704 1026 5790 ad
1056 5704 1152 5790 sui
1180 5731 1507 5805 perniciem
1536 5744 1603 5784 se
1641 5704 2044 5800 opperientem
2064 5723 2160 5783 of-
2268 5726 2393 5781 tum
2415 5728 2527 5797 est,
2558 5724 2778 5782 auxilio
2818 5704 3065 5782 suorum
3111 5726 3170 5782 et
3209 5722 3460 5781 maxime
3502 5712 3764 5778 Willelmi
3792 5704 3871 5764 ï¬lii
