3940 6174
440 349 861 415 ΗῙΞΤΟΒΙιΕ
905 348 1701 417 NORTHMANNORUM
1749 352 1978 413 LIBRI
2020 351 2263 414 OCTO.
2303 388 2375 398 —
2414 352 2665 416 LIBER
2707 354 3121 420 SEPTIMUS

103 357 199 421 853
440 357 861 415 HISTORIIE
905 357 1659 417 NORTHMANNORUI‘

1928 357 1977 413 LI
2020 357 2263 414 OCTO.
2303 388 2375 398 —
2414 357 2665 416 LIBER
2707 357 3121 420 SEPTIMUS
3366 359 3484 421 854

100 555 279 624 Geroii,
310 568 525 607 omnem
554 553 743 622 patris
776 551 871 606 sui
901 551 1148 605 fundum
1178 551 1428 621 adeptus
1455 553 1565 605 est.
1602 550 1712 605 Hic
1735 532 1786 593 Α
1825 566 1934 604 seu
1966 550 2239 620 Trachia,
2259 552 2353 607 vel
2384 551 2744 623 Syrianimio
2774 555 2987 608 terrori
3014 554 3145 609 visa
3174 557 3284 611 est.
3302 556 3491 629 Igitur

103 659 218 697 vero
248 645 589 712 aparentum
622 656 869 695 suorum
896 640 1144 711 perﬁdia
1188 655 1560 711 nequaquam
1608 655 1716 694 sua
1823 641 2138 710 postquam
2193 640 2536 695 Willelmus
2595 641 2933 696 Talavatius
2985 643 3363 716 Willelmum,
3389 648 3493 717 qui

100 732 299 785 retorsit
323 730 581 800 vestigia,
602 728 1027 800 Hildeburgem
1055 728 1268 798 quippe
1287 728 1465 782 ﬁliam
1484 728 1711 782 Arnulﬂ
1832 730 1999 781 aetate
2024 731 2080 782 et
2110 745 2295 784 sensu
2327 730 2385 784 in
2406 729 2694 784 Geroiana
2712 731 2998 802 progenie
3012 732 3325 788 sublimior
3344 737 3495 822 erat,

102 819 370 889 cujusdam
389 817 739 872 nobilissimi
764 817 877 870 viri
893 819 948 870 in
970 818 1101 887 conj
1114 818 1250 888 ugio
1274 817 1498 885 habuit,
1514 834 1587 870 ex
1600 832 1717 887 qua
1827 831 1901 871 ex
1931 816 2169 885 invidia,
2201 820 2265 872 ut
2293 834 2471 888 supra
2489 819 2765 887 diximus,
2791 822 2907 873 tam
2926 822 3288 877 truculenter
3308 816 3496 879 deho;

100 908 364 963 Arnult‘um
394 911 448 961 et
476 907 767 961 Mabiliam
800 907 1232 961 crudelissimae
1264 908 1491 961 sobolis
1511 910 1716 977 postea
1829 909 2184 964 nestavernt.
2216 907 2510 961 Robertus
2533 911 2590 961 et
2612 908 3232 982 Rodulplius,egregii
3256 912 3497 981 milites,

101 1003 308 1051 matrem
333 997 546 1068 genuit.
571 996 689 1051 Sed
714 997 991 1067 quoniam
1016 997 1229 1050 mulier
1258 996 1539 1066 praedicta
1563 996 1716 1051 bene
1832 1010 1965 1047 cum
2025 997 2304 1050 fratribus
2364 1000 2420 1050 et
2468 998 2737 1067 cognatis
2797 998 3046 1052 viriliter
3100 1000 3423 1071 insurgunt
3444 1003 3503 1057 et

96 1086 409 1157 morigerata
448 1088 569 1140 erat
602 1088 657 1139 et
700 1085 886 1140 Deum
938 1084 1242 1140 ferventer
1268 1086 1520 1154 amabat,
1567 1085 1715 1138 diris
1831 1082 2177 1138 damnosam
2231 1086 2434 1139 fratris
2490 1086 2585 1139 sui
2639 1086 2913 1157 injuriam
2965 1088 3271 1143 vindicare
3310 1090 3502 1144 moliti

96 1174 250 1228 mariti
297 1173 645 1229 factionibus
690 1189 807 1228 non
851 1175 1280 1229 consentiebat.
1314 1173 1438 1238 Qua
1481 1175 1720 1243 propter
1832 1174 1989 1226 sunt.
2013 1171 2257 1227 Omnem
2287 1172 2487 1244 itaque
2516 1174 3027 1230 terramTalavatii
3049 1178 3294 1246 praediis
3321 1181 3378 1233 et
3406 1180 3498 1233 in-

1832 1260 2059 1314 cendiis
2091 1261 2497 1331 devastabant,
2531 1278 2722 1333 usque
2753 1264 2823 1316 ad
2854 1268 3057 1332 portas
3109 1266 3499 1322 munitionum

1831 1347 1969 1419 ejus
1994 1349 2154 1404 nullo
2176 1350 2491 1405 resistente
2505 1352 2713 1405 armati
2736 1353 3070 1422 veniebant,
3093 1354 3407 1426 ipsumque
3430 1359 3495 1410 ut

1833 1437 2018 1492 exiret
2062 1440 2118 1491 et
2146 1439 2416 1493 cominus
2446 1442 2716 1509 certaret,
2752 1441 3032 1496 audacrer
3072 1444 3501 1511 provocabant.

1833 1527 1907 1580 At
1945 1526 2061 1596 illo,
2116 1527 2250 1597 quia
2296 1528 2539 1581 timidus
2570 1532 2626 1582 et
2650 1528 2711 1582 in
2732 1529 2936 1585 militia
2966 1531 3260 1585 nullarum
3283 1532 3504 1587 virium

1833 1617 1977 1685 erat,
2004 1630 2137 1669 cum
2156 1616 2595 1671 lacessentibus
2612 1618 2867 1673 inimicis
2882 1619 2940 1672 in
2963 1636 3166 1689 campo
3180 1621 3505 1692 conﬂigere

96 1263 197 1333 ipse
224 1279 340 1317 eam
367 1263 734 1318 abominatus
767 1266 857 1317 est
871 1263 1270 1318 vehementer.
1298 1263 1563 1334 Denique
1581 1277 1721 1333 quo-

95 1351 199 1405 dam
224 1367 398 1421 mane,
418 1353 557 1406 dum
579 1352 711 1421 ipsa
741 1352 1056 1407 ecclesiam
1089 1353 1276 1407 adiret
1308 1352 1492 1406 Deum
1514 1352 1720 1421 depre-

94 1442 204 1508 cari,
233 1456 262 1493 a
291 1440 517 1495 duobus
532 1441 811 1511 parasitis
825 1441 954 1495 suis
985 1442 1046 1495 in
1074 1441 1167 1494 via
1197 1440 1336 1495 fecit
1366 1456 1494 1496 eam
1515 1440 1717 1494 subito

95 1528 425 1599 strangulari.
460 1529 684 1583 Deinde
715 1529 893 1582 ﬁliam
924 1529 1223 1599 Bodulphi
1254 1528 1623 1584 vicecomitis
1646 1528 1718 1582 de

94 1617 410 1671 Bellomonte
473 1618 593 1672 sibi
639 1618 1027 1687 desponsavit
1073 1625 1130 1673 et
1157 1619 1361 1688 plures
1409 1618 1721 1687 optimates

95 1705 185 1758 sibi
209 1705 423 1759 vicinos
446 1706 521 1759 ad
555 1706 791 1776 nuptias
817 1706 1103 1775 invitavit,
1139 1707 1295 1760 inter
1312 1722 1464 1777 quos
1498 1706 1724 1759 Willel-
1832 1718 1950 1757 non
1982 1704 2254 1759 audebat.
2288 1705 2386 1760 Sic
2416 1721 2450 1759 a
2477 1705 2748 1760 Geroicis
2793 1722 2954 1776 saepe
2987 1708 3395 1765 deludebatur.

92 1810 234 1859 mum,
254 1793 440 1849 Geroii
453 1794 661 1865 ﬁlium,
682 1795 912 1850 eximiae
925 1796 1293 1850 strenuitatis
1308 1796 1502 1850 virum
1519 1810 1723 1849 accer-
2470 1793 2720 1848 CAPUT
2742 1795 2867 1849 XII.

94 1883 218 1977 sivit.
276 1883 623 1977 Rodulphus
679 1884 1114 1977 autem-frater
1152 1883 1289 1977 eius
1329 1886 1722 1977 00820981110
1754 1906 1797 1964 Β
1830 1897 1921 1953 De
1977 1899 2237 1977 Amulio
2283 1899 2427 1977 ﬁlio
2473 1900 2761 1955 Willelmi
2788 1901 3106 1977 _Ta1avatii
3135 1909 3194 1958 et
3236 1903 3502 1977 Olivaro,

92 1968 335 2038 Clericus,
389 1972 531 2041 quia
563 1972 801 2041 copiose
850 1973 1141 2027 litteratus
1172 1975 1315 2041 erat,
1352 1975 1406 2026 et
1431 1972 1723 2027 Mala-co-
2119 1970 2315 2026 fratre
2372 1974 2526 2055 ejus,
2570 1973 2852 2027 monacho
2911 1974 3225 2030 Beccensi.

93 2060 351 2130 rona,quia
371 2059 731 2115 militaribus
750 2061 1395 2115 exercitiisinserviens
1412 2062 1724 2115 clericatus
1905 2058 2193 2114 Arnulfus
2215 2061 2448 2115 tandem
2479 2061 2638 2115 ﬁlius
2670 2060 2803 2133 ejus
2837 2065 2895 2116 ut
2910 2062 3038 2117 haec
3069 2064 3508 2134 animadvertit,

1836 2148 2175 2217 optimatum
2234 2164 2483 2204 suorum
2531 2165 2832 2205 consensu
2890 2154 3095 2207 contra
3131 2155 3377 2223 patrem,
3409 2153 3513 2224 qui

1837 2236 2113 2291 omnibus
2146 2236 2382 2292 odibilis
2406 2240 2550 2308 erat,
2574 2239 2883 2294 rebellavit
2904 2258 2919 2306 ;
2945 2244 3001 2295 et
3026 2256 3162 2296 eum
3212 2242 3284 2296 de
3314 2242 3511 2296 muni-

1835 2324 2098 2379 tionibus
2128 2326 2257 2380 suis
2298 2326 2546 2397 turpiter
2593 2326 2788 2397 ejecit,
2822 2331 2878 2383 et
2908 2344 3100 2399 usque
3132 2330 3204 2384 ad
3258 2332 3513 2385 mortem

1838 2414 2257 2469 miserabiliter
2287 2415 2560 2470 exsulare
2593 2417 2890 2486 compulit.
2929 2419 3240 2473 Paternam
3271 2419 3512 2490 quidem

1838 2504 2289 2574 possessionem
2310 2504 2547 2574 invasit,
2580 2506 2689 2560 sed
2717 2506 3038 2577 nequitiam
3062 2522 3180 2562 non
3202 2507 3503 2564 devitavit.

1842 2592 2011 2646 Unde
2041 2593 2196 2646 tristi
2234 2593 2350 2647 ﬁne
2388 2594 2581 2662 perire
2633 2594 2865 2649 meruit.
2908 2594 3060 2649 Nam
3106 2597 3362 2666 quadam
3408 2596 3505 2652 die

1840 2696 1975 2734 cum
2006 2680 2318 2735 clientibus
2333 2682 2461 2735 suis
2493 2682 3017 2752 praedariperrexit
3032 2685 3259 2739 etinter
3277 2684 3507 2756 reliqua

1839 2785 2083 2839 porcum
2137 2762 2450 2841 cujusdam
2507 2771 2975 2826 sanctimonialis
3034 2773 3244 2843 rapuit.
3303 2774 3378 2827 At
3406 2773 3509 2828 illa

1842 2874 2088 2929 gemens
2121 2874 2253 2913 eum
2287 2859 2555 2913 insecuta
2582 2862 2692 2926 est,
2725 2875 2793 2915 ac
2826 2861 3195 2931 utporcellus
3210 2877 3383 2933 quem
3401 2878 3508 2919 nu-

1839 2948 2060 3013 trierat,
2095 2948 2209 3002 sibi
2241 2964 2346 3017 pro
2381 2948 2501 3003 Deo
2532 2949 2897 3019 redderetur,
2932 2951 3146 3005 obnixe
3195 2951 3509 3021 deprecata

92 3038 329 3102 perrexit.
362 3038 667 3093 Satellites
698 3055 842 3093 vero
874 3038 1029 3110 ejus,
1051 3039 1268 3110 quibus
1300 3038 1731 3109 clamjusserat
1842 3039 1952 3090 est.
1995 3036 2285 3090 Arnulfus
2339 3039 2530 3090 autem
2562 3053 2773 3107 preces
2810 3037 2945 3108 ejus
2973 3039 3217 3108 sprevit,
3262 3054 3509 3109 porcum

92 3122 181 3177 hoc
205 3124 571 3180 Willelmum
598 3126 761 3182 foras
794 3127 1143 3198 eduxerunt,
1179 3128 1483 3182 etcunctis
1497 3127 1595 3198 qui
1618 3127 1730 3180 hoc
1844 3125 2083 3178 mactari
2114 3128 2170 3179 et
2201 3125 2272 3179 ad
2306 3140 2475 3179 esum
2505 3127 2827 3196 praeparari
2859 3142 3049 3198 coquo
3073 3127 3281 3197 jussit,
3316 3127 3511 3182 ventri

92 3211 343 3283 videbant,
377 3215 754 3287 lugentibus,
780 3215 895 3269 heu
912 3216 1065 3285 proh
1097 3214 1297 3270 dolor!
1320 3218 1510 3271 oculis
1530 3215 1730 3285 priva-
1762 3266 1803 3287 Γ,
1844 3229 1958 3283 que
1999 3229 2107 3267 suo
2140 3213 2331 3267 frusta
2372 3214 2664 3283 serviens,
2691 3214 2825 3268 inde
2858 3230 2995 3269 sero
3027 3216 3201 3269 nimis
3234 3215 3509 3271 comedit.

379 3266 436 3270 __
500 3266 1065 3285 __---w-,_----r__-_
1102 3266 1257 3270 _---_
1286 3266 1296 3270 _
1326 3266 1697 3285 "ww".--
1792 3270 1803 3283 ,
1862 3266 1947 3283 ιη
2046 3266 2067 3267 η
2384 3266 2427 3268 η
2546 3266 2664 3283 γ
3242 3266 3509 3271 ---η-η--

98 3305 227 3365 runt;
257 3266 609 3374 nariumque
629 3305 1064 3359 summitatibus
1095 3306 1153 3358 et
1183 3304 1413 3358 aurium
1437 3304 1731 3358 abscissis
1761 3266 1803 3321 ς’
1844 3302 1960 3356 Sed
1992 3317 2109 3356 non
2140 3303 2393 3371 impune.
2428 3302 2576 3355 Nam
2607 3303 2664 3355 in
2710 3303 2913 3358 eadem
2943 3306 3113 3358 nocte
3144 3304 3205 3359 in
3225 3304 3376 3359 lecto
3400 3320 3511 3360 suo

94 2149 393 2218 gravitatem
424 2150 582 2203 male
613 2149 909 2217 servabat,
942 2166 1018 2205 ex
1039 2150 1289 2222 augurio
1323 2165 1504 2221 grave
1534 2150 1724 2204 infor-

92 2237 278 2290 tunium
307 2237 417 2292 sibi
456 2238 771 2294 imminere
801 2255 1213 2309 praenoscens,
1245 2239 1415 2292 fratri
1445 2254 1553 2292 suo
1582 2254 1725 2308 pro-

91 2323 218 2379 hibet
266 2342 335 2380 ne
377 2327 574 2381 foedas
629 2328 831 2382 feralis
876 2328 1100 2399 bigami
1147 2327 1383 2399 nuptias
1428 2328 1724 2383 ullatenus

92 2413 256 2468 adiret.
280 2415 625 2470 Willelmus
655 2419 870 2486 autem,
898 2417 1117 2487 spretis
1136 2416 1369 2471 Rodulﬁ
1395 2416 1726 2471 dissuasio-

93 2502 253 2574 nibus,
282 2504 529 2559 inermis
554 2504 861 2560 Alencium
890 2507 1053 2561 venit
1085 2521 1217 2560 cum
1248 2505 1559 2560 duodecim
1576 2505 1727 2559 mili-

91 2590 236 2646 tibus.
264 2592 443 2648 Porro
474 2594 820 2649 Talavatius
850 2611 983 2650 eum
998 2594 1117 2649 illic
1143 2595 1225 2649 nil
1247 2594 1380 2648 mali
1410 2594 1727 2664 suspican-

93 2680 201 2749 tem,
225 2682 320 2735 sed
349 2683 579 2752 potius,
613 2688 675 2737 ut
707 2684 890 2739 moris
923 2686 1034 2753 est,
1069 2684 1142 2738 ad
1172 2683 1407 2754 nuptias
1438 2683 1611 2737 amici
1632 2684 1726 2737 sui

93 2769 419 2841 gaudentem,
456 2773 597 2827 sine
629 2775 815 2841 reatu,
868 2773 1038 2844 quasi
1070 2789 1321 2844 nequam
1347 2773 1726 2842 proditorem,

94 2872 202 2911 mox
229 2861 692 2931 comprehcndit,
735 2864 792 2916 et
822 2866 989 2916 caute
1021 2861 1309 2916 custodiri
1367 2862 1496 2916 suis
1542 2861 1728 2915 clien-

90 2946 219 3000 tibus
245 2950 547 3020 praecepit.
582 2950 796 3004 Postea
836 2967 969 3004 cum
1001 2950 1270 3005 convivis
1295 2950 1424 3004 suis
1454 2952 1729 3003 venatum

1845 3390 2251 3461 strangulatus
2275 3394 2384 3444 est.
2418 3391 2604 3445 Porro
2646 3393 3033 3461 quorumdam
3063 3393 3267 3447 relatio
3299 3393 3517 3447 asserit

1844 3479 1999 3549 quod
2030 3479 2102 3533 ab
2128 3478 2370 3534 Olivaro
2400 3495 2685 3551 germano
2709 3496 2819 3534 suo
2862 3483 3204 3551 peremptus
3236 3481 3332 3536 sit.
3386 3481 3513 3536 Nos

1845 3584 1987 3623 vero
2037 3567 2108 3621 de
2155 3568 2251 3622 tali
2314 3569 2441 3622 viro
2490 3572 2713 3623 tantum
2769 3570 2939 3624 nefas
2989 3586 3108 3625 non
3162 3570 3357 3625 solum
3401 3585 3521 3626 non

1846 3656 2189 3724 astruimus,
2207 3672 2417 3711 verum
2432 3658 2604 3711 etiam
2621 3658 2863 3712 credere
2882 3659 3116 3727 penitus
3138 3674 3511 3714 recusamus.

1845 3744 2138 3800 Praefatus
2157 3745 2452 3816 siquidem
2482 3745 2755 3802 Olivarus
2787 3747 2966 3819 longo
2993 3750 3127 3817 post
3157 3751 3417 3817 tempore
3459 3745 3523 3802 in

98 3389 459 3461 deturparunt.
498 3393 627 3446 Hoc
655 3393 851 3447 audito
878 3394 1109 3447 scelere
1141 3393 1303 3447 multi
1337 3392 1648 3447 doluerunt
1678 3396 1734 3446 et

95 3481 261 3534 contra
298 3480 669 3535 Talavatium
700 3480 761 3533 in
793 3480 878 3533 ira
910 3484 1262 3535 exarserunt
1290 3483 1348 3534 et
1391 3480 1505 3534 tale
1561 3480 1732 3534 nefas

93 3566 471 3624 ulciseiconati
503 3574 660 3624 sunt.
680 3569 1010 3624 Geroianus
1032 3573 1226 3624 autem
1249 3569 1587 3623 Willelmus
1600 3571 1736 3638 post

99 3657 198 3709 tres
224 3674 403 3713 annos
461 3658 879 3713 venerabilem
916 3658 1269 3713 Herluinum
1301 3659 1571 3713 abbatem
1597 3658 1737 3711 adiit

94 3747 137 3797 et
162 3745 210 3798 in
230 3747 523 3804 Beccensi
557 3748 825 3804 caenobio
861 3748 1015 3821 quod
1045 3749 1105 3801 in
1129 3749 1353 3803 honore
1377 3750 1598 3802 sanctae
1630 3747 1735 3801 Dei

96 3834 363 3901 genitricis
389 3836 603 3891 Mariae
637 3840 775 3891 tunc
808 3853 840 3890 a
862 3836 1109 3905 praefato
1140 3839 1306 3906 patre
1339 3836 1730 3891 construeba-

96 3924 186 3991 tur,
214 3926 545 3981 monachus
578 3925 771 3981 factus
792 3928 904 3980 est.

742 4032 994 4087 CAPUT
1018 4033 1098 4086 XI

97 4131 231 4210 Quod
247 4138 367 4210 dux
398 4138 746 4193 Richardus
763 4138 1063 4210 deditduo
1078 4138 1414 4210 municipia,
1433 4138 1737 4210 Monaste-f

151 4208 459 4282 rio/umgct
512 4210 870 4282 Esca/fauni,
911 4209 1127 4282 Geroio
1171 4212 1268 4282 qui
1295 4208 1467 4265 duxit
1502 4208 1739 4264 Gistani

149 4276 310 4334 ﬁb’am
343 4280 635 4336 Tursteni
662 4281 736 4335 de
757 4276 1133 4336 Mo'ntel‘orti.

151 4381 384 4440 Geroius
413 4386 558 4453 iste,
591 4386 664 4440 de
696 4386 871 4458 cujus
897 4387 1064 4457 prole
1109 4387 1425 4458 loquimur,
1455 4402 1531 4441 ex
1558 4384 1743 4440 nobili

95 4466 429 4529 Francorum
451 4476 513 4529 et
530 4474 834 4529 Britonum
851 4475 1129 4545 prosapia
1161 4475 1453 4547 originem
1482 4475 1743 4529 traxisse

1848 3833 2051 3887 militia
2073 3833 2399 3888 honorifice
2431 3834 2653 3906 deguit,
2692 3851 2995 3907 senexque
3028 3836 3219 3892 factus
3242 3836 3348 3890 Dei
3377 3837 3524 3891 nutu

1848 3922 2139 3976 saeculum
2186 3922 2517 3993 dereliquit.
2570 3924 2792 3978 Deinde
2834 3926 2946 3979 sub
2997 3926 3209 3980 domno
3239 3924 3523 3980 Anselmo

1850 4011 1987 4064 tunc
2008 4010 2241 4079 abbate,
2268 4026 2422 4063 nunc
2439 4024 2581 4065 vero
2600 4009 3517 4086 Cantuariorumarchiepiscopo

1851 4098 2182 4153 monachile
2215 4099 2457 4153 schema
2504 4100 2565 4153 in
2597 4099 2887 4153 Beccensi
2915 4101 3185 4155 cmnobio
3216 4101 3352 4172 pius
3383 4117 3530 4157 sus-

1851 4189 2024 4258 ccpit,
2083 4188 2239 4258 quod
2296 4187 2515 4241 ibidem
2555 4187 2667 4241 sub
2709 4188 2923 4242 domno
2962 4188 3259 4245 Willelmo
3318 4189 3531 4247 abbate

1851 4277 2052 4332 multis
2086 4276 2256 4331 annis
2287 4275 2661 4330 laudabiliter
2690 4276 2967 4345 portavit.

2468 4381 2720 4437 CAPUT
2758 4381 2915 4437 XIII.

1861 4490 2024 4571 Quod
2043 4496 2273 4571 mortuo
2302 4488 2579 4568 Arna/1‘0,
2622 4488 2728 4571 Ιιςο
2755 4488 3184 4571 patruusejus,
3226 4488 3534 4571 episcopus

97 4556 298 4617 dicitur.
318 4556 445 4618 ‘Hic
506 4565 700 4618 autem
741 4580 875 4619 cum
932 4564 1308 4619 Belesmensi
1341 4564 1643 4618 \Villelmo
1672 4563 1746 4617 ad
1769 4623 1810 4634 ﬁ
1858 4563 2195 4634 Sagiensis,
2244 4568 2471 4616 terram
2505 4560 2635 4632 ejus
2665 4556 3214 4632 Izaireditario'jure
3237 4556 3534 4632 possedit.

97 4649 290 4705 curiam
310 4651 599 4706 Richardi
629 4651 799 4708 ducis
830 4654 1010 4707 venit.
1035 4652 1224 4724 Cujus
1250 4653 1403 4708 dono
1432 4654 1492 4706 in
1524 4652 1746 4706 North-
1768 4623 1813 4683 θ
1932 4623 2196 4722 Denique
2228 4649 2477 4704 Arnulfo
2510 4623 2781 4720 nequiter
2801 4623 3126 4720 perempto,
3170 4623 3325 4704 sicut
3355 4662 3538 4717 supra

101 4738 303 4792 mannia
321 4739 439 4795 duo
460 4739 801 4811 municipia,
827 4741 1310 4796 Monasteriolum
1328 4743 1383 4795 et
1405 4740 1747 4794 Escalfoum
1880 4737 2586 4805 retulimus,venerabilis
2602 4738 2701 4793 lvo
2713 4742 2959 4808 patruus
2973 4738 3105 4809 ejus
3119 4736 3430 4810 Sagiensis
3444 4735 3540 4806 epi

100 4822 341 4882 obtinuit.
393 4828 740 4898 Hospitium
789 4846 956 4901 vero,
1009 4831 1147 4884 dum
1177 4831 1387 4884 ducem
1425 4832 1747 4900 expeteret,
1862 4844 2084 4899 scopus
2115 4828 2428 4883 Belesmiae
2455 4832 2736 4896 castrum,
2758 4830 2814 4881 et
2830 4842 3081 4898 quaeque
3099 4827 3171 4882 ad
3193 4823 3533 4897 ipsumjure

100 4909 147 4963 in
163 4912 322 4969 domo
344 4917 631 4971 Turstcni
649 4917 721 4972 de
740 4917 1079 4974 Monteforti
1098 4918 1323 4988 habuit,
1343 4917 1519 4989 cujus
1548 4918 1746 4987 ﬁliam,
1858 4918 2247 4989 pertinebant,
2281 4918 2504 4986 accepit
2536 4918 2590 4970 ct
2622 4916 2880 4988 legitime
2912 4915 3170 4986 quandiu
3198 4914 3361 4983 vixit,
3386 4928 3533 4983 pace

99 5003 305 5059 nomine
336 5005 679 5075 Gislam,ad
700 5007 1013 5077 prandium
1032 5008 1181 5063 forte
1204 5008 1438 5076 videns,
1459 5006 1752 5061 adamavit
1862 5022 1995 5060 cum
2022 5005 2337 5060 Geroianis
2369 5006 2620 5075 aliisque
2656 5004 2870 5058 vicinis
2895 5004 3067 5073 facta,
3099 5003 3303 5058 tenuit.
3336 5001 3537 5073 Saga:

98 5093 144 5140 et
168 5106 197 5143 a
224 5094 531 5161 praeclaris
546 5097 890 5165 parentibus
913 5112 1041 5151 eam
1059 5096 1371 5167 requirens
1393 5096 1745 5165 impetravit.
1863 5094 2018 5148 enim
2040 5094 2195 5147 idem
2235 5097 2467 5163 erat,ac
2499 5093 2753 5146 decorus
2784 5090 3136 5161 etaﬂ‘abilis,
3166 5090 3534 5161 multumque

99 5174 219 5239 Quae
248 5184 593 5238 succedenti
635 5189 897 5255 tempore
929 5189 1156 5257 septem
1211 5186 1366 5239 ﬁlios
1397 5189 1455 5240 et
1500 5187 1751 5255 quatuor
1860 5184 2136 5255 jocosus,
2169 5200 2238 5237 ac
2274 5199 2506 5238 serenae
2524 5183 2689 5252 pacis
2721 5181 2992 5251 cupidus.
3014 5179 3131 5233 Sed
3151 5178 3399 5249 perﬁdia
3416 5194 3538 5233 ma-

1867 5274 2059 5328 lorum
2105 5289 2223 5327 non
2267 5276 2465 5327 cessat
2515 5271 2861 5341 perturbare
2918 5268 3176 5339 quietem
3219 5269 3535 5323 bonorum.

1866 5362 2066 5432 Itaque
2100 5362 2466 5431 temporibus
2486 5360 2686 5414 Ivonis
2705 5358 2990 5429 episcopi,
3018 5357 3353 5413 Richardus
3367 5361 3542 5428 atque

1868 5450 2168 5505 Robertus
2201 5454 2256 5504 et
2280 5450 2645 5521 Avesgotus,
2716 5448 2822 5501 ﬁlii
2865 5446 3143 5502 Willelmi
3191 5447 3545 5520 cognomine

1867 5539 2142 5610 Sorengi,
2192 5555 2444 5593 cuneum
2487 5538 2917 5593 sceleratorum
2957 5536 3073 5591 sibi
3104 5537 3448 5591 asciverunt
3487 5536 3543 5588 et

1871 5644 2102 5683 omnem
2134 5629 2291 5683 circa
2320 5628 2563 5699 Sagium
2584 5628 2834 5698 patriam
2852 5627 2981 5681 sine
2999 5625 3333 5681 reverentia
3355 5625 3544 5694 depo-

1869 5717 2052 5789 pulati
2079 5719 2237 5774 sunt.
2268 5717 2578 5774 Postremo
2610 5715 2927 5773 ecclesiam
2956 5710 3546 5773 SanctiGervasiiin-

98 5264 228 5323 ﬁlias
249 5272 302 5325 ei
320 5274 576 5344 peperit,
611 5291 868 5345 quorum
897 5278 1135 5330 nomina
1166 5275 1296 5331 haec
1342 5278 1515 5329 sunt:
1548 5273 1750 5327 Ernal-

103 5353 198 5409 dus
226 5363 279 5414 et
308 5361 617 5434 Fulcoius,
646 5364 745 5434 qui
777 5380 912 5419 cum
941 5365 1276 5420 Gisleberto
1308 5364 1518 5418 comite
1558 5363 1750 5432 periit,

102 5439 427 5504 Willelmus
484 5453 542 5504 et
590 5452 885 5507 Rodulfus
921 5453 1386 5522 (Mala-corona),
1434 5452 1750 5520 Hobertus,

107 5530 260 5606 Hugo
292 5541 348 5593 et
378 5538 655 5611 Geroius,
691 5542 1114 5615 Herembugis,
1172 5541 1397 5609 Emma,
1429 5541 1670 5596 Adelais
1702 5544 1758 5596 et

105 5618 370 5682 Hadvisa.
404 5626 500 5681 Ex
516 5628 609 5684 his
622 5630 876 5686 ﬁliorum
898 5635 955 5687 et
968 5633 1243 5702 nepotum
1258 5631 1526 5686 militaris
1568 5633 1759 5684 turma

101 5718 407 5787 Propagata
427 5719 540 5790 est,
572 5735 705 5792 quae
738 5720 1017 5777 Barbarie
1046 5721 1107 5778 in
1126 5720 1360 5794 Anglia,
1395 5720 1489 5777 vel
1519 5718 1758 5791 Apulia,
