3940 6174
460 348 581 416 855
1179 345 1621 408 WILLELMI
1668 344 2031 408 CALCULI
2075 343 2766 409 GEMMETICENSIS
2811 348 3199 410 MONACHI
3692 356 3781 422 856

460 550 763 618 vaserunt,
790 548 989 619 ibique
1018 546 1251 601 turbam
1274 545 1617 615 praedonum
1644 546 1990 614 posuerunt.
2029 543 2128 598 Sic
2149 525 2206 588 Α
2243 559 2366 599 rem
2388 546 2656 616 acquirit,
2683 562 2791 601 seu
2820 548 3057 618 quidam
3089 549 3358 621 egregius
3388 551 3442 604 in
3467 555 3681 621 poemate
3703 570 3780 610 suo

461 640 534 696 de
547 641 721 696 domo
739 638 1025 694 orationis
1040 636 1381 705 speluncam
1394 634 2127 703 latronum,stabulumque
2243 633 2454 702 impios
2485 650 2746 705 arguens
2769 637 3141 691 versiﬁcator
3160 638 3235 691 ait
3254 654 3265 692 :

459 729 733 785 fecerunt
755 742 1062 799 equorum.
1100 726 1444 797 Religiosus
1486 725 1605 777 Azo
1635 724 1870 777 vetulus
1902 722 2123 791 praesul
2325 722 2436 777 Vos
2462 723 2613 777 mala
2633 725 2927 795 gaudetis,
2959 728 3090 798 quia
3117 727 3338 781 tandem
3354 729 3649 800 suscipiatis

464 818 736 891 ejusdem
784 816 951 872 urbis
982 831 1185 869 muros
1216 814 1590 869 destruxerat
1633 815 1689 867 et
1718 827 1792 865 ex
1829 811 2126 882 lapidibus
2311 812 2615 884 Nequitice
2630 812 2905 883 fructum,
2926 815 3224 879 tenebras,
3241 817 3713 886 incendia,1uctum.

461 906 680 978 dejecti
734 906 886 960 muri
925 904 1242 959 ecclesiam
1299 906 1503 957 sancto
1553 901 1837 955 Gervasio
1882 900 2125 969 martyri
2311 901 2462 957 Nam
2486 903 2625 973 pius
2654 903 2937 971 indultur,
2958 904 3271 976 justusque
3306 911 3479 960 tamen
3506 906 3639 961 Deus
3665 906 3789 976 ultor,

463 997 898 1063 construxerat,
919 993 1022 1048 ubi
1051 993 1230 1047 sedes
1248 990 1604 1061 episcopalis
1628 990 1806 1062 longo
1827 993 1963 1059 post
1981 993 2127 1043 tem-
2323 990 2460 1055 Quae
2480 1007 2585 1045 sua
2614 998 2751 1045 sunt
2779 994 2985 1061 munit,
3017 1010 3142 1064 quae
3168 1000 3301 1048 sunt
3328 995 3545 1049 hostilia
3566 998 3717 1065 punit.

460 1101 605 1157 pore
636 1085 843 1140 fuerat.
878 1082 1264 1137 Vcncrandus
1301 1084 1494 1135 autem
1534 1080 1635 1135 Ivo
1672 1080 1810 1133 dum
1841 1078 1985 1132 vidit
2013 1078 2125 1132 So-
2314 1079 2655 1148 Prostratis,
2691 1083 2751 1134 ut
2799 1097 2978 1151 supra
3008 1082 3228 1136 dictum
3255 1087 3360 1151 est,
3392 1083 3515 1137 tiliis
3534 1084 3793 1151 discordiae,

461 1188 688 1246 rengos
718 1173 778 1227 in
795 1171 1007 1226 diebus
1040 1170 1557 1239 suisitainsanire,
1582 1172 1663 1235 ut,
1698 1169 1756 1223 in
1785 1170 2001 1237 templo
2021 1168 2125 1221 Dei
2243 1167 2615 1237 simplicibus
2645 1170 2704 1223 in
2717 1185 2861 1238 pace
2884 1171 3039 1224 circa
3054 1171 3455 1243 Sagiumlicuit
3468 1172 3798 1243 aliquantulum

459 1278 580 1318 non
602 1260 935 1316 dubitarent
950 1259 1182 1313 foveam
1200 1258 1393 1313 furum
1411 1261 1467 1311 et
1487 1257 1734 1327 lupanar
1752 1257 2129 1333 meretricum
2241 1257 2559 1326 respirare.
2594 1258 2826 1312 Nobilis
2864 1259 2963 1313 Ivo
2994 1261 3216 1329 praesul
3248 1262 3535 1315 ecclesiam
3571 1261 3799 1330 c00perire

458 1352 682 1421 facere,
715 1349 898 1404 nobili
930 1350 1120 1402 tactus
1175 1349 1262 1401 ira
1292 1348 1675 1402 vehementer
1719 1346 1923 1415 doluit,
1956 1361 2023 1399 ac
2054 1346 2125 1399 ad
2242 1347 2459 1417 sategit
2489 1350 2545 1400 et
2577 1363 2636 1399 ιν
2672 1347 2874 1401 Nonas
2898 1349 3163 1402 Januarii
3195 1350 3398 1403 iterum
3430 1350 3692 1404 dedicavit.
3723 1348 3802 1402 Sed

457 1439 872 1495 liberationem
901 1437 1174 1492 ecclesiae
1214 1436 1317 1489 Dei
1344 1438 1466 1490 toto
1509 1435 1647 1490 nisu
1690 1436 1950 1488 animum
1981 1448 2127 1487 con-
2242 1434 2378 1505 quia
2407 1435 2678 1489 maceriae
2699 1436 2911 1489 virtute
2940 1437 3303 1492 ﬂammarum
3324 1439 3475 1492 laesa:
3495 1438 3802 1506 fuerant,ipso

456 1529 653 1584 vertit.
686 1526 991 1593 Quondam
1023 1526 1223 1597 igitur,
1256 1525 1394 1579 dum
1424 1524 1495 1579 de
1526 1524 1689 1578 curia
1712 1523 2127 1577 Willelmidu-
2240 1538 2393 1578 anno
2425 1526 2557 1578 ante
2613 1523 3139 1597 Quadragesimam
3170 1532 3523 1582 corruerunt.

461 1617 551 1673 eis
596 1617 837 1686 rediret,
895 1632 963 1670 ac
1020 1631 1127 1684 per
1163 1614 1541 1668 Oximensem
1572 1629 1790 1685 pagum
1821 1612 2125 1681 transiret,
2860 1631 3111 1686 CAPUT
3160 1633 3286 1687 xv.

460 1706 778 1780 Hugonem
808 1705 880 1759 de
910 1703 1387 1794 Grantemaisnil,
1410 1703 1677 1794 aliosque
1707 1702 1966 1794 barones
1994 1716 2129 1757 cum
2242 1718 2330 1773 De
2352 1718 2614 1794 conciIio
2631 1720 2784 1794 quod
2812 1723 3015 1794 Remis
3041 1722 3230 1776 tenuit
3251 1723 3366 1778 Leo
3377 1727 3577 1794 papect
3603 1721 3811 1775 deincre-

460 1794 677 1850 turmis
708 1794 838 1848 suis
871 1808 1076 1847 secum
1107 1791 1810 1863 adduxitetSorengosin
1824 1793 1987 1846 turre
2013 1806 2130 1845 mo-
2306 1792 2549 1862 patioue
2592 1791 2783 1864 ipsius
2804 1794 2864 1845 in
2900 1792 3139 1847 Ivonem
3170 1791 3490 1864 episcopum
3518 1793 3806 1863 Sagiensem,

462 1882 709 1939 nasterii
758 1881 988 1935 fortiter
1024 1880 1355 1952 expugnari
1384 1879 1540 1934 fecit.
1576 1862 1650 1934 At
1711 1879 1796 1933 illi
1850 1880 2018 1934 sudat

2308 1868 2558 1933 propter
2589 1862 2900 1917 ecclesiam
2927 1864 3136 1918 Sancti
3169 1862 3446 1919 Gervasii
3486 1862 3787 1918 combustam.

463 1971 847 2039 restiterunt,
910 1972 966 2023 et
1010 1985 1116 2038 pro
1166 1984 1233 2023 se
1279 1971 1612 2041 pugnantes
1659 1966 1947 2039 projectis
1995 1967 2130 2022 telis
2315 1968 2380 2022 In
2409 1969 2510 2023 illo
2548 1970 2811 2039 tempore
2841 1973 3085 2025 sanctus
3108 1972 3230 2025 Leo
3246 1986 3394 2041 papa
3410 1968 3809 2037 Galliasexpetiit,

462 2058 670 2130 plures
700 2059 1004 2113 laeserunt.
1038 2057 1203 2123 Quod
1236 2058 1500 2127 pontifex
1527 2057 1664 2111 dum
1687 2056 2011 2127 perspexit,
2045 2057 2133 2110 vi-
2244 2058 2561 2112 ecclesiam
2591 2057 2790 2112 Sancti
2842 2059 3097 2131 Remigii
3128 2060 3443 2114 Remensis
3470 2055 3814 2127 archiepiscOpi

466 2147 624 2203 cinis
651 2147 926 2202 domibus
955 2146 1156 2217 ignem
1173 2144 1615 2217 imponijussit.
1633 2145 1771 2200 Mox
1788 2145 2131 2216 parochiani
2249 2148 2641 2216 consecravit,
2703 2146 2955 2218 ejusque
3011 2163 3234 2218 corpus
3283 2149 3342 2202 in
3379 2147 3662 2202 ecclesiam
3686 2160 3817 2213 nuper

461 2234 661 2308 jussis
690 2239 897 2306 parent
929 2234 1215 2305 episcopi.
1254 2235 1417 2306 Ignis
1448 2249 1589 2289 vero
1622 2234 1929 2289 immissus
1955 2235 2130 2288 flante
2250 2235 2576 2289 dedicatam
2595 2236 2912 2290 transtulit.
2937 2236 3102 2291 Tunc
3121 2238 3329 2292 Remis
3352 2237 3497 2290 idem
3513 2251 3641 2308 papa
3659 2231 3817 2305 grande

465 2307 642 2380 vento
672 2324 744 2379 ad
768 2324 1083 2379 ecclesiam
1115 2324 1316 2391 currit,
1349 2324 1658 2395 ipsamque
1687 2323 1975 2378 invadens
1994 2339 2135 2378 con-
2247 2324 2561 2378 concilium
2590 2325 2777 2379 tenuit
2817 2327 2872 2379 et
2899 2325 3139 2380 desides
3170 2326 3484 2396 episcopos
3516 2307 3600 2378 vel
3639 2323 3816 2376 abbates

466 2414 649 2469 sumit
692 2415 749 2468 et
793 2413 1007 2483 impios
1056 2412 1117 2467 in
1175 2428 1242 2466 ea
1272 2411 1538 2467 furentes
1586 2413 1799 2467 acriter
1819 2412 2000 2484 angit.
2034 2411 2135 2466 So-
2245 2415 2459 2468 acriter
2512 2412 2855 2485 redarguit;
2905 2414 3057 2468 inter
3100 2430 3276 2485 quos,
3317 2416 3380 2468 ut
3414 2413 3613 2477 dicunt,
3645 2412 3816 2480 propter

464 2502 639 2574 rengi
674 2502 924 2572 tendem,
957 2503 1096 2555 dum
1126 2517 1194 2556 se
1224 2502 1425 2556 vident
1457 2501 1688 2555 ﬂamma
1706 2501 1998 2557 saavitiem
2016 2499 2135 2570 pati
2248 2502 2717 2558 combustionem
2747 2502 3023 2558 ecclesiae
3054 2502 3224 2557 Ivoni
3245 2502 3416 2557 dixit:
3452 2522 3474 2553 ε
3509 2500 3641 2566 Quid
3667 2496 3818 2563 fecisti,

467 2606 586 2647 non
624 2606 826 2662 posse,
859 2592 1113 2661 arreptis
1148 2592 1328 2645 armis
1360 2590 1494 2646 inde
1524 2590 1759 2663 fugiunt
1789 2607 1922 2646 cum
1953 2589 2136 2644 dede-
2248 2591 2510 2663 perﬁde?
2540 2608 2655 2662 qua
2675 2591 2809 2663 lege
2841 2592 3105 2645 damnari
3126 2592 3335 2659 debes,
3363 2592 3461 2662 qui
3483 2594 3690 2644 matrem
3712 2589 3821 2639 tuam

470 2694 632 2736 core.
2250 2695 2513 2735 cremare
2549 2695 2734 2735 ausus
2762 2695 2829 2735 es
2851 2682 2880 2734 εν
2910 2680 3211 2752 Eloquens
3238 2682 3339 2735 Ivo
3375 2680 3556 2751 palam
3583 2675 3824 2732 confessus

1075 2768 1327 2823 CAPUT
1366 2768 1523 2823 XIX.
2249 2773 2339 2823 est
2389 2784 2455 2823 se
2505 2769 2743 2840 quidem
2790 2769 3008 2823 malum
3064 2770 3309 2839 fecisse,
3346 2769 3449 2824 sed
3476 2770 3543 2823 ad
3562 2768 3659 2821 hoc
3683 2762 3823 2819 scelus

469 2870 561 2932 De
587 2872 735 2930 ﬁliis
782 2874 1076 2943 Willelmi,
1120 2875 1379 2946 Sorengi
1413 2874 1713 2931 Richardo
1759 2874 2024 2930 Roberto
2081 2880 2140 2930 et
2249 2858 2541 2929 δεθηάιιω
2576 2874 2642 2913 9°
2668 2858 2932 2929 ετανίιθν
2959 2861 3231 2937 ορεοῑιιιιι
3265 2858 3474 2928 flliSSB.
3506 2872 3573 2912 ne
3608 2852 3827 2946 ἀείένίοη

578 2946 632 3001 Α
645 2953 908 3019 vesgoto;
959 2946 1235 3018 quomodo
1257 2943 1436 3018 digna
1456 2953 1646 3001 morte
1668 2947 2033 3001 interierunt
2250 2947 2458 3001 ﬁerent
2476 2964 2506 3000 a
2521 2948 2844 3002 scelerosis
2861 2963 3044 3017 super
3055 2948 3209 3002 filios
3230 2947 3533 3002 Ecclesia.
3552 2943 3735 2999 Deinde
3750 2954 3828 3009 pte

540 3050 754 3110 Justus
776 3056 833 3109 et
849 3052 1195 3108 misericors
1216 3054 1374 3107 Deus
1394 3070 1554 3125 aegre
1581 3052 1997 3109 tulitecclesiae
2012 3068 2140 3108 suae
2250 3036 2551 3090 ﬂuentiam
2588 3036 2916 3091 secundum
2947 3037 3187 3107 εδεεοίε
3208 3053 3380 3107 Papae
3402 3035 3627 3125 31188οΨ
3647 3028 3827 3098 accep“:

470 3143 960 3218 profanationem,
989 3142 1362 3213 debitamque
1394 3124 1784 3197 violatoribus
1815 3158 1932 3197 non
1954 3143 2026 3197 di:

2272 3143 2320 3181 lc
2351 3127 2422 3181 de
2453 3126 2816 3180 restituenda
2862 3126 3058 3179 Sancti
3092 3125 3367 3181 Gervasii
3397 3124 3633 3180 ecclesia
3659 3132 3828 3190 operam

471 3234 542 3290 lit
596 3232 817 3288 inferre
872 3230 1327 3285 mulctationem.
1380 3231 1529 3285 Nam
1572 3234 1691 3286 tres
1722 3232 2009 3303 germani,

2275 3214 2534 3269 idhibuit.
2570 3215 2755 3286 Igitur
2783 3214 3054 3285 Apuliam
3092 3219 3149 3269 et
3181 3216 3321 3270 inde
3356 3206 3831 3315 ConstantinOpoliui

469 3321 772 3397 principes
791 3320 1134 3375 exstiterant
1147 3320 1447 3389 praedictae
1461 3320 1808 3390 iuvasionis,
1830 3337 1946 3374 non
1959 3337 2025 3374 mi

2275 3305 2512 3359 ierrexit
2544 3306 2648 3358 eta
2679 3303 2959 3358 divitibus
2977 3305 3247 3376 cognatis
3279 3308 3337 3359 et
3364 3305 3561 3358 amicis
3576 3301 3686 3355 suis
3709 3291 3831 3352 simul

470 3385 629 3484 post,
655 3411 793 3464 dum
822 3408 1146 3463 latrociniis
1170 3423 1543 3477 summopere
1572 3412 1851 3464 vacarent
1879 3413 1936 3464 et
1984 3408 2145 3478 rapi-
2252 3393 2497 3484 Ψυηυπι
2515 3392 2782 3463 Pecuniaa
2804 3393 3130 3464 00118353“:
3147 3392 3424 3465 donoque
3442 3385 3833 3484 ίωρθτδιοτίενίξξε

477 3474 785 3570 ἧὶεάιιειο
836 3497 937 3551 Dei
961 3496 1188 3567 judicio
1218 3474 1506 3566 perempti
1536 3500 1691 3566 sunt,
1725 3498 1855 3551 sine
1901 3498 2033 3553 coni

2280 3483 2417 3554 igno
2463 3482 2785 3536 Dominicae
2825 3481 3038 3536 Crucis
3074 3496 3281 3536 carum
3324 3498 3536 3537 munus
3565 3474 3836 3549 deportavit.

480 3589 652 3644 sione
681 3590 739 3641 et
768 3585 978 3639 viatico
1006 3584 1236 3638 salutis.
1276 3584 1609 3639 Richardus
1649 3601 1858 3655 nempe
1893 3588 1993 3657 qui
2019 3587 2146 3657 pri-
2256 3571 2565 3627 Reversus
2595 3574 2788 3626 autem
2821 3570 3086 3643 suetum,
3114 3570 3434 3626 GCOIBSiam
3463 3571 3624 3640 capit
3646 3571 3738 3620 tam
3752 3576 3835 3658 mf

479 3675 821 3747 mogenitus
881 3676 1023 3742 erat,
1077 3675 1252 3726 noctu
1284 3673 1341 3726 in
1378 3673 1475 3726 vili
1501 3674 1822 3745 casajuxta
1852 3648 2035 3746 quodd

2281 3676 2433 3731 {nam
2447 3659 2760 3731 aediﬁcare,
2782 3664 2844 3714 ut
2873 3675 3269 3715 successores
3303 3660 3436 3732 ejus
3471 3659 3748 3719 Robertus,
3775 3648 3837 3703 Gi-

481 3768 761 3837 stagnum
782 3777 1034 3818 securus
1056 3762 1397 3816 dormiebat.
1416 3761 1691 3817 Protinus
1714 3764 1951 3833 quidam
1974 3764 2145 3819 miles
2254 3750 2469 3804 Pardus
2487 3765 2553 3803 ac
2586 3748 2775 3819 561³1ον
2811 3749 3187 3820 nequiverint
3215 3765 3347 3805 eam
3370 3765 3476 3820 Per
3488 3748 3555 3803 40
3571 3758 3732 3800 annos
3748 3752 3839 3793 ⁰⁰¹¹’

477 3858 711 3927 potens,
744 3852 979 3907 nomine
1003 3850 1334 3905 Richardus
1385 3850 1456 3906 de
1512 3855 1715 3907 sancta
1757 3851 2143 3927 Scholastica,
2258 3855 2573 3895 summam-

480 3943 657 4015 cujus
687 3945 904 3997 terram
935 3934 1367 4010 devastaverat,
1392 3941 1803 3995 domunculam
1822 3942 2147 3997 circumde-
2860 3946 3112 4002 CAPUT
3160 3946 3320 4002 XVI.

478 4033 563 4089 dit
580 4048 713 4087 cum
746 4047 854 4086 sua
884 4029 1122 4084 familia.
1178 4029 1484 4102 Sorengus
1518 4045 1660 4084 vero
1693 4032 2146 4104 expergefactus
2260 4037 2423 4103 Quod
2465 4035 2798 4091 WiIIcImus
2848 4035 3151 4091 Talvatius
3206 4036 3409 4092 frater
3438 4033 3628 4089 Ivonis
3652 4020 3843 4104 episcopi

478 4119 552 4177 de
581 4119 851 4177 bordello
883 4119 1024 4173 exiit
1053 4122 1110 4172 et
1134 4097 1465 4189 fugiens'in
1506 4097 1787 4173 rivarium
1808 4097 2015 4175 exilire
2039 4136 2147 4175 vo-
2278 4097 2300 4103 ν
2328 4108 2509 4191 ﬁlim]?
2549 4123 2710 4191 ευθιῃ
2764 4107 3369 4191 Μεὺϋίθψβθρθιύο
3406 4107 3480 4162 de
3508 4097 3693 4159 Μοηίᾶ
3718 4097 3843 4152 GMP

475 4208 604 4265 luit.
639 4208 879 4277 Verum,
902 4207 1139 4278 quidam
1166 4207 1431 4261 rusticus
1468 4222 1643 4277 quem
1675 4208 1803 4278 ipse
1833 4209 2063 4279 pridem
2086 4209 2145 4263 in
2326 4180 2482 4234 me”
2509 4196 2635 4234 cum
2669 4186 2835 4233 terra
2857 4195 2960 4233 sua
2985 4179 3171 4234 dedi"

475 4297 733 4354 vinculis
756 4271 1146 4364 cruciaverat,
1181 4311 1315 4349 eum
1345 4271 1632 4365 praevenit
1663 4271 1719 4350 et
1742 4271 1939 4350 securi
1973 4300 2146 4367 caput
2327 4288 2553 4342 Interea
2602 4286 2943 4340 \Nillelmus
2993 4285 3354 4350 Talavatius.
3391 4285 3683 4354 postquam
3708 4292 3734 4329 ³
3767 4271 3847 4367 ﬁll"

476 4387 612 4458 ejus
627 4390 964 4452 conterens,
985 4400 1123 4438 mox
1149 4399 1283 4438 eum
1298 4385 1649 4438 exanimavit
1666 4384 2145 4441 ibidem.Deinde
2255 4392 2387 4447 8110,
2421 4380 2481 4431 ut
2513 4392 2692 4446 supra
2724 4376 3057 4445 retulimus,
3090 4375 3162 4429 de
3184 4379 3350 4429 terra
3371 4390 3480 4429 sua
3511 4362 3849 4458 expulsusest,

476 4455 775 4531 flobertus
826 4472 1011 4527 frater
1066 4471 1200 4542 ejus
1243 4488 1373 4526 cum
1405 4473 1534 4526 suis
1567 4474 1821 4543 quadam
1851 4474 1944 4528 die
1987 4474 2145 4529 circa
2265 4466 2454 4520 miser
2484 4470 2541 4520 et
2574 4464 2959 4535 despicabilis
2990 4463 3269 4520 omnibus
3300 4480 3410 4535 per
3437 4464 3666 4517 aliorum
3701 4455 3853 4543 dom‘fs

475 4563 769 4620 Senceum
798 4562 1057 4631 praedam
1086 4536 1297 4630 rapuit,
1332 4563 1387 4615 et
1417 4561 1556 4615 dum
1585 4536 1839 4625 rediret,
1874 4579 1908 4616 a
1941 4578 2145 4632 perse-
2169 4607 2224 4638 ἢ
2253 4558 2352 4612 diu
2418 4559 2777 4627 pervagatus
2816 4558 2927 4610 est.
2978 4554 3067 4609 Ad
3100 4557 3451 4621 extremum,
3488 4545 3772 4621 Rogerium
3794 4536 3854 4638 .de

475 4607 769 4620 ννιιννυυι·
799 4607 1057 4631 ι’·νν“”“’···
1087 4607 1297 4630 ·“⁴·ι’“-·Ἶ
1335 4607 1386 4615 ν’
1420 4607 1556 4615 *η’-’σ-
1603 4607 1839 4625 ·ν“---ν-ι
1875 4607 1908 4616 υ·
1941 4607 2116 4632 ι’νιυν
2258 4607 2352 4612 ν---
2420 4607 2512 4627 τν-
2543 4607 2772 4627 --ήον-νπ-
2823 4607 2925 4610 -πή
3041 4607 3051 4609 ~
3110 4607 3121 4609 ν
3245 4607 3251 4608 γ
3343 4607 3368 4609 η
3438 4607 3450 4621 1
3577 4607 3609 4621 υ

475 4652 796 4726 quentibus
838 4650 1071 4703 villanis
1115 4650 1462 4703 vulneratus
1518 4651 1715 4703 statim
1773 4652 2007 4706 interiit.
2051 4653 2144 4709 Ad
2166 4607 2224 4672 Β
2253 4649 2448 4704 Monte
2477 4647 2780 4703 Gummeri
2809 4645 3065 4716 expetiit,
3099 4645 3271 4715 eique
3295 4642 3474 4697 filiam
3506 4653 3661 4695 suam
3681 4629 3855 4688 nomine

473 4724 743 4797 ultimum
756 4736 1441 4810 AvesgotusCambeiam
1456 4740 2145 4810 superAlbertumGirar-
2253 4738 2548 4793 Mabiliam
2596 4740 2807 4807 sponte
2838 4735 3066 4803 obtulit,
3099 4736 3156 4787 et
3185 4747 3423 4787 omnem
3453 4743 3619 4800 quem
3646 4724 3754 4794 ipse
3775 4726 3851 4787 ll“0

475 4830 535 4885 di
555 4829 803 4885 Fleitelli
822 4826 1466 4897 ﬁliumintravit,ibique
1483 4828 1716 4882 militari
1746 4830 1908 4884 rabie
1932 4831 2148 4886 debac-
2253 4828 2511 4898 nequitia
2539 4826 2914 4898 segnitieque
2945 4838 3054 4877 sua
3084 4821 3451 4892 perdiderat,
3484 4819 3738 4873 honorem
3751 4819 3854 4861 con-

475 4918 639 4975 chari
662 4918 859 4989 coepit,
893 4916 999 4972 sed
1029 4915 1147 4987 pilo
1178 4915 1435 4986 desuper
1470 4917 1715 4988 emisso,
1746 4918 1806 4972 in
1840 4920 2026 4989 capite
2055 4921 2145 4974 ic-
2254 4918 2459 4973 cessit.
2494 4917 2567 4970 At
2596 4915 2700 4984 illi,
2734 4914 2836 4985 qui
2858 4913 3028 4969 fortis
3042 4914 3166 4966 erat
3186 4913 3243 4965 et
3264 4910 3513 4981 probus,
3558 4898 3852 4985 consilioqut

473 5011 572 5064 tus
625 5024 761 5063 mox
789 5007 981 5078 periit.
1016 5005 1168 5060 Ecce
1204 5006 1262 5059 in
1302 5005 1398 5059 his
1430 5021 1572 5061 vere
1596 5009 1949 5077 completum
1996 5009 2144 5064 vidi-
2252 5010 2538 5074 maturus,
2573 5005 2687 5059 hoc
2717 5002 2995 5073 placitum
3027 5000 3142 5055 sibi
3166 4999 3544 5070 profuturum
3586 4999 3797 5078 cernens
3813 4995 3850 5031 θι

474 5111 630 5166 mus,
656 5097 813 5167 quod
833 5096 1197 5151 audivimus:
1235 5095 1306 5149 Si
1318 5095 1860 5167 quistemplumDei
1887 5098 2144 5153 violave-
2254 5094 2547 5166 acquievit
2573 5094 2632 5146 in
2664 5091 2959 5147 omnibus.
2991 5090 3195 5161 Ipsum
3241 5101 3495 5157 namque
3525 5072 3851 5170 errabun-tlllﬂl

473 5182 581 5249 rit,
617 5163 925 5254 disperdat
956 5184 1118 5238 illum
1161 5163 1343 5239 Deus:
1383 5163 1671 5254 Raptores
1713 5202 1881 5257 ergo,
1926 5189 1981 5240 et
2026 5187 2143 5241 fra-
2252 5184 2313 5238 in
2342 5163 2515 5237 domo
2538 5198 2646 5236 sua
2677 5178 3233 5250 suscepit,ejusquc
3260 5180 3458 5231 natam
3517 5170 3626 5228 sibi
3654 5163 3853 5235 legitime

478 5270 676 5325 ctores
706 5272 1096 5327 ecclesiarum
1136 5273 1230 5327 sui
1266 5273 1548 5327 similium
1578 5274 1812 5329 interitu
1844 5279 2143 5345 comperto
2253 5272 2567 5342 copulavit.
2600 5270 2854 5325 Praefata
2886 5285 3027 5323 vero
3045 5268 3258 5322 mulier
3284 5269 3411 5320 erat
3444 5270 3676 5331 corpore
3702 5257 3851 5345 p91“:

477 5361 746 5426 caveant,
766 5375 860 5427 ne,
880 5361 1017 5414 dum
1035 5361 1249 5415 similia
1265 5365 1617 5431 perpetrant,
1646 5363 1825 5416 simili
1844 5331 2144 5432 punitione
2250 5362 2618 5431 multumque
2683 5360 2922 5431 loquax,
2977 5357 3049 5412 ad
3079 5357 3296 5411 malum
3357 5354 3504 5408 satis
3548 5344 3786 5432 prompti
3820 5331 3856 5383 εί

474 5444 713 5501 tandem
736 5425 1003 5517 pereant.
1036 5449 1106 5503 Et
1139 5452 1191 5504 si
1221 5425 1435 5504 munda
1463 5425 1830 5520 prosperitas
1844 5425 2146 5521 paululum
2253 5466 2439 5522 sagax
2454 5425 2627 5520 atque
2642 5425 2827 5503 face-ta
2851 5425 3212 5517 nimiumque
3230 5442 3489 5499 crudelis
3503 5425 3854 5522 θιευάειρξηῗ

477 5549 585 5591 eos
608 5511 938 5604 comitatur,
972 5553 1089 5591 non
1122 5538 1256 5592 inde
1290 5511 1491 5593 securi
1523 5511 1873 5611 glorientur.
1908 5540 2030 5595 Illis
2061 5541 2148 5595 ni-
2252 5511 2597 5593 succedenti
2624 5540 2887 5605 tempore
2910 5511 3170 5606 quinque
3212 5532 3371 5586 ﬁlios
3401 5531 3457 5585 et
3488 5511 3851 5611 quatuor-ﬁlias.

475 5623 691 5679 mirum
723 5624 881 5679 scire
903 5626 1195 5695 convenit,
1229 5628 1386 5697 quod
1433 5593 1631 5683 mubdi
1664 5629 1944 5701 gaudium
1976 5630 2145 5700 quasi
2262 5627 2492 5699 peperit
2548 5641 2805 5697 quorum
2859 5623 3097 5679 nomina
3135 5622 3266 5676 haec
3321 5622 3499 5673 sunt:
3542 5607 3796 5701 Roberttl.s

479 5711 684 5774 fumus
705 5713 779 5770 ad
810 5712 1108 5769 modicum
1130 5685 1363 5786 transit,
1380 5732 1447 5770 ac
1468 5685 1918 5785 permansurum
1931 5685 2146 5775 moero-
2251 5685 2449 5789 I‘iu‘go,
2485 5685 2788 5789 Rogerius
2819 5713 3185 5784 Pictavinus,
3211 5708 3517 5781 Philippus
3534 5685 3856 5759 etArnulqu;
