3940 6174
171 362 261 426 857

470 351 880 415 HISTORI/E
924 350 1720 414 NOR'I‘HMANNORUM
1766 351 1997 415 LIBRI
2044 353 2286 416 OCTO.
2327 389 2399 400 —
2434 354 2680 417 LIBER
2722 357 3150 422 SEPTIMUS.

3411 361 3527 425 858

169 567 339 632 Emme,
366 560 656 629 Mathildis,
691 561 925 615 Mabilia
960 563 1016 616 et
1046 562 1289 632 Sybilla.
1319 562 1425 615 Hae
1452 561 1744 631 siquidem
1778 542 1833 602 Α
1873 559 2145 613 Brioeum
2173 559 2435 629 expetiit,
2471 560 2527 613 in
2560 576 2674 631 quo
2707 561 3003 616 obseratis
3026 567 3324 633 portarum
3354 584 3527 637 repa-

166 656 329 709 t‘ratres
349 666 473 705 suos
490 650 748 703 moribus
762 655 1226 720 praecesserunt.
1250 651 1396 704 Nam
1415 650 1676 719 dapsiles
1693 652 1749 703 et

167 743 391 807 honestze,
415 754 473 791 ac
493 736 755 791 effabiles
779 738 1140 808 pauperibus
1159 743 1215 793 et
1236 739 1564 808 monachis,
1590 738 1748 792 aliis-

164 846 249 901 que
272 828 435 883 servis
455 825 554 879 Dei
576 826 831 881 fuerunt.
852 826 939 880 Illi
962 843 1105 882 vero
1128 827 1346 882 ferales
1370 832 1424 881 et
1442 827 1659 897 cupidi,
1683 844 1750 881 ac

160 920 345 987 inopum
355 914 522 969 rabidi
534 930 928 984 oppressores
942 917 1318 971 exstiterunt.
1335 917 1518 981 Quam
1533 916 1748 985 callidi,

156 1007 224 1060 vel
239 1005 495 1071 militares,
520 1018 627 1057 seu
646 1004 855 1073 perﬁdi
879 1005 1117 1075 fuerint,
1142 1008 1237 1058 aut
1261 1008 1541 1075 quantum
1569 1019 1751 1074 super

154 1094 331 1147 vicinos
364 1106 637 1162 paresque
669 1108 815 1146 suos
847 1093 1239 1163 excreverint,
1273 1093 1605 1164 iterumque
1638 1092 1750 1146 sub

152 1182 216 1236 eis
230 1196 315 1250 pro
335 1179 676 1234 facinoribus
699 1181 828 1234 suis
854 1181 1204 1249 deciderint,
1227 1197 1341 1235 non
1361 1186 1453 1235 est
1479 1184 1752 1235 nostrum

156 1270 199 1323 in
221 1269 312 1323 hoc
336 1269 453 1322 loco
475 1284 774 1338 enararre,
798 1269 898 1340 qui
914 1270 1272 1324 deerivimus
1296 1270 1569 1324 Willelmi
1584 1270 1753 1323 ducis

151 1357 305 1429 magni
339 1360 492 1428 gesta
537 1358 869 1427 propalare.
916 1356 1303 1429 Quapropter,
1338 1359 1457 1413 illis
1501 1359 1751 1427 relictis,

151 1461 268 1499 nunc
286 1444 453 1515 stylus
483 1445 698 1517 figatur
724 1446 784 1499 in
812 1446 1058 1516 praefixa
1089 1447 1245 1501 serie
1271 1446 1653 1501 narrationis.

674 1550 928 1606 CAPUT
970 1552 1151 1605 XVII.

150 1657 274 1720 Quod
295 1664 502 1711 mortuo
519 1657 768 1728 Hugone
785 1658 1058 1728 episcopo
1086 1658 1423 1729 Bajocensi,
1458 1658 1581 1712 dux
1610 1656 1757 1711 Wil-

196 1744 373 1799 lelmus
404 1737 656 1800 Odon'em
704 1745 957 1800 fratrem
989 1762 1153 1799 suum
1196 1747 1490 1801 uterinum
1537 1747 1752 1801 subro-

195 1835 371 1904 gavit;
405 1841 458 1889 et
483 1834 557 1888 de
586 1833 747 1889 bello
778 1834 929 1906 apud
970 1834 1325 1890 Valedunas.

194 1921 348 1993 Igitur
361 1922 470 1976 dux
487 1921 611 1992 jam
636 1923 779 1976 flore
811 1937 1070 1977 vernans
1103 1922 1753 1995 gratissimaajuveniu-

141 2009 213 2076 tis,
241 2009 437 2064 cultum
464 2010 569 2064 Dei
602 2011 778 2079 coepit
807 2011 1077 2065 ultroneo
1109 2012 1289 2066 corde
1321 2012 1613 2082 amplecti,
1639 2013 1752 2065 im-

138 2096 409 2165 peritorum
438 2113 674 2168 quoque
692 2098 1076 2153 contubernia
1098 2115 1130 2152 a
1154 2116 1220 2154 se
1252 2100 1554 2154 eliminare
1578 2104 1633 2154 et
1650 2116 1751 2154 sa-

139 2184 349 2251 pientum
378 2186 646 2240 consiliis
676 2187 778 2253 uti,
810 2186 1044 2241 bellicis
1063 2188 1246 2241 rebus
1265 2189 1504 2257 pollere,
1531 2192 1587 2243 et
1608 2205 1749 2258 pru-

138 2270 292 2326 dentia
321 2275 588 2328 saeculari
638 2275 862 2346 vigere.
897 2275 1067 2329 Circa
1105 2276 1233 2331 haec
1272 2280 1535 2346 tempora
1576 2278 1751 2349 Hugo

134 2360 260 2415 ﬁlius
278 2362 563 2432 Rodulphi
582 2363 838 2433 comitis,
854 2364 1206 2434 Bajocensis
1230 2366 1566 2435 episcOpus,
1585 2366 1748 2436 obiit,

136 2450 178 2500 et
214 2448 315 2503 dux
359 2451 705 2520 praedictum
750 2452 1153 2521 episcopatum
1197 2452 1384 2507 Odoni
1434 2454 1603 2508 fratri
1642 2470 1751 2509 suo

134 2540 531 2593 commendavit.
551 2539 851 2594 Prmfatus
869 2545 1064 2595 autem
1080 2541 1204 2595 Odo
1223 2546 1282 2595 ut
1304 2543 1527 2611 praesul
1551 2558 1755 2597 conse-

135 2628 295 2679 cratus
324 2626 443 2695 fuit,
466 2628 874 2698 pontiﬁcalem
905 2630 1220 2683 ecclesiam
1240 2631 1295 2682 in
1320 2630 1600 2685 honorem
1626 2647 1757 2686 san-

136 2716 221 2768 ctaa
258 2714 352 2769 Dei
391 2717 707 2788 genitricis
753 2718 952 2772 Mariae
990 2734 1204 2773 novam
1247 2719 1427 2786 auxit,
1467 2723 1755 2791 auctoque

135 2800 439 2858 clericorum
469 2821 720 2861 numero
742 2806 1068 2875 peritorum
1086 2808 1359 2862 etmultis
1392 2810 1755 2863 ornamentis

129 2891 428 2947 mirabiliter
440 2894 669 2949 ditavit.
693 2894 827 2965 Ipse
842 2910 983 2949 vero
999 2895 1121 2950 fere
1140 2896 1563 2969 quinquaginta
1584 2898 1755 2951 annis

126 2976 171 3030 in
192 2981 510 3051 episcopatu
544 2984 715 3037 vixit.
742 2984 871 3037 Dux
896 2988 1089 3039 autem
1112 2986 1247 3039 dum
1268 2986 1466 3039 multis
1495 2986 1754 3055 probita-

126 3069 219 3120 tum
259 3073 584 3126 commodis
633 3072 894 3143 quotidie
954 3077 1381 3144 augmentatur,
1443 3074 1755 3144 quemdam

124 3156 381 3212 crudelem
403 3162 719 3213 convivam
739 3164 1016 3229 expertus
1049 3164 1160 3230 est,
1187 3161 1504 3216 W’idonem
1524 3163 1754 3217 scilicet

1862 648 2043 718 gulis,
2093 648 2338 717 cupiens
2383 648 2643 715 liberari,
2697 665 2762 702 se
2814 652 3150 721 aliquandiu
3209 656 3524 712 obstruxit.

1860 738 2043 800 Quem
2100 736 2238 806 dux,
2299 752 2442 808 rege
2490 736 2795 791 Franciam
2853 744 3171 811 repetente,
3241 761 3527 816 prospere

1864 824 2195 893 insecutus,
2221 826 2371 879 intra
2391 826 2670 879 ambitum
2692 829 2880 898 sepsit
2901 830 3229 900 obsidione,
3250 834 3523 890 stabilita-

1860 912 1939 965 tis
1971 914 2396 967 munitionibus
2419 914 2476 967 in
2509 917 2754 985 utraque
2776 920 2938 985 parte
2962 918 3220 975 fluminis
3239 924 3527 977 vocabulo

1864 1000 2032 1055 Rifle.
2070 1002 2292 1056 Videas
2322 1003 2588 1072 profecto
2626 1004 2795 1057 Wido
2843 1021 2909 1059 se
2941 1007 3101 1062 nullo
3133 1014 3305 1078 pacto
3337 1028 3366 1064 a
3398 1012 3528 1067 loco

1861 1088 2124 1160 effugere
2158 1106 2357 1159 posse,
2388 1092 2668 1147 astrictus
2695 1094 2864 1148 famis
2891 1096 3234 1165 calamitate,
3262 1116 3367 1169 per
3384 1103 3524 1155 ami-

1864 1194 1969 1231 cos
1992 1179 2336 1247 compulsus
2368 1184 2459 1233 est
2490 1182 2760 1252 supplex,
2797 1187 2852 1237 et
2883 1187 3188 1240 commissi
3209 1191 3521 1259 paenitens,

1862 1266 1996 1336 ejus
2017 1267 2383 1321 clementiam
2416 1273 2713 1338 expetere.
2734 1270 2921 1343 Cujus
2954 1275 3092 1340 dux,
3126 1292 3368 1332 suorum
3389 1296 3527 1335 con-

1863 1356 2043 1423 sultu,
2077 1355 2335 1410 miseriae
2368 1358 2667 1427 misertus,
2710 1361 3030 1417 clementer
3065 1365 3146 1418 illi
3178 1369 3440 1435 pepercit
3468 1374 3525 1423 et

1862 1447 2101 1513 recepto
2151 1445 2394 1500 castello
2428 1447 2623 1501 Brioei
2660 1465 2795 1503 cum
2828 1452 2958 1505 suis
3001 1454 3346 1509 domesticis
3392 1473 3528 1511 eum

1863 1547 2103 1586 manere
2144 1532 2203 1586 in
2236 1534 2408 1588 domo
2442 1551 2549 1589 sua
2574 1536 2779 1606 jussit.
2832 1538 3283 1612 Conspicientes
3329 1546 3526 1617 itaque

1864 1621 2061 1674 cuncti
2091 1621 2420 1692 Optimates,
2455 1625 2557 1695 qui
2600 1627 2903 1682 deviarant
2948 1646 2979 1683 a
3029 1632 3197 1687 ducis
3226 1633 3523 1706 fidelitate,

1864 1708 2028 1763 illum
2073 1725 2244 1764 omne
2290 1714 2633 1781 praesidium
2679 1716 2838 1787 fugae
2888 1720 3097 1787 partim
3126 1721 3523 1793 destruxisse,

1867 1798 2075 1866 partim
2093 1799 2525 1869 interclusisse,
2545 1804 2696 1857 datis
2710 1806 3021 1861 obsidibus
3036 1809 3226 1880 rigida
3260 1814 3386 1866 cola
3399 1812 3453 1867 ei
3466 1816 3528 1867 ut

1784 1892 1836 1954 Β
1869 1885 2104 1942 domino
2137 1903 2246 1942 suo
2266 1890 2604 1946 subdidere.
2630 1892 2725 1946 Sic
2751 1895 3011 1950 castellis
3036 1898 3253 1969 ubique
3271 1902 3524 1970 eversis,

1864 1974 2067 2029 nullus
2098 1976 2249 2030 ultra
2272 1993 2458 2033 ausus
2482 1983 2573 2034 est
2594 1984 2795 2035 contra
2818 1999 2951 2038 eum
2973 1985 3253 2041 rebellem
3271 1988 3529 2043 animum

1864 2064 2162 2135 detegere.
2214 2066 2568 2122 Praedictum
2614 2070 2811 2141 itaque
2857 2072 3079 2129 bellum
3119 2092 3270 2131 anno
3319 2077 3391 2132 ab
3434 2076 3529 2131 in-

1863 2154 2200 2209 carnatione
2239 2154 2472 2209 Domini
2500 2156 2635 2211 1047
2667 2157 2883 2214 factum
2917 2165 3027 2217 est.

2448 2262 2700 2317 CAPUT
2738 2266 2941 2321 XVIII.

1882 2346 2167 2408 Quomodo
2192 2350 2311 2404 dux
2329 2349 2657 2406 Willelmus
2673 2354 2917 2409 castella
2941 2356 3251 2413 Alencium
3274 2360 3528 2415 etDam-
3592 2394 3611 2405 -

1930 2439 2188 2494 frontem
2207 2456 2331 2512 quae
2363 2438 2706 2496 Goitl‘redus
2726 2458 2921 2498 comes
2945 2446 3194 2518 Andega
3206 2449 3408 2504 vensis
3430 2450 3528 2503 in-

1938 2532 2197 2596 vaserat,
2231 2529 2485 2600 recepit.

1932 2617 2389 2687 Andegavorum
2402 2633 2636 2689 quoque
2652 2622 3201 2680 comesGoitfredus
3215 2628 3529 2699 agnomine

1865 2705 2189 2774 Martellus,
2206 2706 2297 2758 vir
2307 2721 2417 2776 per
2431 2708 2623 2760 omnia
2638 2715 2938 2779 versutus,
2956 2714 3244 2782 quosdam
3259 2716 3529 2771 cladibus

1865 2794 2123 2848 diversis
2147 2794 2687 2851 etintolerabilibus
2711 2802 3092 2867 pressurisin
3104 2803 3298 2858 vicino
3319 2805 3532 2876 degen-

1863 2888 1955 2938 tes
1971 2883 2312 2954 frequenter
2324 2883 2547 2939 afﬂixit.
2568 2884 2655 2939 Ex
2668 2888 2883 2957 quibus
2902 2891 3172 2945 comitem
3185 2893 3533 2949 Tetbaldum

1865 2989 1898 3026 a
1926 2988 1993 3027 se
2031 2971 2438 3027 fraudulenter
2483 2977 2715 3043 captum
2746 2977 2965 3032 tamdiu
2988 2981 3274 3035 custodiae
3304 2983 3529 3037 manci-

1864 3062 2042 3132 pavit,
2093 3062 2279 3115 donec
2329 3063 2534 3117 urbem
2579 3063 2932 3120 Turonicam
2976 3070 3048 3123 ab
3101 3069 3200 3123 illo
3246 3070 3533 3125 violenter

1866 3155 2263 3221 extorqueret,
2317 3168 2449 3205 eum
2514 3154 2814 3208 nonnullis
2865 3157 3147 3211 castellis.
3202 3158 3310 3212 Hie
3359 3174 3527 3230 ergo,

123 3241 272 3299 suum
294 3247 560 3303 Rainaldi
600 3228 1086 3320 Burguhdionum
1118 3228 1371 3319 οότηίιίε,
1391 3252 1489 3321 qui
1521 3268 1654 3305 cum
1684 3266 1753 3305 eo
1786 3228 1838 3290 Ο
1867 3240 2091 3293 obortis
2122 3240 2308 3293 litium
2338 3241 2690 3311 quibusdam
2723 3243 3020 3314 fomentis,
3070 3248 3268 3299 contra
3302 3228 3529 3302 Willelé

119 3336 456 3400 apuerilibus
479 3338 659 3391 annis
690 3339 974 3393 educatus
1012 3338 1222 3408 fuerat,
1247 3343 1302 3393 et
1326 3340 1417 3393 cui
1456 3340 1591 3393 olim
1622 3355 1757 3395 con-

120 3420 579 3480 tuleratcastrum
608 3426 801 3481 Brioci
826 3428 994 3497 quasi
1020 3444 1263 3482 munere
1296 3429 1523 3483 firmius
1542 3430 1758 3483 astrin-

117 3511 294 3578 gendze
307 3514 636 3569 ﬁdelitatis.
661 3515 716 3569 Is
736 3516 950 3570 etenim
970 3516 1124 3571 fastu
1144 3516 1417 3570 innectus
1436 3518 1758 3587 superbiae,

120 3597 375 3665 plurimos
404 3619 699 3671 proceres
729 3605 891 3659 velut
922 3605 1182 3659 Absalon
1216 3605 1288 3660 ab
1323 3605 1458 3676 ejus
1486 3606 1764 3661 fidelitate

117 3688 262 3756 coepit
290 3695 567 3747 avertere
599 3696 655 3746 et
684 3692 744 3746 in
767 3709 893 3747 suae
926 3693 1189 3762 perﬁdiae
1212 3694 1497 3765 voragine
1522 3695 1763 3764 compli-

116 3780 276 3842 care';
334 3779 396 3833 in
425 3782 642 3835 tantun
697 3786 760 3834 ut
819 3781 1119 3853 Nigellum
1187 3781 1766 3838 Constantiniensem

113 3866 400 3930 praesidem
450 3869 513 3923 in
564 3869 678 3923 hac
737 3870 1181 3940 conspiratione
1223 3874 1584 3941 annecteret,
1636 3875 1691 3925 et
1735 3888 1768 3925 a

115 3954 333 4011 servitio
382 3958 549 4027 quod
587 3957 950 4013 electissimo
982 3959 1232 4028 principi
1263 3964 1767 4015 sacramentorum

112 4038 445 4114 obligatione
467 4046 750 4117 debebat,
773 4062 903 4100 eum
922 4046 1119 4101 multis
1135 4047 1266 4101 aliis
1291 4048 1557 4102 funditus
1575 4052 1769 4103 extur-

109 4126 269 4184 baret.
300 4132 715 4190 Considerans
762 4136 958 4206 itaque
992 4136 1492 4204 prudentissimus
1545 4137 1667 4191 dux
1700 4154 1767 4191 se

110 4215 388 4291 tantopere
419 4239 456 4277 a
486 4224 625 4278 suis
655 4223 919 4294 destitui,
956 4227 1012 4278 et
1042 4239 1145 4278 eos
1170 4238 1414 4278 suorum
1446 4226 1771 4295 mancipio-

110 4320 219 4359 rum
238 4311 793 4383 priesidiisjugiter
812 4312 1124 4367 robustius
1149 4313 1375 4383 vallari,
1403 4329 1618 4368 verens
1641 4330 1714 4368 ne
1739 4332 1770 4368 a

111 4396 396 4454 comitatus
428 4399 681 4472 fastigio
716 4401 1075 4473 abigeretur,
1105 4402 1354 4473 locoque
1372 4419 1486 4457 suo
1520 4403 1771 4459 aemulus

109 4481 223 4551 ejus
256 4487 721 4560 subrogaretur,
776 4490 1137 4544 necessitate
1171 4494 1410 4545 coactus
1447 4492 1768 4546 Henricum

1864 3346 2020 3384 mum
2064 3330 2273 3384 ducem
2313 3330 2489 3400 coepit
2545 3333 2818 3386 atrociter
2870 3334 3112 3403 moveri,
3170 3335 3531 3391 Northman-

1864 3420 2138 3490 niamque
2181 3419 2405 3487 rapinis
2440 3419 2818 3475 vehementer
2848 3422 3134 3492 demoliri,
3168 3424 3319 3478 intra
3360 3426 3530 3480 Dam-

1867 3508 2083 3563 frontis
2099 3512 2359 3561 castrum
2372 3508 2677 3562 seditiosis
2694 3510 3533 3578 custodibusimmissis.Quod

1869 3597 2007 3665 dux,
2024 3596 2274 3650 militare
2288 3596 2539 3650 vallatus
2554 3613 2747 3665 manu,
2772 3598 3002 3653 visendi
3021 3600 3263 3655 obtentu
3275 3618 3533 3674 aggres-

1872 3701 2000 3754 sus,
2036 3687 2305 3754 utipsum
2323 3685 2465 3739 vidit
2483 3686 2747 3756 scopulis
2771 3690 3116 3758 asperrimis
3147 3694 3203 3745 et
3224 3692 3533 3746 eminenti-

1806 3778 1820 3785 ’
1870 3775 1984 3829 bus
2007 3774 2065 3827 in
2087 3790 2234 3845 gyro
2271 3774 2694 3830 circumdatum
2724 3779 2780 3830 et
2800 3777 3218 3834 inaccessibile
3251 3780 3323 3834 ad
3345 3796 3535 3852 oppu-

1872 3862 2190 3933 gnandum,
2206 3863 2368 3916 vires
2387 3863 2926 3919 Northmannorum
2957 3867 3172 3921 accivit
3186 3871 3241 3922 et
3256 3869 3535 3924 firmissi-

1872 3952 1985 4005 mis
2000 3950 2260 4004 castellis
2276 3951 2415 4004 illud
2449 3953 2704 4019 strinxit,
2721 3968 2788 4006 ac
2802 3955 2995 4009 aditus
3011 3957 3357 4027 egrediendi
3390 3959 3537 4013 obs-

1870 4039 2151 4094 truxit.‘In
2166 4039 2343 4110 cujus
2357 4040 2661 4109 procinctu
2676 4040 2814 4095 dum
2827 4043 3167 4114 aliquandiu
3183 4050 3534 4120 moraretur,

1872 4144 2009 4183 ecce
2024 4128 2240 4182 adsunt
2252 4128 2681 4199 exploratores,
2699 4131 3006 4185 Alencium
3022 4137 3282 4187 castrum
3308 4137 3537 4207 absque

1872 4233 2117 4272 suorum
2133 4217 2480 4271 detrimento
2495 4234 2627 4271 eum
2642 4233 2852 4288 capere
2866 4235 3046 4289 posse
3061 4223 3539 4289 nuntiantes.Qui

1873 4308 2187 4361 confestim
2236 4306 2515 4360 custodes
2558 4307 2707 4360 intra
2753 4311 2947 4361 castra
2978 4309 3274 4379 disposuit
3317 4315 3538 4367 etcum

1875 4398 2138 4454 exercitu
2163 4399 2279 4452 tota
2309 4399 2479 4450 nocte
2510 4396 2781 4467 equitans
2811 4396 3069 4453 diluculo
3092 4398 3397 4455 Alencium
3430 4418 3537 4458 ve-

1876 4488 1980 4557 nit,
2015 4486 2117 4541 ubi
2157 4486 2217 4539 in
2248 4485 2500 4556 quodam
2539 4485 2858 4556 municipio
2901 4489 3065 4542 trans
3097 4489 3315 4544 ﬂumen
3343 4492 3537 4560 posito

108 4566 453 4630 Francorum
476 4592 689 4649 regem
706 4578 948 4647 expetiit
969 4594 1075 4648 pro
1096 4579 1765 4635 subveniendiobtentu.
1796 4574 1848 4634 D
1881 4576 2168 4649 quosdam
2218 4591 2284 4629 se
2316 4574 2591 4629 convitiis
2624 4575 3064 4632 subsannantes
3098 4580 3339 4649 reperit.
3372 4579 3539 4645 Quod

106 4658 247 4716 Tunc
266 4666 514 4720 tandem
534 4681 643 4719 rex
665 4681 891 4720 memor
916 4666 1189 4721 beneficii
1212 4668 1367 4737 quod
1396 4685 1425 4721 a
1447 4673 1612 4737 patre
1637 4669 1774 4740 ejus

110 4747 207 4802 sibi
250 4753 561 4822 quondam
591 4754 924 4824 impensum
956 4754 1168 4825 fuerat,
1200 4756 1364 4811 vires
1415 4757 1778 4812 Francorum

106 4836 260 4893 simul
299 4844 529 4915 coegit,
567 4845 622 4897 et
650 4842 1027 4898 Oximensem
1057 4846 1393 4899 comitatum
1423 4862 1780 4919 aggressus,

108 4922 428 4985 Valedunas
459 4932 648 5001 venit,
683 4932 784 4986 ubi
823 4932 1343 4988 innumerabilium
1375 4934 1771 4990 infectissimo

104 5022 448 5074 armatorum
464 5020 664 5074 animo
683 5022 1011 5075 exercitum
1030 5021 1254 5076 strictis
1275 5022 1492 5094 gladiis
1508 5025 1783 5093 praelium

106 5103 208 5156 sibi
248 5107 645 5163 intentantem
676 5107 936 5163 offendit.
968 5107 1228 5174 Quorum
1270 5109 1485 5165 eﬂ'eros
1520 5113 1771 5182 impetus

102 5206 191 5247 rex
221 5211 355 5250 cum
386 5198 553 5251 duce
575 5198 812 5252 minime
833 5197 1330 5270 perhorrescens,
1358 5200 1511 5255 facto
1532 5201 1783 5256 alterna-

105 5280 193 5334 tim
238 5285 503 5340 militum
556 5301 854 5341 concursu
886 5288 1102 5342 bellum
1134 5289 1446 5359 commisit,
1496 5293 1772 5362 tantaque

103 5381 196 5424 eos
225 5371 386 5429 illico
411 5378 626 5447 strage
649 5375 882 5445 delevit,
909 5380 971 5431 ut
993 5393 1144 5447 quos
1172 5377 1407 5449 gladius
1427 5395 1543 5433 non
1562 5380 1780 5435 exstin-

104 5457 196 5527 xit,
238 5460 362 5517 Deo
415 5462 802 5518 formidinem
846 5464 1155 5533 inferente,
1208 5466 1507 5537 fugientes
1552 5468 1771 5522 ﬂuvius

102 5540 253 5602 Olnm
281 5548 669 5606 absorberet.
703 5551 868 5606 Felix
893 5558 1143 5623 namque
1173 5569 1393 5625 pugna,
1426 5553 1482 5607 in
1520 5571 1635 5625 qua
1676 5556 1770 5610 die

103 5634 205 5689 sub
232 5652 350 5692 una
381 5642 746 5696 corruerunt
775 5643 1186 5711 protervorum
1219 5642 1464 5697 castella
1489 5645 1546 5699 et
1565 5642 1783 5699 facino-

97 5733 365 5784 rosorum
405 5727 730 5785 domicilia.
780 5727 954 5787 Wido
987 5732 1184 5788 autem
1232 5746 1265 5789 θ
1306 5731 1516 5806 praelia
1564 5732 1775 5806 lapsus

1880 4664 2166 4721 acerrime
2225 4664 2531 4719 concitatis
2580 4665 2825 4718 militum
2884 4667 3130 4737 animis,
3190 4684 3539 4740 expugnans

1882 4756 2229 4810 festinanter
2243 4754 2417 4823 cmpit
2430 4754 2685 4825 igneque
2708 4753 2924 4824 injecto
2941 4756 3275 4811 exitialibus
3289 4758 3539 4815 flammis

1882 4845 2182 4898 cremavit.
2216 4843 2500 4897 Illusores
2521 4859 2663 4897 vero
2686 4858 2881 4897 coram
2900 4845 3173 4899 omnibus
3195 4845 3344 4900 infra
3365 4848 3539 4904 Alen-

1883 4933 2036 4986 cium
2061 4931 2549 5000 consistentibus,
2576 4932 2848 4987 manibus
2871 4932 3086 5002 privari
3106 4932 3292 5004 jussit
3312 4939 3368 4990 et
3385 4937 3540 5006 pedi-

1882 5022 2016 5075 bus.
2034 5021 2157 5075 Nec
2171 5036 2355 5090 mora,
2381 5020 2535 5074 sicut
2552 5019 2841 5090 jusserat,
2864 5021 3101 5091 triginta
3123 5023 3239 5076 duo
3258 5024 3545 5081 debilitati

1882 5113 2038 5165 sunt.
2097 5110 2289 5164 Pelles
2342 5109 2496 5163 enim
2542 5112 2599 5163 et
2644 5124 2899 5163 renones
2948 5109 3020 5162 ad
3063 5109 3340 5180 injuriam
3370 5113 3542 5169 ducis

1880 5199 2683 5267 verberaverant,ipsumque
2698 5197 3082 5265 pelliciarium
3096 5199 3435 5271 despective
3447 5221 3546 5260 vo-

1881 5288 2222 5356 citaverunt,
2249 5302 2317 5341 co
2350 5286 2504 5357 quod
2537 5288 2812 5355 parentes
2844 5287 3048 5341 matris
3079 5288 3212 5359 ejus
3235 5291 3545 5360 pelliciarii

1879 5373 2303 5447 [pollinctores]
2335 5375 2697 5429 exstiterant.

1950 5463 2242 5518 Custodes
2256 5467 2449 5517 autem
2480 5461 2704 5516 castelli
2718 5465 2835 5516 tam
2849 5478 3123 5519 severam
3136 5469 3542 5524 austeritatem

1881 5554 2051 5608 ducis
2098 5554 2534 5625 cognoscentes
2566 5550 2907 5623 timuerunt,
2943 5556 2999 5608 et
3030 5570 3102 5609 ne
3133 5555 3348 5611 similia
3379 5560 3546 5627 pate-

1879 5645 2105 5714 rentur,
2137 5642 2296 5698 illico
2323 5643 2527 5713 portas
2551 5644 2928 5714 aperuerunt,
2955 5642 3209 5717 ducique
3235 5646 3546 5701 castellum

1879 5733 2287 5803 reddiderunt,
2346 5729 2633 5790 malentes
2689 5730 2834 5789 illud
2880 5731 3130 5791 reddere
3176 5748 3354 5806 quam
3413 5748 3547 5793 cum
