3940 6174
439 324 559 389 859

1134 322 1577 384 WILLELMI
1623 320 1989 384 CALCULI
2034 319 2728 384 GEMMETICENSIS
2772 321 3192 384 MONACHI.
3682 331 3775 394 860

441 542 689 582 suorum
719 526 980 597 periculo
1011 524 1418 580 membrorum
1444 525 1564 577 tam
1593 522 1799 595 gravia
1815 523 2106 577 tormenta
2134 506 2175 566 λ
2215 524 2755 580 Northmaunorum
2788 524 3126 580 Richardus
3157 524 3310 580 filius
3356 527 3514 597 primi
3540 528 3777 601 Richardi,

439 616 711 671 tolerare.
735 615 866 669 Dux
885 618 1077 669 autem
1095 614 1345 667 viriliter
1360 613 1454 666 his
1476 612 1752 682 peractis,
1776 611 2096 665 militibus-

439 723 555 778 que
567 706 698 760 suis
713 705 1097 772 intromissis,
1115 704 1425 758 celerrime
1440 702 1839 756 Damfrontem
1853 702 2102 772 repetiit.

439 795 763 849 Audientes
786 797 979 847 autem
1003 792 1411 846 Damfrontani
1428 792 1623 862 qualia
1655 791 1776 845 dux
1797 792 1927 845 suis
1951 807 2106 845 com-

439 882 805 957 militonibus
864 882 1128 937 intulerit
1172 884 1228 935 et
1278 881 1727 936 considerantes
1758 896 1825 934 se
1874 897 1907 933 a
1945 880 2105 934 nullo

439 971 850 1043 possejuvari,
879 986 947 1025 se
978 974 1033 1025 et
1052 970 1359 1025 castellum
1381 969 1514 1041 ejus
1527 969 1897 1023 tradiderunt
1916 968 2107 1022 domi-

440 1063 622 1117 natui.
669 1061 808 1116 Inde
862 1076 1005 1115 vero
1058 1060 1407 1114 custodibus
1454 1058 1667 1128 positis
1701 1057 2019 1128 egrediens
2052 1059 2109 1112 et

439 1150 728 1220 prolixius
756 1149 1006 1204 tendens
1025 1149 1097 1203 ad
1115 1148 1540 1203 confutandum
1559 1147 1830 1201 comitem
1859 1144 2110 1201 Goiﬂ‘re-

439 1239 598 1309 dum,
637 1240 961 1293 Ambreras
983 1236 1351 1310 [Amberras]
1382 1237 1562 1304 venit,
1588 1237 1788 1307 ibique
1807 1251 1990 1305 super
2007 1250 2110 1290 ora

438 1328 697 1383 ﬂuminis
721 1327 1029 1383 castellum
1064 1327 1340 1395 condidit,
1374 1326 1533 1397 quod
1560 1325 1856 1379 alimoniis
1880 1327 1936 1379 et
1953 1324 2111 1377 mili-

436 1418 595 1473 tibus
615 1417 984 1472 sufficienter
1014 1416 1282 1471 munivit.
1309 1413 1535 1478 Quibus
1558 1415 1836 1469 decenter
1859 1413 2111 1483 expletis

434 1507 641 1577 rebus,
695 1506 1131 1577 Rothomagum
1160 1503 1532 1574 metrOpolim
1581 1502 1985 1558 Nortmanuiae
2012 1516 2111 1556 re-

435 1611 692 1669 gressus
723 1598 835 1651 est.

1042 1681 1295 1736 CAPUT
1346 1681 1503 1736 XIX.

444 1774 606 1840 Quod
618 1775 885 1846 deposito
914 1771 1202 1825 Willelmo
1241 1769 1551 1825 Werlenco
1568 1770 1844 1825 comitatu
1856 1769 2112 1824 Merito-

2221 614 2450 668 cuidam
2481 613 2647 667 fratri
2676 614 2906 669 uterino
2937 615 3173 670 nomine
3203 614 3476 670 Willelmo
3497 618 3632 671 dedit
3647 621 3782 672 comi-

2216 705 2396 757 tatum
2417 706 2769 758 Aueensem.
2796 703 2906 758 Hic
2929 719 3001 757 ex
3020 704 3325 759 Lescelina
3345 707 3616 759 comitissa
3630 707 3783 761 habuit

2214 795 2336 846 tres
2360 792 2534 862 ﬁlios,
2553 793 2897 862 Robertum,
2912 792 3286 864 Willelmum,
3307 794 3590 864 l-Iugonem
3608 802 3783 865 postea,

2217 881 2561 951 episcopum
2578 882 3034 937 Luxoviensem.
3056 883 3278 937 Horum
3295 883 3508 937 medius
3519 882 3786 939 Willelmus

2218 973 2609 1040 cognomento
2633 971 2945 1040 Busacius,
2978 971 3255 1025 ducatum
3286 971 3400 1025 sibi
3420 972 3607 1025 volens
3640 972 3789 1025 vindi-

2217 1073 2377 1127 care,
2411 1060 2585 1127 coepit
2615 1064 2819 1114 contra
2857 1060 3066 1115 ducem
3098 1060 3273 1114 minis
3302 1062 3357 1113 et
3392 1060 3790 1115 infestationibus

2218 1148 2512 1202 cervicem
2544 1148 2798 1219 erigere.
2821 1148 3039 1203 Verum
3071 1149 3243 1204 fortis
3272 1149 3533 1219 princeps
3560 1148 3732 1204 nolens
3754 1151 3792 1203 ei

2217 1236 2449 1303 cedere,
2493 1237 2818 1291 exercitum
2855 1238 3245 1309 congregavit
3285 1241 3342 1292 et
3381 1242 3613 1292 castrum
3638 1238 3792 1306 Oncis,

2217 1326 2404 1380 donec
2435 1326 2579 1379 illud
2612 1329 2866 1395 caperet,
2899 1326 3151 1395 obsedit,
3185 1329 3358 1397 atque
3385 1326 3700 1381 Willelmum
3728 1341 3795 1381 re-

2218 1414 2431 1469 bellem
2464 1418 2779 1486 cognatum
2792 1431 2967 1469 suum
2993 1415 3271 1469 exsulare
3285 1415 3475 1486 coegit.
3488 1417 3557 1469 At
3580 1415 3663 1469 ille
3681 1415 3796 1468 Hen-

2218 1503 2408 1557 ricum
2428 1518 2631 1575 regem
2650 1503 3014 1558 Francorum
3036 1504 3297 1575 expetiit,
3323 1504 3413 1558 cui
3430 1504 3558 1574 quid
3574 1503 3673 1557 sibi
3690 1518 3798 1557 con-

2217 1592 2473 1662 tigisset,
2490 1591 2765 1646 flebiliter
2786 1593 3017 1646 retexit.
3042 1593 3171 1647 Rex
3183 1608 3327 1646 vero
3348 1593 3534 1662 ipsum
3551 1594 3717 1661 utpote
3730 1608 3801 1646 no-

2215 1681 2393 1735 bilem
2418 1696 2637 1752 genere
2659 1683 2714 1735 et
2736 1680 2922 1734 forma
2943 1681 3205 1749 militem,
3238 1680 3491 1753 benigne
3519 1681 3742 1750 suscepit
3761 1685 3801 1735 et

2216 1769 2535 1824 infortunio
2567 1769 2701 1841 ejus
2734 1770 3056 1825 condolens
3089 1770 3427 1824 comitatum
3451 1770 3749 1824 Suessionis
3765 1770 3802 1822 ei

510 1864 600 1932 lii,
626 1862 950 1917 Robertum
967 1861 1262 1915 uterinum
1282 1860 1535 1913 fratrem
1554 1875 1718 1913 suum
1737 1857 2108 1929 subrogavit.
2133 1879 2180 1940 Β
2218 1874 2350 1912 cum
2381 1859 2631 1930 quadam
2652 1859 2835 1913 nobili
2858 1861 3115 1931 conjuge
3136 1858 3359 1914 tribuit.
3387 1858 3471 1912 Ex
3483 1876 3585 1929 qua
3602 1860 3804 1928 postmo-

511 1954 729 2008 Eadem
742 1948 1429 2019 tempestateWillelmus
1444 1946 2111 2020 cognomentoWerlen-

442 2060 551 2099 cus
573 2042 645 2096 de
664 2041 847 2110 stirpe
872 2037 1153 2093 Richardi
1182 2037 1400 2108 magni,
1428 2052 1630 2091 comes
1654 2039 1783 2091 erat
1808 2035 2107 2090 Moritolii.

442 2134 532 2188 Ad
571 2146 704 2186 eum
739 2127 1053 2199 aliquando
1077 2121 1316 2197 quidam
1346 2126 1458 2179 tiro
1478 2127 1550 2180 de
1586 2125 1804 2180 familia
1836 2140 1965 2194 sua,
1999 2139 2110 2179 no-

440 2222 596 2276 mine
628 2219 929 2274 Robertus
962 2215 1136 2286 Bigot
1162 2215 1476 2282 accedens,
1510 2215 1590 2269 ait
1623 2230 1634 2269 ε
1676 2238 1697 2261 ιι
1746 2214 2108 2284 Pauperpate

336 2350 357 2364 .
439 2323 695 2380 premor,
712 2304 945 2360 domine
963 2303 1063 2372 mi,
1085 2305 1140 2356 et
1155 2302 1215 2355 in
1234 2301 1345 2356 hac
1358 2302 1546 2372 patria
1563 2317 1794 2373 nequeo
1815 2306 2110 2373 quaestum

440 2397 583 2451 mihi
613 2393 1023 2450 necessarium
1055 2390 1293 2445 lucrari.
1336 2390 1709 2461 Quapropter
1737 2391 1835 2446 ibo
1863 2407 2019 2446 nunc
2049 2391 2110 2446 in

440 2485 731 2555 Apuliam,
754 2485 817 2536 ut
846 2480 1067 2536 ibidem
1098 2480 1509 2534 honorabilius
1528 2479 1742 2534 vivam.
1770 2503 1792 2527 ι»
1827 2480 1935 2535 Cui
1957 2480 2108 2534 VVil-

439 2573 653 2628 lelmus
683 2571 807 2625 ait:
873 2592 893 2617 α
925 2568 1070 2634 Quis
1117 2568 1223 2622 tibi
1266 2568 1380 2623 hoc
1420 2569 1763 2638 persuasit?
1796 2588 1818 2617 ι
1879 2570 1955 2622 At
2009 2568 2105 2623 ille

440 2660 747 2731 respondit
780 2675 791 2714 :
845 2679 866 2705 α
918 2658 1176 2712 Penuria
1204 2672 1380 2727 quam
1411 2658 1620 2726 patior.
1655 2680 1676 2705 υ
1721 2657 1931 2711 Comes
1962 2673 2104 2712 vero

440 2750 584 2805 dixit
614 2765 662 2804 :«
699 2748 761 2802 Si
782 2746 925 2801 mihi
942 2746 1183 2801 credere
1213 2745 1327 2814 vis,
1362 2746 1457 2799 hic
1489 2745 1801 2800 nobiscum
1830 2761 2103 2800 remane-

438 2838 558 2893 bis.
592 2838 741 2891 Nam
766 2838 879 2890 tale
903 2840 1134 2905 tempus
1157 2837 1289 2889 ante
1320 2834 1620 2905 octoginta
1652 2834 1781 2888 dies
1804 2834 1863 2888 in
1880 2835 2103 2889 North-

438 2927 674 2982 mannia
714 2925 986 2994 habebis,
1020 2926 1083 2978 ut
1111 2939 1361 2995 quaeque
1391 2923 1497 2978 tibi
1529 2923 1870 2978 necessaria
1911 2924 2102 2979 oculis

436 3016 683 3086 videris,
718 3015 955 3085 impune
976 3013 1249 3067 manibus
1272 3028 1479 3082 rapere
1500 3013 1744 3083 poteris.
1774 3036 1795 3061 η
1835 3013 1936 3067 Ille
1958 3028 2099 3067 vero

437 3104 656 3159 domini
686 3104 925 3158 monitis
956 3103 1369 3172 acquiescens,
1404 3104 1737 3157 remoratus
1762 3104 1869 3167 est,
1907 3104 2101 3156 etnon

435 3194 616 3249 multo
630 3194 765 3264 post
776 3208 881 3263 per
904 3191 1262 3246 Richardum
1275 3190 1766 3245 Abrincatensem
1783 3192 2099 3262 cognatum

436 3298 612 3338 suum
624 3281 1078 3337 familiaritatem
1109 3280 1280 3335 ducis
1305 3283 1666 3335 consecutus
1690 3281 1800 3333 est.
1815 3279 1944 3349 Qui,
1961 3280 2099 3333 dum

435 3372 687 3444 quadam
699 3371 791 3425 die
806 3369 1080 3441 privatim
1106 3370 1447 3439 loqueretur
1478 3384 1610 3422 cum
1628 3368 1799 3439 duce,
1813 3368 1965 3423 inter
1987 3369 2099 3424 alia

434 3460 853 3531 praescriptum
902 3457 1187 3511 Willelmi
1218 3457 1451 3511 comitis
1483 3457 1731 3511 verbum
1781 3458 1835 3511 ei
1877 3458 2094 3514 retulit.

435 3550 568 3602 Dux
588 3550 782 3602 autem
804 3546 1168 3600 Willelmum
1186 3546 1258 3599 ad
1271 3560 1338 3599 se
1352 3546 1586 3600 vocavit
1603 3549 1658 3600 et
1679 3562 1785 3600 cur
1801 3546 2099 3617 ejusmodi

435 3650 770 3691 sermonem
809 3634 1175 3704 protulisset,
1201 3634 1607 3706 interrogavit.
1643 3636 1718 3688 At
1747 3634 1844 3689 ille
1866 3651 1976 3690 nec
2003 3652 2098 3693 ne-

434 3740 578 3797 gare
606 3725 809 3794 potuit,
829 3738 1022 3793 neque
1053 3722 1434 3777 intentionem
1454 3723 1594 3777 dicti
1615 3723 1917 3779 declarare
1939 3741 2097 3795 prae-

435 3814 710 3882 sumpsit.
734 3811 820 3866 Ob
852 3810 965 3865 hoc
995 3812 1179 3865 iratus
1211 3811 1326 3865 dux
1348 3812 1427 3865 ait
1460 3826 1473 3866 :
1503 3834 1525 3859 ιι
1551 3810 1862 3867 Seditiosis
1882 3812 2097 3867 tumul-

430 3901 593 3957 tibus
621 3899 1106 3955 Northmanniam
1136 3900 1452 3970 pertubare
1484 3901 1871 3955 decrevistiet
1894 3903 2097 3956 contra

431 4006 525 4045 me
554 3990 853 4044 rebellans
876 4005 968 4043 me
990 3989 1261 4059 nequiter
1291 3990 1675 4044 exhaaredare
1706 3989 2091 4059 disposuisti;

430 4079 683 4149 ideoque
713 4077 1016 4149 rapacitati
1056 4080 1288 4148 tempus
1318 4094 1507 4150 egeno
1543 4078 1712 4132 militi
1742 4079 2090 4149 promisisti.

429 4167 546 4222 Sed
564 4168 876 4223 uobiscum
893 4167 1046 4222 dono
1059 4167 1377 4236 Creatoris,
1402 4170 1463 4221 ut
1480 4167 1838 4238 indigemus,
1862 4171 2096 4223 maneat

428 4274 546 4327 pax
582 4258 884 4328 perennis.
935 4257 1021 4311 Tu
1065 4260 1257 4311 autem
1308 4272 1341 4311 e
1386 4256 1810 4311 Northmannia
1851 4257 2091 4313 discede

428 4348 780 4417 quantocius
811 4349 867 4401 et
890 4347 1005 4400 huc
1035 4345 1174 4400 dum
1203 4346 1410 4401 vixero
1435 4362 1506 4400 ne
1535 4346 1746 4400 redeas
1770 4346 2086 4400 ulterius.»

428 4434 730 4490 Willelmo
758 4436 955 4506 itaque
988 4435 1238 4504 expulso
1275 4438 1331 4489 et
1362 4434 1636 4505 Apuliam
1673 4435 2092 4490 miserabiliter

426 4526 660 4593 petente
704 4539 838 4578 cum
868 4539 984 4577 uno
1013 4526 1237 4577 tantum
1268 4524 1586 4594 armigero,
1623 4523 1745 4578 dux
1775 4522 2091 4577 confestim

427 4613 752 4667 Robertum
783 4611 1024 4667 fratrem
1054 4629 1228 4667 suum
1259 4612 1599 4667 sublimavit
1645 4612 1817 4683 eique
1849 4612 2091 4667 Morito-
2119 4598 2173 4661 Ι)

424 4699 676 4757 liensem
708 4701 1047 4756 comitatum
1085 4700 1309 4755 tribuit.
1354 4700 1451 4755 Sic
1492 4701 1749 4755 tumidos
1782 4701 1873 4755 sui
1904 4701 2092 4771 patris

424 4794 702 4861 parentes
733 4806 947 4860 aspere
964 4789 1306 4861 prostravit,
1331 4788 1707 4861 humilesque
1731 4789 1940 4844 matris
1964 4805 2091 4844 suae

423 4878 790 4949 propinquos
822 4877 1246 4931 honorabiliter
1276 4876 1571 4931 exaltavit.
1592 4876 1901 4947 Caeterum,
1937 4878 2093 4930 sicut

424 4967 484 5021 in
507 4967 738 5038 vulgari
760 4966 1074 5038 proverbio
1099 4965 1331 5033 dicitur,
1348 4964 1573 5019 Stultus
1592 4981 1704 5019 non
1730 4966 1952 5036 verbis,
1973 4980 2090 5020 non

425 5056 731 5126 exemplis,
757 5056 864 5110 sed
886 5055 1079 5126 plagis
1092 5055 1193 5108 vix
1211 5054 1547 5124 corrigitur,
1574 5070 1683 5108 nec
1700 5053 2086 5125 pertimescit,

425 5145 611 5199 donec
643 5145 811 5200 diros
830 5147 984 5199 ictus
1016 5143 1227 5213 accipit
1255 5159 1266 5198 :
1300 5143 1533 5214 quodin
1550 5142 2089 5214 subsequentiluce

424 5233 645 5286 clarius
668 5234 971 5303 apparebit
1000 5233 1291 5303 exemplo.

1037 5320 1288 5375 CAPUT
1336 5321 1463 5375 XX.

423 5405 512 5462 De
535 5407 867 5462 rebellione
899 5408 1177 5462 WiIIelmi
1205 5409 1446 5462 Bucacii
1477 5408 1711 5463 comitis
1752 5408 2081 5474 Aueensis;

495 5501 555 5550 et
584 5496 734 5569 quod
759 5497 915 5551 idem
944 5496 1119 5551 exsul
1144 5497 1218 5551 ab
1238 5497 1500 5552 Henrico
1537 5513 1685 5569 rege
1713 5497 2085 5553 Francorum

494 5586 828 5642 comitatum
844 5584 1285 5641 Suessionicum
1299 5586 1448 5641 dono
1462 5586 1711 5658 accepit.

493 5672 821 5750 Siquidem,
837 5678 899 5730 ut
910 5674 971 5731 in
982 5674 1395 5745 superioribus
1418 5674 1951 5749 manifestavimus,
1965 5675 2086 5733 dux

2126 3234 2179 3302 ϐ

2214 1947 2350 2000 dum
2370 1948 2671 2019 egregiam
2694 1947 2960 2018 prolemj
2970 1965 3061 2001 am
3084 1948 3227 2002 felix
3249 1947 3423 2002 exsul
3459 1948 3693 2016 suscepit
3708 1962 3804 2016 quas

2212 2037 2399 2106 patris
2420 2036 2707 2091 honorem
2725 2052 2917 2107 usque
2939 2036 3116 2091 hodie
3133 2037 3412 2091 nobiliter
3423 2039 3585 2108 regit.
3604 2035 3805 2088 Tandem

2215 2124 2424 2195 ejectis
2454 2125 2549 2178 vel
2577 2126 2895 2195 prostratis
2926 2126 3381 2180 dissensionum
3410 2123 3806 2194 famulis,omnis

2217 2213 2645 2268 Northmannia
2687 2214 2910 2286 quievit
2938 2214 3051 2269 sub
3081 2214 3192 2268 alis
3223 2214 3545 2270 commodae
3568 2213 3729 2284 pacis.

2830 2320 3081 2375 CAPUT
3111 2321 3270 2376 XXI.

2222 2409 2384 2475 Quod
2413 2410 2536 2465 dux
2569 2408 2891 2464 WiIlelmus
2919 2410 3087 2464 duxit
3118 2410 3495 2476 Mathildem,
3526 2408 3685 2463 ﬂiam
3704 2406 3808 2461 Bal-

2352 2482 2517 2536 duini
2552 2480 2967 2545 Flandrensis,
3004 2486 3235 2552 neptem
3269 2480 3524 2536 Henrici
3542 2481 3705 2551 regis.

2280 2570 2411 2624 Jam
2442 2572 2590 2625 duce
2632 2569 2888 2640 juvenili
2930 2569 3146 2625 robore
3187 2571 3460 2642 vigente,
3506 2567 3811 2623 transcensis

2211 2661 2383 2714 annis
2438 2659 2876 2727 adolescentiae,
2923 2662 3230 2729 coeperunt
3279 2660 3585 2729 optimates
3629 2657 3740 2729 ejus
3762 2655 3812 2709 de

2218 2750 2605 2804 successione
2634 2747 2818 2818 prolis
2867 2764 2999 2802 cum
3031 2764 3099 2801 eo
3132 2749 3415 2802 attentius
3448 2749 3695 2801 tractare.
3723 2746 3814 2797 Au-

2210 2837 2381 2893 diens
2412 2841 2606 2892 autem
2646 2836 2995 2891 Balduinum
3029 2835 3329 2892 Flandriaa
3360 2837 3620 2891 comitem
3646 2834 3815 2887 habere

2209 2926 2387 2980 ﬁliam
2417 2927 2602 2998 regali
2634 2942 2707 2979 ex
2736 2941 2954 2998 genere
2977 2925 3463 2993 descendentem,
3497 2924 3705 2979 nomine
3731 2921 3816 2974 Ma-

2211 3015 2473 3081 thildem,
2506 3031 2753 3085 corpore
2794 3015 2964 3068 valde
2996 3014 3351 3086 elegantem,
3386 3015 3677 3084 animoque
3703 3012 3817 3064 libe-

2208 3105 2409 3173 ralem,
2431 3103 2603 3173 hane,
2636 3119 2883 3158 suorum
2915 3103 3188 3158 consultu
3218 3104 3430 3159 missis
3461 3103 3681 3174 legatis,
3702 3115 3819 3169 apa-

2206 3198 2294 3248 tre
2324 3193 2485 3262 petiit
2515 3206 2778 3245 uxorem.
2812 3190 2901 3243 Ex
2930 3189 3064 3261 ejus
3094 3192 3405 3261 proposito
3438 3190 3605 3244 animi
3625 3186 3818 3242 Baldui-

2205 3298 2320 3337 nus
2349 3284 2582 3349 satrapa
2613 3279 2926 3333 admodum
2974 3278 3244 3350 gavisus,
3278 3296 3403 3335 non
3436 3279 3603 3335 modo
3630 3276 3821 3348 petitam

2206 3372 2333 3426 dari
2361 3370 2642 3438 decrevit,
2677 3382 2885 3422 verum
2937 3368 3109 3422 etiam
3144 3384 3275 3422 cum
3325 3369 3660 3423 muneribus
3687 3366 3821 3419 innu-

2205 3458 2388 3514 meris
2419 3474 2549 3513 eam
2577 3457 2649 3511 ad
2680 3472 2872 3527 usque
2889 3455 3160 3511 Oncense
3191 3461 3461 3512 castrum
3474 3455 3713 3512 adduxit.
3732 3449 3823 3505 Ubi

2208 3550 2330 3603 dux
2358 3547 2603 3601 militum
2627 3545 2879 3615 stipatus
2901 3545 3156 3600 catervis
3177 3546 3440 3611 advenit,
3462 3546 3713 3615 illamque
3733 3537 3827 3596 sibi

2203 3637 2338 3709 jure
2370 3634 2668 3707 conjugali
2691 3634 3006 3704 despondit
3027 3637 3235 3689 etcum
3260 3636 3519 3689 maximo
3538 3630 3760 3703 tripudio
3775 3644 3821 3681 ac

2207 3725 2433 3780 honore
2462 3722 2819 3794 Rothomagi
2865 3722 3159 3777 mmnibus
3189 3722 3409 3778 intulit.
3443 3722 3646 3778 Genuit
3671 3723 3823 3773 autem

2205 3831 2279 3869 ex
2309 3830 2378 3868 ea
2408 3812 2751 3884 procedenti
2766 3815 3026 3882 tempore
3058 3812 3212 3866 filios
3235 3815 3523 3883 quatuor:
3547 3809 3824 3865 Robertum

2206 3904 2305 3975 qui
2336 3905 2471 3973 post
2502 3918 2635 3957 eum
2664 3902 2938 3956 ducatum
2958 3900 3411 3956 Northmanniae
3431 3898 3747 3970 aliquandiu
3764 3897 3824 3947 te-

2205 3992 2348 4058 nuit,
2385 3994 2442 4046 et
2471 3990 2847 4061 Willelmum,
2880 3990 2982 4061 qui
3011 4005 3200 4062 regno
3214 3991 3453 4062 Angliae
3474 3988 3737 4043 tredecim
3755 3997 3828 4036 an-

2205 4083 2299 4137 nis
2326 4081 2580 4152 praefuit,
2615 4084 2669 4134 et
2702 4080 3085 4147 Richardum,
3118 4079 3219 4150 qui
3244 4079 3494 4150 juvenis
3526 4075 3828 4142 decessit,et

2206 4171 2551 4238 Henricum,
2585 4169 2686 4239 qui
2717 4167 3021 4238 fratribus,
3047 4171 3163 4221 tam
3194 4168 3331 4239 regi
3349 4184 3527 4239 quam
3558 4164 3701 4233 duci,
3716 4176 3826 4215 suc—

2207 4260 2429 4328 cessit;
2474 4262 2530 4313 et
2562 4258 2713 4313 filias
2745 4260 3012 4328 quatuor.
3047 4257 3130 4310 De
3168 4258 3392 4328 quibus
3425 4256 3710 4323 omnibus,
3740 4255 3829 4304 tam

2202 4350 2349 4403 viris
2380 4364 2555 4420 quam
2586 4346 3012 4417 feminis,liber
3036 4347 3445 4417 subsequens,
3468 4346 3568 4418 qui
3588 4345 3653 4398 de
3673 4338 3828 4413 gestis

2202 4437 2560 4493 nobilissimi
2591 4435 2754 4508 regis
2804 4434 3045 4490 Henrici
3076 4435 3465 4506 inscribetur,
3496 4450 3602 4506 pro
3633 4425 3829 4487 modulo

2201 4528 2430 4597 nostro,
2462 4526 2583 4581 Deo
2615 4523 2952 4596 adjuvaute,
2984 4523 3388 4595 pertractabit.

2801 4631 3051 4687 CAPUT
3083 4630 3269 4685 XXII.

2198 4725 2286 4780 De
2314 4722 2700 4778 monasteriis
2721 4737 2845 4792 quae
2864 4718 3156 4792 aedificata
3180 4724 3318 4792 sunt
3346 4720 3412 4792 in
3430 4710 3827 4776 Northmannia

2631 4790 2892 4863 tempore
2927 4790 3209 4845 Willelmi
3239 4790 3434 4846 ducis.

2268 4886 2332 4939 In
2353 4884 2565 4939 diebus
2592 4882 2711 4936 illis
2727 4880 2979 4935 maxima
2998 4880 3165 4950 pacis
3204 4879 3602 4950 tranquillitas
3633 4872 3829 4930 fovebat

2204 4974 2537 5029 habitantes
2558 4973 2618 5026 in
2631 4969 3059 5025 Northmannia
3080 4972 3135 5022 et
3152 4969 3318 5023 servi
3332 4968 3440 5023 Dei
3470 4984 3503 5021 a
3518 4961 3829 5022 cunctisha-

2198 5064 2488 5119 bebantur
2516 5062 2577 5116 in
2608 5076 2837 5115 summa
2871 5056 3221 5112 reverentia.
3259 5057 3686 5128 Unusquisque
3706 5047 3830 5120 opti-

2199 5155 2418 5206 matum
2440 5150 2699 5205 certabat
2731 5150 2789 5202 in
2812 5147 3038 5218 praedio
3062 5162 3171 5201 suo
3196 5145 3491 5200 ecclesias
3506 5137 3830 5199 fabricareet

2199 5240 2525 5295 monachos
2555 5239 2780 5309 quipro
2814 5252 2880 5290 se
2903 5236 3086 5290 Deum
3108 5235 3392 5305 rogarent
3422 5233 3605 5286 rebus
3634 5229 3750 5284 suis
3771 5226 3832 5278 lo-

2200 5330 2522 5399 cupletare.
2548 5327 2618 5380 Et
2648 5327 2784 5397 quia
2815 5325 3074 5380 diximus
3106 5323 3338 5378 nobiles
3357 5335 3630 5393 quosque
3650 5312 3829 5371 North-

2197 5432 2545 5472 manuorum
2562 5420 2702 5469 tunc
2728 5413 3012 5484 temporis
3043 5412 3103 5467 in
3134 5411 3333 5465 fundis
3363 5411 3501 5465 suis
3533 5410 3591 5463 in
3610 5405 3828 5463 aediﬁca-

2195 5509 2354 5563 tione
2382 5505 2878 5562 monasteriorum
2899 5501 3397 5574 promptissimos,
3433 5500 3581 5553 libet
3608 5494 3827 5551 nomina-

2195 5604 2298 5658 tim
2313 5601 2646 5673 exprimere
2666 5615 2792 5670 eos,
2813 5598 2914 5670 qui
2934 5613 3002 5652 eo
3025 5601 3290 5667 tempore
3317 5591 3673 5648 monasteria
3690 5591 3745 5643 in
3755 5601 3829 5640 ea-

2194 5692 2328 5749 dem
2338 5690 2643 5764 provincia
2665 5689 3141 5745 construxerunt.
3164 5686 3426 5741 Primum
3448 5682 3631 5756 igitur
3644 5688 3826 5752 ponam
