3940 6174
172 312 260 376 861

474 299 903 363 ΗῙΞΤΟΒῙᾸΕ
929 298 1729 364 NORTHMANNORUM
1775 296 2004 361 LIBRI
2039 296 2284 361 OCTO.
2318 332 2395 345 —
2427 296 2681 362 LIBER
2711 298 3157 365 SEPTIMUS.

3400 302 3522 367 862

156 516 307 579 ipsum
329 503 507 558 ducem
549 499 915 555 Willelmum
942 504 1168 570 patrem
1212 500 1440 571 patriae,
1483 498 1583 570 qui
1613 513 1743 551 mo-
1766 479 1821 546 Ι
1854 496 2085 552 Sanctae
2116 497 2316 552 Mariae
2346 497 2702 569 Bajocensis
2735 502 2789 553 et
2819 499 3049 555 Sanctae
3083 502 3283 557 Mariae
3304 502 3521 558 Ebroi-

156 594 415 651 nasterium
441 589 633 644 Sancti
675 589 935 644 Victoris
965 589 1195 645 Ceracii
1227 604 1260 642 a
1299 590 1449 643 duce
1483 589 1743 643 Roberto

154 689 280 756 patre
297 697 406 749 suo,
420 682 723 749 antequam
741 678 1112 732 Hierusalem
1130 682 1408 750 pergeret
1422 678 1743 747 incoeptum

154 773 292 842 cmpit
313 772 361 824 et
384 767 761 838 propagavit;
812 782 1124 837 usquequo
1166 767 1294 836 ipse
1321 767 1746 820 monasterium

154 860 301 916 sancti
315 856 569 927 Stephani
588 858 646 909 et
674 872 826 909 uxor
847 854 979 925 ejus
996 856 1296 909 Mathildis
1321 856 1744 909 monasterium

150 950 333 1003 Sanctae
350 944 654 1013 Trinitatis,
679 944 1121 999 mdiﬁcaverunt
1137 944 1377 999 Cadoni.
1402 944 1744 999 Willelmus

150 1038 248 1091 viro
272 1036 407 1089 illius
424 1032 693 1099 Osberni,
719 1033 1090 1105 prepinquus
1122 1034 1291 1088 ducis
1323 1033 1630 1101 Willelmi,
1654 1033 1746 1086 vir

148 1128 313 1197 potens
340 1126 389 1176 et
426 1121 638 1176 virtute
668 1125 787 1176 tam
818 1122 995 1175 animi
1026 1137 1199 1192 quam
1245 1122 1515 1191 corporis
1545 1120 1743 1175 lauda-

148 1214 271 1281 bilis,
286 1211 385 1265 duo
411 1210 765 1264 monasteria
796 1210 856 1262 in
888 1209 1173 1265 honorem
1216 1210 1405 1265 beatae
1435 1210 1541 1265 Dei
1574 1211 1746 1281 geni-

147 1302 275 1356 tricis
300 1299 508 1368 Mariae,
542 1314 726 1353 unum
771 1299 923 1368 apud
972 1299 1172 1353 Liram
1202 1300 1261 1353 in
1293 1314 1407 1371 quo
1439 1299 1746 1353 Adelinam

146 1391 284 1445 ﬁliam
314 1388 540 1460 Rogerii
573 1388 645 1442 de
668 1387 889 1442 Toenio
913 1403 1159 1443 uxorem
1183 1404 1351 1442 suam
1372 1388 1748 1457 postmodum

142 1477 389 1549 sepelivit;
443 1477 690 1531 alterum
736 1477 890 1546 apud
928 1477 1276 1546 Cormelias,
1326 1477 1386 1531 in
1447 1493 1564 1548 quo
1619 1477 1747 1547 ipse

142 1570 360 1621 mortuus
413 1565 684 1619 conditus
740 1568 860 1635 est,
920 1564 1079 1620 fecit.
1128 1566 1425 1637 Rogerius
1473 1567 1647 1621 etiam
1677 1567 1749 1619 de

87 1711 96 1723 ,
143 1655 468 1722 Bcllomonte,
502 1654 663 1708 filius
702 1654 1001 1708 Humfridi
1044 1655 1116 1708 de
1157 1654 1413 1724 Vetulis,
1463 1655 1522 1708 in
1567 1654 1749 1711 fundo

141 1759 227 1798 suo
249 1742 499 1797 Pratellis
525 1743 645 1797 duo
676 1742 945 1797 coenobia
977 1742 1311 1812 aedificavit,
1340 1759 1519 1798 unum
1550 1758 1752 1797 mona-

143 1832 361 1898 chorum,
393 1832 639 1886 alterum
670 1832 1226 1885 sanctimonialium.

192 1921 453 1992 Rogerius
482 1921 556 1975 de
589 1920 786 1975 Monte
816 1920 1056 1975 Gumeri
1086 1923 1252 1989 pater
1286 1919 1531 1975 Roberti
1555 1920 1625 1974 de
1649 1920 1753 1975 Be-

136 2009 304 2078 lcsmo,
331 2009 642 2080 indignans
660 2009 851 2063 videri
868 2008 928 2062 in
950 2009 1146 2079 aliquo
1165 2007 1416 2062 inferior
1439 2008 1567 2063 suis
1592 2024 1749 2063 com-

136 2096 358 2165 paribus,
391 2096 447 2149 in
475 2096 766 2151 honorem
799 2096 985 2150 sancti
1019 2095 1251 2149 Martini
1277 2096 1750 2167 ecclesiasduas,

138 2200 279 2238 unam
305 2184 359 2237 in
388 2184 702 2256 Sagiensns
733 2184 902 2239 urbis
932 2184 1242 2252 suburbio,
1264 2184 1503 2238 alteram
1533 2185 1592 2238 in
1623 2187 1753 2241 vico

135 2287 222 2326 suo
249 2272 490 2327 Troardo
508 2272 791 2327 nobiliter
809 2276 1186 2341 construens,
1201 2288 1423 2344 greges
1440 2275 1753 2329 monacho-

131 2376 236 2415 rum
262 2362 463 2416 ibidem
496 2361 625 2416 Deo
656 2361 1013 2415 militaturos
1045 2362 1243 2430 posuit
1269 2378 1283 2432 ;
1314 2364 1542 2416 tertiam
1580 2364 1754 2418 etiam

133 2448 243 2504 fecit
267 2451 407 2521 apud
434 2450 859 2505 Almanochias
889 2451 961 2504 ad
1003 2466 1151 2519 opus
1198 2452 1751 2507 sanctimonialium.

133 2539 399 2593 Lescelina
429 2556 580 2595 vero
632 2540 936 2593 comitissa
964 2540 1282 2608 Aucensis,
1322 2540 1519 2611 adjuta
1551 2558 1582 2594 a
1614 2541 1755 2595 filiis

133 2626 235 2681 suis
248 2629 740 2697 Roberto,comite
754 2628 900 2683 Auci
911 2631 988 2697 ,et
1004 2628 1256 2700 Hugone
1271 2630 1550 2698 episcopo
1565 2630 1589 2683 Ι
1597 2646 1758 2684 .uxo-

129 2716 307 2787 viensi,
337 2718 674 2772 coenobium
708 2717 1129 2771 monachorum
1164 2717 1364 2771 Sancti
1396 2719 1554 2773 Petri
1574 2734 1758 2790 super

129 2803 298 2858 Divam
318 2810 368 2860 et
392 2807 824 2861 monasterium
847 2806 1381 2861 sanctimonialium
1404 2810 1534 2861 ante
1549 2808 1755 2862 urbem

128 2892 529 2950 Luxoviensem
562 2895 721 2949 virili
761 2894 955 2949 animo
1000 2896 1350 2950 construxit.
1392 2895 1580 2950 Filius
1611 2912 1757 2951 vero

128 2980 285 3051 illius},
326 2985 651 3052 praedictus
700 2998 903 3038 eomes
960 2983 1277 3052 Aucensis,
1332 2985 1757 3039 monasterium

124 3071 604 3126 sanctiMichaelis
624 3072 850 3126 Ulteris
874 3076 1081 3142 portus
1105 3073 1439 3127 aediﬁcavit.
1455 3073 1529 3126 At
1563 3074 1757 3144 Roge-

125 3158 229 3211 rius
256 3160 322 3213 de
367 3160 795 3216 Mortuo-Mari
836 3160 994 3216 ﬁlius
1026 3161 1101 3230 (3)
1139 3161 1312 3230 primi
1360 3161 1645 3215 VVillelmi
1686 3162 1757 3216 de

128 3243 412 3320 Warenna,
445 3250 883 3305 monasterium
912 3249 1110 3304 Sancti
1139 3250 1397 3304 Victoris
1434 3250 1491 3303 in
1519 3252 1757 3320 proprio

125 3335 228 3389 solo
245 3336 525 3393 fundavit.
559 3339 895 3393 Richardus
913 3354 1053 3393 vero
1077 3355 1277 3393 comes
1297 3339 1684 3394 Ebroicensis
1701 3340 1759 3394 in

122 3424 294 3480 eadem
322 3428 470 3482 urbe
488 3427 920 3482 monasterium
942 3427 1139 3481 Sancti
1167 3426 1491 3483 Salvatoris
1513 3429 1585 3483 ad
1608 3444 1759 3499 opus

122 3515 635 3571 sanctimonialium
667 3515 995 3571 fabricavit.
1030 3516 1189 3571 Idem
1238 3518 1574 3572 vicecomes
1607 3518 1760 3587 apud

123 3598 527 3677 Botbomagum
560 3607 623 3659 in
669 3608 866 3659 monte
905 3604 1037 3658 urbi
1072 3604 1398 3660 imminenti
1425 3606 1760 3661 ccenobium

121 3703 336 3747 summae
365 3693 645 3748 Trinitati
675 3709 749 3748 ex
777 3695 1013 3763 sumptu
1044 3695 1281 3764 proprio
1314 3710 1758 3767 consummans,

121 3781 414 3836 monachos
444 3783 673 3836 ibidem
704 3783 828 3837 Deo
859 3782 1189 3836 servituros
1222 3783 1543 3838 constituit.
1564 3784 1765 3839 Mona-

119 3868 338 3924 sterium
375 3871 665 3927 Gresteni
706 3871 1003 3925 Robcrtus
1036 3887 1235 3925 eomes
1266 3872 1544 3927 Moritolii
1576 3872 1714 3928 fecit
1746 3895 1763 3928 .-

122 3951 271 4027 Hugo
296 3975 465 4029 vero,
490 3962 704 4030 postea
722 3975 928 4015 comes
946 3959 1306 4030 Castrensis,
1328 3961 1616 4015 abbatiam
1632 3978 1766 4017 san-

117 4043 182 4095 cti
205 4043 426 4102 Severi.
448 4050 528 4102 At
562 4049 883 4102 ecclesiam
898 4047 1130 4103 Sanctae
1159 4049 1480 4104 Trimitatis
1504 4050 1766 4121 Exaquei

119 4128 261 4187 Eudo
290 4152 424 4191 cum
450 4138 683 4207 capelle
702 4135 841 4190 feeit
864 4154 875 4190 :
906 4136 1228 4192 Balduinus
1250 4139 1424 4192 etiam
1444 4139 1515 4192 de
1540 4140 1768 4194 Revers

116 4216 266 4274 aliam
310 4224 471 4292 apud
527 4223 1010 4294 Montisburgum
1052 4240 1064 4277 :
1113 4223 1386 4294 Nigellus
1432 4225 1769 4280 vicccomes

117 4302 647 4367 Constantiniensis
680 4312 1015 4366 coenobium
1046 4311 1245 4367 Sancti
1273 4312 1621 4369 Salvatoris.
1646 4315 1770 4369 Mo-

117 4399 418 4455 nasterium
453 4417 605 4455 vero
655 4400 885 4455 Sanctae
937 4400 1139 4455 Mariae
1171 4401 1397 4456 Lonleii
1430 4402 1770 4458 Willelmus

119 4482 449 4544 Talavacius
483 4491 742 4560 primus,
777 4490 877 4560 qui
927 4490 1130 4544 exciso
1173 4505 1436 4561 nemore,
1473 4492 1535 4545 in
1577 4496 1771 4547 monte

1796 3204 1848 3266 Ο

1857 586 2058 641 censis
2090 590 2146 641 et
2168 587 2455 642 coenobiis
2484 586 2679 641 Sancti
2707 589 2888 658 Petri,
2914 590 3229 661 Sanctique
3248 593 3520 647 Audoeni

1858 678 1914 729 et
1960 675 2417 730 Gemmeticensi
2454 679 2510 730 et
2552 676 2749 731 Sancli
2800 678 3108 732 Michaelis
3156 680 3228 734 de
3258 682 3522 751 periculo

1857 764 2065 818 maris.
2117 764 2461 820 Willelmus
2495 782 2636 819 vero
2668 766 2825 820 filius
2857 765 2990 837 ejus
3023 783 3097 820 ex
3124 768 3354 840 integro
3393 786 3523 824 mo-

1856 852 2182 908 nasterium
2232 853 2703 908 Gemmeticense
2749 856 3125 910 restauravit.
3188 857 3524 912 Richardus

1858 944 2071 1010 autem,
2105 941 2263 997 ﬁlius
2287 942 2421 1012 ejus
2454 946 2507 996 et
2528 959 2868 1013 successor,
2896 944 3172 999 Fiscanni
3194 946 3525 1000 coenobium

1857 1033 1914 1084 et
1966 1030 2165 1084 Sancti
2213 1030 2520 1085 Michaelis
2576 1033 2645 1085 de
2678 1033 2871 1087 Monte
2924 1036 2979 1088 et
3027 1034 3227 1089 Sancti
3260 1034 3527 1089 Audeoni

1861 1118 2239 1189 Rothomagi.
2261 1119 2597 1174 Richardus
2614 1136 2757 1176 vero
2774 1122 3076 1176 secundus
3099 1124 3525 1177 monasterium

1859 1206 2060 1262 Sancti
2090 1206 2521 1278 Wandregisili
2544 1213 2601 1263 et
2630 1209 2741 1263 alia
2774 1211 3130 1265 monasteria
3153 1212 3226 1265 ab
3258 1214 3528 1266 anteces-

1862 1296 2105 1350 soribus
2135 1294 2270 1367 ejus
2316 1297 2672 1351 reaedilicata
2707 1299 3053 1353 mirabiliter
3084 1301 3262 1353 auxit.
3316 1300 3521 1354 Judith

1859 1400 2003 1439 vero
2058 1400 2211 1439 uxor
2245 1383 2380 1455 ejus
2421 1387 2736 1440 ecclesiam
2780 1388 3010 1443 Sanctae
3051 1389 3255 1443 Mariae
3310 1389 3527 1443 Bernai

1861 1472 2146 1527 fundavit.
2183 1474 2518 1529 Richardus
2549 1491 2691 1529 vero
2733 1477 2964 1547 tertius,
3001 1480 3191 1533 morte
3218 1479 3528 1532 immatura

1856 1564 2221 1632 praeventus,
2255 1562 2480 1616 nullum
2524 1567 2948 1619 monasterium
3001 1567 3095 1620 vel
3126 1567 3397 1637 instituit,
3434 1568 3530 1622 vel

1856 1651 2183 1704 renovavit.
2218 1651 2292 1705 At
2329 1651 2626 1706 Robertus
2662 1652 2844 1707 frater
2874 1653 3028 1725 ejus,
3056 1659 3365 1726 antequam
3391 1656 3528 1710 Hie-

1863 1738 2127 1793 rusalem
2158 1744 2454 1810 pergeret,
2488 1742 2914 1796 monasterium
2945 1743 3141 1797 Sancti
3156 1744 3395 1816 Vigoris
3418 1744 3531 1799 Ce-

1860 1828 1991 1881 ratii
2023 1828 2319 1883 aediﬁcare
2350 1829 2545 1898 erepit.
2580 1829 2800 1883 Eodem
2844 1832 3017 1884 etiam
3049 1834 3312 1901 tempore
3340 1849 3530 1887 vene-

1860 1916 2067 1971 rabilis
2099 1917 2286 1971 abbas
2320 1917 2644 1972 Herluinus
2674 1920 3101 1974 monasterium
3127 1921 3429 1976 Beccense
3470 1923 3532 1976 in

1860 2006 2147 2061 honorem
2178 2008 2399 2060 sanctae
2431 2006 2631 2062 Mariae
2662 2010 2839 2077 coepit
2872 2009 3188 2079 aedificare,
3226 2010 3298 2063 de
3329 2026 3445 2081 quo
3468 2011 3529 2065 in

1858 2094 2013 2149 libro
2048 2094 2343 2163 superiori
2383 2111 2569 2164 pauca
2616 2097 3094 2165 perstrinximus.
3129 2097 3190 2152 Si
3220 2100 3355 2169 quis
3388 2115 3529 2155 vero

1863 2184 2319 2237 conversionem
2375 2187 2433 2238 et
2476 2186 2993 2240 conversationem
3051 2186 3243 2256 ipsius
3293 2187 3529 2257 plenius

1863 2287 2046 2326 nosse
2077 2272 2395 2339 desiderat,
2430 2270 2644 2326 librum
2678 2274 2777 2343 qui
2806 2274 2879 2328 de
2908 2275 3026 2329 vita
3052 2270 3323 2345 ejusdem
3344 2276 3530 2344 patris

1863 2358 2186 2413 venerandi
2218 2358 2471 2430 eleganti
2512 2375 2786 2415 sermone
2806 2361 3183 2431 conscriptus
3214 2365 3307 2417 est
3335 2378 3370 2416 a
3402 2364 3530 2418 viro

1867 2448 2155 2519 religioso
2177 2446 2534 2515 ,Gisleberto
2560 2447 2853 2519 CriSpino,
2887 2453 3090 2519 postea
3118 2451 3327 2506 abbate
3344 2451 3531 2506 Wes-

1865 2536 2269 2590 temonasterii
2299 2538 2355 2590 et
2382 2540 2497 2589 tam
2515 2537 2816 2592 nobilitate
2831 2540 3073 2610 generis
3092 2555 3266 2611 quam
3281 2540 3532 2596 scientia

1868 2624 2147 2679 saeculari
2178 2628 2234 2678 et
2263 2624 2461 2702 divina
2507 2625 2770 2694 pollenti,
2808 2628 3161 2698 perquirens
3192 2628 3438 2701 relegat,
3473 2630 3533 2685 in

1868 2728 1984 2783 quo
2017 2712 2387 2768 sufﬁcienter
2413 2715 2670 2783 reperiet
2701 2715 2855 2769 unde
2885 2731 2996 2770 suo
3026 2717 3324 2772 desiderio
3355 2718 3532 2773 satis-

1868 2802 2063 2855 faciat.
2097 2802 2521 2857 Monasterium
2552 2819 2698 2858 vero
2732 2802 2929 2858 Sancti
2972 2805 3216 2860 Taurini
3248 2809 3305 2861 et
3332 2805 3533 2861 Sancti

1866 2890 2145 2944 Leufredi
2203 2895 2260 2945 et
2317 2892 2571 2947 Willare
2629 2894 3055 2947 monasterium
3105 2898 3162 2949 et
3202 2897 3538 2952 coenobium

1865 2975 2066 3030 Sancti
2096 2976 2345 3030 Amandi
2392 2978 2543 3032 intra
2576 2978 2785 3033 urbem
2826 2980 3347 3053 Rothomagensen
3386 2983 3539 3039 inter

1865 3065 2196 3136 antiquiora
2220 3067 2608 3136 computanda
2630 3072 2785 3122 sunt.
2810 3068 2978 3124 Unde
3004 3073 3234 3125 constat
3254 3072 3350 3125 illa
3368 3073 3537 3143 prius

1865 3153 2057 3208 fuisse
2088 3154 2387 3209 destructa
2415 3159 2472 3209 et
2499 3157 2712 3211 iterum
2742 3158 3119 3214 reaediﬁcata.

2442 3261 2693 3317 CAPUT
2734 3264 2947 3320 XXIII.

1867 3349 2819 3429 De.restanrationenionastezji
2862 3353 3069 3429 sancti
3098 3355 3341 3429 Ebrnlfi
3383 3357 3541 3429 apud

1948 3421 2174 3476 Uticam
2202 3439 2317 3493 per
2359 3421 2714 3477 W'illelmum
2751 3426 3106 3479 Geroianum
3131 3433 3188 3481 et
3212 3421 3540 3483 Hobertum

1946 3500 2004 3546 et
2033 3493 2335 3565 Hugonem
2366 3494 2440 3549 de
2464 3494 2992 3551 Grentemaisnilio
3028 3502 3273 3568 nepotes
3291 3515 3450 3555 suos.

1942 3600 2006 3654 In
2036 3600 2136 3654 illo
2166 3602 2428 3670 tempore
2461 3601 2759 3655 Hobertus
2785 3601 2855 3656 de
2878 3601 3390 3660 Grentemaisnilio
3415 3621 3535 3661 cer-

1872 3704 2023 3744 nens
2072 3688 2275 3742 mundi
2324 3688 2657 3743 felicitatem
2703 3690 2762 3742 in
2805 3695 3099 3745 momento
3139 3694 3360 3762 perire,
3398 3710 3532 3749 cum

1876 3778 2055 3832 fratre
2087 3793 2198 3831 suo
2222 3777 2476 3849 Hugone
2492 3778 2786 3847 disposuit
2809 3780 3098 3835 abbatiam
3120 3783 3543 3838 monachorum

1880 3869 2248 3921 construere.
2269 3866 2378 3919 Hic
2399 3882 2540 3920 vero
2557 3867 2616 3919 in
2638 3866 2877 3921 infantia
2892 3868 3216 3924 litterarum
3234 3871 3545 3925 scientiam

1879 3958 2243 4026 perceperat,
2279 3955 2382 4009 sed
2407 3959 2612 4025 postea
2636 3955 2848 4010 litteris
2865 3959 3224 4029 aliquantum
3242 3961 3546 4016 intermis-

1882 4046 1992 4114 sis,
2042 4045 2304 4115 quinque
2349 4044 2519 4097 annis
2566 4044 2827 4115 armiger
2872 4046 3042 4101 ducis
3088 4048 3318 4115 fuerat;
3365 4066 3398 4104 a
3430 4066 3547 4121 quo

1880 4133 2253 4203 postmodum
2297 4133 2533 4186 militari
2582 4148 2726 4187 ense
2758 4135 3059 4190 accinctus
3103 4137 3367 4208 ingentia
3396 4138 3548 4192 dona

1879 4225 2205 4291 receperat.
2240 4220 2355 4275 Sed
2386 4236 2502 4275 non
2530 4222 2710 4276 multo
2760 4225 2915 4291 post,
2951 4226 3013 4277 ut
3043 4223 3262 4278 dictum
3295 4228 3387 4279 est
3416 4225 3547 4279 ins-

1882 4311 2063 4364 tinctu
2096 4310 2201 4364 Dei
2226 4309 2418 4365 omnia
2449 4310 2693 4380 sprevit,
2729 4311 3063 4365 coenobium
3097 4313 3312 4381 facere,
3348 4329 3551 4368 mona-

1882 4399 2152 4470 chusque
2185 4399 2313 4452 ﬁeri
2346 4398 2593 4453 firmiter
2622 4399 2904 4453 decrevit.
2930 4400 3097 4464 Quod
3122 4401 3372 4457 audiens
3409 4401 3553 4456 Wil-

1880 4488 2094 4543 lelmus
2121 4487 2317 4542 Geroii
2341 4487 2520 4557 ﬁlius,
2544 4488 2714 4542 valde
2745 4488 2977 4544 laetatus
3002 4492 3112 4558 est,
3139 4507 3207 4545 ac
3237 4491 3309 4545 ad
3330 4491 3554 4547 Rober-

121 4575 353 4642 quodam
387 4555 664 4633 castrum
676 4555 914 4632 nomine
937 4578 1342 4633 Damfrontem
1365 4583 1777 4636 construxerat
1807 4555 1861 4618 Ῑ)
1884 4582 2003 4632 tum
2018 4580 2074 4631 et
2094 4577 2409 4648 Hugonem
2431 4578 2747 4647 accedens,
2769 4578 2856 4633 sic
2881 4578 3117 4635 locutus
3141 4582 3263 4635 est:
3305 4603 3327 4629 «
3358 4582 3549 4636 Audio

119 4674 146 4711 ει
184 4663 592 4722 fundamentis
643 4666 974 4721 aediﬁcavit.
1028 4666 1358 4722 Ecclesiam
1403 4669 1602 4724 Sancti
1641 4669 1775 4725 Ste-
1884 4682 2016 4735 vos,
2044 4681 2077 4719 ο
2101 4665 2440 4719 charissimi
2461 4665 2574 4719 mei
2606 4669 2874 4736 nepotes,
2908 4684 3051 4739 erga
3068 4669 3176 4723 Dei
3201 4669 3422 4724 cultum
3442 4669 3552 4725 fer-

119 4749 274 4818 pbani
323 4756 685 4811 Fontanenti
731 4755 1024 4809 Rodulfus
1076 4756 1331 4811 Taisson
1382 4760 1438 4811 et
1484 4758 1775 4814 Erneisus

119 4836 280 4896 frater
332 4844 477 4915 ejus
532 4846 997 4898 construxerunt
1046 4859 1059 4898 :
1101 4844 1526 4900 Monasterium
1582 4851 1775 4902 autem

120 4923 298 4986 Sancti
326 4933 495 4987 Petri
530 4932 909 4987 Castellionis
928 4933 1222 4988 Rodulfus
1255 4934 1326 4988 de
1361 4934 1601 4989 Toenio.

174 5018 452 5082 Quaedam
480 5037 632 5076 vero
664 5021 931 5076 coenobia
964 5021 1236 5092 ejusdem
1279 5024 1602 5092 provinciae
1632 5025 1779 5078 anti-

120 5107 330 5179 quiora,
362 5126 508 5181 quae
538 5126 575 5163 a
604 5110 1029 5164 Northmannis
1058 5110 1250 5165 adhuc
1274 5113 1523 5183 paganis
1552 5112 1782 5168 fuerant

119 5193 428 5267 destructa,
476 5198 682 5253 studio
718 5198 1010 5253 bonorum
1054 5199 1387 5269 principum
1425 5202 1781 5257 reaediticata

123 5289 262 5340 sunt.
283 5286 460 5341 Bello
493 5287 791 5358 siquidem
809 5288 1056 5356 primus,
1086 5288 1622 5343 Northmannorum
1639 5291 1778 5361 dux,

120 5369 169 5423 in
194 5374 531 5442 primordio
556 5392 681 5430 suae
704 5377 1116 5431 conversionis
1139 5378 1423 5447 plurimas
1440 5381 1781 5448 possessio-

121 5472 216 5513 nes
235 5462 395 5519 dedit
408 5464 694 5520 ecclesiae
712 5464 944 5520 Sanctae
965 5464 1167 5520 Mariae
1192 5466 1783 5540 Rothomagensis,et

178 5654 254 5728 (8)
307 5657 507 5717 Filius
571 5658 816 5717 Walteri
871 5661 945 5717 de
994 5659 1210 5718 Sancto
1269 5659 1542 5735 Martino,
1596 5662 1780 5721 frater

1885 4769 2047 4823 vere,
2073 4754 2214 4825 quin
2232 4754 2404 4807 etiam
2420 4754 2748 4809 monachile
2767 4758 3192 4811 monasterium
3221 4757 3373 4813 velle
3406 4772 3551 4813 con-

1889 4848 2143 4898 struere.
2166 4842 2334 4897 Unde
2363 4843 2745 4898 vehementer
2762 4844 2989 4915 gaudeo
3022 4848 3078 4899 et
3107 4861 3199 4900 me
3221 4862 3330 4901 vos
3361 4846 3421 4900 in
3437 4846 3552 4901 hoc

1887 4947 2065 5003 opere
2088 4930 2426 5002 adjuturum
2460 4935 2760 5003 gratanter
2790 4934 3074 5003 spondeo.
3108 4934 3223 4989 Sed
3254 4937 3449 4990 tamen
3480 4935 3553 4989 ad

1888 5021 2040 5075 hanc
2073 5021 2359 5074 fabricam
2390 5036 2563 5091 quem
2595 5021 2791 5075 locum
2806 5021 3074 5092 elegistis
3096 5026 3152 5077 et
3173 5023 3313 5094 quid
3336 5024 3550 5079 ibidem

1887 5109 2124 5164 Christo
2154 5109 2540 5163 militantibus
2564 5109 2831 5163 collaturi
2850 5110 3037 5164 estis?
3058 5132 3078 5159 ι»
3105 5112 3180 5165 At
3209 5111 3291 5165 illi
3314 5127 3557 5182 respon-

1889 5198 2101 5253 derunt
2134 5213 2145 5252 :
2184 5219 2206 5244 «
2244 5198 2413 5267 Apud
2445 5197 2822 5267 Nuceretum,
2851 5197 3097 5268 juvante
3116 5199 3260 5270 Deo,
3295 5204 3555 5257 castrum

1890 5288 1945 5341 ei
1965 5287 2230 5341 stabilire
2254 5287 2526 5356 cupimus
2546 5290 2603 5341 et
2619 5286 2908 5341 ecclesias
2922 5288 3300 5360 decimasque
3313 5293 3553 5346 nostras

1892 5378 1948 5430 et
1968 5376 2077 5430 alia
2102 5392 2233 5446 quae
2256 5375 2580 5445 poterimus
2596 5390 2703 5444 pro
2720 5390 2903 5445 posse
2928 5378 3291 5448 paupertatis
3307 5382 3552 5448 nostrae,

1892 5464 2163 5520 dabimus
2200 5487 2221 5512 ι»
2258 5463 2598 5519 Willelmus
2628 5463 2773 5519 dixit
2805 5480 2817 5520 :
2855 5486 2876 5513 α
2911 5464 3166 5522 Sanctus
3198 5467 3557 5524 Benedictus

1889 5661 2065 5734 primi
2094 5660 2373 5719 Willelmi
2411 5660 2484 5718 de
2511 5659 2830 5722 Warenna.
