3988 6176
415 332 535 394 863

1098 329 1531 392 WILLELMI
1577 329 1937 393 CALCULI
1984 330 2670 394 GEMMETICENSIS
2716 330 3134 392 MONACHI.
3689 337 3786 401 864

422 527 845 582 monachorum
874 528 1161 598 magister
1183 526 1355 599 jubet
1384 527 1803 581 monasterium
1834 528 1910 580 ita
1942 542 2086 580 con-
2105 508 2162 570 Α
2197 530 2442 581 mortem
2466 527 2583 581 illis
2605 528 2961 582 serviamus.
2983 528 3115 582 Non
3133 528 3283 582 enim
3305 528 3575 584 debemus
3595 531 3794 586 illisdo-

424 617 606 693 stitui,
662 619 722 671 ut
754 616 945 670 omnia
978 617 1341 684 necessaria,
1376 616 1433 670 id
1483 619 1573 670 est
1602 632 1772 687 aqua,
1806 616 2086 669 molendi-

422 721 583 771 num,
598 706 932 775 pistrinum,
960 705 1188 773 hortus,
1214 705 1311 759 vel
1333 709 1491 759 artes
1510 705 1764 759 diversa:
1787 704 1938 759 infra
1956 719 2084 758 mo-

423 794 750 848 nasterium
782 798 1188 863 exerceantur,
1215 810 1287 848 ne
1319 794 1396 847 sit
1424 794 1733 848 monachis
1752 794 2085 847 necessitas

424 882 679 953 vagandi
710 882 890 952 foras,
927 882 1062 951 quia
1096 882 1334 936 omnino
1366 897 1481 935 non
1514 882 1749 951 expedit
1777 881 2087 935 animabus

424 984 650 1025 eorum.
674 970 949 1024 Nucereti
964 985 1105 1023 vero
1126 986 1265 1023 rura
1288 970 1523 1039 quidem
1537 971 1683 1024 satis
1698 969 1910 1024 fertilia
1925 972 2087 1037 sunt,

426 1059 530 1113 sed
566 1059 730 1127 copia
755 1058 943 1127 silvae,
968 1074 1037 1111 ac
1065 1059 1550 1129 habilislympha,
1574 1059 1791 1129 quibus
1815 1059 2088 1113 monachi

427 1146 678 1201 maxime
709 1146 992 1218 indigent,
1024 1147 1230 1217 procul
1262 1147 1501 1201 absunt.
1541 1170 1562 1194 ι»
1596 1148 1859 1218 Cumque
1892 1148 2089 1217 ipsum

426 1236 704 1306 rogarent
748 1239 810 1289 ut
851 1235 991 1305 quid
1041 1235 1156 1289 sibi
1203 1236 1397 1290 visum
1445 1235 1623 1289 fuerit
1668 1250 1850 1306 super
1881 1236 1991 1290 hac
2023 1251 2088 1290 re

428 1323 740 1396 proferret,
775 1324 920 1377 dixit
952 1340 964 1378 :
1003 1345 1025 1375 ι
1061 1325 1348 1394 Tempore
1378 1323 1620 1378 Clotarii
1649 1325 1812 1396 regis
1844 1324 2094 1379 Franco-

426 1428 578 1481 rum,
612 1412 716 1465 filii
738 1411 1155 1483 Clodovei,qui
1184 1413 1412 1483 primus
1435 1413 1492 1466 in
1516 1413 1763 1485 regibus
1794 1413 2091 1468 Gallorum

425 1500 752 1571 baptizatus
770 1504 861 1555 est
879 1517 909 1554 a
924 1502 1093 1555 beato
1118 1502 1392 1573 Remigio
1417 1502 1868 1571 archiepiscopo
1887 1502 2095 1557 Romo-

426 1605 577 1656 rum,
610 1592 854 1643 sanctus
872 1589 1155 1643 Ebrulfus
1172 1589 1413 1660 Bajocis
1437 1592 1610 1645 natus
1643 1591 1795 1644 inter
1812 1606 2094 1660 proceres

427 1679 594 1748 regio
616 1678 782 1732 fulsit
803 1680 1108 1732 stemmate
1132 1678 1452 1732 nobilitatis
1486 1682 1542 1733 et
1572 1695 1814 1733 census.
1852 1679 1962 1733 Hie
1984 1694 2092 1748 pro

427 1781 627 1821 amore
658 1766 763 1820 Dei
794 1768 999 1820 saeculi
1029 1783 1300 1837 pompam
1323 1772 1728 1838 contemnens,
1762 1767 2092 1822 monachus

430 1942 739 1996 monachis
759 1942 818 1995 in
848 1958 1111 1996 eremum
1127 1943 1428 2012 profectus
1447 1948 1558 1998 est.
1582 1944 1665 1998 Ibi
1694 1945 1908 2015 quippe
1930 1946 2098 2015 puta-

430 2030 531 2084 bat
562 2046 629 2084 se
660 2047 839 2100 posse
859 2031 1127 2086 homines
1159 2032 1343 2087 latere
1372 2036 1581 2087 etcum
1603 2034 1838 2088 diabolo
1863 2050 1967 2104 per
1989 2050 2095 2088 au-

433 2118 638 2173 xilium
657 2119 987 2174 Deifortius
1018 2136 1304 2192 pugnare.
1326 2120 1436 2186 Qui
1466 2123 1603 2175 dum
1636 2122 1805 2176 ﬂexis
1839 2123 2095 2193 genibus

434 2206 620 2260 Deum
639 2207 847 2262 devote
870 2208 1230 2278 obsecraret,
1257 2212 1317 2263 ut
1337 2213 1534 2280 aptum
1562 2211 2097 2264 mansionislocum

431 2294 546 2348 sibi
594 2298 966 2363 monstraret,
1001 2296 1251 2367 angelus
1310 2314 1340 2351 a
1374 2299 1494 2352 Deo
1545 2298 1772 2353 missus
1804 2299 1857 2353 ei
1890 2298 2092 2363 adfuit,

432 2397 687 2454 eumque
721 2384 953 2437 Uticum
1003 2386 1291 2454 perduxit.
1324 2386 1618 2441 Praefatus
1649 2391 1842 2441 autem
1880 2403 2099 2442 servus

430 2471 567 2540 Dei,
612 2473 999 2543 regnantibus
1045 2473 1379 2544 Chilperico
1429 2479 1485 2530 et
1530 2476 1830 2547 Sigiberto
1862 2475 2100 2531 Clotarii

430 2558 590 2627 ﬁliis,
625 2559 745 2614 illic
776 2561 1109 2615 coenobium
1160 2562 1417 2617 condidit
1447 2566 1503 2617 et
1531 2564 1816 2631 latrones,
1853 2564 1955 2635 qui
1988 2563 2099 2618 sil-

430 2664 564 2701 vam
594 2648 961 2717 incolebant,
996 2650 1240 2704 utilibus
1283 2651 1456 2705 minis
1488 2655 1544 2705 et
1592 2653 2100 2707 exhortationibus

430 2737 640 2792 terruit
670 2752 894 2809 eosque
914 2738 1136 2792 relictis
1167 2740 1490 2794 latrociniis
1512 2744 1609 2794 aut
1630 2740 1978 2809 monachos,
2005 2743 2102 2795 aut

432 2825 729 2898 agricolas
750 2826 905 2881 fecit.
942 2827 1027 2880 Ibi
1057 2844 1162 2897 pro
1196 2844 1395 2882 amore
1420 2830 1524 2883 Dei
1548 2845 1820 2901 magnam
1850 2845 2102 2899 pauper-

430 2916 608 2968 tatem
638 2915 925 2983 patienter
943 2915 1281 2970 toleravitet
1304 2917 1600 2989 insignem
1626 2918 1885 2972 fidelium
1908 2933 2102 2972 mona-

434 3002 682 3058 chorum
701 3002 1126 3058 multitudinem
1157 3007 1526 3077 aggregavit.
1552 3006 1638 3060 Ibi
1661 3007 1811 3061 duos
1833 3010 2099 3061 mortuos

431 3091 493 3146 in
522 3093 757 3147 nomine
802 3093 1034 3147 Domini
1062 3096 1465 3163 resuscitavit,
1500 3098 1557 3150 et
1607 3096 1786 3149 multa
1825 3096 1935 3149 alia
1967 3111 2100 3166 quae

434 3195 779 3239 enumerare
818 3183 1167 3253 perlongum
1210 3188 1335 3254 est,
1390 3185 1673 3239 miracula
1720 3184 2098 3254 perpetravit.

434 3268 700 3340 Denique
732 3286 883 3324 anno
915 3270 987 3325 ab
1025 3271 1428 3327 incarnatione
1478 3274 1710 3327 Domini
1739 3271 1874 3341 596,
1911 3273 2101 3326 aetatis

433 3373 575 3412 vero
608 3374 734 3412 suae
762 3356 852 3426 80,
872 3359 1168 3414 residente
1200 3360 1259 3414 in
1293 3361 1435 3415 sede
1466 3361 1789 3431 apostolica
1810 3360 2100 3432 Gregorio

435 3462 667 3501 summo
686 3447 921 3501 doctore
945 3451 1000 3501 et
1018 3448 1346 3519 Anglorum
1361 3451 1867 3519 apostolo,beatus
1890 3449 2105 3504 Ebrul-

436 3535 534 3589 fus
553 3552 617 3588 1v
649 3535 778 3589 Kal.
811 3536 1076 3590 Januarii
1104 3552 1175 3591 ex
1207 3537 1318 3591 hoc
1340 3539 1555 3592 mundo
1578 3539 1850 3610 migravit
1872 3542 1927 3593 et
1954 3555 2106 3592 mer-

437 3622 640 3677 cedem
671 3623 942 3677 laborum
977 3640 1224 3679 suorum
1271 3627 1333 3679 in
1381 3628 1728 3681 cmlestibus
1780 3643 1811 3681 a
1852 3628 2101 3681 Domino

437 3711 678 3779 recepit.
700 3710 923 3766 Deinde
944 3717 1080 3781 post
1110 3729 1298 3769 annos
1335 3715 1459 3770 fere
1482 3718 1800 3783 trecentos,
1839 3720 2101 3784 tempore

436 3798 629 3853 Caroli
642 3799 939 3870 Simplicis
953 3802 1055 3855 filii
1070 3803 1735 3875 Ludovici,cognomine
1750 3804 2102 3873 Nihil-feeit,

438 3886 951 3958 Conditornoster,
973 3891 1352 3961 multiplicata
1370 3893 1562 3963 plebis
1587 3910 1713 3948 suae
1738 3894 1795 3947 in
1819 3894 1912 3947 his
1930 3894 2106 3964 parti-

436 3975 552 4030 bus
586 3977 972 4032 consistentis
1004 3980 1247 4034 erimina
1278 3983 1486 4050 punire
1512 3982 1712 4036 voluit.
1747 3982 1896 4052 Ejus
1919 3983 2106 4054 igitur

437 4065 738 4135 permissu
760 4066 1110 4139 Hastingus,
1136 4070 1482 4138 perditionis
1502 4071 1746 4139 ﬁlius,in
1762 4072 2103 4126 Neustriam

438 4154 616 4222 venit,
643 4157 700 4209 et
733 4155 1165 4229 Rothomagum
1190 4158 1314 4228 (.91.,
1345 4160 1685 4231 Belvacum)
1717 4161 1982 4232 aliasque
2015 4161 2104 4215 ci-

436 4242 803 4315 vitatesigne
827 4246 1176 4300 combussit.
1202 4248 1379 4302 Plura
1410 4265 1645 4321 quoque
1677 4251 1969 4305 destruxit
1991 4267 2107 4304 coe-

437 4330 612 4385 nobia
659 4335 998 4388 sanctorum
1033 4335 1291 4405 Patrum,
1327 4337 1557 4391 scilicet
1598 4338 1907 4393 Philiberti
1956 4338 2108 4407 apud

435 4418 901 4491 Gemmeticum,
967 4423 1396 4495 Wandregesili
1452 4426 1607 4495 apud
1684 4425 2105 4495 Fontinellam,

439 4506 667 4562 Ebrulﬂ
688 4509 840 4578 apud
859 4510 1094 4565 Uticum
1112 4515 1168 4565 et
1185 4514 1375 4566 sancti
1395 4514 1629 4568 Martini
1652 4515 1928 4583 Turonis,
1947 4514 2107 4585 quod

440 4594 655 4650 dicitur
676 4596 873 4667 Majus
906 4599 1327 4655 Monasterium
1359 4605 1412 4655 et
1445 4602 1554 4655 alia
1587 4603 1764 4657 multa
1797 4604 2109 4657 monacho-
2132 4586 2186 4650 ο

445 4700 596 4752 rum,
630 4685 982 4739 clericorum
1013 4690 1185 4759 atque
1232 4691 1785 4745 sanctimonialium.
1829 4693 2109 4756 Quaedam

445 4788 649 4828 eorum
682 4790 714 4827 a
742 4774 916 4828 bonis
948 4775 1313 4846 principibus
1361 4781 1738 4848 postmodum
1779 4784 2113 4835 restaurata

444 4865 601 4931 sunt,
647 4863 925 4917 nonnulla
973 4879 1113 4918 vero
1158 4865 1350 4921 adhuc
1393 4867 1453 4920 in
1495 4868 1810 4923 solitudine
1868 4870 2111 4942 degunt.

441 4948 723 5006 Fortasse
754 4952 928 5007 vobis
958 4953 1194 5008 fastidio
1216 4958 1309 5009 est
1339 4955 1467 5010 haec
1500 4961 1703 5012 nostra
1730 4961 1846 5012 tam
1877 4959 2113 5028 prolixa

440 5037 872 5111 locutio,quam
903 5042 958 5096 si
988 5044 1295 5112 suscipitis
1326 5044 1585 5116 benigno
1618 5046 1833 5115 animo,
1858 5063 2115 5101 commo-

443 5126 577 5180 dam
605 5129 781 5183 vobis
813 5129 959 5199 fore,
993 5147 1026 5185 o
1059 5131 1223 5186 chari
1249 5136 1517 5203 nepotes,
1543 5136 1794 5191 aestimo.
1824 5136 1995 5190 Nunc
2018 5152 2116 5189 au-

441 5215 562 5266 tem
590 5218 748 5284 quod
780 5223 972 5273 mente
1005 5220 1269 5291 revolvo,
1291 5224 1717 5292 exspectationi
1755 5228 1970 5279 vestrae
1987 5225 2114 5279 bre-

444 5300 595 5354 viter
624 5305 963 5372 prepalabo.
996 5309 1163 5377 Apud
1186 5310 1421 5363 Uticum
1442 5310 1639 5365 Sancti
1663 5312 1889 5366 Ebrnlii
1914 5330 2112 5368 coeno-

443 5387 886 5460 bium,juvante
905 5394 1047 5463 Deo,
1069 5400 1473 5453 restauremus
1490 5402 1544 5453 et
1564 5400 1770 5455 fideles
1786 5402 2111 5457 monachos

449 5479 653 5531 contra
665 5479 932 5535 zabulum
948 5483 1333 5541 dimicaturos
1347 5487 1465 5541 illic
1492 5503 1893 5560 aggregemus
1909 5507 2115 5545 omnes

449 5565 741 5622 ecclesias
765 5568 1142 5643 decimasque
1169 5578 1406 5630 nostras
1428 5576 1546 5630 illis
1582 5578 1885 5633 tradamus
1918 5581 1974 5633 et
2002 5595 2115 5634 nos

452 5669 586 5713 cum
604 5656 888 5715 fratribus
912 5662 968 5714 et
997 5660 1134 5716 ﬁliis
1164 5667 1220 5719 et
1241 5664 1554 5737 nepotibus
1585 5666 1808 5722 nostris
1838 5668 2113 5740 usquead

2196 616 2429 685 minari,
2465 616 2571 670 sed
2619 616 2920 686 famulari;
2973 620 3033 671 ut
3060 633 3260 672 eorum
3291 618 3557 687 precibus
3601 634 3794 674 merea-

2196 719 2331 758 mur
2351 704 2641 774 adjuvari,
2670 708 2726 758 et
2757 705 2811 758 in
2857 705 3190 759 amoenitate
3220 705 3466 774 paradisi
3496 706 3799 778 quandoque

2197 791 2381 846 beari.
2419 815 2440 839 ››
2476 791 2739 862 Cumque
2774 792 3073 848 Robertus
3115 795 3172 846 et
3204 792 3371 863 Hugo
3402 796 3678 865 gratanter
3696 795 3799 849 lure

2202 880 2617 950 suscepissent
2635 884 2692 935 et
2712 881 3048 951 qualitatem
3064 880 3177 935 loci
3199 881 3445 935 soleiter
3462 881 3799 952 inquirerent,

2202 970 2619 1041 magnanimus
2652 970 2834 1024 heros
2868 969 3193 1024 Willelmus
3211 968 3419 1039 adjecit
3448 985 3459 1024 :
3497 994 3516 1015 «ι
3544 970 3802 1024 Uticensis

2204 1055 2472 1112 locus'ad
2508 1073 2679 1129 quem
2697 1058 2855 1113 Deus
2870 1058 3267 1112 venerabilem
3291 1057 3582 1112 Ebrulfum
3609 1074 3701 1127 per
3718 1074 3805 1111 an-

2207 1146 2405 1217 gelum
2437 1162 2611 1201 suum
2644 1147 2879 1214 direxit,
2911 1146 3273 1217 pauperibus
3304 1147 3509 1217 spiritu
3534 1146 3726 1217 quibus
3741 1163 3809 1201 re-

2206 1250 2387 1305 gnum
2419 1235 2699 1289 coelorum
2732 1236 3102 1305 promittitur,
3123 1236 3269 1289 satis
3288 1235 3569 1307 congruit.
3589 1234 3718 1287 Nam
3735 1250 3810 1287 ve-

2205 1327 2358 1378 tusta
2383 1322 2579 1377 Sancti
2601 1324 2759 1377 Petri
2783 1324 3028 1378 basilica
3050 1324 3267 1379 ibidem
3290 1323 3476 1378 adhuc
3488 1325 3808 1393 permanetet

2204 1411 2435 1480 amplus
2465 1427 2628 1484 ager,
2669 1413 2770 1466 ubi
2806 1412 3011 1466 hortus
3047 1415 3103 1466 et
3129 1412 3406 1466 viridaria
3435 1412 3553 1466 ﬁeri
3577 1413 3805 1481 possunt,

2207 1500 2605 1571 eircumjacet.
2631 1501 2813 1555 Terra
2831 1502 3046 1572 quippe
3067 1501 3282 1556 inculta
3304 1504 3361 1554 et
3383 1500 3591 1554 sterilis
3611 1502 3705 1564 est,
3724 1497 3809 1551 sed

2207 1589 2491 1643 Dominus
2515 1590 2711 1644 servis
2733 1590 2863 1644 suis
2896 1606 3101 1659 parare
3131 1605 3396 1643 mensam
3426 1590 3483 1641 in
3499 1588 3711 1642 deserto
3724 1601 3810 1655 po-

2203 1680 2337 1732 tens
2369 1682 2477 1732 est.
2514 1678 2759 1732 Piseosa
2792 1679 3028 1749 quidem
3067 1679 3305 1732 flumina
3342 1680 3398 1731 et
3426 1678 3629 1731 uberes
3657 1677 3812 1728 vinea:

2209 1766 2441 1821 desunt.
2468 1766 2582 1821 Sed
2612 1767 2862 1821 densum
2886 1782 3095 1822 nemus
3127 1770 3183 1821 et
3203 1766 3433 1821 habiles
3454 1766 3521 1819 ad
3539 1764 3813 1818 bibendum

316 1884 317 1889 ι
427 1852 621 1909 factus
652 1858 762 1921 est,
796 1858 852 1909 et
880 1857 1017 1925 post
1045 1855 1405 1925 aliquantum
1433 1857 1717 1926 temporis
1739 1873 1872 1911 cum
1902 1857 2095 1911 tribus
2125 1875 2173 1937 Β
2208 1855 2403 1909 fontes
2444 1860 2663 1925 praesto
2699 1859 2854 1910 sunt.
2905 1856 3217 1909 Multorum
3262 1869 3492 1926 quoque
3522 1856 3813 1907 sanctorum

2210 1960 2460 2014 corpora
2482 1944 2696 1998 ibidem
2722 1946 3121 2015 requiescunt,
3140 1960 3273 2015 quae
3291 1959 3421 1998 cum
3436 1942 3643 2014 ingenti
3664 1940 3815 2012 gloria

2210 2032 2270 2085 in
2300 2036 2563 2087 extremo
2592 2034 2685 2088 die
2708 2036 3120 2087 resurrectura
3151 2036 3312 2088 sunt.
3347 2033 3475 2086 Jam
3505 2030 3646 2102 quod
3676 2044 3809 2083 sum-

2212 2135 2449 2190 mopere
2471 2121 2642 2189 cupio
2664 2121 2935 2188 audistis,
2960 2136 3115 2174 nunc
3138 2120 3508 2175 considerate
3524 2118 3652 2189 quid
3672 2132 3815 2187 agere

2212 2208 2426 2261 velitis.
2450 2231 2470 2255 ι»
2498 2207 2621 2261 Illis
2644 2210 2833 2261 autem
2856 2208 3164 2261 consilium
3183 2206 3318 2278 ejus
3332 2205 3756 2277 approbantibus
3774 2208 3820 2256 et

2211 2310 2278 2350 se
2300 2295 2357 2348 in
2380 2296 2652 2350 omnibus
2667 2295 2781 2365 ipsi
2795 2296 3202 2350 obsecundare
3215 2293 3818 2365 pollicentibus,iterum

2213 2399 2398 2456 sagax
2416 2384 2744 2438 Willelmus
2770 2399 2781 2438 :
2812 2406 2833 2429 ‹‹
2851 2384 2909 2437 Si
2926 2384 3418 2453 placet,monachi
3440 2384 3550 2437 cito
3567 2382 3820 2452 requiran-

2209 2475 2306 2526 tur
2322 2474 2378 2526 et
2400 2472 2570 2526 Utico
2588 2473 2704 2525 tam
2736 2464 2923 2526 libere
2955 2473 3394 2527 constituantur
3410 2475 3469 2526 ut
3489 2470 3683 2525 exinde
3700 2485 3726 2522 a
3744 2483 3822 2523 no-

2211 2561 2308 2615 bis
2340 2562 2431 2615 vel
2456 2561 2795 2615 haeredibus
2826 2561 3050 2615 nostris
3080 2560 3224 2614 nulli
3244 2561 3511 2615 redditus
3540 2559 3819 2629 exigantur,

2213 2650 2327 2703 nisi
2361 2665 2515 2703 unus
2539 2650 2908 2704 solummodo
2938 2664 2951 2719 ;
2984 2650 3233 2717 scilicet,
3269 2652 3335 2704 ut
3374 2649 3530 2703 servi
3561 2647 3654 2701 Dei
3680 2645 3819 2700 nobis

2212 2738 2578 2793 orationibus
2592 2737 2720 2792 suis
2734 2736 3151 2809 suffragantur.
3171 2738 3239 2791 Et
3252 2754 3329 2792 ne
3348 2736 3647 2808 aliquando
3658 2733 3821 2788 instin-

2215 2829 2313 2880 ctu
2340 2826 2627 2880 daemonis
2659 2841 2763 2880 eos
2793 2827 2987 2898 aliquo
3020 2827 3191 2881 modo
3228 2826 3513 2881 infestare
3543 2823 3819 2895 possimus,

2213 2915 2523 2985 praefatum
2565 2915 2898 2969 coenobium
2943 2916 3122 2970 totius
3163 2915 3605 2970 Northmannize
3634 2911 3747 2965 duci
3771 2907 3823 2961 ad

2214 3004 2517 3058 tutandum
2540 3008 2741 3057 contra
2759 3021 2870 3058 nos
2892 3009 2948 3059 et
2970 3010 3245 3074 posteros
3264 3008 3525 3071 nostros,
3549 3011 3822 3067 omnesque

2214 3093 2513 3160 mortales,
2538 3093 2689 3146 ultro
2710 3093 3221 3147 commendemus:
3250 3095 3315 3146 ut
3338 3092 3617 3159 videlicet,
3638 3089 3682 3142 si
3701 3101 3824 3157 prie-

2214 3184 2304 3235 ter
2326 3181 2632 3251 spirituale
2649 3181 3000 3235 beneficium
3016 3182 3232 3251 aliquid
3250 3181 3481 3235 servitii
3497 3196 3596 3233 seu
3609 3172 3824 3231 muneris

2217 3270 2504 3324 violenter
2517 3270 3224 3341 exegerimus,principali
3239 3271 3553 3325 severitate
3566 3264 3831 3321 salubriter

2218 3360 2710 3429 coerciti,tirones
2736 3359 2838 3413 Dei
2862 3359 3177 3413 molestare
3199 3358 3293 3412 vel
3319 3358 3482 3412 inviti
3498 3366 3789 3411 cessemus.
3806 3368 3823 3396 ι

2215 3448 2363 3501 Post
2394 3448 2543 3516 haec,
2570 3448 2791 3516 pariter
2804 3447 3012 3501 ducem
3030 3448 3325 3515 adierunt,
3351 3448 3521 3517 eique
3541 3459 3697 3499 suum
3712 3437 3829 3493 velle

2215 3536 2553 3591 luculenter
2581 3536 3053 3591 insinuaverunt.
3072 3536 3141 3590 At
3173 3536 3270 3590 ille
3302 3536 3459 3590 votis
3479 3548 3669 3589 eorum
3695 3527 3829 3582 beni-

2220 3625 2418 3698 gniter
2449 3625 2590 3678 favit
2621 3629 2677 3678 et
2708 3624 2841 3679 inde
2866 3624 3330 3695 chirographum
3360 3620 3707 3678 auctoritatis
3732 3628 3830 3669 sua:

2215 3714 2275 3767 in
2308 3713 2467 3767 Saltu
2523 3712 2741 3767 Leonis
2787 3713 2983 3767 sanxit
3028 3717 3083 3766 et
3115 3712 3418 3782 episcopis
3448 3727 3516 3765 ae
3555 3704 3830 3764 baronibus

2221 3802 2705 3857 Northmannicis
2719 3802 2789 3855 ad
2805 3802 3166 3855 conflrmand
3176 3817 3270 3855 um
3288 3801 3543 3855 tradidit.
3559 3792 3832 3869 Malgerius

2220 3893 2415 3962 itaque
2450 3890 2937 3961 archiepiscopus
2972 3890 3477 3961 Rothomagensis
3497 3889 3708 3960 primus
3726 3880 3834 3937 sub-

2222 3981 2486 4050 scripsit.
2530 3979 2752 4033 Deinde
2802 3978 3094 4048 praesules
3132 3978 3641 4049 subscripserunt,
3696 3972 3832 4041 Hugo

2220 4074 2621 4130 Luxoviensis
2646 4077 2700 4127 et
2719 4073 2842 4128 Odo
2878 4074 3229 4144 Bajocensis
3258 4092 3271 4138 ;
3308 4074 3635 4127 Willelmus
3662 4063 3833 4122 ΕΙ)νοὶ-

2221 4164 2422 4218 censis
2461 4166 2633 4233 atque
2668 4162 3042 4217 Gislebertus
3074 4162 3260 4216 abbas
3292 4159 3675 4217 Castellionis.
3706 4155 3833 4207 Tunc

2220 4248 3387 4305 domnusTheodoricusGemmeticensis
3402 4245 3711 4302 monachus
3722 4242 3836 4295 elecc

2218 4341 2314 4393 tus
2338 4341 2449 4407 est,
2474 4339 2646 4408 eique
2665 4337 2968 4391 Uticensis
2990 4337 3240 4392 abbatiae
3273 4353 3419 4392 cura
3433 4334 3731 4391 commissa
3748 4329 3833 4383 est.

2292 4428 2463 4481 Anno
2511 4426 2693 4498 igitur
2737 4426 3056 4480 Dominicae
3107 4425 3534 4481 Inearnationis
3573 4420 3836 4478 millesimo

2222 4515 2736 4586 quinquagesimo,
2778 4514 3093 4569 indictione
3134 4531 3210 4582 IV,
3246 4515 3450 4570 Leone
3481 4528 3623 4585 papa
3651 4512 3703 4564 in
3729 4504 3841 4560 sede

2223 4604 2545 4674 apostolica
2562 4602 2880 4670 residente,
2910 4618 3019 4657 nec
3033 4619 3149 4657 non
3174 4604 3436 4658 Henrico
3452 4602 3500 4656 II
3518 4594 3840 4656 Christianis-

2224 4693 2377 4747 simo
2410 4693 2703 4763 Augusto,
2739 4692 2997 4745 Cononis
3031 4691 3330 4745 Saxonum
3359 4691 3529 4746 ducis
3559 4689 3666 4743 ﬁlio
3690 4689 3840 4751 impe-

2222 4785 2409 4849 rante,
2470 4780 2892 4835 monasterium
2935 4779 3132 4834 Sancti
3181 4780 3414 4835 Ebrulti
3463 4796 3497 4834 a
3526 4791 3674 4847 saepe
3700 4770 3839 4827 dictis

2223 4868 2622 4938 optimatibus,
2662 4868 2956 4923 Willelmo
2989 4868 3279 4923 Geroiano
3313 4873 3371 4924 et
3411 4868 3706 4939 nepotibus
3736 4857 3836 4912 suis

2226 4958 2484 5012 Roberto
2508 4962 2565 5012 et
2614 4958 2867 5029 Hugone
2897 4959 2969 5011 de
3008 4957 3553 5024 Grentemaisnilio,
3587 4950 3723 5024 apud
3747 4944 3837 5001 Ui-

2225 5062 2357 5100 cum
2390 5049 2785 5101 restauratum
2818 5050 2930 5099 est.
2965 5046 3049 5100 lbi
3082 5046 3444 5100 venerabilis
3485 5037 3836 5098 Theodoricus

2226 5151 2456 5207 magnae
2484 5135 2792 5206 religionis
2822 5136 3148 5189 monachus
3172 5133 3628 5199 Non.0ctobris,
3660 5128 3740 5182 die
3756 5124 3836 5175 D0-

2225 5224 2461 5291 minico,
2497 5240 2527 5276 a
2573 5224 2808 5278 domino
2859 5224 3111 5294 Hugone
3157 5223 3412 5277 Luxovii
3452 5219 3708 5292 pontiﬁce
3736 5212 3836 5266 ante

2227 5314 2407 5367 altare
2427 5312 2626 5366 Sancti
2656 5313 2818 5365 Petri
2848 5313 3192 5367 solemniter
3220 5314 3601 5366 consecratus
3627 5307 3725 5361 est.
3752 5300 3836 5352 Se-

2227 5402 2428 5472 quenti
2459 5417 2693 5471 quoque
2723 5416 2875 5455 anno
2906 5401 3125 5455 nobilis
3156 5402 3453 5455 Bobertus
3483 5393 3718 5453 emnobii
3738 5389 3834 5443 fun-

2227 5491 2394 5544 dator
2421 5490 2638 5544 ibidem
2675 5489 3001 5544 monachus
3035 5489 3228 5544 factus
3269 5492 3395 5556 est,
3453 5487 3759 5552 multosque
3781 5475 3841 5528 la-

2224 5581 2405 5635 bores
2426 5581 2630 5649 postea
2651 5578 2710 5632 in
2737 5578 3150 5649 procuratione
3182 5593 3491 5632 servorum
3512 5575 3610 5629 Dci
3638 5579 3831 5643 perpeS‘

2229 5685 2337 5724 sus
2369 5671 2479 5725 est.
2516 5669 2649 5725 Non
2685 5668 2872 5723 multo
2903 5670 3039 5740 post
3069 5667 3399 5725 Geroianus
3432 5662 3738 5720 Willelmus
3762 5664 3842 5725 pro
