3988 6176
229 343 347 407 865

595 340 1024 403 ΗΙΞΤΟΒῙΑΞ
1071 338 1865 402 NORTHMANNORUM
1910 339 2140 402 LIBRI
2190 339 2442 402 OCTO.
2482 375 2553 387 —
2593 341 2847 404 LIBER
2891 342 3313 408 SEPTIMUS

3554 345 3675 409 866

233 538 590 610 quibusdam
608 538 1057 593 rationabilibus
1080 538 1282 592 causis
1308 539 1363 592 in
1385 539 1653 608 Apuliam
1676 539 1904 593 missus
1931 519 1988 579 Α
2017 536 2313 609 fugientes
2352 539 2452 592 vix
2482 542 2818 594 evaserunt.
2854 540 2980 594 Hoc
3009 556 3083 594 ex
3118 546 3279 611 parte
3311 544 3483 598 ducis
3517 544 3673 599 Nor-

229 630 338 693 est,
375 627 577 697 ibique
594 627 731 680 dum
759 627 953 681 redire
977 632 1256 696 cmperat,
1293 627 1443 697 apud
1478 627 1738 698 Cajetam
1779 628 1903 682 No-

230 717 323 769 nis
345 714 652 769 Februarii
676 716 990 771 defunctus
1015 720 1126 771 est.
1156 716 1492 770 Willelmus
1523 717 1593 770 de
1616 716 1910 770 Monaste-

229 803 377 858 riolo
400 804 562 857 filius
591 803 725 874 ejus
749 805 805 858 in
828 805 1037 873 Apulia
1067 820 1297 876 magna;
1318 804 1698 858 sublimitatis
1721 819 1906 874 eques

229 896 375 961 erat,
394 892 643 947 Graecos
666 897 721 948 et
746 893 1174 965 Langobardos
1198 893 1379 947 armis
1405 893 1708 963 premebat
1743 892 1909 946 etvi-

233 983 394 1036 cario
421 982 610 1035 sancti
646 982 801 1036 Petri
832 983 1084 1051 apostoli
1115 982 1426 1037 subdebat.

815 1069 1067 1124 CAPUT
1111 1066 1322 1125 XXIV.

235 1159 400 1225 Quod
443 1158 780 1230 Malgerius
819 1159 1299 1230 archiepiscopus
1328 1158 1899 1230 archiepiscopatum

304 1231 445 1285 duci
473 1229 704 1311 redidit
728 1236 787 1284 et
814 1230 920 1285 ille
940 1229 1284 1284 Mamilium
1318 1229 1729 1284 monachorum
1770 1230 1906 1284 sub-

304 1318 453 1373 roga
466 1309 567 1355 vit.

300 1391 385 1444 Eo
406 1393 673 1459 tempore
698 1390 1021 1461 Malgerius
1043 1390 1436 1460 arehipraesul
1462 1390 1907 1460 Rothomagen-

234 1481 320 1534 sis
352 1479 627 1548 desipere
665 1479 860 1547 coepit,
887 1482 943 1533 et
970 1479 1307 1549 insipientia
1328 1478 1541 1532 ductus
1565 1478 1901 1548 arehiprae-

233 1568 494 1622 sulatum
518 1567 652 1621 duci
683 1567 1099 1621 reddidit.Dux
1132 1571 1325 1621 autem
1354 1567 1702 1638 Malgerium
1730 1567 1786 1619 in
1819 1567 1905 1619 in-

232 1657 361 1709 sula
385 1672 521 1726 qua)
554 1656 769 1709 dicitur
810 1655 1173 1709 Ghernervia
1206 1655 1517 1726 (Gernsey)
1546 1657 1788 1710 reti-usit
1846 1658 1905 1709 et

2015 627 2424 681 thmannorum
2442 628 2751 682 confestim
2769 630 3096 684 renuntiate
3112 633 3242 702 regi
3256 632 3669 689 Francorum.»

2019 717 2145 770 Rex
2178 717 2361 787 igitur
2391 721 2451 769 ut
2481 717 2861 771 infortunium
2896 733 3143 772 suorum
3173 722 3432 791 agnovit,
3459 739 3490 775 a
3514 723 3673 777 Nor-

2014 805 2350 859 thmaunica
2400 804 2775 860 infestatione
2809 807 3038 861 concito
3078 810 3285 878 gradu,
3322 812 3674 878 quantocius

2010 893 2212 963 valuit,
2265 897 2515 948 moestus
2556 896 2626 948 de
2656 895 2892 949 interitu
2926 895 3225 950 Gallorum
3263 901 3419 952 retro
3466 900 3675 968 pedem

2012 982 2279 1036 retraxit.
2316 983 2459 1037 Haec
2490 992 2687 1055 pugna
2717 1000 2869 1038 anno
2902 984 3224 1040 Dominicae
3249 986 3676 1042 Incarnationis

2011 1068 2148 1124 1054
2184 1070 2334 1125 facta
2369 1075 2478 1126 est.

2598 1178 2849 1233 CAPUT
2888 1179 3071 1233 XXV.

2014 1264 2309 1341 Quodqug
2332 1266 2664 1341 Wiliehnus
2681 1273 2939 1341 castrum
2957 1268 3286 1323 Bretoh'um
3298 1275 3676 1341 construens,

2089 1336 2384 1462 Willjlmo
2438 1338 2561 1393 ﬁlio
2621 1337 2880 1392 Oshemi
2937 1340 3345 1406 commisit;et
3376 1341 3450 1395 de
3499 1336 3681 1399 uxore

2087 1424 2215 1478 OJUS
2262 1424 2369 1462 em.

2082 1497 2298 1550 Postea
2329 1496 2448 1550 dux
2479 1501 2680 1551 contra
2710 1497 3047 1569 Tegulense
3074 1503 3355 1567 castrum,
3387 1502 3544 1571 quod
3576 1518 3679 1557 rex

2013 1584 2095 1637 illi
2121 1585 2339 1639 dudum
2369 1587 2715 1657 abstulerat,
2749 1588 2906 1642 aliud
2936 1591 3213 1658 oppidum
3244 1606 3361 1645 non
3393 1591 3675 1659 deterius,

2013 1673 2166 1742 quod
2205 1674 2526 1728 Bretolium
2558 1691 2747 1746 usque
2777 1676 2949 1731 hodie
2971 1683 3238 1745 vocatur,
3273 1679 3582 1750 instaurat,
3625 1684 3682 1735 et

233 1745 446 1815 synodi
480 1745 716 1798 decreto
746 1745 1250 1813 metropolitanum
1284 1744 1487 1798 sedem
1518 1745 1788 1799 Maurilio
1810 1745 1904 1799 Fi-

2058 1762 2307 1816 v'illclmo
2366 1764 2619 1817 Osherni
2652 1744 2794 1819 Villio
2841 1766 2913 1819 ad
2964 1767 3416 1822 custodiendum
3480 1744 3682 1824 contra

232 1833 555 1887 scannensi
574 1832 862 1887 monacho
894 1833 1093 1886 multis
1128 1833 1447 1887 virtutibus
1462 1834 1773 1889 excellenti
1795 1838 1904 1888 tra-

233 1921 373 1974 didit
405 1921 571 1975 Tunc
603 1921 775 1974 etiam
809 1920 1251 1975 Northmannos
1292 1922 1589 1974 discordia
1622 1922 1899 1991 turbavit,

233 2026 458 2080 eosque
517 2009 845 2064 vicinorum
902 2010 1001 2079 qui
1057 2010 1210 2063 bella
1264 2009 1395 2079 paci
1455 2010 1897 2079 praeponebant,

234 2114 485 2152 cruores
507 2096 809 2152 effundere
832 2099 1130 2168 compulit.
1158 2097 1491 2164 Enimvero,
1520 2114 1595 2153 ex
1608 2115 1724 2169 quo
1749 2100 1902 2153 Nor-

233 2186 499 2239 thmanni
530 2202 669 2240 arva
698 2186 996 2241 Neustrim
1020 2190 1327 2256 coeperunt
1355 2187 1774 2257 incolere,mos
1798 2189 1905 2242 fuit

230 2273 480 2327 Francis
496 2290 734 2344 semper
748 2276 836 2329 eis
867 2275 1545 2329 invidere.Concitabant
1564 2292 1707 2347 ergo
1724 2291 1902 2348 reges

233 2364 528 2417 adversus
549 2364 681 2417 illos
701 2364 1387 2435 insurgere,asserentes
1402 2369 1590 2419 terras
1609 2381 1758 2436 quas
1773 2381 1908 2435 pos-

233 2452 428 2505 sident
474 2452 604 2505 suis
650 2451 982 2523 majoribus
1024 2453 1316 2507 violenter
1348 2469 1453 2507 eos
1496 2454 1899 2524 subripuisse.

234 2539 464 2604 Quibus
488 2556 588 2595 rex
622 2541 917 2595 Henricus
954 2541 1329 2595 vehementer
1369 2542 1652 2610 irritatus,
1698 2543 1903 2597 amba-

234 2629 434 2699 gibus,
472 2630 587 2683 imo
619 2630 1070 2701 malignissimis
1101 2630 1447 2684 mmulorum
1490 2631 1903 2702 suggestioni-

230 2717 364 2784 bus,
401 2719 479 2771 ob
518 2718 687 2772 ducis
721 2719 1051 2788 imperium,
1086 2719 1320 2773 duobus
1366 2719 1623 2773 hostium
1655 2720 1905 2790 agmini-

231 2805 346 2858 bus
386 2806 877 2860 Northmanuiam
929 2811 1019 2860 est
1062 2823 1373 2879 agressus.
1424 2808 1618 2862 Unum
1669 2808 1906 2878 quidem

230 2894 437 2949 electae
453 2895 774 2949 nobilitatis
793 2896 1058 2949 virorum
1081 2896 1337 2965 fortium,
1359 2896 1429 2949 ad
1449 2896 1750 2951 Calcinum
1772 2897 1907 2951 sub-

2016 1855 2261 1904 cunctos
2286 1851 2402 1905 sibi
2431 1852 2817 1907 adversantes
2841 1855 3228 1909 commendat.
3252 1856 3680 1927 Hiclcgitimus

2016 1940 2348 1993 etliberalis
2385 1941 2477 1993 vir
2512 1941 2810 1994 Adelisam
2833 1943 3075 2013 Rogerii
3128 1944 3598 1998 Toenitaeiiliam
3622 1947 3679 1999 in

2017 2028 2298 2100 eonjugio
2332 2029 2552 2097 habuit,
2589 2046 2658 2084 ex
2704 2045 2816 2100 qua
2849 2031 2999 2084 duos
3035 2032 3209 2100 filios,
3240 2033 3597 2087 Willclmum
3628 2036 3685 2088 et

2020 2118 2341 2187 ltogerium
2372 2116 2788 2172 Contumacem
2818 2122 3157 2188 procreavit
3188 2123 3244 2175 et
3276 2138 3449 2176 unam
3481 2122 3680 2190 filiam,

2017 2221 2149 2275 quae
2179 2210 2388 2275 postea
2413 2206 2666 2260 ltodulfo
2702 2208 2896 2261 comiti
2926 2224 3148 2279 genere
3182 2209 3406 2264 Britoni
3460 2211 3682 2279 nupsit,

2016 2296 2189 2364 atque
2221 2310 2354 2348 cum
2397 2295 2601 2349 codem
2650 2296 2706 2347 in
2746 2296 2955 2349 diebus
2998 2297 3221 2350 Urbani
3251 2314 3416 2367 papae
3465 2298 3682 2353 Hieru-

2017 2383 2201 2436 salem
2235 2383 2513 2452 pcrrexit.
2566 2383 2855 2438 Praefatus
2887 2385 3065 2438 heros
3097 2384 3213 2439 duo
3252 2386 3519 2440 emnobia
3554 2402 3681 2440 mo-

2017 2471 2339 2525 nachorum
2358 2472 2587 2526 Sancta)
2604 2472 2801 2526 Mariae
2817 2473 2948 2526 coeli
2961 2474 3184 2544 reginae
3199 2474 3682 2529 condidit.Unum

2016 2560 2169 2629 apud
2204 2560 2419 2629 Liram,
2459 2561 2559 2615 ubi
2596 2561 2898 2614 Adelisam
2929 2561 3248 2633 conjugem
3283 2579 3449 2617 suam
3503 2578 3682 2633 sepe-

2015 2649 2180 2713 livit;
2217 2653 2271 2702 et
2312 2650 2560 2704 alterum
2594 2650 2745 2719 apud
2799 2649 3148 2720 Cormelias,
3200 2651 3303 2705 ubi
3350 2652 3480 2721 ipse
3521 2652 3681 2721 quie-

2019 2738 2132 2791 scit
2163 2741 2218 2791 et
2252 2738 2599 2808 Rodulphus
2632 2739 2789 2792 ﬁlius
2821 2738 2956 2809 ejus
3006 2756 3036 2792 a
3068 2740 3316 2809 pueritia
3354 2740 3683 2794 monachus

2019 2827 2138 2880 Deo
2172 2826 2266 2880 diu
2302 2828 2588 2882 militavit.
2624 2828 2757 2897 Ipse
2780 2844 3017 2899 quoque
3050 2844 3183 2882 cum
3214 2828 3504 2883 Willelmo
3536 2829 3684 2882 duce

2019 2916 2246 2986 Anglos
2284 2917 2534 2970 maxime
2582 2917 2916 2986 perdomuit
2950 2920 3005 2971 et
3050 2917 3387 2971 comitatum
3437 2916 3684 2971 Herfor-

224 2984 582 3038 vertendum
627 2983 989 3037 territorium
1034 2984 1279 3048 direxit;
1331 2984 1422 3039 cui
1458 2985 1698 3038 fratrem
1729 3001 1904 3039 suum
1938 3004 1988 3065 Ο
2020 2983 2142 3057 δίας
2164 3020 2295 3057 cum
2327 3020 2538 3076 magna
2574 2983 2737 3075 ρονιθ
2768 3007 2934 3076 regni
2958 3020 3145 3059 sensu
3179 3007 3237 3059 et
3264 3006 3495 3059 viribus
3528 3006 3682 3060 οωί-

222 3073 471 3126 nomine
492 3072 754 3126 Odonem
774 3072 1061 3141 praefecit.
1092 3074 1256 3127 Alter
1280 3089 1423 3128 vero
1445 3089 1578 3127 cum
1608 3072 1906 3128 Goiffredo

228 3161 529 3230 Martello,
555 3161 624 3214 ad
649 3161 1085 3215 demoliendum
1104 3164 1440 3216 comitatum
1456 3162 1905 3231 Ebroicensem,

223 3251 365 3322 ipse
397 3250 656 3320 praefuit.
708 3250 839 3304 Dux
879 3266 1046 3322 ergo,
1078 3254 1140 3304 ut
1164 3266 1230 3305 se
1264 3266 1528 3321 suosque
1578 3251 1772 3305 taliter
1797 3266 1907 3321 op-

224 3339 408 3410 primi
441 3339 625 3409 vidit,
660 3354 875 3410 magno
913 3342 969 3393 et
1011 3340 1191 3394 nobili
1221 3343 1415 3393 tactus
1447 3340 1648 3394 dolore
1689 3340 1906 3393 milites

225 3428 513 3498 protinus
538 3428 736 3498 elegit,
761 3442 911 3498 quos
935 3428 1006 3481 ad
1026 3428 1498 3498 comprimendos
1529 3428 1745 3482 Calceii
1773 3429 1909 3483 sub-

222 3532 523 3571 versores
543 3516 849 3570 celerrime
871 3516 1103 3570 direxit.
1139 3517 1273 3586 Ipse
1293 3520 1485 3570 autem
1510 3533 1643 3570 cum
1659 3533 1906 3571 suorum

220 3605 538 3659 nonnullis
570 3607 727 3659 circa
751 3621 954 3677 regem
987 3621 1053 3658 se
1083 3606 1345 3675 contulit,
1380 3610 1667 3675 quatenus
1699 3621 1906 3675 poenas

224 3696 446 3759 lueret,
484 3694 725 3764 siquem
751 3695 1066 3747 satellitum
1100 3709 1129 3746 a
1163 3694 1325 3765 regis
1355 3693 1535 3747 latere
1557 3694 1907 3748 abstrahere

222 3784 611 3854 aliquatenus
666 3782 907 3836 valeret.
955 3783 1273 3836 Venientes
1325 3798 1467 3836 vero
1518 3782 1908 3837 Northmauni

221 3873 296 3926 ad
357 3870 642 3940 Francos,
680 3874 1026 3940 repererunt
1074 3888 1177 3925 eos
1220 3871 1373 3940 apud
1428 3871 1719 3925 Mortuum
1746 3886 1907 3924 mare

224 3963 281 4016 in
314 3960 612 4014 incendiis
644 3963 699 4013 et
723 3960 1033 4014 mulierum
1062 3960 1337 4013 ludibriis
1372 3963 1713 4027 occupatos.
1762 3959 1907 4013 Cum

223 4050 458 4120 quibus
493 4049 645 4102 illico
679 4065 845 4102 mane
871 4048 1259 4102 commissum
1288 4048 1510 4103 bellum
1539 4049 1598 4102 in
1630 4049 1905 4102 continua

223 4138 399 4192 caede
431 4137 905 4191 occumbentium
938 4138 1011 4191 ad
1056 4152 1248 4208 usque
1280 4152 1493 4190 nonam
1523 4137 1595 4190 ab
1637 4137 1906 4207 utrisque

224 4230 319 4281 est
345 4228 733 4295 protractum.
769 4226 1113 4280 Novissime
1135 4229 1329 4280 autem
1362 4224 1747 4296 Francigenae
1766 4225 1907 4278 victi

224 4317 520 4387 fugerunt
546 4317 602 4369 et
623 4314 1011 4368 Northmanni
1034 4320 1307 4368 eventum
1325 4314 1459 4367 duci
1482 4330 1620 4368 mox
1636 4329 1742 4384 per
1766 4330 1907 4367 nun-

225 4406 351 4458 tios
384 4404 820 4456 intimaverunt.
847 4406 919 4456 At
957 4403 1055 4456 ille
1092 4404 1266 4456 nimis
1299 4404 1472 4457 laetus
1523 4418 1705 4471 super
1754 4402 1907 4456 hanc

228 4509 385 4559 rem,
416 4491 739 4545 Henrieum
757 4506 959 4562 regem
984 4491 1194 4545 volens
1226 4490 1509 4562 etfugare,
1545 4491 1754 4545 terruit
1771 4507 1906 4546 eum

228 4580 372 4650 ejus
403 4580 719 4650 legatione.
755 4580 1011 4633 Nuntius
1038 4580 1207 4633 ducis
1232 4580 1536 4650 regalibus
1569 4580 1783 4633 castris
1807 4595 1907 4647 ap-

230 4668 555 4738 propiavit,
580 4672 636 4722 et
664 4669 722 4721 in
753 4668 1004 4738 quodam
1028 4669 1293 4737 proximo
1328 4671 1522 4723 monte
1539 4671 1715 4722 noctu
1739 4671 1906 4721 stans

234 4757 475 4811 fortiter
506 4758 760 4811 clamare
778 4759 972 4827 cmpit.
998 4755 1260 4826 Cumque
1279 4758 1431 4827 regii
1453 4758 1671 4828 vigiles
1695 4758 1905 4810 scisci-

236 4849 514 4899 tarentur
551 4847 685 4916 quis
713 4850 897 4915 esset,
932 4847 1026 4900 vel
1054 4860 1236 4917 quare
1268 4845 1363 4898 tali
1388 4845 1529 4898 hora
1563 4846 1652 4898 sic
1682 4845 1905 4899 vocife-

236 4939 496 5002 raretur,
532 4935 921 5004 respondisse
950 4934 1171 4989 fertur:
1212 4958 1232 4980 α
1272 4934 1566 4988 Ιὶοᾱυιίύε
1598 4934 1668 4987 de
1704 4934 1907 4988 Tmnia

235 5023 580 5077 nominatus
608 5039 739 5077 sum
770 5023 1061 5093 vobisque
1090 5022 1292 5077 defero
1324 5023 1578 5093 lugubre
1619 5024 1904 5077 nuntium.

233 5112 327 5164 Ad
362 5112 657 5179 Mortuum
687 5128 847 5165 mare
880 5127 1091 5165 currus
1132 5115 1369 5164 vestros
1399 5127 1531 5165 eum
1566 5112 1752 5165 carris
1795 5112 1906 5165 du-

232 5201 352 5253 cite
376 5204 431 5253 et
454 5200 591 5253 inde
605 5201 889 5254 cadavera
910 5200 1224 5254 charorum
1242 5203 1577 5253 vestrorum
1594 5203 1903 5269 reportate.

236 5288 455 5342 Franci
489 5291 707 5359 quippe
756 5289 1295 5342 Northmannorum
1337 5288 1598 5343 militiam
1648 5290 1907 5357 experiri

236 5392 428 5446 super
457 5392 569 5430 nos
601 5382 905 5446 venerunt,
932 5393 1178 5448 eamque
1204 5378 1386 5431 multo
1426 5378 1710 5449 majorem
1734 5394 1908 5448 quam

236 5466 599 5532 voluissent,
628 5467 997 5520 invenerunt.
1018 5466 1141 5521 Odo
1164 5466 1417 5537 signifer
1437 5482 1639 5521 eorum
1665 5467 1910 5535 turpiter

238 5554 486 5625 fugatus
523 5559 636 5623 est,
666 5562 722 5609 et
752 5555 922 5609 Wido
950 5556 1173 5608 Pontivi
1198 5572 1399 5610 comes
1423 5561 1627 5624 captus
1649 5559 1759 5609 est.
1790 5556 1907 5609 Re-

236 5643 388 5714 liqui
428 5659 632 5698 omnes
676 5646 825 5713 capti
866 5648 964 5698 aut
1002 5645 1291 5714 perempti
1338 5647 1495 5713 sunt,
1550 5648 1648 5698 aut
1694 5644 1907 5699 obnixe

2021 3094 2165 3146 nuit.
2217 3092 2480 3163 Denique
2511 3109 2666 3148 anno
2701 3094 2771 3147 ab
2820 3094 3226 3148 Incarnatione
3258 3094 3486 3148 Domini
3546 3094 3683 3147 10Ἷο

2019 3196 2153 3234 cum
2174 3181 2444 3249 Philippo
2467 3197 2608 3252 rege
2650 3182 3013 3236 Francorum
3044 3182 3374 3236 Flandriam
3399 3183 3681 3251 perrexit,

2017 3270 2224 3323 volens
2242 3270 2525 3325 Balduino
2542 3271 2841 3324 Mathildis
2864 3271 3089 3343 reginae
3117 3271 3314 3340 nepoti
3337 3271 3679 3325 subvenire.

2020 3359 2318 3412 liobertus
2364 3362 2559 3412 autem
2600 3359 2792 3413 Frisio
2825 3375 2955 3413 cum
3001 3360 3264 3414 exercitu
3295 3359 3539 3413 Henrici
3578 3359 3682 3412 im-

2016 3447 2312 3516 peratoris
2363 3448 2586 3502 sociato
2632 3449 2839 3502 cuneis
2876 3449 3023 3516 suis,
3058 3464 3091 3502 x
3124 3448 3250 3501 Kal.
3286 3447 3502 3516 Martii,
3561 3448 3682 3501 Do-

2017 3536 2231 3589 minico
2264 3536 2729 3608 Septuagesimae
2755 3538 3073 3607 imparatos
3103 3552 3271 3590 mane
3297 3552 3683 3606 praeoccupa-

2018 3624 2184 3677 vitet
2234 3624 2503 3694 Philippo
2538 3641 2669 3678 cum
2704 3626 2940 3679 Francis
2989 3626 3275 3697 fugiente,
3330 3625 3679 3679 Balduinum

2016 3715 2287 3782 nepotem
2319 3730 2513 3781 suum,
2556 3720 2611 3767 et
2654 3713 3008 3767 Willehnum
3056 3714 3328 3768 comitem
3369 3714 3502 3768 telis
3537 3730 3683 3768 suo-

2016 3817 2144 3854 rum
2179 3802 2411 3855 occidit.
2448 3802 2660 3855 Postea
2693 3802 2983 3856 Flandriae
3030 3804 3307 3856 ducatum
3343 3803 3442 3856 diu
3474 3802 3676 3868 tenuit,

2016 3888 2396 3959 moriensque
2429 3890 2564 3943 filiis
2593 3890 2743 3957 suis,
2781 3891 3039 3945 Roberto
3070 3890 3605 3961 Hierosolymitano
3627 3894 3684 3945 et

2020 3976 2287 4047 Philippo
2319 3978 2650 4048 dereliquit.
2688 3978 2858 4032 Nunc
2890 3979 2960 4032 ad
3001 3979 3265 4033 ordinem
3294 3979 3559 4033 historiae
3582 3993 3680 4033 re-

2016 4064 2283 4119 deamus.

2610 4154 2862 4209 CAPUT
2905 4156 3120 4209 XXVI.

1934 4266 1986 4326 D
2023 4243 2159 4308 Quae
2191 4242 2304 4297 fuit
2343 4258 2515 4297 causa
2550 4249 2608 4296 ut
2638 4243 2750 4298 duo
2780 4239 3043 4326 cennohia
3077 4243 3319 4298 Cadomi
3368 4249 3679 4300 construe-

2728 4320 2960 4368 rentur.

2090 4403 2421 4458 Willelmus
2452 4403 2605 4473 dux,
2639 4404 2777 4457 dum
2807 4419 2838 4456 a
2871 4402 3226 4474 quibusdam
3246 4403 3547 4474 religiosis
3568 4418 3681 4458 sae-

2019 4492 2154 4562 pius
2182 4494 2656 4564 redargueretur,
2692 4508 2761 4547 eo
2785 4492 2941 4563 quod
2961 4496 3272 4565 cognatam
3296 4508 3464 4546 suam
3479 4492 3595 4547 sibi
3609 4493 3684 4563 jin

2020 4580 2390 4635 matrimonio
2428 4581 2786 4651 copulasset,
2827 4580 3034 4635 missis
3082 4580 3294 4651 legatis
3355 4581 3683 4634 liomanum

2018 4686 2226 4739 papam
2248 4686 2430 4739 super
2442 4670 2551 4723 hac
2576 4685 2641 4723 re
2674 4669 2988 4724 consuluit.
3014 4670 3087 4723 At
3110 4670 3206 4723 ille
3219 4669 3515 4740 sagaciter
3533 4683 3679 4723 con-

2020 4758 2314 4827 siderans,
2341 4759 2497 4829 quod
2516 4760 2568 4812 si
2586 4758 2900 4813 divortium
2919 4758 3043 4811 ﬁeri
3070 4757 3329 4828 juberet,
3358 4756 3507 4811 forte
3529 4756 3686 4810 inter

2020 4843 2419 4899 Flandrenses
2452 4849 2508 4899 et
2540 4846 2983 4899 Northmannos
3016 4860 3199 4915 grave
3228 4843 3449 4898 bellum
3479 4859 3686 4897 exsur-

2020 4937 2208 5004 geret,
2231 4934 2501 4987 maritum
2524 4938 2580 4988 et
2601 4934 2920 5004 conjugem
2950 4950 2981 4986 a
2996 4938 3160 4987 reatu
3176 4932 3452 5001 absolvit,
3473 4932 3684 5002 eisque

2019 5022 2419 5091 paenitentiam
2477 5021 2748 5091 injunxit.
2803 5021 3097 5074 Mandavit
3154 5021 3329 5089 enim,
3383 5024 3444 5074 ut
3473 5020 3545 5074 ab
3591 5020 3682 5074 eis

2020 5111 2136 5165 duo
2170 5111 2438 5164 coenobia
2465 5111 2875 5177 conderentur,
2910 5110 2967 5163 in
2999 5108 3216 5179 quibus
3265 5124 3371 5179 pro
3402 5108 3552 5178 ipsis
3606 5108 3682 5162 ab

2019 5202 2268 5270 utroque
2301 5215 2451 5253 sexu
2483 5200 2603 5252 Deo
2629 5198 2836 5252 sedulo
2867 5212 3079 5268 preces
3109 5195 3479 5251 offerrentur.
3514 5197 3682 5263 Quod

2018 5288 2103 5341 illi
2132 5292 2436 5359 gratanter
2475 5303 2651 5357 Opere
2697 5288 3158 5355 compleverunt.
3189 5286 3338 5340 Nam
3370 5287 3523 5357 apud
3569 5288 3682 5341 Ca-

2018 5377 2255 5431 domum
2288 5392 2399 5429 una
2433 5378 2769 5428 constructa
2799 5378 2890 5427 est
2925 5374 3154 5428 abbatia
3185 5375 3245 5428 in
3289 5374 3513 5429 honore
3540 5390 3683 5429 san-

2016 5471 2126 5520 ctae
2158 5465 2480 5530 Trinitatis,
2517 5464 2693 5517 altera
2722 5480 2862 5518 vero
2890 5464 2947 5517 in
2969 5464 3193 5518 honore
3217 5466 3407 5518 sancti
3438 5464 3683 5533 Stepha-

2018 5555 2079 5609 ni
2111 5555 2578 5624 protomartyris.
2602 5554 2662 5606 ln
2697 5554 2968 5607 emnobio
3001 5554 3216 5624 quippe
3248 5552 3683 5607 Sanetm't‘rini—

2020 5645 2154 5699 tatis
2188 5643 2716 5700 sanctimonialium
2753 5643 2972 5696 chorus
3008 5643 3126 5698 Deo
3174 5643 3381 5697 laudes
3422 5639 3680 5715 quotidie
