3940 6174
398 341 518 410 867

1140 340 1576 404 WILLELMI
1606 340 1956 404 CALCULI
1986 341 2665 407 GEMMETICENSIS
2697 345 3087 410 MONACHI
3672 352 3763 416 868

400 542 674 613 concinit,
716 542 937 613 quibus
982 541 1195 596 ancilla
1252 541 1360 596 Dei
1410 541 1710 595 Mathildis
1762 542 2065 596 abbatissa
2091 521 2149 582 Α
2176 557 2414 611 pueros,
2457 544 2557 614 qui
2588 545 2737 599 clam
2766 547 2839 600 ad
2876 546 3198 602 ludendum
3230 563 3361 602 cum
3394 546 3669 618 oppidanis
3694 553 3766 607 in-

401 632 524 687 fere
555 631 623 685 48
667 632 841 685 annis
886 631 1144 700 praefuit.
1187 631 1273 684 lbi
1322 630 1619 683 Mathildis
1666 632 1874 701 regina
1926 630 2057 686 1081

400 720 725 775 Dominicae
756 719 1186 773 lncarnationis
1208 734 1385 787 anno,
1424 736 1484 772 in
1506 718 1658 773 Non.
1684 719 2060 788 Novembris,

400 809 596 879 epulta
629 812 738 863 est.
773 808 858 862 lbi
891 824 1125 879 quoque
1157 807 1376 862 Cecilia
1409 809 1578 880 virgo
1624 809 1738 863 ﬁlia
1772 808 1905 878 ejus
1946 809 2065 862 Deo

401 900 748 953 consecrata
789 900 880 950 est
920 901 974 950 ct
1008 898 1069 949 in
1119 898 1363 950 servitio
1416 898 1519 951 Dei
1573 898 1673 951 diu
1712 900 2069 952 commorata

401 992 514 1042 est.
548 988 757 1053 Porro,
802 986 860 1039 in
891 985 1161 1040 coenobio
1207 975 1713 1056 SanctiStephani
1745 987 2068 1040 monacho-

406 1092 537 1132 rum
561 1076 859 1130 exercitus
889 1076 1232 1129 daemonicae
1249 1076 1530 1147 phalangi
1552 1076 1800 1144 resistit,
1818 1091 2069 1146 quorum

312 1184 313 1187 ‘
402 1166 630 1236 primus
660 1165 846 1218 abbas
893 1165 1145 1218 domnus
1188 1163 1557 1219 Lanfrancus
1591 1165 1913 1219 Bcccensis
1944 1181 2071 1219 mo-

403 1253 629 1308 nachus
678 1254 883 1307 extitit.
922 1253 1030 1307 ilic
1069 1269 1208 1308 vero
1244 1254 1353 1307 fuit
1378 1270 1594 1323 genere
1620 1254 2070 1325 Langobardus,

404 1342 675 1396 moribus
706 1342 864 1396 mitis
893 1346 947 1396 et
993 1342 1317 1414 religiosus
1341 1349 1395 1396 et
1420 1350 1532 1396 tam
1562 1343 1870 1397 saecularis
1899 1358 2075 1413 quam

399 1430 728 1503 spiritualis
774 1431 1038 1485 scientiae
1072 1432 1496 1501 peritissimus.
1542 1432 1652 1495 Qui
1692 1435 1825 1501 post
1858 1432 2078 1502 aliquot

398 1535 622 1589 annos,
654 1520 952 1574 annitente
986 1519 1322 1574 Alexandro
1354 1536 1524 1590 papa,
1568 1518 1945 1573 Cantuarium
1977 1536 2075 1573 ar-

401 1609 909 1679 chiepiscopatum
941 1608 1228 1679 suscepit,
1264 1612 1317 1662 ct
1340 1612 1471 1679 post
1503 1610 1745 1663 multum
1771 1610 2072 1680 temporis,

399 1715 553 1754 anno
587 1699 658 1753 ab
691 1698 1102 1752 Incarnatione
1149 1698 1382 1751 Domini
1440 1696 1598 1766 “00,
1637 1714 1691 1749 vx
1734 1697 1862 1751 Kal.
1914 1698 2074 1751 Junii

404 1788 569 1843 obiit.
606 1788 751 1841 Post
779 1788 976 1856 ipsum
1027 1787 1359 1841 Willelmus
1400 1786 1749 1855 monachus,
1806 1785 2075 1840 Radbodi

2176 631 2436 687 fantibus
2467 633 2859 704 intraverant,
2901 637 3247 691 combussit.
3271 637 3433 701 Quod
3462 639 3648 694 iterum
3674 657 3776 696 res-

2178 722 2433 776 tauravit
2459 726 2514 776 et
2537 724 2886 779 custodibus
2918 725 3048 779 suis
3080 726 3445 796 mancipavit.

2728 831 2980 885 CAPUT
3020 831 3291 885 XXVIII.

2180 915 2470 981 Quomodo
2483 918 2783 992 Henricus
2804 936 2918 992 rex
2936 920 3306 974 Francorum
3330 921 3475 992 apud
3510 923 3690 977 vadum
3702 923 3778 978 Di-

2254 1005 2348 1062 vn;
2358 991 2687 1043 exercitum
2717 991 2918 1062 amisit
2948 997 3007 1045 et
3032 997 3237 1062 postea
3260 991 3395 1045 duci
3417 994 3780 1048 reconciliatus

2251 1060 2441 1114 eidem
2471 1067 2728 1115 castrum
2769 1060 3118 1133 Tago/arias
3146 1062 3432 1117 reddidit.

2181 1166 2308 1220 Rex
2338 1170 2531 1221 autem
2574 1167 2870 1222 Henricus
2913 1168 3192 1239 injuriam
3225 1169 3340 1223 sibi
3375 1184 3407 1222 a
3437 1169 3574 1224 duce
3608 1170 3784 1224 illatam

2179 1257 2296 1309 toto
2345 1257 2559 1310 annisu
2602 1257 2848 1326 cupiens
2878 1256 3110 1326 ulcisci,
3154 1261 3388 1328 sumpto
3416 1257 3684 1313 (ioiﬁ‘redo
3703 1275 3782 1314 co-

2177 1345 2314 1399 mite
2344 1345 2786 1417 Andegavensi,
2821 1346 3242 1417 copiosissimo
3274 1362 3407 1400 cum
3438 1348 3677 1402 exercitu
3698 1349 3778 1402 ite-

2175 1436 2298 1487 rata
2344 1434 2714 1503 expeditione
2770 1435 3257 1489 Northmanniam
3315 1436 3658 1507 aggreditur.
3703 1435 3788 1500 Qui

2176 1522 2512 1577 comitatum
2543 1524 2952 1593 pertransiens
2998 1524 3379 1578 Oximensem
3423 1529 3477 1578 et
3519 1528 3785 1594 penetrans

2176 1612 2627 1682 Bajoacensem,
2652 1613 2885 1667 tandem
2907 1612 3129 1667 reﬂexo
3153 1612 3303 1666 calle
3324 1612 3600 1667 redeundi
3618 1613 3790 1666 vadum

2180 1701 2344 1754 Divae
2384 1701 2642 1770 appetiit.
2677 1701 2843 1765 Quod
2874 1717 3018 1773 rege
3051 1704 3418 1770 transeunte,
3452 1700 3625 1755 media
3652 1718 3788 1755 exer-

2185 1791 2337 1844 citus
2367 1806 2505 1861 pars
2537 1791 2800 1845 substitit
2821 1832 2837 1861 ,
2872 1790 3018 1843 mari
3048 1792 3411 1860 eructuante,
3445 1790 3515 1843 ob
3547 1790 3790 1843 redunda-

401 1875 712 1948 Sagicnsis
734 1874 1600 1944 episcopiﬁlius.Cadomensis
1619 1875 1903 1929 Ecclesiae
1922 1875 2076 1947 regi-
2103 1872 2153 1933 Β
2184 1880 2404 1933 tionem
2440 1879 2699 1932 ﬂuminis
2739 1895 2856 1933 non
2888 1878 3098 1933 valens
3146 1883 3529 1933 transmeare.
3563 1877 3690 1932 Cum
3713 1878 3790 1950 qui

402 1980 539 2019 men
572 1965 772 2032 tenuit,
812 1964 911 2034 qui
946 1968 1001 2016 et
1044 1963 1171 2033 ipse
1225 1968 1362 2032 post
1405 1963 1690 2017 Joannem
1732 1964 2072 2033 metropoli-

404 2056 606 2107 tanum
628 2052 1167 2123 Rothomagcnscm
1189 2052 1761 2123 archiepiscopatum
1786 2052 2068 2121 suscepit.

409 2140 637 2195 Deinde
652 2140 985 2195 Gilebertus
1002 2139 1538 2195 Constantiniensis
1556 2140 1815 2195 Callidus
1829 2140 1905 2194 Ca
1915 2141 2072 2193 domi

407 2233 605 2286 rector
639 2231 831 2284 factus
877 2233 987 2284 est.
1040 2230 1229 2301 Cujus
1275 2234 1536 2300 tempore
1568 2230 1898 2284 Willelmus
1952 2230 2071 2283 dux

407 2320 948 2375 Nortbmannorum
967 2323 1022 2373 et
1039 2335 1145 2374 rex
1164 2320 1488 2390 Anglorum
1504 2336 1656 2373 anno
1682 2319 1818 2373 1087
1844 2319 2071 2374 Rotho-

407 2410 564 2480 magi
609 2426 645 2461 v
679 2409 818 2463 Idus
850 2408 1215 2479 Septembris
1252 2414 1518 2463 mortuus
1559 2413 1679 2477 est,
1722 2408 1782 2462 in
1817 2407 2073 2462 ecclesia

406 2498 604 2553 Sancti
661 2498 942 2567 Stephani
1000 2498 1323 2552 honoriﬁce
1366 2497 1605 2551 Cadomi
1640 2497 1908 2566 sepultus
1958 2500 2070 2550 est.

409 2587 551 2640 Haec
571 2604 672 2655 per
694 2586 1164 2655 anticipationem
1188 2587 1338 2640 dicta
1375 2586 2071 2640 sufiiciantNenerabilis

408 2680 605 2728 autem
653 2674 1080 2744 Theodericus,
1134 2682 1445 2746 postquam
1498 2676 1830 2729 cceziobium
1875 2674 2073 2728 Sancti

409 2763 633 2818 Ebrulﬁ
653 2763 775 2817 fere
792 2764 824 2815 8
842 2765 1014 2817 annis
1037 2764 1206 2830 rexit,
1232 2780 1336 2833 pro
1351 2765 1705 2834 quibusdam
1726 2764 2071 2817 tumultibus

409 2852 526 2907 sibi
553 2852 822 2905 excitatis
852 2869 883 2905 a
908 2852 1121 2907 domno
1157 2853 1417 2906 Roberto
1442 2854 1510 2907 de
1529 2852 2067 2921 Grentemaisnilio,

408 2941 508 3012 qui
541 2945 679 2994 tunc
710 2941 870 3010 prior
893 2944 1035 3011 erat,
1072 2941 1340 2995 Mauritio
1370 2941 1821 3011 archiepiscopo
1863 2946 1918 2995 et
1944 2941 2071 2994 Hu-

405 3030 548 3102 goni
573 3030 853 3100 episcopo
878 3045 1081 3085 curam
1100 3030 1426 3085 animarum
1458 3032 1733 3085 reddidit.
1749 3031 2071 3085 Absolutus

406 3119 605 3189 itaque
639 3119 711 3173 ab
757 3120 867 3187 eis,
917 3121 1116 3191 utpote
1146 3120 1304 3174 ﬁlius
1346 3121 1531 3190 pacis,
1571 3121 1656 3174 ire
1698 3120 2072 3174 Hierusalem

2184 1968 2421 2022 busdux
2452 1969 2668 2022 acriter
2691 1969 3121 2039 superveniens
3138 1968 3253 2021 sub
3288 1968 3452 2040 regis
3477 1967 3650 2021 oculis
3668 1968 3788 2020 illico

2184 2072 2587 2129 congressus,
2635 2061 2789 2110 tanta
2834 2057 2932 2111 illo
2983 2057 3145 2111 caede
3181 2056 3537 2127 prostravit,
3582 2059 3636 2110 ut
3677 2071 3792 2126 quos

2181 2146 2418 2217 gladius
2451 2162 2566 2199 non
2588 2146 2890 2214 exstinxit,
2926 2146 3035 2201 hos
3066 2162 3173 2216 per
3204 2145 3653 2201 Northmannica
3679 2161 3794 2197 com-

2180 2235 2296 2304 pita
2354 2235 2730 2305 dispergeret
2757 2235 3036 2289 violentia
3066 2235 3212 2290 dirae
3245 2233 3793 2303 captivitatis.\'idens

2181 2328 2374 2377 autem
2411 2340 2525 2377 rex
2548 2339 2790 2377 suorum
2823 2324 3144 2394 interitum,
3193 2325 3543 2395 quantocius
3582 2323 3734 2376 valuit
3770 2337 3793 2372 a

2182 2412 2612 2467 Northmannis
2662 2413 2917 2466 recessit
2970 2417 3026 2467 et
3057 2413 3130 2467 ad
3162 2428 3270 2467 eos
3308 2413 3462 2467 ultra
3490 2413 3675 2466 venire
3705 2424 3791 2463 non

2181 2501 2472 2571 apposuit.
2498 2500 2828 2555 Amicitiam
2851 2517 3086 2572 quoque
3106 2501 3300 2572 ducis,
3325 2500 3679 2556 considerata
3694 2498 3795 2569 ejus

2181 2591 2490 2660 probitate,
2522 2590 2854 2660 requisivit,
2888 2594 2944 2644 et
2989 2590 3331 2661 Tegulense
3384 2593 3648 2657 castrum,
3676 2585 3795 2658 quod

2183 2678 2402 2733 dudum
2426 2679 2771 2746 abstulerat,
2790 2679 2870 2732 illi
2886 2680 3140 2734 tradidit.
3167 2678 3539 2750 Saepedictus
3558 2695 3649 2733 rex
3665 2675 3796 2730 valde

2181 2767 2288 2822 fuit
2336 2767 2631 2837 militaris,
2685 2783 3037 2839 magnaeque
3068 2768 3436 2823 fortitudinis
3486 2771 3539 2822 et
3587 2766 3793 2837 pietatis.

2181 2856 2520 2931 Mathildem
2553 2856 3023 2925 (4)Juliuselodii
3056 2859 3221 2928 regis
3256 2859 3563 2930 Rugorum
3584 2856 3735 2910 ﬁliam
3751 2855 3794 2907 in

2179 2945 2550 3000 matrimonio
2583 2945 2804 3015 habuit,
2821 2961 2894 3000 ex
2916 2962 3030 3016 qua
3052 2946 3200 3000 duos
3228 2946 3412 3016 ﬁlios,
3434 2946 3731 3015 Philippum
3754 2944 3795 2996 et

2180 3034 2514 3105 IIugonem,
2555 3049 2850 3104 unamque
2897 3033 3075 3088 ﬁliam
3106 3035 3334 3105 genuit.
3384 3034 3493 3099 Qui
3532 3036 3796 3104 postquam

2179 3138 2429 3194 regnum
2460 3121 2662 3177 Galliae
2695 3122 2817 3176 fere
2850 3122 2919 3177 25
2941 3124 3110 3177 annis
3132 3124 3309 3192 rexit,
3343 3139 3522 3178 causa
3539 3134 3795 3191 corporea:

408 3207 691 3262 decrevit.
724 3208 834 3273 Qui
865 3208 1002 3264 dum
1032 3211 1092 3264 in
1109 3209 1632 3280 Cypruminsulam
1663 3226 1796 3264 cum
1819 3208 2073 3280 quodam
2102 3230 2152 3291 ο
2178 3210 2387 3266 salutis
2429 3227 2463 3264 a
2502 3211 2728 3265 Joanne
2766 3211 3130 3266 medicorum
3158 3211 3525 3281 peritissimo
3549 3210 3794 3281 potionem

407 3297 766 3351 venerabilis
798 3300 933 3352 vitae
982 3299 1299 3371 peregrino
1332 3300 1611 3368 episcopo
1646 3299 1718 3352 ad
1762 3298 2073 3369 quamdam

410 3386 727 3441 ecclesiam
759 3388 948 3441 sancti
971 3387 1197 3441 Nicolai
1230 3390 1516 3455 venisset,
1551 3386 1713 3441 humi
1734 3391 2072 3457 prostratus

414 3491 615 3529 coram
646 3475 813 3528 altari
846 3475 1066 3529 diutius
1099 3477 1305 3542 oravit,
1338 3476 1535 3546 ibique
1569 3477 1625 3528 in
1657 3477 1917 3529 oratione
1942 3476 2070 3529 Kal.

410 3563 669 3633 Augusti
722 3563 957 3617 beatum
998 3564 1120 3617 Deo
1171 3563 1440 3632 spiritum
1491 3564 1763 3619 reddidit.
1814 3564 2074 3617 Insulani

410 3665 572 3718 vero,
610 3652 908 3720 comperta
945 3651 1250 3705 sanctitate
1300 3652 1432 3704 talis
1484 3652 1808 3723 peregrini,
1854 3669 2075 3723 corpus

410 3738 546 3810 ejus
575 3738 632 3792 in
654 3739 908 3793 ecclesia
928 3740 1309 3809 sepelierunt.
1336 3740 1523 3811 Cujus
1555 3742 1780 3795 meritis
1810 3744 1867 3796 in
1893 3758 2078 3813 aegro-

409 3827 485 3881 tis
544 3827 723 3882 multa
781 3829 1096 3883 sanitatum
1155 3828 1434 3884 miracula
1485 3830 1769 3885 divinitus
1834 3834 2075 3887 ostensa

414 3920 572 3971 sunL

980 4005 1233 4062 CAPUT
1264 4008 1503 4062 XXVII.

415 4111 577 4178 Quod
606 4112 730 4166 dux
766 4112 1091 4167 Willelmus
1124 4113 1328 4168 urbem
1383 4114 1872 4170 Ccnomannicam
1900 4121 1957 4171 οι
1985 4134 2073 4171 ca-

604 4189 794 4237 strum
826 4184 1180 4239 Meduanum
1214 4188 1577 4257 expugnavit
1611 4193 1670 4240 et
1702 4189 1877 4258 cepit.

480 4290 833 4362 Magniﬁeus
864 4291 985 4345 dux
1030 4291 1384 4362 Willelmus,
1421 4291 1781 4348 Francorum
1821 4295 2076 4349 catervis

410 4382 811 4449 competenter
839 4380 1108 4447 devictis,
1142 4395 1371 4434 memor
1385 4383 1686 4450 opprobrii
1718 4399 1748 4435 a
1779 4381 2075 4437 Goiﬂ'redo

411 4469 622 4523 comite
667 4462 805 4522 sibi’
835 4467 998 4537 illati,
1055 4470 1126 4522 ad
1166 4470 1369 4522 urbem
1420 4470 1915 4525 Ccnomannicam
1972 4487 2077 4540 per

409 4556 631 4627 aliquot
658 4572 846 4612 annos
869 4573 1030 4611 arma
1062 4560 1369 4612 convertit.
1393 4556 1544 4622 Quin
1569 4560 1748 4631 igitur
1780 4560 2073 4629 explicare

410 4646 623 4716 poterit
679 4649 822 4716 quot
884 4646 1133 4700 militum
1179 4647 1544 4717 incursibus,
1592 4652 1735 4718 quot
1772 4648 2073 4720 legionum

410 4735 888 4805 expeditionibus
906 4735 1065 4789 illam
1097 4735 1412 4790 afﬁixerit?
1442 4737 1532 4791 Ad
1553 4740 1916 4807 postremum
1935 4738 2073 4792 victi

408 4822 786 4888 Cenomanni,
816 4823 941 4894 jam
987 4824 1249 4879 castellis
1278 4840 1386 4894 per
1425 4829 1701 4879 cunctum
1735 4828 2073 4882 comitatum

411 4912 699 4985 subactis,
735 4914 976 4968 dextras
1006 4914 1144 4968 duci
1174 4915 1481 4984 dederunt,
1527 4915 1700 4969 ﬁdem
1747 4920 2074 4988 pangentes

410 5001 496 5056 illi
524 5002 883 5057 arctissimis
931 5003 1344 5058 sacramentis.
1392 5003 1456 5057 In
1493 5020 1744 5074 quorum
1779 5006 1970 5060 medio
2002 5005 2074 5060 ad

411 5090 762 5146 domandam
814 5108 1018 5148 eorum
1062 5092 1458 5162 insolentiam,
1507 5093 1622 5147 duo
1654 5095 1969 5163 municipia
2013 5095 2072 5149 in

411 5179 901 5250 Ponte-Barbato,
950 5198 1059 5237 seu
1108 5182 1400 5250 Barbello,
1464 5182 1764 5251 stabilivit,
1823 5184 2073 5255 suisque

411 5265 697 5321 militibus
741 5270 1125 5325 custodienda
1173 5272 1486 5339 commisit,
1531 5271 1881 5328 Meduanum
1931 5291 2073 5330 vero

414 5356 720 5410 castellum
734 5358 1042 5429 cujusdam
1057 5362 1315 5430 opulenti
1332 5361 1531 5415 militis
1546 5363 1781 5417 nomine
1794 5362 2072 5418 Goiﬁ‘redi

415 5443 607 5499 adhuc
650 5446 965 5515 restiterat,
1014 5450 1168 5519 quod
1219 5451 1338 5505 dux
1373 5451 1731 5506 exercitibus
1777 5452 2072 5523 applicitis

412 5532 754 5606 aliquandiu
772 5550 1122 5609 oppugnaris
1139 5540 1291 5610 cepit
1304 5540 1560 5612 igneque
1573 5540 1791 5612 injecto
1805 5544 2072 5612 perduos

2178 3301 2422 3371 accepit.
2448 3299 2567 3354 Sed
2588 3315 2817 3355 veneno
2844 3300 3086 3353 nimiam
3117 3300 3277 3354 sitim
3301 3300 3584 3355 inferente
3600 3298 3796 3369 jussum

2176 3389 2472 3443 Archiatri
2504 3388 2731 3458 sprevit
2758 3393 2813 3443 et
2842 3404 2875 3442 a
2899 3388 3262 3443 cubiculario
3296 3392 3498 3459 potum
3523 3386 3794 3455 accipiens,

2175 3479 2313 3533 dum
2331 3478 2599 3532 medicus
2613 3477 2875 3545 abesset,
2894 3481 3025 3532 ante
3042 3478 3456 3550 purgationem
3478 3477 3633 3531 bibit.
3656 3472 3789 3528 Unde

2179 3569 2357 3623 nimis
2397 3567 2751 3634 inﬁrmatus,
2822 3566 3029 3620 eodem
3078 3566 3171 3620 die
3222 3569 3362 3636 post
3410 3564 3797 3637 perceptionem

2177 3673 2366 3711 sacrae
2383 3655 2773 3709 Eucharistiae
2790 3654 3300 3725 obiit.Pl1ilippum
3322 3671 3463 3709 vero
3478 3653 3646 3707 ﬁlium
3661 3664 3798 3705 suum

2177 3747 2235 3799 in
2250 3745 2541 3817 regimine
2559 3744 2922 3799 Francorum
2943 3743 3245 3799 haeredem
3267 3744 3632 3799 constituitet
3646 3737 3799 3794 tutela

2178 3834 2448 3890 Balduini
2473 3828 2861 3888 Flandrensis
2877 3835 3093 3903 strapaa
3111 3831 3563 3887 commendavit.

2755 3939 3006 3994 CAPUT
3047 3938 3264 3993 XXIX.

2182 4047 2345 4112 Quod
2385 4046 2788 4121 delationibus
2818 4045 3197 4121 quorumdam
3221 4036 3800 4121 duxj‘l’ilielmusah—

2253 4134 2395 4190 quos
2416 4118 2489 4171 de
2510 4116 2842 4172 baronibus
2856 4118 2984 4171 suis
3011 4117 3189 4188 ejecit
3222 4117 3296 4171 de
3316 4116 3746 4172 Nortbmannia.

2248 4208 2415 4262 Tunc
2435 4207 2793 4278 quibusdam
2825 4205 3131 4260 maledicis
3152 4206 3386 4260 vicinos
3420 4210 3797 4273 comparesque

2179 4312 2323 4351 suos
2356 4297 2775 4351 accusantibus
2794 4312 2869 4350 ex
2889 4295 3129 4365 invidia,
3151 4295 3270 4349 dux
3311 4294 3630 4349 Willelmns
3662 4300 3796 4342 exas-

2180 4389 2419 4455 peratus
2450 4386 2674 4455 ingenti
2693 4385 2840 4438 furia
2870 4386 3127 4439 barones
3151 4400 3321 4451 suos,
3357 4384 3582 4438 scilicet
3613 4372 3796 4432 Ilodul-

2182 4475 2306 4528 fum
2337 4474 2408 4529 de
2427 4473 2623 4542 taenia,
2662 4474 2974 4544 Hugonem
2999 4473 3070 4527 de
3092 4470 3621 4527 Grentemaisnillio
3653 4467 3701 4519 et
3718 4461 3800 4515 Er-

2101 4588 2156 4650 D
2184 4563 2422 4618 naldum
2453 4562 2728 4617 Willelmi
2760 4561 3035 4617 Geroiani
3066 4561 3269 4629 ﬁlium,
3305 4561 3484 4631 ejecit
3525 4550 3793 4650 deNorth-

2186 4652 2437 4706 mannia.
2473 4652 2761 4706 Abbatem
2791 4666 3025 4720 quoque
3061 4650 3408 4716 Robertum,
3443 4648 3541 4718 qui
3577 4646 3690 4716 jum
3713 4638 3797 4692 tri-

2182 4742 2298 4796 bus
2316 4742 2486 4795 annis
2501 4740 2833 4794 coenobium
2856 4739 3055 4793 Sancti
3086 4738 3312 4791 Ebrulﬁ
3330 4739 3581 4804 rexerat,
3598 4731 3715 4803 quia
3739 4725 3793 4778 d8

2183 4829 2391 4885 audaci
2421 4829 2807 4884 Geroicorum
2843 4828 3117 4897 prosapia
3158 4827 3472 4895 prodierat,
3508 4826 3627 4877 sine
3663 4819 3794 4872 reatu

2184 4921 2240 4973 et
2264 4916 2490 4988 judicio
2526 4916 2824 4987 synodide
2857 4914 3281 4969 Northmannia
3310 4913 3529 4983 expulit
3556 4914 3607 4964 et
3633 4916 3788 4977 quem'

2183 5008 2315 5062 dam
2350 5006 2702 5061 monachum
2732 5005 2968 5059 nomine
3009 5004 3344 5058 Osbernum
3373 5005 3429 5057 ei
3471 4990 3788 5067 subrogavit-

2184 5097 2481 5151 Robertus
2525 5096 2768 5150 Romam
2820 5093 2982 5162 petiit
3020 5096 3077 5147 et
3125 5092 3367 5147 Nicolao
3404 5105 3563 5161 papa:
3593 5092 3788 5139 causam

2183 5201 2352 5240 suam
2395 5183 2700 5239 intimavit.
2760 5181 2876 5237 Sed
2935 5181 3211 5252 quoniam
3249 5180 3562 5250 praedictus
3605 5164 3787 5243 prtesnl

2182 5275 2355 5347 paulo
2394 5276 2530 5344 poet
2564 5273 2883 5326 defunctus
2920 5273 3032 5338 est,
3066 5270 3147 5323 nil
3168 5268 3532 5324 rectitudinis
3558 5278 3652 5335 per
3682 5268 3785 5312 eum

2183 5367 2543 5420 consecutus
2556 5361 2941 5431 est.Denique
2954 5359 3313 5416 venerabilis
3330 5348 3786 5413 Robertuscumtl

2182 5452 2489 5508 monachis
2531 5450 2933 5505 Alexandrum
2982 5464 3193 5519 papam
3234 5447 3375 5503 adiit
3412 5449 3469 5501 et
3496 5442 3618 5515 ejus
3639 5437 3787 5508 jussu

2185 5544 2507 5598 Robertum
2533 5540 2820 5594 Calabriae
2839 5539 3049 5594 ducem
3068 5537 3502 5609 compatriotam
3528 5541 3682 5587 suum
3707 5534 3784 5575 ex-

485 5677 562 5752 (4)
587 5677 705 5734 Alii
751 5676 984 5737 Annam
1014 5685 1265 5756 vocant;
1296 5682 1523 5758 fuitque
1571 5684 1834 5742 secunda
1861 5700 2033 5759 uxor,
2064 5683 2369 5743 Mathildis
2391 5696 2532 5738 vero
2561 5681 2768 5752 prima.
