3988 6176
169 326 270 392 869

514 321 950 393 ,ΗΙΞΤΟΗΙᾺΕ
980 321 1782 387 NORTHMANNORUM

1930 322 2047 385 SRI
2081 322 2327 387 OCTO.
2360 358 2438 371 —
2475 324 2731 388 LIBER
2772 325 3187 391 SEPTIMUS

3451 329 3572 393 870

167 524 326 595 petiit.
364 522 413 576 A
446 537 558 594 quo
586 521 909 577 honorifice
945 526 1263 593 susceptus
1286 524 1397 592 est,
1430 522 1603 594 eique
1623 523 1794 578 locus
1822 508 1877 570 Α
1909 540 2083 593 peum
2113 524 2267 596 eju's,
2306 526 2461 596 quod
2518 526 2733 581 mirum
2780 527 2936 581 dictu
2980 529 3073 581 est
3102 528 3333 584 flamma
3362 546 3435 586 ex
3465 547 3569 587 ore

168 614 228 668 ad
264 611 697 667 construendam
742 612 1037 667 abbatiam
1067 613 1127 667 in
1172 613 1316 667 urbe
1348 612 1525 666 Brixa
1556 613 1793 667 nomine

166 702 315 757 datus
333 704 437 756 est.
462 701 749 770 Britones,
782 704 845 755 ut
884 702 1086 769 fertur,
1122 701 1645 772 antiquitusjussu
1669 701 1791 755 Ro-

163 806 441 845 manorum
487 789 584 860 qui
621 792 761 843 tunc
790 805 897 859 per
951 794 1135 843 totum
1166 790 1371 845 orbem
1402 790 1787 860 imperabant,

161 880 222 934 de
240 879 443 932 finibus
458 879 585 933 suis
596 878 834 950 egressi
855 883 1010 933 sunt.
1032 879 1275 949 Deinde,
1286 879 1599 949 Romanisj
1610 880 1791 933 uben-

162 969 320 1035 tibus,
352 982 529 1036 supra
562 967 723 1021 littus
753 967 1045 1021 Calabrici
1075 969 1260 1022 maris
1307 968 1546 1021 Brixam
1581 968 1790 1022 urbem

161 1056 545 1121 condiderunt;
578 1056 688 1110 sed
724 1072 853 1110 eam
896 1058 1032 1127 post
1073 1057 1276 1127 plures
1324 1072 1514 1111 annos
1563 1057 1789 1112 diversi

158 1146 419 1200 bellorum
433 1146 713 1199 tumultus
727 1145 1269 1200 destruxerunt.Sin
1277 1147 1436 1218 gulis
1448 1147 1603 1200 enim
1620 1146 1790 1200 annis

159 1234 387 1305 Agareni
409 1233 646 1304 navigio
696 1234 758 1287 in
786 1234 1009 1289 Italiam
1033 1236 1348 1289 veniebant
1371 1238 1426 1289 et
1463 1234 1689 1289 Graecis
1720 1250 1789 1288 ac

158 1322 538 1394 Langobardis
563 1324 663 1393 qui
682 1327 895 1378 terram
925 1324 1278 1393 incolebant,
1299 1325 1534 1396 ignavia
1552 1326 1789 1394 torpen-

157 1412 311 1478 tibus,
344 1411 749 1467 crudelitatem
778 1429 947 1467 suam
992 1413 1168 1467 minis
1209 1413 1584 1468 exercebant.
1638 1412 1788 1466 Nam

155 1500 310 1555 urbes
339 1502 393 1554 et
421 1500 634 1570 Oppida
661 1501 1138 1571 concremabant,
1173 1502 1464 1557 ecclesias
1512 1502 1785 1557 destrue-

156 1589 289 1654 bant,
323 1590 604 1660 virosque
651 1607 785 1645 cum
817 1592 1164 1646 mulieribus
1218 1592 1606 1662 captivabant.
1660 1593 1787 1647 Hoc

155 1692 241 1746 per
264 1678 433 1731 multa
465 1679 690 1734 saecula
720 1680 1064 1752 frequenter
1092 1681 1377 1736 fecerunt.

713 1811 966 1869 CAPUT
1005 1816 1194 1871 XXX.

157 1899 257 1965 Quo
284 1907 540 1971 tempore
568 1902 820 1979 primum
854 1904 1255 1979 Northmanni
1270 1907 1342 1979 Vin
1358 1906 1632 1978 Apuliam
1649 1923 1786 1979 per-

210 1979 485 2051 rexerunt
518 1980 579 2027 et
593 1974 670 2051 de
697 1975 1074 2051 principibus
1092 1974 1527 2033 Northmannis
1549 1974 1787 2051 quo-rum

215 2042 411 2097 ducatu
438 2043 627 2115 Apuli
652 2042 1064 2102 subacti—sunt.

209 2185 413 2241 Deinde
434 2187 810 2257 temporibus
830 2186 1074 2243 Henrici
1095 2187 1463 2258 imperatoris
1487 2188 1589 2242 filii
1607 2189 1791 2244 Cono-

148 2274 227 2329 nis
257 2280 309 2330 et
340 2276 589 2331 Roberti
619 2277 1158 2332 Northmannorum
1205 2278 1395 2349 ducis,
1443 2278 1785 2333 Osmundus

150 2364 458 2435 Drengotus
491 2367 689 2420 audax
711 2367 883 2420 miles
905 2367 1175 2437 Apuliam
1192 2367 1352 2437 adiit,
1383 2383 1517 2421 cum
1546 2367 1787 2439 quibus-

149 2451 259 2506 dam
285 2453 410 2507 aliis
459 2455 919 2509 Northmannis.
971 2455 1120 2510 Nam
1165 2456 1526 2510 Willelmum
1557 2472 1783 2528 cogno-

146 2546 311 2596 mento
342 2544 776 2613 Repostellum,
809 2545 1052 2599 militem
1083 2546 1503 2615 clarissimum,
1530 2546 1589 2601 in
1614 2562 1787 2601 vena-

147 2630 278 2685 tione
292 2632 349 2685 in
368 2633 693 2702 praesentia
710 2634 952 2688 Roberti
967 2635 1134 2689 ducis
1149 2636 1466 2705 occiderat,
1488 2640 1783 2691 metuens-

146 2735 240 2788 que
266 2721 698 2776 animositatem
719 2722 889 2777 ducis
912 2726 968 2777 et
987 2724 1245 2795 insignis
1260 2725 1473 2795 equitis
1501 2726 1784 2781 nobilium

146 2814 418 2876 parentum
449 2812 601 2878 iras,
634 2811 695 2865 in
725 2812 995 2881 Apuliam
1024 2814 1300 2883 secessit,
1323 2816 1379 2867 ct
1407 2816 1646 2883 propter
1665 2832 1781 2869 ma-

148 2912 296 2966 gnam
336 2899 693 2967 probitatem
732 2900 867 2971 ejus
900 2918 931 2954 a
975 2902 1406 2957 Beneventanis
1456 2903 1782 2958 honorifice

147 2989 384 3042 detentus
444 2992 560 3044 est.
614 2990 835 3044 Deinde
883 2989 1111 3059 praefati
1155 2992 1441 3063 Drengoti
1479 2993 1780 3062 exemplo,

144 3075 308 3145 agiles
320 3077 866 3132 Northmannorum
883 3094 992 3133 seu
1017 3079 1318 3134 Britonum
1338 3081 1564 3135 tirones
1586 3081 1787 3136 incita-

143 3163 192 3225 ti,
214 3162 420 3218 ltaliam
441 3166 708 3220 diversis
730 3168 1096 3237 temporibus
1121 3168 1488 3238 expetierunt
1507 3173 1564 3224 et
1594 3171 1782 3240 primo

137 3249 320 3319 juvare
337 3254 774 3326 Langobardos
789 3260 991 3310 contra
1013 3256 1501 3325 Saracenos,sive
1514 3259 1756 3314 Graecos
1767 3302 1781 3330 ,

143 3339 360 3396 viriliter
388 3348 722 3414 coeperunt,
750 3345 1047 3400 Barbaros
1069 3346 1223 3400 bello
1243 3349 1466 3417 saepius
1488 3351 1782 3419 protrive-

139 3434 269 3484 runt.
310 3431 475 3487 Unde
525 3434 755 3487 cunctis
785 3448 988 3488 eorum
1017 3435 1178 3489 vires
1202 3439 1462 3507 expertis
1498 3426 1782 3493 formida—

140 3517 266 3573 biles
290 3520 419 3574 farti
432 3524 602 3576 sunt.
619 3522 1173 3594 Langobardivero,
1201 3526 1408 3595 adepta
1442 3529 1777 3595 securitate,

140 3614 413 3677 coeperunt
458 3610 910 3666 Northmannos
960 3613 1288 3683 despicere,
1341 3617 1547 3687 eisque
1588 3616 1781 3671 debita

141 3697 400 3765 stipendia
431 3699 812 3754 subtrahere.
862 3701 933 3755 At
961 3701 1063 3767 illi,
1100 3706 1162 3756 ut
1191 3703 1302 3757 hoc
1343 3704 1781 3761 animadverte-

138 3790 267 3855 runt,
291 3789 613 3858 quemdam
641 3805 715 3843 ex
746 3790 873 3844 suis
896 3805 1078 3860 super
1108 3806 1175 3845 se
1204 3792 1532 3862 principem
1561 3798 1780 3849 consti-

136 3874 340 3930 tuerunt
387 3881 443 3932 et
502 3881 711 3932 contra
771 3879 1200 3951 Langobardos
1244 3895 1407 3934 arma
1456 3887 1776 3939 verterunt.

140 3958 331 4017 Deinde
379 3966 745 4020 munitiones
793 3972 1079 4038 ceperunt
1108 3970 1165 4023 et
1201 3969 1427 4024 incolas
1460 3974 1634 4026 terrae
1663 3973 1776 4027 sibi

140 4049 337 4107 fortiter
374 4055 771 4126 subegerunt.
813 4056 1049 4112 Primus
1090 4059 1518 4127 Apuliensibus
1556 4060 1779 4114 North-

139 4143 363 4213 mannis,
385 4144 532 4198 dum
546 4144 738 4198 adhuc
759 4146 1075 4201 utadvenm
1098 4146 1447 4202 Waimalchi
1464 4148 1634 4203 ducis
1671 4149 1779 4203 Sa-

138 4228 287 4284 lernii
315 4233 691 4302 stipendiarii
718 4236 901 4303 erant,
934 4235 1175 4305 praefuit
1202 4237 1519 4292 Turstinus
1553 4254 1780 4310 cogno-

138 4323 306 4373 mento
328 4320 747 4391 Scitellus,vir
760 4324 817 4376 in
830 4325 1031 4378 multis
1051 4326 1443 4394 probitatibus
1466 4326 1781 4382 admodum

143 4411 422 4476 expertus.
455 4410 573 4476 Qui
602 4410 754 4465 inter
775 4412 1002 4483 reliqua
1025 4413 1258 4467 virtutis
1274 4430 1401 4469 suae
1427 4415 1643 4470 indicia
1674 4433 1775 4471 ca-

139 4508 280 4560 pram
324 4499 483 4553 leoni
516 4515 594 4553 ex
634 4516 734 4555 ore
780 4502 992 4571 rapuit,
1046 4502 1359 4573 ipsumque
1405 4504 1636 4559 leonem
1670 4522 1779 4576 pro

139 4581 303 4640 ablata
333 4589 447 4643 sibi
483 4605 667 4659 capra
696 4589 984 4644 furentem
1016 4591 1191 4645 nudis
1224 4594 1497 4648 manibus
1528 4594 1777 4665 arripuit
1809 4584 1869 4661 Π

140 4676 183 4723 et
208 4675 346 4729 ultra
365 4694 601 4732 murum
624 4679 818 4747 palatii
841 4678 1253 4749 praefatiducis
1303 4682 1461 4737 velut
1506 4684 1778 4739 catellum

140 4764 1102 4839 quemlibetprojecit.Langobardi
1123 4785 1265 4824 vero
1290 4785 1362 4824 ex
1393 4772 1612 4826 invidia
1627 4790 1782 4827 com-

141 4853 258 4904 moti
278 4858 478 4908 contra
500 4855 715 4923 ipsum,
738 4860 977 4911 mortem
1016 4858 1149 4928 ejus
1173 4861 1461 4929 optantes,
1488 4861 1779 4916 duxerunt

139 4949 252 4992 eum
281 4941 335 4995 in
376 4944 692 5012 quemdam
732 4944 927 4998 locum
974 4947 1075 5001 ubi
1118 4948 1460 5002 morabatur
1506 4950 1779 5005 immanis

139 5023 292 5081 draco
323 5045 458 5083 cum
490 5046 705 5102 magna
734 5033 1100 5110 multitudine
1136 5037 1520 5106 serpentium.
1554 5038 1775 5092 Deinde

137 5118 187 5167 ut
208 5115 519 5173 draconem
537 5120 738 5175 venire
770 5129 1108 5192 senserunt,
1135 5125 1449 5179 confestim
1474 5126 1772 5198 fugerunt.

139 5201 432 5261 Turstinus
470 5212 665 5263 autem
710 5209 960 5279 ignarus
992 5211 1130 5277 doli,
1189 5215 1327 5267 dum
1372 5215 1571 5270 socios
1631 5232 1777 5271 suos

141 5290 325 5362 fugere
346 5297 419 5349 ab
439 5297 733 5368 armigero
755 5313 866 5353 suo
884 5299 1228 5370 inquireret,
1264 5318 1337 5356 en
1360 5307 1600 5373 repente
1617 5305 1778 5359 ﬂam-

141 5381 414 5438 mivomus
475 5385 655 5439 draco
710 5386 796 5440 illi
845 5390 1102 5443 occurrit
1148 5394 1204 5444 et
1253 5399 1425 5461 caput
1472 5393 1779 5464 sonipedis

139 5466 256 5535 ejus
288 5471 471 5525 hianti
503 5490 600 5528 ore
636 5475 875 5529 invadit.
911 5478 984 5531 At
1014 5478 1111 5531 ille
1142 5479 1445 5535 abstracto
1465 5497 1609 5536 ense
1635 5485 1780 5536 viri-

139 5555 257 5610 liter
284 5560 509 5616 feriens
538 5556 721 5617 feram
768 5581 905 5619 mox
932 5568 1213 5637 peremit;
1247 5570 1389 5639 quin
1436 5571 1611 5625 etiam
1649 5573 1779 5643 ipse

141 5658 424 5704 venenoso
458 5652 592 5707 ﬂatu
642 5654 896 5710 infectus
923 5657 1093 5712 tertio
1138 5656 1233 5713 die
1265 5659 1426 5715 obiit.
1461 5660 1612 5716 Nam
1655 5663 1775 5734 cly-

1820 1885 1873 1948 B

1814 3236 1872 3306 α

1907 613 2180 668 draconis
2206 630 2522 684 erumpens
2544 618 2838 670 momento
2862 618 3043 670 totum
3075 619 3421 674 combussit.
3456 621 3568 675 De-

1910 702 2110 757 functo
2140 707 2331 758 autem
2365 705 2662 771 Turstino,
2704 704 3093 759 Northmanni
3123 707 3420 776 principes
3452 709 3569 763 sibi

1910 792 2224 846 Ranulfum
2267 797 2324 846 et
2356 792 2716 847 Richardum
2744 794 3071 864 elegerunt,
3106 795 3321 864 quibus
3357 797 3567 851 ducto-

1903 881 2073 935 ribus
2104 885 2351 935 mortem
2381 881 2643 935 Turstini
2673 882 3055 951 ulciscentes,
3099 885 3301 937 contra
3332 884 3568 955 Longo-

1903 970 2123 1024 bardos
2148 985 2360 1040 aspere
2397 969 2850 1025 rebellaverant.
2886 971 3030 1025 Post
3059 971 3282 1042 aliquot
3310 974 3565 1044 tempus,

1902 1057 2442 1114 Constantiniensis
2494 1059 2692 1131 Drogo
2751 1059 2909 1114 ﬁlius
2966 1060 3256 1115 Tancredi
3287 1062 3359 1115 de
3408 1062 3568 1116 Alta-

1901 1148 2039 1202 villa
2058 1148 2338 1218 princeps
2375 1148 2911 1203 Northmannorum
2925 1150 2982 1202 in
3012 1150 3223 1218 Apulia
3242 1150 3436 1205 factus
3454 1154 3564 1206 est.

1904 1238 2013 1291 Hic
2043 1236 2374 1292 Christiana
2422 1238 2710 1309 religione
2743 1240 2799 1293 et
2855 1239 3090 1293 militari
3120 1240 3411 1309 probitate
3433 1241 3563 1296 lau-

1854 1394 1862 1403 _
1901 1326 2114 1380 dabilis
2163 1326 2402 1381 exstitit.
2435 1325 2620 1391 Quem
2672 1328 2852 1381 Wazo
2896 1327 3317 1398 Neapolitanus
3366 1345 3567 1385 comes

1902 1417 2200 1485 compater
2229 1415 2363 1487 ejus
2394 1416 2530 1469 dum
2577 1415 2815 1488 vigilias
2848 1418 2907 1470 in
2937 1417 3194 1471 ecclesia
3226 1419 3392 1472 Beati
3415 1418 3565 1475 Lau-

1901 1505 2075 1558 rentii
2108 1520 2165 1557 IV
2193 1504 2332 1559 Idus
2363 1505 2621 1576 Augusti
2658 1508 2922 1577 agerent,
2956 1522 3154 1560 coram
3183 1507 3350 1561 altari
3380 1507 3564 1564 Deum

1900 1595 1956 1647 et
2020 1598 2289 1648 sanctum
2374 1594 2750 1649 Laurentium
2806 1596 3177 1651 invocantem
3224 1598 3560 1653 trucidavit.

1896 1682 2085 1736 Porro
2142 1682 2431 1737 Unfridus
2472 1684 2653 1738 frater
2691 1684 2825 1754 ejus
2879 1685 2937 1739 in
2989 1685 3319 1755 principatu
3350 1688 3405 1741 ei
3434 1703 3564 1743 suc-

1900 1770 2103 1841 cessit,
2146 1773 2442 1842 totamque
2502 1772 2773 1842 Apuliam
2823 1773 3248 1829 Northmannis
3295 1776 3556 1849 subegit.

1896 1858 2007 1924 Qui
2057 1863 2370 1930 postquam
2408 1860 2585 1915 finem
2640 1861 2777 1915 vitae
2819 1862 2933 1915 sibi
2986 1862 3200 1917 adesse
3231 1866 3556 1935 perspexit,

1898 1949 2275 2003 Abailardum
2325 1949 2512 2003 filium
2536 1966 2711 2004 suum
2738 1951 2999 2005 Roberto
3031 1950 3197 2005 fratri
3236 1968 3366 2022 suo,
3388 1968 3565 2023 quem

1896 2055 2003 2109 pro
2045 2038 2329 2092 versutiis
2372 2038 2800 2093 \Nischardum
2856 2041 3397 2111 cognominaverat,
3434 2058 3570 2096 cum

1898 2128 2111 2182 ducatu
2125 2127 2351 2196 Apuliae
2364 2128 2813 2183 commendavit.
2832 2129 3129 2184 Robertus
3143 2132 3336 2184 autem
3350 2131 3567 2187 fratres

1898 2232 2064 2285 suos,
2100 2217 2201 2287 qui
2223 2232 2429 2271 omnes
2459 2218 2641 2271 duces
2663 2219 2758 2272 vel
2789 2217 3036 2272 comites
3069 2219 3324 2289 fuerunt,
3350 2221 3568 2276 virtute

1899 2310 1955 2359 et
2012 2321 2197 2359 sensu
2251 2321 2319 2359 ac
2376 2306 2734 2360 sublimitate
2766 2308 3148 2362 transcendit.
3204 2309 3354 2362 Nam
3387 2311 3567 2363 totam

1897 2394 2187 2463 Apuliam,
2234 2394 2583 2463 Calabriam,
2626 2411 2695 2448 ac
2743 2395 3004 2449 Siciliam
3049 2396 3167 2450 sibi
3215 2396 3566 2468 subjugavit

1899 2486 1955 2539 et
1987 2487 2346 2538 transmeato
2403 2485 2550 2537 mari
2594 2483 2908 2538 maximam
2941 2487 3165 2554 partem
3199 2485 3447 2540 Graeciae
3478 2486 3569 2540 in-

1900 2573 2051 2626 vasit
2072 2575 2127 2627 et
2143 2572 2412 2627 Alexium
2438 2574 2872 2643 imperatorem,
2907 2574 3007 2644 qui
3035 2576 3238 2627 contra
3259 2574 3562 2630 dominum

1901 2678 2075 2717 suum
2104 2661 2448 2716 Michaelem
2480 2662 2814 2733 Augustum
2844 2662 3115 2732 nequiter
3150 2662 3562 2733 rebellaverat,

1900 2751 2054 2805 bello
2075 2751 2324 2820 turpiter
2336 2765 2466 2804 cum
2489 2751 2776 2805 immenso
2790 2750 3058 2805 exercitu
3070 2749 3292 2804 victum
3315 2751 3563 2822 fugavit.

1900 2840 2011 2892 Hic
2046 2855 2189 2894 vero
2220 2838 2397 2892 multa
2426 2840 2579 2893 bona
2610 2838 2768 2909 fecit,
2794 2839 3171 2909 episcopatus
3215 2843 3273 2895 et
3299 2839 3568 2894 abbatias

1896 2929 2103 2998 plures
2131 2928 2506 2982 restauravit.
2539 2927 2670 2997 Hic,
2703 2928 2859 2981 sicut
2881 2944 3062 2997 supra
3084 2928 3364 2994 diximus,
3402 2928 3567 2982 dom-

1896 3034 2036 3072 num
2071 3017 2390 3072 Robertum
2421 3016 2688 3071 abbatem
2719 3016 2917 3070 Sancti
2956 3015 3185 3071 Ebrulﬁ
3228 3017 3568 3089 benigniter

1898 3107 2165 3177 suscepit
2178 3109 2233 3160 et
2251 3105 2561 3176 quamdam
2574 3121 2814 3175 parvam
2832 3104 3148 3160 ecclesiam
3171 3121 3349 3174 supra
3367 3105 3534 3159 littus

1896 3195 2184 3251 Calabrici
2230 3195 2411 3248 maris
2433 3194 2605 3248 sitam
2623 3209 2754 3264 quae
2776 3195 2836 3247 in
2850 3194 3077 3248 honore
3092 3196 3316 3248 sanctae
3332 3193 3568 3265 Euphe-

1896 3285 2010 3339 niae
2046 3284 2300 3355 virginis
2342 3287 2397 3337 et
2428 3283 2701 3354 martyris
2765 3283 3030 3337 dedicata
3075 3285 3200 3337 erat
3254 3283 3307 3337 ei
3342 3282 3562 3337 tribuit.

1899 3375 1970 3428 At
1997 3374 2115 3445 ille,
2150 3379 2210 3428 ut
2241 3377 2365 3429 erat
2407 3372 2840 3444 magnanimus,
2875 3372 3090 3444 ingens
3115 3372 3447 3426 caenoblum
3476 3372 3559 3426 ibi

1898 3463 2175 3518 condidit
2215 3467 2272 3517 et
2329 3477 2602 3533 magnam
2656 3461 3084 3515 multitudinem
3141 3461 3565 3516 monachorum

1900 3552 1971 3605 ad
1989 3552 2350 3605 mititandum
2380 3552 2498 3605 Deo
2528 3549 2747 3604 ibidem
2776 3550 3183 3621 congregavit.
3209 3549 3490 3620 Episcopi
3509 3553 3565 3605 et

1900 3641 2132 3695 nobiles
2180 3640 2290 3694 viri
2335 3639 2682 3709 praedictum
2722 3640 2957 3693 Patrem
2988 3638 3311 3693 Robertum
3345 3638 3563 3709 dilige-

1894 3728 2053 3800 bant,
2087 3728 2539 3797 venerabantur,
2589 3727 2845 3798 totisque
2890 3727 3124 3782 nisibus
3174 3727 3553 3798 adjuvabant.

1895 3816 2106 3872 Curam
2140 3816 2355 3887 quippe
2392 3816 2661 3884 corporis
2700 3815 2793 3868 sui
2817 3814 3296 3884 parvipendebat,
3318 3814 3427 3868 sed
3448 3814 3569 3869 sibi

1898 3905 2170 3976 subjecto
2187 3905 2344 3958 victu
2364 3906 2418 3957 et
2430 3903 2648 3957 vestitu
2678 3903 3048 3957 sufficienter
3065 3903 3255 3958 alebat
3268 3906 3323 3958 et
3337 3906 3567 3958 mentes

1899 4009 2102 4048 eorum
2160 3991 2421 4063 regulari
2468 3991 2780 4061 disciplina
2840 4007 3115 4046 coercens
3148 3991 3555 4061 componebat.

1892 4082 2211 4136 Praefatum
2266 4081 2462 4151 itaque
2514 4080 2848 4134 coenobium
2906 4079 3033 4134 fere
3074 4080 3140 4134 17
3185 4081 3355 4135 annis
3388 4081 3563 4150 rexit,

1895 4171 2219 4242 Idibusque
2279 4168 2614 4224 decembris
2682 4168 2934 4223 feliciter
2974 4168 3046 4222 ad
3102 4169 3416 4224 Dominum
3450 4170 3563 4223 mi-

1893 4261 2108 4333 gravit.

2474 4344 2726 4400 CAPUT
2776 4345 2989 4399 XXXI.

1897 4458 2058 4524 Quod
2068 4455 2368 4511 Héraldus
2380 4453 2516 4508 duci
2545 4452 2832 4507 Willelmo
2844 4451 3190 4507 ﬁdelitatem
3213 4450 3379 4524 fecit,
3397 4467 3564 4524 quam

2033 4532 2260 4583 mortuo
2289 4525 2387 4580 Ed
2398 4525 2600 4579 wardo
2630 4540 2777 4597 rege
2818 4524 3106 4596 perjurus
3142 4523 3417 4595 infregit.

1962 4616 2294 4673 Edwardus
2327 4614 2653 4685 Anglorum
2692 4630 2816 4683 rex,
2851 4613 3198 4684 disponente
3230 4614 3369 4677 Deo,
3427 4628 3564 4667 suc-

1892 4708 2167 4763 cessione
2193 4705 2380 4775 prolis
2413 4719 2645 4772 carens,
2680 4703 2816 4757 olim
2840 4703 3081 4757 miserat
3101 4702 3394 4757 Willelmo
3427 4701 3563 4755 duci

1894 4797 2218 4851 Robertum
2248 4793 2699 4847 Cantuariorum
2730 4791 3237 4862 archipraesnlem,
3274 4807 3347 4845 ex
3376 4805 3563 4862 regno

1890 4902 1922 4939 a
1946 4885 2064 4938 Deo
2084 4882 2201 4937 sibi
2218 4882 2498 4935 attribute
2522 4881 2687 4934 illum
2707 4883 2975 4935 statuens
2995 4880 3313 4935 haeredem.
3336 4880 3561 4935 Deinde

1890 4972 2211 5027 Heraldum
2272 4973 2619 5025 cunctorum
2668 4985 2794 5024 suae
2835 4969 3251 5025 dominationis
3284 4969 3558 5023 comitem

1889 5061 2112 5116 divitiis
2143 5063 2199 5115 et
2230 5060 2457 5115 honore
2490 5075 2557 5112 ac
2587 5057 2845 5129 potentia
2868 5058 3186 5111 maximum
3217 5058 3353 5112 duci
3373 5057 3560 5112 desti-

1889 5151 2067 5219 navit,
2100 5153 2164 5203 ut
2181 5149 2233 5204 ei
2264 5150 2335 5203 de
2384 5163 2603 5203 corona
2655 5164 2763 5201 sua
2821 5147 3157 5201 fidelitatem
3199 5146 3441 5213 faceret,
3493 5163 3562 5202 ac

1889 5237 2226 5292 Christiano
2257 5253 2419 5292 more
2451 5237 2839 5290 sacramentis
2871 5236 3151 5289 ﬁrmaret.
3177 5234 3285 5301 Qui
3317 5236 3455 5291 dum
3485 5236 3560 5291 ob

1888 5328 2002 5381 hoc
2032 5328 2335 5398 negotium
2364 5325 2565 5380 venire
2632 5325 3031 5394 contenderet,
3079 5325 3370 5380 veliﬁcato
3410 5325 3561 5381 freto

1887 5417 2050 5485 ponti
2111 5416 2425 5469 Pontivum
2486 5414 2723 5483 appuli;
2755 5413 2857 5468 ubi
2917 5414 2978 5467 in
3035 5429 3247 5468 manus
3286 5414 3561 5469 Widonis

1890 5504 2280 5559 abbatisvillaa
2340 5503 2573 5556 comitis
2625 5503 2849 5557 incidit.
2908 5502 3090 5567 Quem
3149 5503 3305 5557 idem
3356 5519 3559 5558 comes

1889 5599 2119 5664 captum
2154 5608 2287 5647 cum
2318 5591 2446 5646 suis
2474 5591 2785 5647 confestim
2818 5592 2877 5644 in
2900 5590 3171 5647 custodia
3199 5594 3394 5648 trusit.
3427 5593 3562 5647 Dux

1887 5686 2081 5739 autem
2139 5684 2200 5737 ut
2256 5680 2369 5738 hoc
2434 5681 2736 5754 comperit,
2768 5680 2977 5737 missis
3021 5683 3236 5755 legatis
3268 5682 3562 5741 violenter
