3940 6174
440 312 551 375 871

1190 312 1588 375 VILLELMI
1632 310 1988 374 CALCULI
2032 310 2717 374 GEMMETICENSIS~
2758 310 3142 373 MONACHI

3682 316 3776 378 872

445 515 610 568 illum
660 516 927 569 extorsit.
971 513 1154 576 Quem
1195 510 1534 581 aliquandiu
1566 525 1770 564 serum
1818 510 2115 563 demorari
2151 497 2203 560 Α
2232 512 2629 579 Hierusalem,
2665 513 2892 566 Alanno
2915 512 3066 582 patri
3096 527 3240 579 meo,
3270 511 3589 569 consobrino
3615 516 3787 571 scilicet

449 603 676 658 fecitet
734 604 791 655 in
850 600 1223 671 expeditione
1282 604 1485 653 contra
1536 601 1805 653 Britones
1853 599 2113 652 adduxit.

450 693 675 746 Deinde
709 692 846 757 dux,
869 689 1495 759 postquamlleraldus
1529 688 1862 741 fidelitatem
1894 687 2009 740 sibi
2043 687 2116 741 de

449 797 638 852 regno
680 779 952 849 pluribus
1002 780 1387 832 sacramentis
1409 776 1999 843 firmavit,Adelizam
2046 776 2117 829 fi-

448 869 585 922 liam
620 884 787 922 suam
822 884 954 920 cum
977 867 1284 920 medietate
1309 866 1539 937 Anglici
1563 866 1727 936 regni
1748 880 1813 918 se
1837 866 2112 918 daturum

451 958 505 1011 ei
528 957 864 1027 spopondit.
899 955 1210 1009 Postremo
1242 956 1437 1025 ipsum
1476 970 1607 1007 cum
1632 953 1827 1008 multis
1852 952 2116 1007 muneri-

449 1044 567 1100 bus
598 1045 728 1116 regi
759 1044 986 1098 remisit
1016 1047 1073 1098 et
1095 1044 1409 1113 pulchrum
1431 1043 1869 1098 adolescentem
1900 1042 2118 1095 Vulnov

453 1138 573 1188 tum
593 1134 830 1187 fratrem
848 1132 979 1204 ejus
1013 1133 1277 1187 obsidem
1295 1133 1552 1187 retinuit.
1586 1133 1848 1202 Denique
1872 1130 2119 1184 Edwar-

452 1222 572 1276 dux
603 1238 725 1289 rex,
762 1221 1050 1292 completo
1081 1221 1274 1276 felicis
1319 1225 1454 1275 vxtae
1507 1222 1773 1290 termino,
1817 1221 1929 1274 sub
1970 1234 2120 1272 anno

452 1310 591 1365 1065
636 1310 960 1365 Dominicae
1008 1311 1433 1364 Incarnationis
1479 1310 1754 1380 migravit
1791 1325 1822 1363 e
1879 1308 2120 1362 saeculo.

452 1399 639 1469 Cujus
663 1415 911 1469 regnum
948 1399 1241 1452 Heraldus
1262 1400 1534 1451 continuo
1560 1398 1793 1466 invasit,
1829 1413 1903 1450 ex
1934 1375 2156 1449 fideli:

451 1491 566 1542 tate
596 1487 900 1558 pejeratus
933 1503 1108 1558 quam
1134 1487 1440 1558 juraverat
1478 1487 1631 1540 duci.
1684 1486 1769 1540 Ad
1803 1500 1976 1555 quem
2010 1484 2127 1537 dux

452 1577 722 1648 protinus
760 1577 994 1647 legatos
1026 1574 1259 1639 direxit,
1288 1577 1530 1630 hortans
1563 1578 1623 1630 ut
1653 1576 1724 1628 ab
1757 1574 1867 1628 hac
1900 1574 2128 1627 insania

449 1666 839 1736 resipiscoret
864 1669 919 1719 et
943 1666 1116 1719 fidem
1132 1665 1648 1736 quamjuramc-nto
1693 1682 1761 1734 sp
1775 1664 2090 1733 Jponderat
2105 1703 2119 1730 ,

455 1755 749 1826 condigna
807 1754 1177 1824 subjectione
1226 1757 1510 1808 servaret.
1556 1756 1628 1807 At
1661 1754 1754 1808 ille
1784 1768 1901 1806 non
1932 1751 2127 1806 solum

2236 616 2347 654 suo
2380 601 2809 655 commendavit
2835 617 3068 655 omnem
3116 617 3279 655 suam
3329 601 3693 658 haereditatem.
3728 606 3789 660 Tu

2233 692 2456 758 autem,
2517 706 2650 744 cum
2710 690 3099 760 complicibus
3156 690 3272 743 tuis
3330 689 3589 744 Alannum
3625 695 3791 760 patrem

2234 794 2423 832 meum
2445 779 2597 848 apud
2639 778 3124 833 Winmusterium
3145 778 3203 831 in
3221 778 3607 833 Northmannia
3626 797 3795 835 veneno

2232 867 2535 936 peremisti
2584 872 2640 921 et
2697 870 2911 921 terram
2968 867 3123 937 ejus,
3182 883 3349 937 quam
3403 883 3502 937 ego
3539 868 3654 938 quia
3686 885 3793 937 puer

2237 970 2396 1009 eram
2430 956 2741 1025 possidere
2774 956 3109 1027 nequibam,
3144 956 3406 1010 invasisti
3434 960 3486 1010 et
3513 960 3684 1011 contra
3718 957 3799 1021 fas,

2238 1058 2371 1098 cum
2403 1045 2490 1098 sis
2519 1045 2758 1113 nothus,
2790 1045 3100 1115 hucusque
3131 1045 3383 1099 tenuisti.
3404 1045 3557 1098 Nunc
3575 1045 3719 1115 igitur
3733 1050 3803 1099 aut

2238 1133 2381 1186 mihi
2415 1134 2670 1187 debitam
2714 1134 2893 1188 redde
2945 1133 3440 1200 Northmanniam,
3480 1137 3566 1188 aut
3590 1150 3682 1205 ego
3725 1135 3800 1187 tibi

2237 1221 2375 1276 totis
2409 1222 2637 1276 viribus
2668 1221 2885 1276 bellum
2917 1222 3185 1276 inferam.
3221 1246 3243 1271 ι»
3282 1222 3385 1276 His
3405 1222 3615 1291 auditis,
3642 1222 3805 1275 Willel-

2240 1326 2373 1365 mus
2404 1311 2524 1363 dux
2552 1310 2979 1380 aliquantulum
3010 1311 3255 1365 territus
3286 1314 3393 1366 est.
3422 1310 3527 1365 Sed
3569 1326 3683 1364 mox
3713 1327 3804 1364 eum

2242 1398 2422 1467 Detis,
2448 1398 2754 1453 frustratis
2778 1399 2997 1453 inimici
3013 1400 3208 1468 minis,
3237 1400 3461 1469 eripere
3482 1399 3715 1470 dignatus
3730 1403 3806 1452 est.

2244 1488 2411 1542 Unus
2454 1486 2607 1541 enim
2639 1503 2714 1541 ex
2760 1489 3111 1558 proceribus
3146 1488 3461 1555 Britonum,
3508 1488 3597 1558 qui
3638 1486 3807 1556 utrique

2241 1576 2754 1647 comitijuraverat
2769 1577 3103 1631 fidelitatem
3117 1581 3171 1630 et
3189 1576 3806 1646 hujusmodilegationem

2243 1666 2392 1719 inter
2422 1681 2527 1719 eos
2562 1666 2805 1732 ferebat,
2826 1666 3029 1719 lituum
3052 1664 3395 1719 Chunaniet
3425 1664 3672 1729 habenas,
3692 1668 3811 1733 atque

2245 1755 2576 1807 chirotecas
2618 1754 3001 1808 intrinsectus
3050 1754 3176 1806 livit
3218 1768 3463 1807 veneno.
3495 1752 3617 1805 Erat
3655 1752 3808 1821 quippe

455 1844 569 1898 hoc
599 1843 800 1897 audire
852 1844 1225 1911 contempsit,
1264 1859 1467 1896 verum
1501 1859 1730 1896 omnem
1789 1841 2115 1910 Anglorum
2166 1872 2209 1931 Β
2246 1842 2651 1896 cubicularius
2681 1841 2966 1896 Chunani.
3004 1842 3169 1895 Tunc
3201 1842 3353 1895 idem
3372 1855 3559 1893 comes
3586 1839 3812 1892 Britonum

455 1933 690 2002 gentem
724 1931 795 1983 ab
828 1931 925 1983 illo
950 1931 1262 1983 infideliter
1293 1930 1521 1997 avertit,
1558 1928 1862 1983 Grithfridi
1895 1942 2128 1997 quoque

456 2034 620 2089 regis
665 2019 1007 2088 Wallorum,
1054 2024 1361 2089 postquam
1423 2018 1657 2072 hostilis
1714 2033 1846 2071 eum
1898 2016 2130 2087 gladius

457 2108 726 2177 peremit,
753 2108 1059 2176 pulchram
1094 2108 1409 2178 conjugem
1445 2108 1659 2169 Aldith,
1722 2105 1991 2176 prazclari
2025 2120 2127 2158 co-

457 2196 617 2249 mitis
678 2196 883 2266 Algari
915 2197 1112 2263 ﬁliam,
1149 2198 1260 2250 sibi
1296 2213 1538 2250 uxorem
1565 2195 1780 2266 junxit.
1824 2195 1885 2248 In
1917 2193 2128 2247 diebus

458 2283 597 2351 illis,
626 2284 686 2337 in
716 2288 882 2354 parte
930 2286 1107 2339 Circii
1172 2290 1435 2339 cometes
1464 2285 1749 2354 apparuit,
1784 2300 1917 2353 quae
1938 2283 2129 2336 tribus

458 2372 640 2426 radiis
675 2374 912 2445 longius
946 2376 1265 2443 protensis.
1314 2374 1621 2428 maximam
1653 2377 1877 2443 partem
1927 2372 2127 2425 Austri

457 2477 564 2531 per
587 2463 837 2532 spatium
863 2464 1198 2533 quindecim
1223 2465 1479 2518 noctium
1507 2462 1826 2516 illustravit
1857 2464 1913 2516 et
1946 2464 2128 2514 muta-

457 2551 695 2618 tionem,
732 2554 791 2604 ιιι
821 2552 1051 2620 plurimi
1096 2555 1506 2619 asseruerunt,
1533 2550 1791 2621 alicujus
1825 2550 1994 2620 regni
2025 2548 2129 2602 de-

460 2639 739 2709 signavit.

1028 2728 1278 2785 CAPUT
1310 2731 1549 2784 XXXII.

464 2815 628 2889 Quod
658 2816 785 2889 dux
806 2816 1134 2871 W’illelmus
1163 2819 1461 2872 Tusliuum
1488 2817 1831 2889 [Tosticum]
1862 2818 2133 2872 comitem

532 2888 594 2941 in
621 2888 900 2960 Angliam
929 2889 1111 2952 misit,
1158 2893 1255 2960 qui
1284 2889 1359 2944 ad
1409 2888 1609 2959 regem
1667 2888 2020 2959 Nortwegm
2053 2890 2133 2942 ti-

532 2975 695 3013 more
724 2959 979 3014 Hcraldi
1010 2959 1292 3031 confugit.

531 3049 718 3102 Porro
742 3048 860 3102 dux
892 3049 1202 3103 Tustinum
1245 3050 1512 3104 comitem
1546 3051 1604 3103 in
1635 3050 1908 3121 Angliam
1946 3049 2131 3118 misit,

462 3138 569 3191 sed
592 3137 797 3191 militia
823 3137 1060 3192 Heraldi
1095 3155 1254 3193 mare
1272 3155 1525 3194 servans
1544 3154 1675 3193 eum
1697 3139 1878 3193 armis
1912 3138 2133 3209 abegit.

462 3227 535 3279 At
573 3226 668 3280 ille
708 3242 825 3281 non
888 3228 1093 3281 valens
1151 3229 1470 3282 salubriter
1535 3228 1811 3298 Angliam
1852 3228 2137 3294 'introire,
2168 3228 2220 3289 C

460 3329 651 3386 neque
686 3316 1195 3386 Northmanniam,
1222 3318 1355 3387 quia
1389 3322 1602 3370 ventus
1627 3316 2135 3383 obstabatredire,

462 3403 781 3458 Heraldum
796 3405 1112 3477 Herfagam
1131 3406 1509 3475 Northwegac
1530 3421 1728 3473 regem
1743 3405 1902 3471 adiit,
1918 3405 2141 3473 ipsum-

460 3507 573 3561 que
606 3493 858 3561 supplex
872 3498 932 3547 ut.
952 3510 1017 3546 se
1036 3494 1269 3561 juvaret
1288 3496 1541 3562 rogavit.
1569 3493 1697 3562 Ipse
1719 3510 1859 3548 vero
1876 3490 2141 3562 precanti

467 3579 1306 3650 Tustinolibenteracquievit.
1336 3582 1556 3635 Eodem
1583 3598 1732 3635 anno
1756 3583 2008 3636 domnus
2024 3580 2139 3633 Os-

461 3666 690 3720 bernus
733 3669 944 3737 abbas,
990 3673 1304 3738 postquam
1369 3671 1639 3723 coenobio
1679 3670 1874 3723 Sancti
1923 3668 2145 3722 Ebrulfi

461 3755 737 3826 quinque,
756 3757 927 3810 annis
941 3758 1239 3810 etduobus
1260 3759 1566 3811 mensibus
1581 3758 1832 3828 praefuit,
1849 3757 2144 3811 virbonus

463 3851 520 3899 et
540 3845 611 3899 de
636 3846 938 3916 subjectis
953 3847 1068 3901 sibi
1088 3847 1401 3915 sollicitus,
1425 3865 1499 3901 v1.
1528 3848 1653 3901 Kal.
1682 3846 2015 3901 Juniiobiit.
2035 3833 2141 3899 Cui

460 3950 652 4005 sagax
673 3935 758 3987 Ma
775 3935 1051 3989 innerius
1075 3935 1345 4006 ejusdem
1371 3936 1624 3991 cccnobii
1654 3936 1979 3991 monachus
2001 3950 2143 3989 suc-

464 4024 650 4077 cessit
696 4027 750 4077 et
783 4039 1002 4078 novam
1034 4025 2142 4097 ecclesiam,omnesquedomosmona-

462 4111 594 4167 chis
616 4127 937 4184 congruas,
958 4113 1355 4184 Deojuvante,
1374 4117 1722 4183 ettemporis
1749 4114 2023 4169 felicitate
2057 4113 2140 4168 fa-

463 4205 637 4255 vente
661 4204 1016 4257 construxit.
1060 4202 1167 4267 Qui
1202 4207 1513 4274 postquam
1557 4204 1625 4257 2:2
1649 4206 1819 4257 annis
1848 4207 2141 4259 monaste-

464 4290 616 4343 rium
640 4292 792 4345 rexit
807 4295 1070 4361 tempore
1099 4292 2141 4364 RobertiignaviducisetGisleberti

465 4377 769 4443 Maminoti
786 4380 1186 4434 Luxoviensis
1203 4382 1731 4451 epiocopi,x1.\'on.
1769 4381 1962 4434 Martii
1977 4381 2141 4435 obiit.

466 4467 767 4522 Uticensis
795 4484 938 4522 vero
965 4470 1218 4523 abbatia:
1245 4471 1511 4540 regimen
1536 4469 1986 4539 elegantissimo
2009 4468 2144 4523 Ser-

464 4557 606 4625 loni,
640 4557 849 4626 peritia
880 4557 1360 4628 Scriputurarum
1405 4562 1458 4611 et
1513 4558 1845 4628 eloquentia
1877 4558 2169 4637 pollenti,‘

465 4644 730 4716 reliquit;
766 4646 867 4715 qui
900 4649 1034 4715 post
1064 4647 1213 4700 duos
1245 4662 1431 4700 annos
1462 4651 1517 4700 ct
1557 4650 1680 4700 tres
1714 4662 1958 4700 menses
1994 4662 2145 4717 prae-

468 4734 726 4788 sulatum
759 4733 1076 4805 Sagiorum
1100 4735 1207 4788 Dei
1241 4736 1427 4806 gratia
1468 4735 1752 4804 suscepit.

1020 4842 1275 4897 CAPUT
1307 4841 1573 4895 XXXIII.

611 4934 698 4989 De
736 4939 927 4988 morte
970 4931 1240 4986 Chunani
1286 4931 1519 4985 comitis
1558 4930 2001 4984 Britannorum.

541 5023 831 5093 Tempore
862 5037 979 5092 quo
1024 5020 1330 5074 Willemus
1353 5021 1472 5074 dux
1503 5019 1853 5088 disponebat
1876 5018 2148 5089 Angliam

481 5111 645 5165 adire
665 5116 720 5165 et
753 5112 936 5166 armis
957 5126 1083 5164 eam
1108 5109 1224 5164 sibi
1257 5109 1581 5177 vindicare,
1613 5108 1803 5163 audax
1824 5107 2148 5161 Chunanus

480 5214 680 5253 comes
709 5200 1028 5254 Britannia)
1072 5199 1243 5252 nisus
1300 5200 1394 5252 est
1449 5213 1602 5267 eum,
1640 5198 1823 5251 missa
1855 5196 2149 5267 legatione

478 5287 841 5358 hujusmodi,
881 5291 1110 5344 terrere
1143 5306 1155 5353 ;
1195 5287 1416 5341 «Audio
1448 5290 1521 5356 te,
1572 5287 1779 5357 inquit,
1807 5301 1961 5339 nunc
1992 5283 2147 5337 velle

483 5380 647 5431 trans
664 5391 821 5429 mare
836 5378 1134 5445 proficisci
1153 5381 1209 5432 et
1228 5377 1457 5449 Angliaa
1471 5376 1577 5430 tibi
1595 5391 1845 5445 regnum
1860 5372 2147 5427 nancisci.

480 5465 621 5520 Inde
654 5463 895 5516 multum
920 5466 1168 5536 gaudeo,
1223 5467 1329 5520 sed
1380 5470 1439 5519 ut
1470 5465 1608 5518 mihi
1659 5462 2148 5518 Northmanniam

479 5553 697 5609 reddas
728 5553 997 5608 obsecro.
1024 5556 1321 5610 Robertus
1339 5558 1533 5610 autem
1553 5555 1674 5609 dux
1704 5554 2135 5608 Northmanno-

480 5660 634 5716 rum,
658 5657 834 5718 quem
864 5644 920 5697 te
948 5643 1125 5715 fingis
1166 5661 1304 5700 esse
1352 5647 1581 5717 patrem
1641 5648 1824 5713 tuum,
1870 5643 2062 5698 iturus
2094 5641 2152 5695 in

2245 1932 2305 1985 in
2340 1931 3047 2002 Andegavensicomitatu
3074 1930 3382 1983 castellum
3404 1928 3674 1983 Guntherii
3692 1927 3812 1981 obse-

2245 2019 2798 2089 deratetoppidanis
2817 2019 3102 2072 militibus
3122 2034 3262 2073 sese
3280 2018 3363 2071 illi
3385 2017 3697 2072 dedentibus
3711 2030 3813 2068 suos

2246 2108 2682 2162 intromittebat.
2706 2109 2928 2161 Interea
2959 2107 3285 2161 Chunanus
3309 2107 3616 2161 chirotecas
3636 2120 3747 2159 suas
3764 2104 3819 2156 in-

2248 2200 2413 2251 caute
2437 2197 2642 2265 induit,
2666 2197 2957 2266 tactisque
3002 2196 3276 2262 habenis,
3298 2211 3526 2249 manum
3551 2195 3615 2246 ad
3636 2209 3691 2246 os
3708 2192 3818 2245 leva-

2248 2287 2347 2339 vit.
2382 2285 2570 2355 Cujus
2601 2288 2757 2339 tactu
2799 2301 3030 2340 veneno
3062 2285 3323 2339 infectus
3360 2287 3451 2338 est
3475 2285 3529 2337 et
3553 2282 3698 2353 paulo
3733 2282 3823 2349 post

2249 2375 2525 2429 omnibus
2543 2375 2673 2428 suis
2691 2374 3035 2445 lugentibus
3054 2374 3375 2427 defunctus
3407 2376 3512 2426 est.
3540 2371 3634 2424 Hic
3650 2370 3822 2423 multum

2249 2480 2437 2535 sagax
2467 2464 2574 2517 fuit
2595 2466 2649 2517 et
2672 2462 2920 2533 probus,
2954 2478 3021 2515 ac
3051 2462 3552 2533 amatorjustitiae.
3581 2458 3674 2524 Qui
3698 2455 3821 2511 sidiu

2254 2554 2526 2620 vixisset,
2542 2552 2719 2605 multa
2742 2552 2915 2619 bona,
2940 2553 3002 2604 ut
3024 2550 3226 2618 fertur,
3247 2551 3508 2619 fecisset,
3521 2565 3584 2603 ac
3601 2548 3661 2601 ad
3674 2560 3817 2616 regen-

2256 2640 2392 2694 dum
2426 2640 2710 2695 honorem
2742 2639 2902 2693 utilis
2947 2638 3183 2693 fuisset.
3228 2639 3500 2694 Proditor
3517 2641 3698 2703 autem,
3728 2648 3823 2687 con-

2267 2730 2433 2783 scius
2471 2729 2565 2783 sui
2613 2732 2835 2796 reatus,
2868 2742 3004 2781 mox
3056 2728 3127 2782 de
3159 2728 3528 2798 expeditione
3555 2724 3753 2794 aufugit,
3793 2725 3829 2773 et

2248 2822 2495 2873 mortem
2544 2815 2808 2871 Chunani
2841 2816 3135 2871 Willelmo
3167 2816 3308 2871 duci
3329 2814 3624 2871 mandavit.

2804 3011 3058 3066 CAPUT
3092 3011 3363 3066 XXXIV.

2251 3138 2339 3193 De
2370 3152 2613 3193 numero
2642 3138 2877 3192 navium
2911 3153 3077 3210 quem
3108 3139 3233 3192 dux
3288 3135 3611 3191 Willelmus
3637 3129 3768 3187 duxit
3794 3126 3833 3179 in

2923 3226 3224 3297 Angliam.

2324 3420 2655 3478 Willelmus
2701 3421 2913 3496 igitur,
2949 3437 3202 3476 securus
3254 3421 3528 3488 effectus,
3575 3418 3629 3471 in
3674 3407 3836 3481 Anglos

2257 3529 2489 3569 omnem
2518 3513 2639 3566 vim
2684 3511 2906 3566 furoris
2939 3510 3249 3564 convertit.
3282 3508 3667 3564 Considerans
3698 3502 3833 3554 autem

2258 3603 2575 3658 Heraldum
2594 3601 2854 3672 quotidie
2873 3600 3103 3654 viribus
3125 3599 3420 3665 roborari,
3446 3597 3680 3651 classem
3693 3588 3749 3643 ad
3763 3584 3837 3639 tria

2257 3691 2416 3745 milia
2440 3691 2677 3745 navium
2714 3689 3062 3743 festinanter
3104 3692 3160 3741 et
3198 3688 3354 3742 bene
3406 3682 3657 3741 construi
3687 3674 3835 3749 jussit,

2257 3784 2314 3835 et
2340 3782 2399 3833 in
2430 3780 2677 3834 Pontivo
2700 3778 2851 3848 apud
2882 3778 3159 3832 Sanctum
3191 3775 3548 3831 Walericum
3568 3773 3621 3825 in
3635 3760 3840 3822 anchoris

2257 3884 2519 3941 congrue
2538 3871 2695 3922 stare
2727 3866 2883 3921 fecit.
2910 3866 3215 3937 Ingentem
3239 3878 3479 3935 quoque
3501 3858 3776 3915 exercitum
3791 3866 3839 3903 ex

2258 3940 2681 4013 Northmannis
2702 3960 2759 4011 et
2779 3954 3249 4009 Flandrensibus
3280 3969 3351 4007 ac
3385 3950 3617 4007 Francis
3645 3949 3693 3999 et
3708 3940 3836 3996 Brite

2256 4049 2433 4102 nibus
2465 4045 2816 4117 aggregavit
2839 4062 2853 4109 ;
2898 4046 3072 4113 atque
3101 4045 3490 4112 praeparatam
3516 4038 3740 4092 classem
3762 4033 3838 4081 tam

2255 4135 2588 4189 valentibus
2602 4134 2773 4204 equis
2788 4148 2964 4203 quam
2977 4130 3421 4186 robustissimis
3441 4124 3745 4182 hominibus
3756 4128 3844 4204 cum

2256 4223 2456 4277 loricis
2487 4225 2542 4276 et
2572 4202 2761 4291 galeis
2807 4202 3073 4289 replevit.
3110 4216 3404 4272 Omnibus
3435 4216 3626 4284 itaque
3662 4202 3843 4279 paratis.

2256 4317 2432 4366 vento
2464 4312 2636 4364 ﬂante
2658 4309 2943 4378 secundo,
2979 4307 3129 4361 velis
3156 4307 3215 4359 in
3238 4305 3496 4360 sublime
3512 4300 3713 4372 pansis,
3728 4298 3844 4347 trans

2257 4415 2418 4454 mare
2449 4397 2866 4453 Penuesellum
2896 4396 3135 4466 appulit,
3188 4394 3292 4447 ubi
3334 4393 3527 4447 statim
3572 4380 3842 4443 ﬁrmissimo

2257 4490 2409 4544 vallo
2442 4491 2703 4543 castrum
2732 4486 3011 4553 condidit,
3070 4483 3396 4554 probisque
3435 4478 3698 4535 militibus
3721 4482 3840 4563 coui-

2256 4578 2435 4633 misit.
2458 4576 2680 4630 Deinde
2719 4574 2976 4629 festinus
3006 4572 3333 4643 Hastingas
3366 4570 3543 4636 venit,
3574 4563 3743 4633 ibique
3766 4556 3844 4643 cito

2258 4681 2436 4737 opere
2466 4665 2623 4719 aliud
2657 4664 2928 4717 firmavit.
2963 4642 3257 4716 Hei-aldus
3288 4662 3504 4725 autem,
3530 4656 3658 4710 dum
3684 4642 3849 4737 North-

2258 4754 2455 4809 manni
2487 4753 2851 4806 intraverunt
2882 4765 3128 4821 regnum
3160 4748 3318 4819 quod
3355 4748 3486 4817 ipse
3508 4730 3847 4809 usurpaverat.

2259 4845 2465 4897 contra
2521 4841 2829 4895 Tosticum
2886 4838 3124 4892 fratrem
3173 4851 3349 4890 suum
3396 4834 3550 4889 bello
3598 4824 3850 4892 occupatus

2260 4934 2403 4986 erat.
2448 4930 2513 4983 In
2570 4943 2686 4999 quo
2742 4927 3017 4981 conﬂictu
3066 4925 3415 4996 praedictum
3463 4922 3687 4976 fratrem
3722 4916 3849 4999 suum

2261 5019 2528 5089 peremit,
2562 4997 2630 5070 ac
2655 5016 2972 5070 Heraldum
2995 5030 3199 5086 regem
3222 5013 3618 5080 Northwegaa,
3642 4997 3851 5091 quil‘es-

2262 5086 2669 5177 ticumjuvare
2702 5109 2961 5159 venerat.
2998 5104 3141 5157 Haec
3170 5117 3371 5173 pugna
3402 5098 3587 5154 Nonis
3620 5086 3848 5177 Octobri-5,

2262 5198 2320 5251 in
2368 5168 2478 5249 diev
2501 5194 2739 5249 Sabbati
2778 5193 2930 5246 facta
2970 5196 3080 5261 est,
3123 5168 3189 5244 in
3213 5168 3327 5261 qua
3361 5203 3511 5259 pene
3535 5189 3677 5239 totus
3697 5168 3852 5261 Narth-

2260 5287 2627 5357 wigenarum
2674 5283 2972 5337 exercitus
3013 5282 3086 5335 ab
3135 5279 3346 5351 Anglis
3394 5290 3569 5331 casus
3610 5257 3845 5357 estaltld.c

2260 5350 2452 5429 victor
2502 5372 2796 5426 Heraldus
2830 5369 3197 5425 Lundoniam
3239 5366 3432 5433 rediit,
3465 5362 3567 5418 sed
3596 5359 3662 5414 de
3703 5350 3845 5443 fruit?

2263 5463 2416 5518 cidio
2449 5462 2547 5514 diu
2590 5460 2868 5532 gaudere,
2920 5458 3014 5513 vel
3069 5471 3320 5511 securus
3365 5467 3505 5508 esse
3549 5462 3653 5503 non
3682 5436 3845 5532 potuit;

2263 5552 2398 5623 quia
2428 5531 2659 5621 legatus
2689 5549 2741 5603 ei
2782 5549 3221 5603 Northmannos
3260 5544 3473 5599 adesse
3509 5554 3634 5593 mox
3670 5531 3844 5586 nuntia-

2264 5641 2365 5694 vit.
