3940 6174
96 357 192 423 873
422 352 660 414 HISTO
672 350 844 412 RUE
888 343 1693 412 NOBTHMANNORUM

1889 341 1962 402 [Π
2007 290 2255 402 ocro.
2293 374 2366 385 —
2399 335 2659 399 LIBER
2699 334 3111 399 SEPTIMUS

599 548 850 603 CAPUT
889 546 1126 601 XXXV.

93 644 225 710 Quod
249 639 526 696 Heraldus
554 644 849 708 tyrannus
877 634 1186 710 consilium
1232 632 1446 710 matris
1491 646 1612 710 suae
1645 634 1704 683 et

134 713 352 780 fratris,
385 702 596 765 bellum
630 714 839 762 contra
868 706 1317 761 Northmannos
1346 702 1700 759 dissuaden-

146 787 282 848 tium,
315 797 447 853 spre
459 781 556 834 vit.

143 874 257 944 Ipse
299 885 431 924 vero
478 867 723 922 audiens
774 865 1039 919 acriores
1069 862 1449 919 adversarios
1483 876 1558 916 ex
1587 862 1700 915 alia

85 967 218 1036 parte
245 958 588 1023 surrexisse,
642 956 853 1011 iterum
886 955 956 1007 ad
986 967 1240 1024 agonem
1273 951 1523 1004 viriliter
1550 966 1699 1019 prae-

84 1050 275 1123 paravit
302 1064 383 1101 se.
410 1047 544 1100 Erat
568 1045 723 1099 enim
746 1044 991 1097 multum
1016 1042 1205 1096 audax
1231 1044 1287 1094 et
1306 1039 1550 1110 probus,
1580 1041 1698 1092 toto

83 1154 288 1209 corpore
304 1134 750 1207 pulcherrimus,
771 1132 1104 1203 eloquentia
1122 1129 1355 1200 lepidus
1374 1131 1429 1181 et
1447 1126 1700 1181 affabilis

84 1226 334 1283 omnibus.
362 1225 540 1277 Porro
568 1225 751 1275 matre
785 1236 892 1274 sua
915 1219 1166 1290 aliisque
1195 1216 1402 1270 amicis
1426 1215 1702 1269 ﬁdelibus

78 1317 257 1371 bellum
279 1315 327 1369 ei
349 1310 855 1377 dissuadentibus,
880 1308 1025 1362 dixit
1049 1307 1100 1360 ei
1124 1304 1340 1360 \Vorth
1360 1319 1560 1358 comes
1583 1303 1698 1357 fra-

79 1409 146 1460 ter
166 1420 295 1458 suus
328 1418 341 1457 :
379 1425 398 1449 «
433 1401 692 1471 Oportet,
728 1398 1082 1451 charissime
1114 1394 1300 1448 frater
1339 1397 1397 1448 et
1444 1391 1697 1461 domine,

79 1497 124 1548 ut
169 1491 410 1563 probitas
460 1493 556 1543 tua
602 1488 962 1556 temperetur
1004 1482 1382 1537 discretionis
1428 1481 1701 1534 modera-

79 1583 218 1634 mine.
252 1579 411 1632 Nunc
435 1593 510 1631 ex
530 1575 736 1647 praelia
769 1572 1332 1642 Northwigenarum
1364 1569 1568 1623 fessus
1602 1583 1701 1622 ve-

77 1669 202 1734 nisti,
234 1668 554 1736 iterumque
593 1680 748 1719 nunc
768 1662 1015 1717 festinas
1036 1663 1238 1715 contra
1258 1658 1701 1713 Northmannos

78 1757 307 1827 praeliari.
326 1756 600 1823 Quiesce,
633 1767 861 1823 quaeso;
881 1749 1206 1820 prudenter
1225 1749 1477 1802 tractare
1504 1748 1697 1799 tecum

77 1846 213 1913 velis,
241 1844 372 1916 quid
403 1859 540 1897 cum
572 1839 962 1896 sacramentis
995 1836 1227 1892 consuli
1252 1833 1698 1889 Northmanniae

3364 330 3489 398 874

1726 524 1785 590 λ
1813 539 2008 594 viente
2056 537 2597 593 Northmannorum
2653 535 2711 589 in
2769 535 2863 588 die
2919 532 3161 588 Sabbati
3214 529 3487 587 multavit

1813 630 1994 683 multa
2023 627 2204 681 millia
2236 625 2586 696 Anglorum,
2621 624 2721 696 qui
2755 625 2933 695 longe
2961 625 3091 677 ante
3111 622 3483 677 innocentem

1813 716 2136 772 Aluredum
2166 715 2390 787 injuste
2420 716 2799 780 necaverunt,
2834 727 2901 766 ac
2945 710 3307 781 praecedenti
3335 710 3483 766 Sab-

1815 807 1950 861 bato
1982 805 2300 860 Heraldum
2331 819 2533 875 regem
2564 807 2618 856 et
2652 800 2955 855 Tosticum
2997 799 3269 853 comitem
3298 798 3486 853 alios-

1816 911 1931 968 que
1985 895 2199 950 multos
2249 894 2475 963 absque
2530 892 2745 962 pietate
2802 888 3263 943 trucidaverunt.
3322 886 3485 941 Idem

1816 1000 2050 1058 quoque
2076 984 2261 1056 judex
2304 983 2577 1054 sequenti
2607 984 2778 1034 nocte
2808 977 3038 1050 Anglos
3079 975 3401 1031 vindicavit
3428 977 3489 1029 et

1817 1076 2081 1129 furentes
2112 1072 2552 1126 Northmannos
2581 1070 2642 1123 in
2683 1083 2902 1123 caecam
2945 1066 3298 1137 voraginem
3325 1078 3487 1135 prae-

1815 1163 2093 1233 cipitavit.
2128 1161 2248 1232 Ipsi
2295 1160 2451 1215 enim
2499 1160 2701 1214 contra
2749 1157 3111 1227 praeceptum
3158 1152 3316 1224 legis
3358 1166 3488 1208 rem

1811 1253 2059 1307 alienam
2102 1250 2484 1304 immoderate
2528 1247 2956 1316 concupierunt
2995 1259 3062 1297 ac
3110 1242 3376 1310 veloces,
3421 1243 3490 1295 ut

1814 1339 2325 1411 Psalmographus
2354 1337 2513 1405 dicit,
2538 1336 2721 1405 pedes
2745 1348 2949 1389 eorum
2971 1332 3042 1386 ad
3065 1328 3486 1386 effundendum

1812 1430 2161 1501 sanguinem
2196 1428 2449 1482 fuerunt.
2485 1425 2741 1495 Ideoque
2764 1422 3173 1478 contritionem
3205 1420 3263 1474 et
3291 1416 3484 1473 infeli-

1811 1520 2043 1575 citatem
2073 1519 2133 1573 in
2163 1518 2278 1572 viis
2310 1517 2439 1571 suis
2472 1514 2862 1569 offenderunt.

2354 1602 2606 1658 CAPUT
2644 1599 2938 1656 XXXVII.

1811 1697 1974 1763 Quod
1990 1694 2440 1751 Lundonienses
2457 1707 2523 1746 se
2541 1692 2600 1746 ei
2621 1689 2936 1763 dederunt,
2958 1684 3189 1763 et_quod
3208 1684 3484 1763 sequenti

1876 1766 2084 1823 Natali
2111 1766 2347 1821 Domini
2374 1762 2700 1818 Lundonia:
2729 1776 2846 1814 rex
2869 1757 3198 1830 Anglbrum
3230 1757 3484 1812 eﬂ'ectus

1880 1845 1973 1893 est
2001 1846 2060 1893 et
2089 1839 2162 1893 de
2191 1836 2430 1891 abbatis
2462 1834 2536 1889 de
2563 1831 2751 1887 Bello.

77 1932 578 2005 promiseris-Cave
599 1946 671 1984 ne
694 1927 1315 1999 periuriumincurras
1337 1926 1393 1977 et
1413 1938 1518 1992 pro
1540 1924 1698 1975 tanto
1733 1901 1785 1963 Β
1877 1930 2024 1984 Post
2050 1928 2179 1982 haec
2210 1925 2381 1980 fortis
2433 1924 2550 1978 dux
2594 1920 2936 1975 Willelmus
2980 1917 3052 1971 ab
3104 1915 3484 1971 inimicorum
3582 1917 3587 1921 ‘

77 2023 264 2077 scelere
292 2026 350 2075 tu
377 2036 513 2075 cum
548 2019 779 2072 viribus
812 2019 1035 2070 nostrae
1065 2013 1259 2086 gentis
1290 2026 1560 2077 corruas,
1595 2024 1697 2063 no-

76 2115 290 2181 straeque
318 2106 627 2179 progeniei
670 2118 1126 2175 permansurum
1173 2101 1434 2154 dedecus
1484 2096 1697 2151 exinde

76 2200 176 2252 fias.
206 2198 320 2269 Ego
349 2197 505 2251 liber
537 2195 611 2249 ad
645 2194 803 2249 omni
833 2192 1226 2258 sacramento,
1261 2186 1561 2240 Willelmo
1593 2200 1690 2239 co-

77 2288 167 2341 miti
196 2287 325 2341 nihil
358 2286 573 2340 debeo.
608 2283 903 2336 Audacter
934 2280 1115 2351 igitur
1145 2280 1350 2332 contra
1397 2275 1559 2329 illum
1590 2290 1696 2343 pro

76 2375 212 2428 natali
247 2375 368 2429 solo
410 2377 642 2428 certare
683 2374 922 2441 paratus
955 2383 1105 2421 sum.
1139 2366 1227 2420 Tu
1272 2368 1485 2432 autem,
1516 2362 1698 2416 frater

77 2480 150 2531 mi,
169 2480 271 2535 quo
290 2464 378 2517 vis
400 2463 460 2515 in
477 2477 629 2532 pace
648 2460 890 2530 quiesce
912 2460 971 2511 et
991 2459 1266 2510 eventum
1288 2453 1429 2508 belli
1447 2454 1696 2522 praesto-

77 2553 184 2615 lare,
214 2568 277 2607 ne
308 2553 460 2606 clara
485 2550 734 2604 libertas
761 2546 1087 2618 Anglorum
1107 2546 1311 2614 pereat
1340 2542 1400 2595 in
1429 2544 1529 2595 tua
1558 2553 1698 2609 per-

76 2640 267 2695 ditione.
303 2665 323 2687 »
362 2641 472 2694 His
508 2641 706 2709 itaque
728 2636 944 2690 auditis
973 2632 1373 2699 sermonibus,
1404 2627 1698 2683 Heraldus

76 2730 404 2784 vehementer
433 2731 531 2783 est
564 2726 925 2797 indignatus.
973 2721 1298 2778 Consilium
1344 2717 1501 2772 istud
1541 2715 1697 2786 quod

75 2820 240 2872 amicis
256 2818 384 2889 ejus
402 2817 649 2871 salubre
667 2813 996 2880 videbatur,
1013 2810 1257 2880 sprevit,
1279 2811 1334 2862 et
1349 2819 1697 2877 germanum

76 2922 211 2960 suum
237 2909 325 2978 qui
348 2907 607 2961 ﬁdeliter
630 2904 684 2958 ei
710 2900 1155 2967 consiliabatur,
1190 2896 1477 2951 conviciis
1509 2893 1698 2947 irrita-

74 2996 151 3058 vit,
182 3000 528 3066 matremque
581 3008 771 3061 suam,
823 3005 956 3061 quia
988 2988 1166 3041 nimis
1202 2986 1394 3055 ipsum
1442 2982 1696 3038 retinere

78 3099 239 3138 secum
262 3085 590 3156 satagebat,
614 3081 764 3151 pede
783 3077 1113 3149 procaciter
1134 3072 1453 3144 percussit.
1477 3068 1697 3124 Deinde

77 3188 157 3240 per
179 3188 272 3227 sex
302 3174 429 3228 dies
471 3174 846 3227 innumeram
895 3164 1321 3220 multitudinem
1368 3160 1696 3231 Anglorum

1808 2022 2012 2088 strage
2042 2029 2350 2083 reversus,
2384 2013 2554 2066 nocte
2595 2009 2785 2063 media
2816 2007 2889 2060 ad
2920 2019 3189 2074 campum
3220 2002 3362 2057 belli
3393 2003 3487 2057 est

1809 2121 2151 2178 regressus.
2188 2102 2358 2156 Mane
2389 2115 2531 2155 vero
2562 2096 2883 2152 Dominica
2915 2093 3033 2149 diei
3072 2092 3482 2160 illucescente,

1810 2194 2018 2265 Spoliis
2048 2191 2308 2247 hostium
2350 2187 2651 2243 distractis
2683 2189 2740 2240 et
2767 2182 3118 2253 corporibus
3164 2180 3483 2238 charorum

1810 2298 2054 2339 suorum
2082 2279 2351 2347 sepultis,
2384 2277 2494 2330 iter
2516 2273 2759 2344 arripuit
2786 2271 2942 2341 quod
2968 2268 3339 2323 Lundoniam
3358 2270 3484 2323 ten-

1811 2373 1911 2427 dit.
1928 2370 2149 2425 Deinde
2166 2368 2239 2422 ad
2257 2366 2464 2421 urbem
2477 2360 2903 2433 Warengefort
2919 2372 3199 2430 gressum
3217 2356 3482 2424 divertit,

1813 2462 2290 2528 transmeatoque
2321 2454 2469 2509 vado
2502 2451 2683 2520 fluvii,
2710 2449 2981 2520 legiones
3010 2445 3093 2501 ibi
3126 2446 3322 2499 castra
3350 2460 3480 2501 me-

1810 2550 1919 2605 tari
1959 2548 2164 2619 jussit.
2217 2544 2358 2600 Inde
2404 2557 2546 2596 vero
2600 2538 2923 2610 profectus,
2973 2533 3343 2589 Lundoniam
3388 2537 3483 2609 est

1811 2651 2175 2712 aggressus;
2206 2635 2307 2688 ubi
2346 2644 2757 2704 praecursores
2800 2625 3016 2680 milites
3058 2624 3386 2693 venientes,
3418 2623 3483 2678 in

1813 2711 2001 2799 platea
2025 2726 2190 2780 urbis
2207 2723 2496 2794 plurimos
2521 2720 2873 2773 invenerunt
2896 2713 3171 2782 rebelles,
3195 2711 3481 2767 resistere

1812 2820 1930 2873 toto
1962 2815 2268 2871 conamine
2292 2810 2681 2867 decertantes.
2705 2805 2852 2861 Cum
2872 2804 3090 2875 quibus
3112 2802 3321 2859 statim
3342 2816 3480 2856 con-

1812 2905 2032 2979 gressi,
2084 2919 2201 2957 non
2248 2901 2551 2955 minimum
2588 2898 2810 2951 luctum
2854 2893 3178 2948 intulerunt
3217 2889 3369 2959 urbi,
3405 2890 3480 2944 ob

1812 2978 2066 3049 filiorum
2088 3007 2156 3045 ac
2174 2991 2391 3045 civium
2407 3002 2651 3042 suorum
2672 2982 2925 3055 plurima
2943 2982 3168 3035 funera.
3195 2978 3480 3033 Videntes

1811 3085 2044 3138 demum
2067 3078 2359 3135 Lundonii
2382 3093 2448 3132 se
2470 3075 2689 3130 diutius
2712 3075 2917 3127 contra
2939 3073 3097 3124 stare
3128 3084 3243 3122 non
3272 3081 3477 3139 posse,

1811 3173 1960 3228 datis
1981 3169 2312 3236 obsidibus,
2333 3182 2399 3221 se
2418 3178 2644 3234 suaque
2663 3161 2856 3216 omnia
2872 3157 3243 3213 nobilissimo
3266 3154 3481 3211 victori

77 3262 331 3331 contraxit,
348 3262 567 3316 durem
586 3259 881 3312 incautum
899 3253 1241 3308 accelerans
1256 3260 1692 3320 praeoccupare,

1889 3274 2203 3332 pposuere.
2250 3258 2417 3310 Anno
2451 3254 2646 3324 itaque
2676 3251 2748 3305 ab
2797 3247 3201 3303 lncarnatione
3244 3242 3481 3300 Domini

74 3350 161 3401 tota
186 3354 338 3404 nocte
377 3350 660 3421 equitans
692 3345 751 3399 in
783 3358 988 3412 campo
1032 3339 1173 3395 belli
1203 3336 1472 3408 apparuit
1501 3349 1693 3389 mane.

578 3451 829 3507 CAPUT
870 3447 1139 3504 XXXVI.

79 3559 318 3623 Quomodo
353 3563 476 3617 dux
504 3558 1052 3615 Northmannorum
1102 3549 1428 3606 Willelmus
1466 3544 1696 3618 Anglos

518 3629 644 3684 sibi
674 3626 939 3682 rebelles
968 3626 1041 3679 de
1052 3624 1212 3678 vicit.

130 3737 237 3791 Dux
256 3755 408 3804 vero,
437 3740 767 3793 nocturnos
788 3745 1138 3803 praecavens
1162 3741 1456 3783 excursus
1478 3722 1692 3792 hostis,

75 3824 439 3882 inchoantibus
473 3823 740 3879 tenebris
764 3821 833 3875 ad
858 3819 1261 3892 gratissimam
1281 3828 1471 3885 usque
1502 3812 1696 3866 lucem

75 3915 354 3969 exercitum
385 3913 580 3986 jussit
614 3926 753 3967 esse
797 3910 855 3963 in
886 3908 1088 3962 armis.
1127 3905 1305 3959 Facto
1328 3906 1517 3957 autem
1543 3900 1690 3954 dilu-

76 4002 177 4055 culo
201 4004 448 4069 Sabbati,
482 4001 759 4073 legiones
790 3997 1037 4051 militum
1068 3994 1127 4048 in
1155 3993 1348 4047 tribus
1388 3989 1696 4045 ordinibus

70 4089 332 4161 disposuit,
357 4097 411 4147 et
429 4089 731 4146 horrendo
755 4088 926 4142 hoste
949 4083 1278 4151 intrepidus
1297 4080 1531 4135 obviam
1554 4091 1691 4147 pro-

76 4182 240 4234 cessit.
292 4180 435 4235 Cum
467 4194 586 4251 quo
618 4178 730 4231 sub
762 4176 905 4230 hora
938 4173 1053 4228 dici
1084 4173 1253 4226 tertia
1280 4169 1501 4224 bellum
1532 4180 1696 4220 com-

76 4268 203 4321 misit
242 4273 292 4323 et
322 4271 379 4323 in
410 4267 683 4323 caedibus
716 4266 788 4319 ab
835 4266 1080 4332 utraque
1130 4264 1294 4331 parte
1326 4254 1698 4311 morientium

78 4370 228 4426 usque
255 4360 321 4411 ad
350 4361 584 4412 noctem
609 4353 913 4425 protraxit.
947 4350 1242 4405 Heraldus
1275 4348 1448 4402 etiam
1480 4345 1610 4415 ipse
1640 4342 1699 4395 in

78 4446 228 4509 primo
258 4447 501 4501 militum
524 4458 859 4515 progressu
879 4439 1229 4494 vulneribus
1247 4434 1541 4491 lethaliter
1563 4447 1699 4487 con-

79 4529 735 4602 fossusoccubuit.Angli
752 4545 895 4584 vero
909 4533 1221 4599 postquam
1234 4528 1350 4579 tota
1364 4523 1457 4577 die
1470 4520 1702 4576 fortiter

1814 3350 1948 3406 1066
1979 3348 2339 3415 Willelmus,
2365 3342 2902 3398 Northmannorum
2923 3337 3063 3406 dux,
3090 3350 3264 3406 quem
3287 3332 3477 3411 stvlus

1810 3442 2014 3493 noster
2059 3435 2340 3491 extollere
2386 3448 2501 3488 non
2546 3429 2786 3497 sufﬁcit,
2831 3426 3028 3482 nobile
3071 3428 3380 3501 tropaeum,
3420 3424 3480 3501 ut

1812 3542 1991 3597 supra
2022 3526 2239 3580 dictum
2270 3525 2379 3591 est,
2404 3537 2481 3576 ex
2498 3518 2709 3592 Anglis
2729 3515 3000 3572 confecit.
3025 3512 3268 3581 Deinde,
3296 3498 3356 3569 in
3386 3496 3481 3564 die

1812 3614 2038 3671 Natalis
2077 3613 2309 3669 Domini
2345 3610 2418 3666 ab
2469 3609 2744 3664 omnibus
2778 3608 2894 3661 tam
2937 3602 3482 3677 Northmannorum

1812 3721 1989 3777 quam
2014 3704 2340 3776 Anglorum
2360 3684 2728 3772 proceribus
2746 3710 2853 3750 rex
2873 3695 2965 3748 est
2985 3691 3210 3745 electus
3231 3690 3289 3743 et
3309 3700 3481 3743 sacro

1814 3776 1943 3851 oleo
1962 3794 2034 3848 ab
2054 3791 2353 3863 episcopis
2372 3789 2544 3861 regni
2560 3787 2874 3849 delibutus,
2896 3785 3069 3853 atque
3088 3777 3276 3851 regali
3291 3776 3484 3833 diade-

1813 3884 1966 3937 mate
1985 3864 2319 3936 coronatus.
2339 3877 2536 3935 Locus
2551 3890 2691 3929 vero
2705 3872 2825 3941 ubi,
2843 3871 2996 3925 sicut
3007 3884 3187 3939 supra
3199 3865 3479 3932 diximus,

1812 3974 2135 4042 pugnatum
2164 3974 2274 4036 est,
2309 3966 2521 4020 exinde
2544 3963 2771 4017 Bellum
2793 3974 2984 4029 usque
3008 3958 3181 4013 hodie
3213 3960 3481 4012 vocatur.

1814 4061 2021 4126 Porro,
2056 4056 2397 4111 Willelmus
2417 4069 2523 4107 rex
2547 4051 2630 4105 ibi
2652 4050 2986 4105 coenobium
3009 4047 3068 4101 in
3090 4046 3316 4101 honore
3338 4059 3482 4101 san-

1817 4151 1926 4202 ctae
1966 4144 2268 4200 Trinitatis
2297 4140 2627 4196 construxit
2658 4143 2714 4194 et
2757 4135 3081 4193 monachos
3113 4150 3181 4189 ac
3214 4134 3484 4190 ordinem

1817 4236 2065 4308 Majoris
2082 4231 2425 4288 Monasterii
2440 4229 2637 4285 Sancti
2650 4224 3263 4282 MartiniTuronensis
3282 4223 3484 4279 statuit

1816 4330 1991 4397 atque
2021 4320 2383 4378 necessariis
2433 4318 2646 4389 opibus
2677 4330 2783 4388 pro
2816 4312 3140 4369 interfectis
3172 4311 3482 4384 utriusque

1815 4415 1999 4487 partis
2027 4411 2240 4467 affatim
2264 4409 2485 4464 ditavit.

2345 4497 2596 4553 CAPUT
2626 4493 2943 4551 XXXVIII.

78 4618 120 4671 in
167 4623 421 4678 conflictu
462 4620 868 4694 perstiterunt,
912 4597 1240 4688 regemque
1286 4627 1462 4667 suum
1507 4610 1699 4663 morte
1737 4604 2335 4694 DDejeditucjus'
2366 4602 2994 4688 .in.Nor.tbn1.anniam
3047 4603 3107 4694 et
3134 4597 3236 4694 rde
3292 4600 3484 4652 morte

79 4722 387 4777 oppressum
411 4713 847 4779 compererunt,
862 4704 987 4776 jam
1007 4704 1079 4758 de
1096 4703 1285 4757 salute
1305 4716 1415 4755 sua
1431 4698 1701 4753 diffidere

73 4801 604 4866 cmperunt,etnocte
617 4789 1346 4863 imminente,versafacie,
1364 4787 1702 4842 subsidium

77 4883 202 4955 fugai
220 4889 601 4958 appetierunt.
629 4885 829 4955 Itaque
856 4879 1270 4949 Northmanni,
1304 4878 1442 4932 dum
1476 4874 1703 4946 Anglos

78 4969 249 5044 fugere
276 4977 571 5043 viderunt,
605 4978 723 5027 tota
752 4974 924 5026 nocte
954 4969 1257 5024 Dominica
1288 4981 1394 5021 eos
1424 4965 1496 5018 ad
1526 4962 1703 5018 detri-

77 5068 291 5117 mentum
323 5065 420 5118 sui
441 5064 660 5118 obnixe
683 5060 983 5132 persecuti
1005 5060 1164 5113 sunt.
1187 5057 1339 5111 Nam
1361 5053 1703 5109 crescentes

80 5146 243 5205 herbae
259 5151 562 5223 antiquum
585 5165 867 5223 aggerem
887 5147 1182 5219 tegebant,
1202 5143 1301 5198 ubi
1324 5154 1702 5210 summepere

78 5244 345 5295 currentes
370 5239 761 5295 Northmanni
786 5253 917 5291 cum
940 5235 1111 5306 equis
1135 5238 1190 5289 et
1221 5232 1402 5287 armis
1433 5230 1700 5298 ruebant,

77 5339 128 5376 ac
153 5343 297 5399 sese,
330 5330 470 5383 dum
502 5345 653 5382 unus
688 5329 930 5398 repente
961 5340 1143 5394 super
1162 5323 1413 5376 alterum
1436 5318 1701 5380 cadebat,

78 5412 310 5471 vicissim
358 5417 836 5488 exstinguebant.
896 5414 982 5467 Ibi
1036 5412 1332 5479 nimirum,
1376 5411 1439 5463 ut
1488 5407 1702 5473 ferunt,

81 5498 233 5557 ferme
274 5507 339 5558 15
387 5506 565 5559 millia
613 5507 933 5575 perierunt.
982 5502 1080 5555 Sic
1123 5500 1493 5568 omnipotens
1542 5496 1701 5549 Deus

78 5590 233 5655 pridie
243 5593 378 5649 ldus
391 5593 665 5649 Octobris
678 5593 1023 5647 innumeros
1035 5592 1383 5661 peccatores
1396 5585 1705 5654 utriusque

78 5675 353 5755 phalangis
385 5682 573 5753 puniit
602 5681 864 5737 diversis
893 5680 1112 5743 modis.
1143 5678 1295 5743 Nam
1325 5673 1572 5733 vesania
1602 5687 1710 5731 see-

398 5770 650 5829 PATROL.
684 5769 943 5827 CXLIX.

1903 4680 2175 4737 Manrilii
2204 4670 2637 4749 archiepiscopi
2666 4675 2761 4730 cui
2789 4671 3082 4729 successit
3113 4670 3390 4725 Joannes.

1888 4788 2115 4844 Dehinc
2138 4801 2282 4840 vero
2304 4785 2478 4857 paulo
2500 4784 2636 4854 post
2654 4784 2717 4837 in
2737 4778 3228 4837 Northmanniam
3242 4787 3484 4847 regres-

1817 4894 1946 4946 sus,
1991 4875 2308 4930 ecclesiam
2357 4873 2587 4929 Sanctae
2620 4872 2819 4926 Mariae
2850 4872 2911 4924 in
2957 4865 3317 4924 Gemmetico
3350 4876 3486 4923 cum

1817 4967 2043 5022 honore
2065 4978 2280 5035 magno
2311 4961 2574 5017 dedicari
2601 4959 2805 5031 jussit.
2840 4958 2975 5027 Ubi,
3000 4960 3144 5011 eum
3174 4966 3486 5009 sacrosan-

1819 5058 1977 5110 ctum
2008 5053 2121 5108 hoc
2154 5052 2501 5123 mysterium
2551 5063 2781 5103 summa
2823 5061 2954 5101 cum
2993 5040 3325 5099 reverentia
3369 5043 3489 5099 tam

1822 5140 2280 5216 religiosissime
2311 5156 2485 5211 quam
2506 5129 2892 5193 festivissime
2914 5133 3334 5200 celebraretur,
3357 5129 3488 5200 ipse

1825 5234 2032 5288 harum
2062 5231 2397 5301 nuptiarum
2427 5228 2632 5297 sponsi
2665 5238 2900 5294 semper
2946 5222 3253 5278 studiosus
3299 5219 3491 5276 cultor

1822 5320 2211 5377 devotissimo
2242 5318 2435 5372 animo
2458 5314 2743 5370 interfuit.
2766 5314 2952 5378 Quam
2972 5311 3401 5367 dedicationem
3428 5306 3490 5362 hi

1821 5409 2090 5480 episcopi
2110 5424 2243 5463 eum
2274 5404 2562 5476 spirituali
2590 5402 2979 5474 jucunditate,
3007 5399 3143 5455 1067
3165 5397 3492 5455 Dominica

1821 5498 2251 5553 Inoarnationis
2278 5510 2451 5563 anno,
2487 5491 2612 5547 Kal.
2645 5491 2788 5547 Julii
2817 5492 3292 5562 compleverunt;
3322 5486 3491 5541 Mau-

1819 5587 1990 5642 rilius
2009 5585 2237 5641 scilicet
2255 5582 2745 5654 archiepiscopus
2768 5578 3274 5653 Rothomagensis
3295 5578 3353 5631 et
3367 5574 3496 5629 Bal-

1820 5675 2039 5735 duinus
2069 5671 2475 5732 Ebroicencis.
2508 5672 2819 5731 Maurilius
2863 5667 3258 5744 archipraesul
3284 5676 3495 5721 mense

2927 5759 2999 5817 28
