3940 6174
428 309 550 374 8⁸75

1188 314 1611 377 WILLELMI
1657 315 2008 380 CALCULI
2040 318 2714 387 GEMMETICENSIS
2742 325 3130 393 MONACHI

3681 339 3773 407 876

430 510 529 563 illo
550 511 780 582 vivens,
814 529 850 565 v
884 513 1021 567 ldus
1054 514 1327 585 Augusti,
1363 515 1560 569 carnis
1594 531 1772 571 onere
1804 517 2096 588 deposito,
2123 505 2172 568 Α
2204 535 2379 590 quam
2425 520 2795 578 Gislebertus
2846 525 2917 580 de
2958 527 3119 582 Ganz
3148 529 3324 585 duxit.
3356 531 3439 587 Ex
3481 549 3580 604 qua
3622 541 3779 608 genuit

433 615 565 653 eum
585 616 695 655 suo
716 617 858 672 rege
880 602 1114 656 Christo
1132 602 1255 673 jam
1276 604 1561 672 victurus,
1586 605 1735 658 liber
1757 609 1811 659 et
1830 607 2101 676 gaudens

433 688 715 743 decessit.
754 689 858 743 Cui
894 693 1192 745 successit
1222 692 1482 746 Joannes
1508 693 1903 748 Abrincatinae
1938 695 2103 748 urbis

431 779 678 847 praesul,
694 778 1154 849 viringenuitate
1170 781 1481 848 plurimum
1497 783 1858 850 conspicuus
1872 785 2101 853 sapien-

436 865 513 918 tia
544 866 840 935 spirituali
870 866 1120 921 feliciter
1150 869 1431 938 imbutus,
1480 871 1789 939 prudentia
1823 872 2101 926 saeculari

435 969 665 1008 summe
723 956 1029 1025 praeditus,
1085 959 1411 1013 secundum
1471 959 1683 1029 quippe
1741 960 2101 1014 nobilitatem

434 1043 698 1113 generis,
730 1044 961 1099 comitis
989 1046 1280 1115 Rudolphi
1306 1047 1482 1101 filius.
1510 1047 1578 1101 Et
1610 1048 1745 1119 quia
1768 1048 1950 1119 hujus
1986 1050 2103 1103 Ru-

435 1130 636 1200 dolphi
654 1132 901 1187 fecimus
924 1135 1297 1201 mentionem,
1316 1135 1456 1190 libet
1475 1137 1780 1205 superiora
1799 1137 2106 1207 paulisper

434 1223 721 1288 repetere.
762 1221 1093 1276 Richardus
1128 1225 1145 1275 l
1183 1224 1466 1278 Willelmi
1498 1226 1933 1297 Longaaspatae,
1970 1242 2104 1279 cum

437 1307 627 1362 adhuc
658 1325 822 1379 puer,
848 1315 1076 1365 mortuo
1110 1316 1291 1381 patre,
1318 1330 1347 1366 a
1371 1328 1511 1385 rege
1536 1313 1896 1369 Francorum
1933 1315 2106 1386 quasi

437 1396 610 1450 exsul
630 1398 691 1451 in
712 1397 958 1453 Francia
981 1401 1362 1471 detineretur,
1390 1405 1575 1457 mater
1593 1402 1726 1473 ejus
1748 1403 1981 1473 Sprota,
2006 1419 2106 1458 ne-

439 1486 717 1541 cessitate
743 1493 1013 1559 urgente,
1037 1490 1423 1546 eontubernio
1446 1492 1758 1562 cujusdam
1780 1493 2107 1563 praedivitis

439 1575 676 1629 nomine
699 1576 1052 1648 Asperlengi
1075 1578 1345 1632 adhaesit.
1373 1580 1484 1634 Hic
1515 1580 1651 1634 licet
1668 1581 1730 1634 in
1750 1582 1933 1636 rebus
1955 1582 2110 1636 locu~

441 1662 592 1733 ples,
640 1667 834 1719 tamen
893 1667 1226 1720 molendina
1280 1667 1453 1722 vallis
1512 1669 1704 1724 lluelii
1754 1670 1825 1723 ad
1878 1670 2107 1724 firmam

441 1752 653 1807 solitus
684 1756 807 1807 erat
839 1757 1057 1809 tenere.
1091 1756 1304 1809 Genuit
1334 1758 1531 1828 itaque
1572 1775 1646 1813 ex
1684 1758 1895 1829 Sprota
1926 1760 2107 1814 ﬁlium

446 1840 784 1909 Rodulfum,
819 1843 890 1896 de
922 1859 1039 1913 quo
1084 1844 1399 1915 loquimur,
1435 1849 1490 1899 et
1523 1847 1676 1901 ﬁlias
1722 1849 1926 1918 plures
1976 1865 2108 1919 qum

441 1933 650 1998 postea
690 1944 796 1998 per
844 1930 1331 1987 Northmanniam
1380 1935 1662 1990 nobilium
1739 1938 2108 1992 matrimonio

438 2020 576 2071 sunt
598 2019 903 2087 copulatae.
927 2020 1072 2074 Cum
1088 2025 1282 2076 autem
1301 2023 1624 2092 praedictus
1646 2026 1983 2081 Riehardus
2002 2028 2108 2081 du-

440 2108 634 2160 catum
661 2107 1107 2164 Northmannim
1134 2114 1296 2164 esset
1318 2111 1587 2182 adeptus,
1612 2129 1787 2183 quem
1809 2130 1912 2168 rex
1931 2115 2109 2169 Fran-

442 2209 651 2250 corum
681 2195 797 2249 sibi
832 2197 1236 2253 fraudulentcr
1262 2201 1657 2269 subripuerat,
1691 2204 1935 2274 contigit
1965 2219 2110 2275 qua-

440 2286 575 2340 dam
632 2285 726 2339 die
781 2287 845 2339 ut
893 2284 1165 2341 homines
1216 2288 1405 2357 ipsius
1458 2290 1517 2343 in
1566 2290 1779 2344 silvam
1828 2292 2113 2347 Weuram

441 2374 801 2430 nominatam
846 2374 999 2429 irent
1031 2379 1322 2432 venatum.
1377 2378 1579 2432 Adfuit
1617 2378 1765 2434 forte
1814 2381 1966 2435 inter
2008 2397 2112 2436 eos

444 2463 596 2517 idem
625 2463 976 2534 Rodolphus
1008 2465 1274 2520 uterinus
1300 2467 1480 2521 frater
1502 2468 1692 2522 ducis.
1717 2468 1982 2541 Cumque
2012 2486 2112 2525 ve-

442 2553 635 2606 nando
666 2553 835 2606 devia
867 2570 1117 2624 quaeque
1148 2557 1204 2609 et
1235 2555 1429 2609 abdita
1462 2556 1632 2611 silvae
1675 2557 2014 2626 lustrarent,
2053 2560 2111 2614 in

443 2640 696 2711 quadam
726 2640 874 2695 valle
903 2658 1106 2695 ursum
1128 2643 1624 2699 immanissimum
1655 2646 1975 2716 reperiunt.
2005 2648 2116 2702 Ve-

445 2731 685 2783 natores
714 2729 898 2801 igitur
920 2730 978 2783 in
1004 2730 1204 2799 fugam
1236 2732 1419 2801 versi,
1452 2734 1801 2803 praedictum
1827 2734 2110 2807 juvenem

449 2818 642 2873 solum
667 2818 1094 2890 relinquentes,
1117 2836 1490 2876 occasxonem
1514 2839 1639 2878 suae
1663 2825 1974 2893 probitatis
1996 2843 2116 2883 ma'

448 2907 800 2962 nifestandae
847 2908 899 2962 ei
931 2909 1238 2964 dederunt.
1288 2911 1398 2965 Hie
1441 2928 1692 2983 namque
1734 2914 1869 2984 plus
1901 2917 2115 2972 timens

449 2997 830 3067 opprobrium
860 2997 1067 3052 inertis
1100 2998 1258 3070 fugae
1289 3016 1461 3070 quam
1495 3000 1855 3058 ferocitatem
1886 3004 2114 3076 bestiae,

447 3085 732 3156 substitit;
765 3089 820 3140 et
847 3086 985 3141 licet
1015 3089 1189 3142 annis
1218 3092 1403 3160 tener,
1457 3090 1718 3163 ingenita
1748 3095 1941 3147 tamen
1987 3109 2115 3148 ma-

448 3176 828 3246 gnanimitate
860 3175 1052 3247 fortis,
1079 3177 1368 3233 furentem
1392 3179 1449 3232 in
1472 3195 1539 3234 se
1562 3180 1820 3236 belluam
1850 3185 2113 3252 prostra-

450 3264 552 3318 vit.
605 3265 995 3321 Revertentes
1041 3282 1181 3322 vero
1235 3269 1384 3322 socii
1424 3269 1616 3338 ipsius
1648 3276 1781 3339 post
1830 3271 2028 3342 fugam
2062 3275 2119 3326 et

452 3355 727 3408 eventum
746 3355 831 3409 rei
853 3356 1305 3426 comperientes,
1322 3358 1647 3427 pudibundi
1665 3359 1797 3413 duci
1819 3360 2117 3417 Riehardo

451 3441 807 3513 probitatem
830 3442 1076 3513 juvenis
1109 3445 1453 3499 retulerunt.
1488 3447 1653 3501 Unde
1685 3448 1804 3501 dux
1832 3448 2117 3504 hilaratus

452 3530 646 3600 ipsam
667 3531 877 3585 silvam
902 3533 1191 3586 Weuram
1214 3550 1347 3587 cum
1371 3535 1734 3605 appendiciis
1757 3537 1886 3591 suis
1915 3536 1999 3591 illi
2021 3538 2120 3592 de-

454 3618 556 3672 dit.
583 3619 841 3673 Vocatur
871 3623 1065 3675 autem
1087 3637 1276 3692 usque
1299 3621 1473 3677 hodie
1495 3624 1667 3678 vallis
1690 3626 1749 3678 in
1771 3642 1887 3696 qua
1909 3626 2124 3681 occidit

454 3723 684 3776 ursum,
719 3707 902 3762 Vallis
935 3709 1211 3764 Ursonis.
1238 3711 1407 3765 Dedit
1438 3716 1725 3781 praeterea
1755 3714 1838 3768 illi
1865 3718 2127 3769 castrum

466 3795 828 3868 Ivreium[in
856 3797 982 3851 cod.
1023 3814 1150 3865 uno,
1188 3799 1488 3873 Vireium],
1534 3802 1687 3857 unde
1737 3805 1984 3858 vocatus
2034 3806 2127 3858 est

461 3900 683 3939 comes.
710 3884 952 3956 Accepit
972 3888 1165 3942 autem
1186 3888 1490 3944 mulierem
1509 3890 1818 3961 quamdam
1836 3892 2123 3948 vocabulo

461 3973 908 4045 Erembergam,
942 3975 1278 4045 speciosam
1309 3979 1496 4048 valde,
1542 3981 1735 4033 natam
1766 3979 1825 4034 in
1873 3981 2123 4052 quadam

460 4061 599 4116 villa
628 4060 849 4116 Calcini
870 4063 1135 4135 (Calcivi)
1167 4065 1464 4135 territorii,
1499 4084 1630 4138 quae
1662 4068 1877 4123 dicitur
1904 4069 2125 4124 Cavilla

460 4151 862 4224 (Cachevilla).
882 4152 1095 4207 Genuit
1110 4168 1250 4208 vero
1269 4171 1341 4209 ex
1359 4171 1426 4209 ea
1443 4156 1594 4211 duos
1612 4158 1787 4226 filios,
1811 4158 2126 4230 Hugonem

459 4243 665 4310 postea
683 4241 1027 4311 episcopum
1047 4243 1460 4315 Bajoeensem,
1478 4247 1533 4299 et
1546 4245 1829 4301 Joannem
1850 4246 2130 4302 Abrinca-

458 4332 689 4385 tensem
722 4330 819 4401 qui
850 4332 923 4385 ad
955 4332 1219 4386 ultimum
1249 4332 1358 4387 fuit
1390 4335 1895 4406 Rothomagensis
1925 4336 2125 4390 archi-

461 4418 801 4489 episcopus.
834 4419 988 4474 Fiias
1020 4422 1192 4474 etiam
1219 4423 1458 4476 totidem
1490 4422 1715 4491 habuit,
1740 4439 1988 4494 quarum
2013 4441 2128 4479 una

459 4508 659 4577 nupsit
685 4508 953 4562 Osberno
984 4509 1056 4563 de
1074 4508 1326 4579 Crepon,
1351 4510 1422 4564 de
1445 4527 1559 4581 qua
1581 4513 1754 4565 natus
1778 4515 1870 4566 est
1897 4512 2126 4567 Willel-

460 4612 594 4652 mus
642 4595 801 4650 ﬁlius
843 4596 1117 4650 Osberni.
1170 4598 1432 4651 Alteram
1476 4599 1642 4652 duxit
1674 4600 2010 4654 Richardus
2054 4602 2125 4657 de

460 4685 789 4756 Bellofago,
815 4685 885 4738 de
908 4700 1020 4755 qua
1044 4686 1248 4756 genuit
1267 4686 1588 4741 Hobertum
1611 4688 1707 4758 qui
1733 4688 1783 4741 ei
1805 4690 2123 4760 successit,

460 4776 518 4829 et
546 4774 699 4828 filias
741 4773 966 4842 plures,
1002 4789 1248 4844 quarum
1281 4791 1394 4829 una
1418 4774 1626 4843 juncta
1655 4779 1747 4830 est
1777 4777 2013 4849 Hugoni
2053 4779 2125 4833 de

460 4861 800 4917 Monteforti
833 4862 1227 4918 matrimonio.
1262 4863 1332 4918 Et
1354 4865 1489 4935 quia
1517 4865 1589 4918 de
1611 4865 1723 4919 hoc
1753 4866 2004 4938 Hugone
2032 4868 2126 4921 in-

461 4950 724 5006 cidenter
754 4952 1003 5006 fecimus
1027 4953 1401 5021 mentionem,
1428 4955 1568 5008 utile
1591 4955 1866 5009 duximus
1896 4956 1967 5009 de
1991 4955 2123 5026 ejus

459 5042 947 5095 antecessoribus
989 5041 1249 5095 breviter
1277 5043 1495 5112 aliquid
1539 5044 1755 5098 dicere.
1804 5044 2122 5099 Turstinus

459 5126 642 5197 igitur
665 5129 736 5183 de
759 5129 1128 5184 Bastenburc
1150 5130 1351 5184 habuit
1381 5132 1531 5186 duos
1555 5132 1730 5198 filios,
1758 5132 2122 5188 VVillelmum

462 5213 852 5270 Bertrannum
884 5222 939 5271 et
974 5218 1247 5289 Ugonem
1287 5236 1419 5273 cum
1450 5220 1637 5275 barba
1661 5221 1733 5274 de
1765 5221 2119 5276 Monteforti.

463 5299 573 5352 Hic
598 5300 772 5371 Hugo
795 5306 1035 5358 occisus
1052 5309 1162 5372 est,
1184 5323 1411 5361 necnon
1430 5310 1487 5361 et
1510 5308 1804 5362 Henricus
1821 5309 1893 5362 de
1915 5309 2119 5362 Ferra-

458 5388 567 5441 riis
600 5388 653 5440 in
688 5390 935 5458 quodam
972 5394 1247 5449 conﬂictu
1291 5411 1464 5465 quem
1499 5396 1651 5449 inter
1680 5411 1746 5449 se
1796 5400 2115 5466 coeperant.

459 5476 646 5532 Filius
679 5478 869 5531 autem
919 5479 1099 5550 hujus
1135 5483 1404 5553 Hugonis
1436 5484 1543 5539 fuit
1589 5485 1889 5538 secundus
1924 5486 2116 5555 Hugo,

462 5566 561 5638 qui
582 5567 789 5636 postea
810 5566 919 5620 fuit
940 5572 1265 5626 monachus
1288 5572 1631 5628 Beccensis.
1658 5572 1818 5625 Idem
1837 5588 1979 5627 vero
2003 5573 2121 5626 Hu-

458 5670 537 5728 go
556 5655 628 5712 de
639 5654 759 5714 filia
780 5654 1059 5714 Riehardi
1081 5658 1152 5713 de
1176 5660 1479 5733 Bellofago
1501 5662 1705 5717 habuit
1724 5676 1896 5717 unam
1919 5661 2121 5716 filiam-

2207 612 2475 679 quartum
2508 611 2844 683 Hugonem,
2873 616 2974 685 qui
3005 616 3169 671 duxit
3197 619 3485 676 Adelinam
3513 623 3663 678 ﬁliam
3689 628 3782 681 Ro-

2207 698 2357 751 berti
2388 699 2620 754 comitis
2654 701 2929 771 Mellenti,
2966 720 3040 759 ex
3084 722 3197 777 qua
3235 710 3430 780 genuit
3456 711 3616 766 filium
3651 730 3784 769 suum

2214 787 2670 859 primogenitum
2690 792 3010 848 Robertum
3028 799 3084 849 et
3101 797 3267 851 alios.
3293 798 3421 853 Ideo
3442 805 3612 854 autem
3632 802 3785 873 Hugo-

2209 890 2340 928 nem
2360 876 2618 931 diximus
2636 884 2925 951 quartum,
2948 886 3085 954 quia
3104 887 3396 941 secundus
3416 888 3590 959 Hugo,
3608 895 3786 945 mortua

2210 963 2397 1032 prima
2428 981 2634 1034 uxore,
2674 969 2839 1023 duxit
2869 970 3041 1025 aliam
3073 989 3145 1028 ex
3171 990 3284 1045 qua
3321 978 3512 1046 genuit
3540 978 3790 1049 Hugonem

2210 1052 2441 1106 tertium
2475 1058 2531 1108 et
2556 1056 2874 1112 Robertum
2900 1059 3139 1116 fratrem
3162 1061 3322 1133 ejus;
3347 1064 3447 1117 sed
3467 1064 3664 1135 absque
3682 1065 3790 1120 libe-

2210 1141 2293 1194 ris
2306 1144 2624 1214 etperegre
2638 1145 2894 1201 defuncti
2912 1153 3069 1204 sunt.
3087 1151 3381 1206 Robertus
3394 1157 3570 1206 autem
3581 1153 3795 1208 deBello-

2210 1229 2344 1300 fago
2379 1232 2535 1285 circa
2566 1233 2741 1288 finem
2766 1250 2937 1290 suum
2973 1237 3165 1293 factus
3194 1243 3287 1294 est
3315 1240 3616 1294 monachus
3638 1242 3792 1311 Becci,

2206 1317 2305 1371 ubi
2337 1319 2442 1373 ﬁlii
2464 1321 2597 1392 ejus
2623 1324 2959 1380 Richardus
2985 1330 3042 1381 et
3068 1327 3405 1382 Willelmus
3426 1328 3677 1401 religiose
3694 1346 3797 1385 con-

2209 1412 2543 1464 servantur.
2565 1411 2873 1468 Successit
2890 1430 3034 1470 vero
3054 1416 3104 1470 ei
3128 1417 3419 1472 Robertus
3441 1418 3620 1472 Baviel
3639 1419 3798 1473 exﬁlia
3910 1420 3911 1459 ἰ

2209 1511 2416 1566 nepos.
2452 1498 2559 1553 His
2590 1516 2695 1570 per
2734 1503 3205 1574 anticipationem
3258 1506 3449 1575 dictis,
3481 1506 3548 1561 ad
3585 1506 3796 1562 ordinem

2209 1583 2476 1641 historiae
2510 1590 2843 1646 redeamus.

2772 1680 3025 1737 CAPUT
3056 1683 3325 1739 XXXIX.

2216 1761 2505 1827 Quomodo
2524 1760 2889 1843 Eustaclzius
2909 1787 3104 1826 comes
3137 1773 3402 1828 Boloniae
3428 1772 3674 1843 repulsus
3691 1778 3761 1827 est
3781 1790 3802 1825 a

2284 1844 2483 1893 castra
2514 1838 2599 1893 Do
2611 1856 2748 1894 vera
2770 1843 2920 1912 quod
2950 1843 3290 1912 obsederat,
3324 1861 3448 1898 eum
3487 1838 3591 1897 rex
3623 1842 3802 1897 Willel-

2284 1923 2414 1962 mus
2443 1917 2604 1963 esset
2634 1912 2696 1964 in

2133 1877 2184 1939 Β

2789 1914 3185 1970 ονεΙιωαηιιίθ.

2292 2000 2439 2055 Cum
2454 1999 2638 2072 igitur
2654 2003 3013 2057 victoriosus
3030 2018 3137 2058 rex
3153 2004 3211 2058 in
3231 2004 3655 2071 Northmannia,
3669 2004 3805 2057 bono-
3910 2020 3911 2047 ι

2213 2108 2345 2147 rum
2377 2107 2619 2161 operum
2649 2091 2863 2147 studiis
2893 2094 3079 2161 probo
3126 2109 3295 2147 more
3337 2109 3445 2148 suo
3486 2091 3801 2155 immorando,
3910 2084 3911 2095 “

2214 2180 2450 2251 pietatis
2482 2181 2681 2235 titulos
2712 2181 3051 2253 adaugeret,
3088 2182 3453 2253 patriamque
3473 2181 3581 2236 sibi
3599 2179 3806 2252 gratissi-

2217 2285 2370 2323 mam
2385 2270 2703 2339 praesentia
2717 2285 2824 2323 sua
2842 2270 3180 2339 illustraret,
3199 2270 3555 2325 Eustachius
3569 2268 3808 2324 Bolonien-

2217 2358 2305 2411 sis
2335 2372 2537 2412 comes
2568 2358 2955 2428 quorumdam
2976 2359 3311 2431 Anglorum
3334 2359 3480 2413 intra
3502 2355 3808 2412 Cantuarien-

2217 2462 2345 2501 sem
2368 2448 2704 2501 comitatum
2723 2448 3175 2502 eonsistentium
3196 2449 3481 2503 versutiis
3505 2447 3809 2517 depravatus,

2216 2535 2587 2590 Dorobernia
2634 2536 2941 2590 castellum
2985 2536 3251 2591 involare
3298 2540 3391 2592 est
3431 2537 3610 2591 nisus.
3649 2532 3737 2597 Qui
3772 2533 3813 2585 in

2220 2624 2413 2678 noctis
2444 2625 2758 2678 conticinio
2802 2640 2963 2679 mare
3014 2625 3434 2691 transfretans,
3469 2622 3698 2678 diluculo
3720 2634 3814 2675 cum
3910 2654 3911 2681 1

2223 2713 2466 2783 cepioso
2495 2714 2759 2767 exercitu
2782 2729 2988 2768 eorum
3016 2714 3152 2768 illud
3173 2714 3434 2783 obsedit,
3457 2713 3689 2782 totisque
3712 2709 3812 2761 viri-
3910 2720 3911 2727 ‘

2222 2801 2338 2855 bus
2359 2817 2702 2873 expugnare
2725 2803 2919 2872 cmpit.
2940 2805 3127 2858 Porro
3149 2802 3370 2857 milites
3392 2801 3604 2857 Odonis
3622 2798 3815 2868 Bajoca-
3910 2862 3911 2873 χ

2225 2890 2342 2944 sini
2362 2891 2661 2960 praesulis,
2695 2895 2867 2962 atque
2888 2892 3159 2963 Hugonis
3182 2892 3255 2945 de
3286 2890 3626 2956 Monteforti,
3652 2885 3817 2958 quibus
3910 2964 3911 2971 γ

2225 2980 2494 3034 custodia
2517 2980 2901 3035 Doroberniaa
2924 2981 3147 3035 credita
3165 2985 3320 3049 erat,
3338 2978 3732 3051 perspicientes
3746 2971 3817 3026 ad-

2225 3070 2497 3123 sentibus
2528 3070 2783 3123 dominis
2810 3070 2899 3124 sic
2914 3086 2981 3125 se
2997 3069 3296 3139 inepinato
3311 3069 3614 3136 obsessos,
3628 3059 3821 3120 liberali
3910 3059 3911 3115 ἶ

2223 3160 2337 3215 bus
2369 3160 2580 3213 animis
2613 3158 2849 3212 accensi
2884 3174 3020 3213 mox
3050 3161 3252 3229 portas
3274 3156 3638 3227 patefaciunt,
3658 3150 3819 3207 unani—
3910 3210 3911 3229 χ

2147 3232 2204 3300 ο
2226 3250 2396 3303 miter
2409 3248 2571 3302 foras
2584 3249 3299 3318 proruunt,consertoque
3311 3245 3621 3301 certamine
3632 3242 3821 3297 cunctos
3910 3248 3911 3287 1

2226 3353 2359 3393 cum
2402 3338 2693 3393 dedecore
2739 3338 2810 3392 ab
2862 3336 3173 3391 obsidione
3217 3336 3487 3408 abigunt.
3533 3328 3823 3387 Eustachius

2225 3430 2420 3482 autem
2462 3428 2534 3481 ad
2575 3442 2735 3481 mare
2766 3427 3101 3491 deverteris,
3136 3440 3271 3479 cum
3314 3423 3521 3494 paucis
3548 3420 3824 3509 indecenter

2228 3516 2465 3588 navigio
2482 3516 2730 3587 aufugit.
2758 3514 2968 3570 Caeteri
2994 3529 3135 3569 vero
3154 3513 3225 3567 ad
3246 3513 3542 3568 devexum
3557 3507 3741 3564 montis
3754 3507 3825 3573 qui
3910 3508 3911 3513 “

2231 3605 2479 3675 rupibus
2494 3607 2549 3660 et
2561 3604 2827 3675 scopulis
2840 3603 3209 3674 asperrimus
3221 3602 3371 3656 mari
3385 3600 3635 3655 imminet
3646 3593 3825 3666 fugien-

2231 3698 2322 3750 tes
2344 3710 2551 3750 omnes
2573 3709 2733 3764 sese,
2758 3694 2879 3748 Deo
2902 3696 3190 3746 terrorem
3211 3690 3543 3762 ingerente,
3563 3685 3684 3741 inde
3703 3680 3822 3750 deje-

2233 3801 2372 3840 cere
2397 3785 2675 3839 deorsum
2696 3782 3053 3853 praecipites,
3077 3780 3275 3852 justas
3301 3778 3548 3834 sceleris
3569 3775 3653 3830 sui
3671 3782 3825 3843 pinnas

2231 3874 2485 3929 luentes.
2531 3872 2748 3943 Sicque
2791 3871 3009 3925 factum
3038 3872 3130 3924 est
3171 3873 3252 3934 ut,
3289 3883 3446 3940 quos
3494 3864 3707 3938 gladius
3745 3871 3826 3912 non

2232 3962 2574 4033 prostravit,
2600 3962 2710 4016 hos
2727 3960 3094 4029 diseerperet
3110 3957 3417 4012 horribilis
3435 3954 3703 4024 asperitas
3717 3960 3829 4017 pra:-

2233 4051 2389 4122 rupti
2404 4050 2643 4120 montis,
2657 4048 2888 4104 vindice
2906 4046 3148 4117 superni
3161 4044 3389 4117 judicis
3407 4040 3679 4099 sententia
3692 4043 3829 4091 teme-

2233 4140 2423 4195 rarios
2455 4141 2816 4194 conterente.

2856 4224 3107 4280 CAPUT
3146 4223 3271 4277 XL.

2236 4318 2398 4385 Quod
2413 4316 2734 4373 latrunculi
2749 4314 2982 4389 Anglice
2994 4311 3392 4389 rebellionem
3405 4312 3676 4389 parantes
3689 4296 3835 4389 courti-

2267 4379 2481 4446 derunt
2514 4394 2773 4443 castrum
2812 4379 3175 4451 Hunelmum,
3213 4390 3270 4436 et
3302 4382 3378 4437 de
3406 4379 3635 4435 excidio
3660 4383 3830 4430 eorum.

2305 4499 2433 4554 Rex
2463 4512 2605 4551 vero
2650 4493 3002 4561 Willelmus,
3046 4489 3170 4561 jam
3214 4489 3287 4542 ad
3336 4492 3534 4544 votum
3580 4474 3831 4550 dispositis

2151 4588 2212 4659 ο
2233 4587 2528 4655 omnibus,
2546 4601 2651 4655 pro
2669 4583 2886 4654 quibus
2904 4582 3163 4647 venerat,
3185 4577 3447 4632 Roherto
3466 4574 3581 4629 filio
3598 4584 3695 4626 suo
3703 4565 3833 4659 juve-

2233 4677 2333 4730 nili
2367 4676 2602 4730 fervore
2634 4671 2904 4727 vcrnanti
2934 4666 3386 4724 Northmanniei
3425 4664 3661 4718 ducatus
3688 4656 3833 4745 domi-

2235 4765 2395 4820 nium
2425 4763 2679 4817 tradidit.
2701 4762 2836 4831 Ipse
2865 4774 3008 4814 vero
3027 4758 3085 4812 in
3117 4770 3368 4827 regnum
3399 4762 3658 4807 remeans
3676 4739 3835 4812 Angli-

2238 4870 2392 4923 cum,
2425 4853 2634 4909 iterato
2665 4851 2955 4921 plurimos
2974 4845 3245 4918 ejusdem
3272 4844 3471 4914 gentis
3492 4835 3708 4933 reperit,
3724 4842 3835 4933 qutt-

2239 4960 2370 4998 rum
2389 4943 2539 4997 levia
2558 4941 2738 4996 corda
2755 4939 2828 4993 ab
2846 4936 2980 5008 ejus
2998 4934 3272 4989 fidelitate
3290 4929 3717 5002 praevaricatrix
3733 4930 3835 5009 con:

2241 5032 2484 5104 spiratio
2540 5031 2853 5083 averterat.
2880 5002 3371 5095 'Conjuraverant
3402 5018 3555 5074 enim
3584 5002 3834 5104 latrunculi

2239 5099 2346 5194 per
2370 5125 2547 5175 totam
2577 5117 2822 5189 patriam
2854 5118 3144 5186 quatenus
3173 5109 3413 5197 milites,
3447 5121 3591 5197 quos
3620 5099 3684 5197 ad
3707 5100 3833 5197 lucu-

2241 5189 2376 5267 dum
2401 5225 2650 5282 regnum
2678 5206 3014 5276 reliquerat,
3038 5202 3098 5257 in
3120 5201 3305 5270 capite
3322 5194 3535 5267 jejunii
3558 5189 3833 5282 nudis-ve?

2237 5304 2421 5373 tigiis,
2438 5273 2553 5371 quo
2567 5297 2719 5352 solet
2739 5273 2851 5349 usu
2866 5293 3158 5363 paenitens
3171 5286 3629 5376 Christianorum
3645 5273 3832 5376 religlf’:

2241 5356 2318 5444 ad
2327 5356 2640 5445 ecclesiam
2657 5384 3005 5440 festinantes
3024 5381 3290 5434 incautos
3308 5374 3525 5443 ubique
3542 5356 3835 5458 pen-inierant

2242 5485 2297 5536 et
2324 5480 2412 5534 sic
2444 5480 2635 5549 ipsum
2668 5492 2699 5528 a
2732 5468 3155 5527 Northmannia
3181 5461 3606 5535 regredientem
3632 5453 3831 5549 Ιεγιιιξξ

2235 5586 2421 5641 regno
2442 5543 2877 5639 proturbarent.
2905 5560 3143 5626 Verum,
3167 5551 3413 5610 detectis
3433 5549 3549 5602 Deo
3578 5543 3831 5641 contrariis

2238 5618 2728 5730 eoiumIperlidiw
2751 5647 3064 5719 machinis,
3085 5641 3453 5716 repentinum
3471 5629 3659 5704 magni
3675 5618 3829 5681 debel-
