3940 6174
146 358 270 424 8⁸77

486 363 917 426 HISTORIA?)
975 362 1779 427 NORTHMANNORUM
1819 363 2048 426 LIBRI
2096 363 2338 426 OCTO.
2392 399 2470 411 -—
2514 363 2765 427 LIBER
2811 365 3256 428 SEPTIMUS.

3482 363 3598 427 878

143 564 355 617 latoris
392 563 779 619 formidantes
835 566 1168 633 adventum,
1206 565 1403 619 furtim
1442 568 1502 620 ut
1535 565 1814 620 festiuum
1841 549 1914 611 Γ
1931 580 2227 619 aerumnas
2245 568 2428 619 armis
2464 568 2636 636 atque
2666 565 2801 637 fuga
2836 566 3369 638 auderent,regiam
3401 580 3589 637 expe-

148 652 355 723 inagni
373 653 623 707 terroris
644 655 958 707 consilium
978 655 1189 720 suasit,
1208 654 1349 726 fuga
1366 655 1517 724 lapsi
1546 655 1602 707 in
1622 670 1819 725 quam-

146 741 283 793 dam
320 745 544 810 partem
566 742 1018 797 Cumberlondae
1042 744 1372 812 comitatus,
1409 744 1580 814 aquis
1600 744 1819 811 pariter

145 833 205 883 et
237 830 413 884 silvis
444 832 1025 908 inaccessibilem,se
1048 834 1445 897 contulerunt;
1470 836 1525 887 et
1545 832 1815 886 ﬁrmissi-

144 934 244 973 mo
277 919 433 972 vallo
494 923 752 973 castrum
784 925 1119 989 erexerunt,
1158 922 1313 992 quod
1343 922 1579 992 propria
1614 921 1815 991 lingua

146 1007 503 1061 Dunelmum
543 1015 973 1077 nuncuparunt.
1036 1010 1172 1064 Inde
1213 1012 1488 1065 diversos
1521 1025 1813 1065 excursus

146 1097 366 1150 crebro
439 1098 755 1168 agitantes,
843 1098 1179 1167 aliquandiu
1240 1099 1386 1153 inibi
1435 1099 1810 1167 delituerant,

145 1185 331 1239 Sveni
390 1186 684 1241 Danorum
754 1189 917 1258 regis
977 1189 1390 1256 praestolantes
1477 1188 1812 1256 adventum,

147 1290 330 1345 quem
349 1275 674 1329 veredariis
706 1276 775 1328 ad
797 1277 888 1330 sui
923 1280 1316 1331 convocarent
1346 1277 1644 1331 auxilium.
1678 1277 1818 1331 inde

146 1379 296 1417 vero
327 1363 557 1435 legatos
599 1365 893 1419 mittentes
934 1365 1005 1419 ad
1056 1367 1351 1420 exerenda
1381 1382 1507 1420 suae
1538 1366 1816 1436 nequitiae

148 1452 416 1505 infausta
448 1456 794 1517 commenta,
840 1454 955 1507 sibi
982 1454 1342 1521 asciverunt,
1377 1454 1813 1509 Eboracenses.

142 1541 379 1605 Quibus
394 1541 605 1611 juncti,
632 1558 926 1597 armorum
946 1544 1121 1597 simul
1137 1545 1629 1613 etstipcndiorum
1651 1544 1818 1615 copia

147 1630 364 1683 urbem
384 1632 1156 1702 munieruntetsemetipsos
1178 1634 1246 1687 ad
1268 1635 1667 1689 resistendum
1690 1650 1818 1688 cor-

143 1717 603 1787 roboraverunt,
647 1719 880 1789 sibique
923 1737 1168 1790 puerum
1219 1722 1531 1792 quemdam
1584 1723 1818 1777 nomine

142 1805 490 1878 Eadgarum
502 1823 576 1861 ex
595 1808 869 1863 Edwardi
891 1812 1051 1881 regis
1075 1811 1375 1865 nobilitate
1390 1828 1580 1884 genus
1595 1812 1819 1866 ducen-

1929 654 2205 708 ditionem
2223 672 2402 724 super
2421 670 2485 709 se
2499 658 2829 709 metuentes
2848 654 3165 709 deliberata
3179 656 3468 710 sententia
3480 658 3599 709 tam

1930 742 2277 797 inconsultae
2292 744 2607 798 temeritati
2619 760 2878 815 congrua
2896 745 2952 796 in
2966 745 3386 798 maritimorum
3399 744 3603 815 praesi-

1930 832 2158 885 diorum
2185 834 2499 887 remotiora
2527 849 2665 887 sese
2697 834 3426 903 rcceperunt,inhonestas
3451 850 3597 904 opes

1932 921 2175 989 piratico
2194 922 2502 977 latrocinio
2517 924 2633 976 sibi
2653 922 3089 977 contrahentes.
3117 924 3244 977 Rex
3265 926 3460 977 autem
3478 939 3598 977 mo-

1934 1010 2091 1063 nitus
2106 1010 2339 1080 quidem
2358 1011 2662 1079 prudentia
2684 1027 2794 1081 qua
2820 1012 3131 1064 consulere
3151 1011 3209 1063 in
3225 1012 3454 1066 cunctis
3467 1012 3595 1083 regi

1935 1098 2114 1166 novit,
2137 1099 2416 1153 innumita
2439 1100 3036 1170 regniprovidissima
3051 1100 3437 1167 dispositione
3467 1116 3600 1169 per-

1934 1187 2226 1254 lustravit,
2246 1204 2313 1240 ac
2328 1188 2398 1241 ad
2416 1189 2705 1242 arcendos
2722 1189 2977 1242 hostium
2993 1203 3285 1241 excursus
3301 1188 3598 1242 tutissima

1935 1276 2173 1329 castella
2193 1280 2643 1347 peropportuna
2672 1278 2797 1330 loca
2830 1277 3144 1345 stabilivit;
3178 1293 3311 1346 quae
3349 1275 3597 1331 militum

1939 1365 2298 1419 electissimo
2314 1365 2526 1418 robore
2541 1369 2591 1417 et
2626 1364 2923 1418 uberrima
2962 1363 3393 1432 stipendiorum
3428 1363 3597 1433 copia

1938 1454 2203 1507 munivit.
2254 1453 2511 1507 Tandem
2540 1453 2831 1507 bellorum
2863 1468 2930 1505 ac
2980 1452 3334 1507 seditionum
3369 1454 3597 1522 tempe—

1938 1547 2087 1597 state
2119 1558 2437 1612 parumper
2459 1542 2938 1611 conquiescente,
2963 1540 3086 1611 jam
3116 1542 3297 1595 totius
3329 1541 3595 1612 Anglican

1934 1630 2290 1685 monarchiae
2313 1634 2368 1683 ct
2388 1630 2650 1683 habenas
2668 1629 2963 1699 potentius
2978 1632 3260 1698 temperat
3292 1630 3348 1683 et
3401 1628 3595 1700 gloria

1931 1720 2279 1792 prosperius
2308 1720 2546 1789 potitur.

2527 1826 2777 1880 CAPUT
2812 1825 3017 1878 XLIII.

148 1903 291 2001 te?"
326 1898 971 2001 regem.?.l.‘f?f.ecemnt'
988 1899 1609 2001 Q9°"“"“‘?T“?““_i,os
1646 1904 1815 1954 uetus
1852 1922 1904 1985 Β
1932 1937 2020 1991 De
2042 1940 2231 1991 morte
2244 1935 2497 1989 Roberti
2527 1932 2830 1986 Wiscardi
2851 1932 3020 1986 ducis
3039 1929 3268 2001 Apuliae
3289 1935 3348 1984 et
3367 1930 3441 1984 de
3456 1946 3595 2000 pro-

144 1987 241 2041 vel
255 1990 509 2040 conatus
530 1987 856 2041 Willelmus
879 2004 981 2042 rex
1012 1993 1073 2043 ut
1094 1990 1353 2060 agnovit,
1373 1990 1815 2043 Northmanno-

143 2094 275 2131 rum
291 2081 564 2130 catervas
578 2078 855 2147 produxit
872 2079 1292 2148 etquantocius
1310 2079 1380 2132 ad
1397 2079 1817 2133 confutandum

141 2166 576 2219 contumaciam
611 2182 814 2221 eorum
854 2168 1131 2236 perrexit.
1178 2167 1458 2222 Seditiosi
1486 2173 1680 2221 autem
1715 2184 1817 2221 au-

136 2255 312 2308 dacia
331 2258 388 2309 et
418 2255 648 2309 viribus
687 2256 778 2309 ﬁsi
812 2272 884 2309 ex
916 2257 1148 2311 civitate
1167 2258 1571 2327 prosiluerunt
1592 2261 1648 2312 et
1680 2273 1817 2311 con-

138 2349 231 2397 tra
274 2344 542 2413 regalem
592 2345 916 2399 exercitum
956 2345 1113 2399 illico
1145 2346 1328 2400 aciem
1363 2346 1725 2401 direxerant.
1768 2346 1815 2398 A

137 2448 258 2501 quo
318 2434 586 2501 protinus
655 2434 728 2486 ita
763 2433 1052 2505 proﬂigati
1110 2438 1269 2501 sunt,
1310 2438 1370 2487 ut
1400 2433 1814 2505 quamplurimi

136 2522 650 2591 perimerenturut
672 2522 882 2592 reliqui
907 2522 1056 2588 intra
1076 2524 1287 2577 muenia
1317 2524 1513 2593 oppidi
1536 2524 1815 2595 refugere

141 2612 665 2679 compellerentur.
727 2611 1111 2664 NOrthmanni
1157 2628 1300 2666 vero
1342 2629 1372 2667 e
1412 2612 1667 2683 vestigio
1710 2628 1815 2667 eos

140 2699 455 2754 consecuti
488 2700 1171 2770 suntetmuriambitum,
1231 2718 1348 2772 quo
1399 2703 1810 2773 confugerant,

138 2805 276 2843 cum
310 2788 464 2859 ipsis
489 2790 847 2859 irruperunt,
875 2794 1047 2860 atque
1070 2795 1185 2844 tam
1221 2791 1377 2845 ferro
1403 2807 1576 2860 quam
1618 2792 1756 2863 igne
1783 2808 1815 2846 a

140 2894 332 2948 puero
352 2880 627 2949 usquead
646 2895 850 2933 senem
864 2882 1040 2933 totam
1059 2895 1207 2948 pene
1225 2881 1430 2933 urbem
1445 2880 1809 2935 deleverunt.

137 2968 487 3022 lnccntores
538 2972 730 3022 autem
764 2968 943 3022 totius
975 2969 1092 3021 doli
1123 2984 1229 3037 per
1263 2969 1525 3022 Humbre
1572 2969 1812 3023 fluvium

136 3057 398 3110 navibus
429 3056 800 3125 dispendium
835 3057 1041 3111 mortis
1076 3056 1428 3129 effugerunt.

797 3148 1048 3203 CAPUT
1079 3148 1229 3202 XLI.

149 3233 450 3298 Quomodo
479 3236 781 3289 Briennus
812 3235 970 3290 [ilius
999 3236 1267 3291 Eudonis
1299 3236 1532 3291 comitis
1559 3238 1812 3291 minoris

212 3306 572 3372 Britannia},
599 3307 823 3360 devicit
837 3308 981 3362 duos
1003 3307 1157 3361 ﬁlios
1182 3308 1452 3377 Heraldi,
1486 3325 1612 3363 cum
1644 3324 1812 3362 exer—
1848 3279 1903 3348 ο

215 3379 339 3431 cilu
361 3379 531 3449 regis
560 3378 889 3432 Hiberniae.

211 3468 421 3534 Porro,
478 3468 614 3521 dum
665 3467 771 3520 ﬁlii
808 3468 1045 3521 Heraldi
1075 3470 1237 3540 regis
1268 3471 1341 3523 ab
1361 3485 1566 3523 eorum
1601 3472 1808 3525 contu-

136 3554 350 3609 bernio
365 3570 433 3609 se
450 3554 880 3623 subduxerunt,
904 3560 1105 3610 etcum
1120 3558 1319 3611 multis
1334 3559 1671 3613 vernaculis
1703 3575 1809 3629 pa-

138 3643 250 3698 tris
284 3645 612 3697 Dirmetum
631 3644 931 3699 Hiberniae
961 3661 1162 3716 regem
1186 3662 1292 3716 pro
1306 3647 1807 3718 obtinendojuva-

139 3734 299 3786 mine
324 3733 567 3804 egressi
596 3737 753 3787 sunt.
791 3735 872 3787 De
903 3735 1077 3802 cujus
1108 3751 1317 3806 regno,
1352 3737 1555 3790 eodem
1589 3736 1807 3791 suffra-

136 3827 339 3893 gante,
374 3837 558 3891 parva
591 3822 872 3890 temporis
894 3823 1329 3893 intercapedine
1360 3841 1477 3879 non
1509 3827 1807 3880 minimam

137 3927 377 3963 manum
426 3910 673 3964 militum
731 3911 846 3965 sibi
904 3915 1338 3967 contraxerunt.
1386 3914 1625 3983 Deinde,
1673 3931 1808 3968 eum

138 4000 456 4071 sexaginta
478 4015 587 4053 sex
616 4000 887 4069 navibus,
909 4017 1026 4071 qua
1056 4002 1114 4054 in
1144 4003 1387 4073 regione
1419 4005 1673 4057 maxime
1705 4019 1806 4073 op-

142 4093 461 4158 portunum
477 4090 1114 4159 aestimaverunt,ocius
1128 4092 1357 4162 Anglos
1376 4092 1737 4162 repetierunt
1749 4097 1805 4147 et

140 4193 302 4231 more
336 4178 817 4233 saevissimorum
838 4179 1178 4249 piratarum,
1200 4180 1422 4249 rapinis
1445 4183 1500 4234 et
1516 4181 1808 4235 incendiis

145 4271 328 4320 terra:
366 4266 650 4336 populum
680 4268 1073 4323 exterminare
1105 4269 1297 4323 conati
1328 4272 1486 4323 sunt.
1510 4270 1809 4324 Briennus

140 4362 354 4424 autem,
375 4354 640 4409 Eudonis
671 4356 841 4410 ducis
874 4356 1193 4411 Britanniae
1240 4359 1486 4412 minoris
1507 4358 1685 4426 ﬁlius,
1722 4358 1809 4413 eis

142 4449 407 4498 armatus
422 4460 554 4497 cum
586 4445 716 4498 suis
748 4446 1006 4499 occurrit
1034 4449 1090 4500 ot
1121 4462 1253 4500 mox
1285 4463 1419 4500 cum
1458 4447 1547 4501 eis
1578 4447 1690 4500 sub
1713 4447 1806 4501 die

144 4548 249 4586 una
291 4532 533 4587 duobus
564 4533 787 4601 praeliis
821 4550 1055 4588 manum
1078 4536 1405 4589 conseruit.
1449 4534 1640 4589 Caesis
1668 4551 1810 4590 vero

146 4623 297 4717 mille
329 4627 387 4676 et
421 4622 815 4717 septingentis
837 4623 1381 4717 bellatorum-curn
1407 4624 1706 4717 nonnullis
1723 4639 1811 4678 re-
1841 4641 1900 4705 ι)

148 4713 242 4780 gni
275 4710 653 4780 proceribus,
684 4712 893 4783 reliqui
928 4729 958 4766 e
991 4713 1307 4767 certamine
1356 4712 1675 4784 fugientes,
1702 4729 1810 4767 na-

146 4801 299 4853 vium
320 4800 608 4869 praesidio
622 4801 1126 4856 necisexciedinm
1151 4806 1466 4873 utcumque
1498 4804 1817 4856 evaserunt

149 4895 197 4941 et
229 4906 303 4943 cx
321 4889 641 4943 charorum
671 4892 994 4946 amissione
1022 4892 1450 4961 permaximum
1482 4891 1815 4945 Hibernen-

151 4978 312 5031 sibus
343 4979 564 5033 luctum
599 4984 1072 5050 reportaverunt.
1098 4980 1205 5045 Qui
1232 4982 1514 5051 profecto,
1549 4979 1666 5032 nisi
1695 4996 1815 5033 nox

149 5068 411 5134 praelium
443 5068 802 5139 diremisset,
839 5084 1045 5124 omnes
1077 5072 1283 5125 mortis
1302 5071 1587 5124 novacula
1618 5056 1820 5125 abi-asi

154 5152 421 5221 fuissent,

732 5246 985 5302 CAPUT
1028 5248 1203 5301 XLII.

157 5334 314 5409 Quod
344 5350 457 5409 rex
502 5336 824 5409 Wilielmus
872 5338 1173 5390 circuiens
1222 5338 1519 5409 Angliam,
1568 5341 1814 5395 castella

216 5405 466 5473 plurima
498 5407 573 5460 ad
595 5408 1003 5463 defensionem
1037 5410 1212 5479 regni
1235 5405 1591 5464 construxit.

218 5492 420 5547 Siearii
451 5495 704 5565 denique
743 5498 891 5549 intra
919 5497 1270 5551 Dunelmum
1306 5499 1622 5565 latitantes,
1659 5516 1817 5555 coni-

158 5581 330 5656 pertis
359 5588 441 5637 tot
464 5585 527 5656 in
548 5584 905 5653 perniciosis
928 5587 1470 5656 conspirationibus
1490 5589 1695 5642 eadem
1719 5606 1819 5645 ve-

161 5651 315 5706 sania
336 5651 1175 5729 coadunatoruminfortuniis,
1201 5674 1335 5713 cum
1366 5658 1559 5713 adhuc
1585 5660 1643 5714 in
1673 5676 1818 5716 suas

2004 2009 2194 2062 bitate
2220 2007 2347 2076 ejus
2364 2012 2421 2059 et.
2452 2004 2835 2076 posteritatis
2866 2010 2924 2056 et
2967 2019 3073 2074 qua
3092 2003 3399 2057 occasione
3414 2001 3598 2073 Roge-

2004 2081 2133 2133 rius
2156 2094 2336 2148 nepos
2369 2077 2493 2148 (jus
2510 2076 2705 2129 factus
2736 2080 2826 2127 est
2860 2090 2987 2127 rex.

2005 2168 2127 2221 Hac
2147 2168 2489 2236 tempestate
2503 2168 2770 2217 mortuus
2785 2168 2876 2217 est
2898 2163 3192 2216 Robertus
3210 2161 3593 2229 \Viscardus,

1933 2255 2500 2325 Northmannigena,
2533 2254 2652 2307 dux
2702 2252 2950 2322 Apuliae.
2989 2252 3118 2319 Hic,
3160 2252 3365 2304 relicta
3395 2249 3595 2319 priore

1932 2362 2114 2401 uxore
2144 2348 2381 2415 propter
2419 2342 3009 2411 consanguinitatem,
3044 2340 3114 2393 de
3158 2354 3272 2408 qua
3303 2352 3593 2407 suscepe-

1935 2439 2022 2489 rat
2038 2435 2218 2488 ﬁlium
2238 2432 2471 2487 nomine
2503 2430 2928 2496 Boamundum,
2955 2429 3119 2481 duxit
3142 2426 3594 2498 primogenitam

1932 2525 2111 2578 ﬁliam
2140 2521 2435 2578 Gaumarii
2470 2518 2751 2590 principis
2793 2518 3041 2585 Salerni,
3088 2515 3323 2570 nomine
3359 2513 3593 2568 Sichelb

1932 2614 2167 2685 gaitam,
2184 2611 2415 2665 favente
2429 2608 2677 2675 Gisulfo,
2712 2607 2891 2661 fratre
2922 2606 3218 2677 praedictae
3238 2603 3471 2673 puellae,
3493 2601 3594 2673 qui

1930 2701 2242 2757 Gaumario
2257 2701 2403 2770 patri
2423 2698 2824 2751 successerat.
2846 2695 3189 2750 Gatteclima
3207 2688 3592 2765 [Gatteclinia]

1930 2778 2073 2845 vero
2122 2806 2296 2844 soror
2321 2788 2455 2857 ejus
2489 2787 2683 2839 minor
2713 2785 2913 2855 nupsit
2946 2779 3593 2852 JordaniprincipiCa-

1930 2897 2083 2950 pum,
2106 2880 2225 2933 ﬁlio
2242 2877 2523 2932 Richardi
2562 2875 2837 2944 senioris,
2874 2874 3025 2945 patri
3043 2888 3185 2927 vero
3209 2869 3593 2941 Richardiju-

1930 2970 2137 3023 nioris.
2158 2965 2841 3039 Ilujuscondiditurhem
2872 2962 3107 3016 nomine
3140 2962 3447 3013 Aversam.
3481 2957 3593 3012 Ge-

1928 3059 2046 3112 uuit
2062 3061 2253 3112 autem
2272 3056 2565 3110 Robertus
2579 3052 2936 3107 Wiscardus
2967 3067 3040 3106 ex
3062 3048 3417 3119 Sichelgaita
3433 3047 3589 3102 ﬁlios

1924 3151 2050 3201 tres
2068 3150 2125 3201 et
2137 3146 2289 3199 ﬁlias
2302 3144 2581 3215 quinque.
2597 3142 2758 3196 Filiae
2775 3158 2913 3196 vero
2928 3141 3071 3194 adeo
3086 3136 3586 3193 excellentissime

1929 3235 2209 3289 maritatae
2224 3238 2380 3302 sunt,
2399 3235 2459 3285 ut
2476 3249 2587 3285 una
2611 3247 2811 3285 earum
2836 3228 3208 3283 matrimonio
3223 3226 3493 3296 copulata
3510 3223 3589 3277 sit

1926 3324 2261 3394 imperatori
2281 3319 2946 3387 Constantinopolitano.
2973 3318 3080 3371 Hic
3116 3317 3412 3371 [{obertus
3434 3314 3586 3366 duos

1927 3412 2382 3483 imperatoresin
2402 3426 2516 3465 uno
2535 3409 2673 3463 vicit
2694 3408 2916 3477 praelio,
2934 3407 3224 3473 Alexium,
3244 3404 3586 3458 Graecorum

1928 3504 1986 3557 in
2016 3502 2264 3570 Graecia,
2303 3499 2640 3560 Henricum,
2680 3499 3075 3552 Romanorum
3113 3497 3172 3548 in
3213 3495 3396 3549 Italia.
3427 3490 3586 3546 Satis

1928 3593 2083 3646 enim
2112 3591 2306 3644 victus
2337 3592 2429 3642 est
2474 3588 2791 3655 Henricus;
2824 3586 2944 3656 qui,
2979 3586 3173 3639 audita
3202 3584 3356 3637 fama
3413 3581 3585 3636 ducis

1929 3679 2192 3747 Roberti,
2241 3694 2348 3732 nec
2380 3678 2610 3731 viribus
2663 3676 2962 3730 Saxonum
2996 3678 3051 3728 et
3082 3673 3581 3731 Allemannorum,

1924 3786 2033 3824 nec
2065 3770 2234 3823 etiam
2262 3767 2559 3823 moenibus
2590 3765 2927 3834 urbis,quae
2951 3760 3586 3833 caputestorbis,con-

1924 3860 2095 3927 ﬁsus,
2111 3858 2205 3912 vel
2219 3861 2399 3925 tutus,
2417 3855 2684 3910 concitus
2698 3854 2944 3924 aufugit.
2976 3850 3354 3906 Boamundus
3368 3852 3582 3918 autem,

1923 3948 2058 4001 licet
2108 3946 2352 4000 haberet
2408 3959 2681 4015 magnam
2713 3946 2949 4009 terram,
3004 3942 3063 3995 in
3110 3940 3316 4009 Apulia
3349 3939 3586 3992 tandem

1923 4052 2056 4090 cum
2087 4034 2320 4089 caeteris
2340 4032 2763 4087 Northmannis
2782 4035 2837 4085 et
2860 4029 3109 4083 Francis
3129 4029 3388 4098 perrexit
3410 4027 3586 4081 dimi-

1924 4147 2059 4185 care
2092 4130 2384 4183 adversus
2402 4128 2784 4195 Sarracenos,
2800 4126 2902 4195 qui
2921 4129 3058 4180 tunc
3075 4125 3359 4193 temporis
3379 4137 3587 4179 omnes

1926 4221 2050 4275 fere
2082 4218 2350 4273 civitates
2380 4216 2683 4271 Romaniae
2696 4216 2990 4268 tenebant.
3015 4213 3334 4266 Debellatis
3353 4214 3588 4266 tandem

1922 4308 2171 4380 paganis
2186 4310 2241 4361 et
2262 4304 2599 4376 subjugatis
2624 4304 2876 4357 urbibus
2897 4302 3203 4356 Antiochia
3223 4304 3279 4354 et
3298 4301 3586 4354 Hierusa-

1923 4399 2036 4451 lem
2055 4399 2111 4451 et
2134 4394 2366 4449 caeteris
2384 4392 2604 4459 multis,
2642 4392 3022 4445 Boamundus
3042 4391 3288 4459 adeptus
3309 4391 3401 4443 est
3422 4389 3588 4458 prin-

1927 4487 2179 4556 cipatum
2205 4482 2532 4537 Antiochiae
2553 4487 2608 4536 et
2629 4482 2900 4536 haeredes
2928 4480 3061 4551 ejus
3084 4479 3446 4550 postipsum,
3471 4477 3589 4532 sci-

1924 4576 2061 4628 licet
2107 4574 2263 4627 ﬁlius
2293 4572 2427 4643 ejus
2458 4570 2855 4639 Boamundus,
2900 4573 3077 4624 natus
3131 4584 3207 4623 ex
3237 4566 3590 4623 Constancia

1967 4663 2044 4716 lia
2090 4662 2338 4731 Philippi
2370 4660 2533 4731 regis
2573 4658 2967 4730 Francorum;
3000 4663 3055 4713 et
3084 4659 3415 4730 postistum
3450 4654 3590 4709 Bai-

1928 4751 2185 4806 mundus
2240 4750 2396 4804 ﬁlius
2429 4750 2713 4803 ’Willelmi
2768 4751 2999 4803 comitis
3052 4750 3450 4812 Pictavorum,
3491 4744 3592 4816 qui

1934 4840 2109 4894 ﬁliam
2143 4833 2387 4894 secundi
2414 4839 2737 4893 Boamundi
2765 4840 3011 4893 duxerat
3040 4853 3304 4893 uxorem.
3331 4835 3592 4891 Roberto

1934 4930 2127 4999 itaque
2159 4929 2307 4983 duce
2329 4929 2600 4997 abeunte,
2625 4928 2924 4983 successit
2953 4929 3005 4982 ei
3038 4928 3193 4982 ﬁlius
3217 4941 3386 4995 suus,
3411 4925 3482 4979 de
3506 4938 3595 4979 se-

1940 5018 2129 5073 cunda
2144 5017 2402 5088 conjuge
2421 5016 3114 5089 primogenitus,nomine
3146 5016 3464 5087 Rogcrius,
3488 5029 3592 5069 co-

1938 5111 2254 5180 gnomento
2282 5107 2491 5161 Bursa.
2526 5107 2651 5161 Hoc
2694 5109 2864 5161 etiam
2900 5106 3157 5177 Ilogerio
3189 5104 3497 5160 deﬁciente
3539 5106 3597 5160 et

1925 5198 2084 5252 ﬁlius
2120 5196 2249 5251 suis
2294 5201 2430 5267 post
2463 5197 2679 5266 ipsum,
2720 5196 3020 5267 Rogerius
3070 5196 3356 5265 patruelis
3374 5195 3590 5265 ipsius,

1926 5287 2064 5340 ﬁliis
2090 5287 2333 5358 Rogerii
2357 5286 2588 5340 comitis
2607 5284 2823 5337 Siciliae
2839 5284 3038 5338 fratris
3060 5284 3301 5339 Roberti
3319 5285 3597 5340 Wiscar-

1931 5376 2009 5443 di,
2045 5376 2212 5429 solus
2246 5377 2359 5428 tam
2403 5375 2669 5443 Apuliam
2702 5389 2873 5443 quam
2906 5372 3165 5427 Siciliam
3190 5374 3456 5443 optinuit.
3484 5374 3598 5429 Hic

1930 5468 2123 5519 autem
2160 5463 2512 5534 procedente
2546 5465 2805 5532 tempore
2837 5464 2908 5515 de
2940 5464 3089 5517 duce
3108 5462 3299 5518 factus
3340 5466 3433 5517 est
3465 5479 3595 5532 rex,

1932 5571 2110 5608 causa
2128 5553 2521 5607 altercationis
2537 5552 2783 5605 duorum
2802 5552 3277 5622 Apostolicorum
3298 5553 3400 5623 qui
3417 5552 3600 5606 simul

1932 5645 2168 5698 fuerunt
2192 5642 2395 5696 Romae
2430 5641 2700 5695 ordinati.
2756 5641 3135 5697 Innocentius
3161 5641 3439 5696 videlicet
3470 5640 3517 5692 Il
3542 5642 3601 5695 et

1928 5733 2143 5790 Petrus
2200 5730 2440 5788 Leonis.
2501 5728 2765 5797 Quorum
2811 5732 3056 5788 ultimus
3114 5727 3419 5788 concessit
3462 5729 3603 5785 duci
