3940 6174
381 326 500 391 879

1184 333 1595 395 VVILLELMI
1627 332 1967 397 CALCULI
2001 336 2636 399 GEHMETICENSIS
2671 335 3026 399 MONACHI

388 528 647 600 Rogcrio
701 532 762 584 ut
810 530 977 601 regio
1011 531 1338 585 diademate
1388 533 1672 597 uteretur,
1725 529 1856 584 ideo
1898 530 2056 600 quod
2079 520 2133 582 Α
2168 531 2997 603 hujusmodidiscordiaaerat,
3030 532 3183 603 quod
3215 532 3399 586 eidem
3427 532 3534 586 tilio
3553 547 3644 587 suo
3668 548 3750 587 rex

384 618 544 672 idem
570 618 690 672 dux
721 620 869 689 parti
892 620 1082 688 ipsius
1117 620 1605 673 favebat..-\ccidit
1629 620 1737 672 hoc
1774 619 1930 672 circa
1956 634 2055 671 an-

387 707 617 761 numab
652 707 1057 762 Incarnatione
1105 708 1331 762 Domini
1388 708 1544 762 1130.
1590 709 1873 762 Vixerunt
1911 723 2056 761 vero

385 795 562 850 ambo
595 795 722 850 fere
753 798 883 850 octo
914 797 1086 850 annis
1107 797 1306 850 simul.

1004 885 1255 939 CAPUT
1300 885 1505 939 XLIV.

390 971 481 1027 De
513 976 707 1025 morte
745 971 1021 1025 Willelmi
1051 975 1217 1042 regis
1247 973 1572 1043 Anglorum
1607 977 1663 1025 et
1697 972 1867 1025 ducis
1894 971 2058 1026 Nor-

460 1042 892 1111 tlzmannorum,
921 1050 977 1095 ot
1002 1044 1074 1097 do
1088 1042 1388 1114 sepultura
1414 1043 1705 1114 ejusapud
1722 1043 2054 1096 Cadomum.

462 1130 571 1183 His
588 1146 694 1199 per
722 1130 1191 1199 anticipationem
1208 1133 1466 1186 breviter
1486 1131 1863 1197 intimatis,ad
1882 1131 2058 1184 ﬁnem

392 1212 701 1290 gestorum
734 1218 1017 1273 Willelmi
1039 1221 1201 1291 regis
1252 1221 1561 1292 anglorum
1594 1224 1647 1273 et
1683 1220 1851 1272 ducis
1903 1219 2059 1273 Nor-

389 1307 824 1376 thmannorum,
868 1308 939 1361 de
983 1310 1198 1379 quibus
1237 1309 1469 1363 fastidio
1492 1309 1774 1361 lectorum
1794 1322 2063 1377 compen-

393 1395 560 1449 diose
586 1395 988 1464 consulcntes,
1028 1398 1297 1467 quaedam
1338 1397 1821 1467 perstrinximus,
1860 1396 2060 1449 venia-

393 1483 623 1553 mus..Si
637 1484 772 1554 quis
789 1501 926 1539 vero
942 1485 1173 1554 plenius
1193 1475 1292 1538 illa
1307 1501 1488 1539 nosse
1503 1484 1824 1552 desiderat,
1841 1483 2062 1537 librum

396 1572 684 1627 \Villelmi
706 1573 1505 1628 Pictavensis.Luxoviorum
1531 1572 1951 1638 archidiaconi,
1969 1587 2062 1624 ea—

397 1661 530 1714 dem
549 1664 716 1732 gesta
736 1663 889 1715 sicut
909 1663 1171 1731 copiose,
1192 1663 1270 1715 ita
1287 1661 1583 1732 eloquenti
1628 1677 1902 1715 sermone
1923 1657 2060 1713 affa-

394 1750 501 1803 tim
540 1750 957 1818 continentem,
988 1750 1164 1820 legat.
1201 1750 1393 1803 Edidit
1439 1752 1729 1820 praeterea
1755 1750 1825 1803 de
1861 1748 2065 1802 eadem

406 1839 654 1892 materia
669 1854 819 1908 opus
850 1855 965 1892 non
990 1839 1483 1892 contemnendum
1518 1837 1704 1891 Guido
1741 1837 2061 1906 cpiscopus

400 1927 848 1993 Ambianensis,
874 1927 1113 1981 heroico
1138 1931 1321 1981 metro
1344 1930 1667 1980 exaratum.
1693 1925 1809 1979 Sed
1852 1928 1915 1978 ut
1938 1924 2063 1994 jam

402 2016 580 2070 finem
610 2015 845 2068 dicendi
876 2015 1181 2084 faciamus,
1218 2031 1459 2068 causam
1491 2015 1699 2068 mortis
1737 2012 2063 2067 secundum

401 2103 875 2158 existinationem
906 2104 1295 2173 quorumdam
1326 2103 1672 2173 pendamus.

472 2192 616 2246 Cum
629 2192 940 2263 ergoidem
963 2207 1065 2245 rex
1082 2192 1442 2246 victoriosus
1462 2195 1594 2261 post
1616 2189 1867 2260 plurima
1885 2188 2060 2257 bella,

397 2284 534 2352 post
562 2280 916 2350 multiplices
947 2280 1351 2350 expeditiones
1384 2285 1497 2333 tam
1526 2281 1583 2332 in
1635 2277 2067 2332 Northmannia

402 2386 578 2442 quam
608 2370 668 2423 in
705 2370 919 2440 Anglia
953 2376 1008 2423 et
1052 2370 1109 2422 in
1158 2370 1383 2423 minore
1406 2368 1727 2435 Britannia,
1763 2381 1871 2420 seu
1896 2365 2069 2419 etiam

401 2460 462 2513 in
493 2458 887 2513 Cenomannia
908 2474 1195 2529 prospero
1220 2459 1377 2513 exitu
1403 2457 1866 2522 consummatas,
1903 2453 2067 2523 oppi-

404 2548 542 2602 dum
572 2548 867 2619 quoddam
900 2548 1168 2601 Medanta
1209 2547 1446 2601 nomine
1483 2545 1784 2616 proprium
1814 2541 2065 2611 Philippi

399 2637 564 2707 regis
596 2635 980 2703 Francorum,
1005 2636 1258 2706 quitunc
1285 2634 1565 2704 temporis
1597 2636 1795 2703 partes
1821 2630 2065 2685 Roberti

405 2723 575 2779 ducis
596 2724 815 2780 bellum
862 2724 1013 2794 patri
1041 2723 1350 2778 inferentis
1376 2722 1624 2794 juvabat
1645 2722 1851 2793 (causa
1872 2722 2069 2773 autem

2104 1895 2146 1948 la"

2170 621 2508 675 Willelmus
2540 638 2655 674 non
2677 621 3047 691 permittebat
3069 622 3260 675 facere
3292 616 3755 674 voluntatemsuam

2169 710 2240 763 de
2254 710 2468 763 ducatu
2495 709 3103 778 Northmanniaaﬂicet
3134 726 3264 763 eum
3281 709 3402 778 ipse
3416 715 3605 778 postse
3619 708 3755 763 fecis-

2171 798 2610 857 sethaeredeln‘):
2630 798 2954 869 cumigitur
2973 797 3305 852 Willelmus
3318 814 3415 852 rex
3430 798 3767 867 OppidumMe-

2171 885 2342 939 danta
2372 885 2653 939 assiliens
2667 884 2917 939 flammis
2968 885 3277 938 ultricibus
3305 885 3633 951 tradidisset,
3648 899 3759 952 pon-

2172 974 2309 1028 dere
2339 989 2633 1027 armarum
2654 974 2924 1027 etlabore
2944 973 3239 1042 clamoris,
3265 989 3377 1044 quo
3395 988 3528 1027 suos
3539 973 3761 1026 exhorta-

2181 1062 2373 1128 batur,
2395 1064 2457 1115 ut
2474 1060 2681 1128 fertur,
2697 1061 2902 1113 arvina
2920 1059 3330 1114 intestinorum
3348 1059 3472 1130 ejus
3488 1059 3768 1129 liquefacta,

2174 1149 2458 1203 infirmari
2517 1164 2635 1202 non
2700 1148 2927 1203 modice
2958 1150 3154 1218 cmpit.
3206 1148 3277 1201 Et
3318 1149 3448 1202 licet
3493 1146 3772 1218 aliquandiu

2172 1241 2374 1307 postea
2410 1237 2645 1306 vixerit,
2667 1253 2783 1291 non
2804 1242 2998 1291 tamen
3017 1238 3191 1292 solita
3208 1237 3527 1291 valetudine
3544 1252 3672 1290 usus
3684 1239 3769 1289 est.

2174 1327 2492 1394 Dispositis
2512 1326 2746 1379 tandem
2766 1327 2949 1380 rebus
2975 1326 3105 1380 suis
3136 1330 3193 1380 et
3225 1341 3409 1398 regno
3436 1325 3643 1396 Angliaa
3668 1340 3773 1378 con-

2177 1430 2353 1469 cesso
2384 1415 2688 1468 Willelmo
2708 1414 2826 1468 ﬁlio
2854 1430 2984 1484 suo,
3002 1415 3183 1467 vitam
3200 1417 3542 1482 praesentem
3562 1413 3719 1466 ﬁnivit
3734 1413 3778 1465 in

2171 1504 2597 1557 Northmannia
2613 1503 2767 1572 apud
2791 1504 3225 1574 Rothomagum
3248 1503 3282 1555 4
3304 1503 3440 1555 Idus
3459 1501 3778 1572 septembris.

2171 1593 2546 1646 Translatum
2565 1595 2657 1646 est
2673 1607 2892 1662 corpus
2915 1591 2965 1662 ej
2978 1608 3048 1645 us
3068 1593 3224 1645 sicut
3242 1592 3614 1657 ordinaverat,
3630 1589 3777 1642 (lado-

2174 1697 2329 1735 mum
2359 1685 2414 1734 et
2455 1682 2514 1734 in
2542 1680 2796 1734 ecclesia
2830 1680 3027 1734 Sancti
3082 1679 3385 1751 Stephani,
3427 1695 3589 1750 quam
3619 1679 3724 1748 ipse
3754 1694 3777 1730 a

2172 1770 2568 1824 fundamentis
2599 1769 3008 1837 zedificaverat,
3034 1773 3170 1823 ante
3199 1768 3394 1840 majus
3432 1768 3600 1821 altare
3645 1782 3784 1836 rega-

2136 1902 2140 1908 .
2172 1859 2306 1913 liter
2328 1858 2692 1912 tumulatum.
2713 1857 2890 1911 Solus
2922 1862 3115 1911 autem
3136 1858 3392 1911 filiorum
3425 1872 3649 1910 suorum
3669 1854 3782 1907 Hen-

2172 1948 2335 2002 ricus
2366 1948 2686 2017 exsequias
2721 1946 2903 2015 patris
2938 1949 3295 2015 persecutus
3342 1950 3450 2013 est,
3493 1946 3686 2016 dignus
3713 1944 3786 2014 qui

2172 2041 2475 2108 paternam
2510 2035 2910 2089 haereditatem
2958 2034 3277 2104 aliquando
3336 2035 3503 2088 solus
3535 2033 3786 2098 obtineret,

2121 2156 2127 2163 ο
2175 2142 2350 2196 quam
2392 2125 2609 2178 fratres
2653 2124 2745 2177 sui
2798 2123 3191 2193 particulatim
3215 2128 3354 2191 post
3381 2126 3613 2176 mortem
3640 2121 3784 2191 patris

2171 2214 2264 2269 sui
2283 2214 2698 2284 possederunt.
2716 2212 2987 2266 Decessit
3002 2214 3198 2265 autem
3220 2211 3379 2265 idem
3402 2210 3628 2264 rexfere
3659 2223 3790 2261 sexa-

2172 2303 2475 2375 genarius,
2499 2318 2650 2355 anno
2683 2301 2955 2365 ducatus,
2994 2302 3055 2353 in
3086 2299 3514 2354 Northmannia
3544 2299 3623 2366 5‘3,
3650 2312 3784 2366 porro

2173 2392 2342 2463 regni
2374 2393 2466 2445 sui
2490 2392 2546 2444 in
2566 2391 2779 2462 Anglia
2809 2387 2897 2458 ‘20,
2920 2389 3356 2453 Incarnationis
3391 2392 3575 2442 autem
3606 2383 3789 2439 Domini

2174 2481 2331 2536 1037.
2361 2481 2665 2551 Regnante
2688 2479 2894 2533 eodem
2919 2478 3166 2532 Domino
3199 2481 3408 2531 nostro
3434 2477 3570 2531 Jesu
3598 2473 3785 2529 Christo

2172 2587 2306 2625 cum
2336 2572 2557 2624 aeterno
2605 2569 2777 2621 Patre
2834 2568 2890 2619 in
2918 2568 3161 2620 unitate
3214 2566 3478 2637 Spiritus
3526 2563 3696 2619 sancti
3714 2576 3791 2630 per

2174 2660 2370 2715 omnia
2388 2657 2610 2712 saecula
2646 2656 3025 2711 saeculorum.
3062 2656 3277 2710 Amen.

407 2903 3235 2930 Μ

683 3059 1655 3221 HISTORUE
1762 3049 3532 3215 NOBTHMANNOBUM.

1752 3324 2042 3408 LIBER
2096 3304 2543 3399 OCTAVUS

1272 3495 1361 3550 De
1388 3493 1653 3549 Henrico
1683 3492 1715 3546 Ι
1736 3506 1883 3563 rege
1920 3484 2252 3558 Anglorum
2303 3490 2359 3538 et
2391 3483 2537 3539 duce
2568 3483 3131 3539 Northmannorum.

917 3655 1167 3710 CAPUT
1215 3654 1549 3709 PRIMUM.

416 3744 740 3825 Prologus‘
763 3744 826 3825 in
872 3750 1042 3825 gesta
1071 3743 1541 3825 Henricioregis,
1576 3742 1771 3825 inquo
1800 3738 2079 3795 breviter

702 3813 1004 3871 fratribus
1042 3816 1167 3869 suis
1198 3814 1407 3869 melior
1435 3813 1791 3869 ostenditur.

488 3905 773 3971 Quoniam
817 3905 874 3958 in
931 3905 1079 3959 libro
1111 3904 1403 3975 superiori
1427 3903 1499 3958 de
1529 3902 1761 3957 actibus
1792 3897 2079 3954 \Villelmi

419 3994 583 4066 regis
608 3994 933 4065 Anglorum
956 3997 1011 4047 ct
1034 3994 1201 4047 ducis
1215 3992 1756 4046 Northmannorum
1775 3991 2082 4043 tractatum

420 4086 531 4152 est,
552 4098 669 4138 non
707 4083 991 4137 indecens
1009 4082 1305 4136 videbitur
1327 4084 1387 4134 ut
1418 4080 1512 4133 hic
1558 4079 1730 4147 liber,
1765 4078 1864 4149 qui
1898 4075 2083 4146 septi-

418 4189 554 4228 mus
590 4171 666 4243 (5)
708 4172 940 4227 cuditur
976 4172 1035 4224 in
1067 4170 1604 4225 Northmanuorum
1628 4168 1843 4222 ducum
1892 4166 2080 4236 gesta,

417 4263 598 4317 vitam
624 4265 680 4317 et
710 4260 1224 4317 conservationem
1242 4261 1298 4312 et
1310 4274 1385 4312 ex
1406 4262 1570 4327 parte
1588 4273 1704 4310 non
1734 4254 1962 4308 modica
1983 4268 2083 4306 res

419 4355 625 4425 gestas
661 4350 904 4405 Henrici
934 4348 1292 4403 nobilissimi
1322 4345 1489 4417 regis
1511 4345 1615 4399 ﬁlii
1647 4342 1915 4415 praedicti
1933 4340 2082 4394 Wil-

418 4441 578 4497 lelmi
608 4441 976 4507 edissercns,
995 4437 1216 4492 saeculo
1237 4436 1431 4490 futuro
1462 4437 1517 4488 et
1545 4433 1794 4487 maxime
1823 4430 2082 4502 posteris

419 4529 732 4585 imitandus
754 4531 1057 4598 proponat.
1078 4526 1201 4579 Nec
1252 4524 1539 4578 immerito
1562 4522 1656 4577 hic
1690 4536 1977 4575 numerus
1999 4518 2081 4572 illi

421 4620 550 4675 viro
595 4616 1007 4689 congruit,qui
1044 4631 1159 4668 non
1202 4614 1395 4668 solum
1420 4613 1726 4666 honestate
1746 4610 1943 4675 animi,
1979 4624 2083 4661 vc—

421 4724 552 4764 rum
567 4707 741 4762 etiam
754 4705 1020 4774 corporis
1036 4703 1341 4772 probitate,
1358 4716 1500 4754 vero
1524 4700 1802 4753 videlicet
1826 4697 2083 4752 ternario

420 4800 478 4853 et
511 4795 883 4868 quaternario
920 4793 1234 4863 plurimum
1262 4790 1517 4844 emicuit.
1582 4788 1669 4841 Ad
1726 4788 1838 4841 hoc
1871 4784 2085 4839 accidit

2118 3625 2170 3687 C
2192 3644 2343 3699 viter
2372 3644 2619 3698 dicenda
2648 3648 2819 3715 sunt;
2842 3644 3095 3699 maxime
3122 3659 3254 3698 cum
3287 3644 3403 3700 hoc
3458 3643 3527 3698 ad
3557 3651 3805 3696 commen-

2193 3734 2486 3788 dationem
2517 3736 2814 3803 susceptae
2856 3734 3115 3787 materiae
3170 3732 3465 3803 proﬁciat.
3511 3732 3661 3785 Sicut
3685 3724 3804 3781 enim

2192 3824 2451 3895 pictores
2469 3821 2875 3893 ferrugineum
2892 3821 3149 3876 eolorem
3164 3823 3552 3876 substernere
3569 3817 3752 3880 solent,
3764 3812 3812 3864 ut

2194 3913 2418 3967 rubeus
2451 3912 2868 3980 superpositus
2900 3910 3093 3982 magis
3115 3910 3448 3974 elucescat;
3480 3909 3556 3961 ita
3581 3902 3801 3965 forsitan,

2194 4000 2582 4070 sisupradicti
2599 4000 2809 4053 fratres
2834 3998 3212 4053 conferantur
3230 4014 3366 4052 cum
3402 3999 3533 4065 isto,
3558 4011 3625 4049 ex
3644 4001 3807 4046 eorum

2194 4090 2627 4159 comparatione
2649 4089 2824 4142 altius
2856 4086 3278 4156 resplendebit.
3299 4086 3465 4152 Quod
3495 4082 3683 4155 paucis
3709 4075 3806 4130 ani-

2192 4178 2477 4232 madverti
2501 4177 2782 4246 potest.In
2800 4176 2981 4230 altero
2994 4175 3599 4245 eorum,\Nillelmum
3619 4171 3804 4238 loquor,

2192 4266 2499 4337 dapsilitas
2523 4281 2665 4338 erga
2709 4265 3036 4320 saeculares
3082 4264 3545 4334 praedicabatur,
3576 4258 3671 4313 sed
3697 4267 3806 4308 con-

2193 4357 2406 4426 tempta
2436 4356 2508 4408 ab
2542 4371 2610 4409 eo
2642 4354 3003 4425 religiositas
3025 4354 3343 4423 plurimum
3367 4345 3810 4421 conquerebatur.

2196 4446 2516 4500 Robertum
2543 4446 2599 4498 in
2625 4445 2810 4499 rebus
2854 4442 3086 4497 bellicis
3112 4441 3262 4494 fama
3296 4457 3413 4494 non
3438 4436 3704 4492 immerito
3729 4444 3809 4483 e1-

2192 4534 2447 4602 tollebat,
2483 4534 2588 4587 sed
2622 4534 2751 4588 haec
2780 4533 2982 4587 eadem
3016 4532 3073 4584 in
3105 4532 3437 4584 maturitate
3468 4523 3683 4582 consilii
3708 4517 3807 4573 etin

2192 4624 2480 4696 regimine
2525 4624 2776 4676 ducatus
2808 4622 3002 4692 ipsum
3036 4620 3231 4673 minus
3253 4620 3455 4672 utilem
3479 4631 3589 4670 non
3610 4607 3805 4666 menda-

2195 4713 2340 4766 citer
2370 4711 2696 4764 asserebat.
2726 4708 3109 4762 AtHenricus
3129 4712 3186 4761 et
3216 4707 3313 4759 illa
3346 4703 3718 4774 complectens
3733 4709 3806 4747 so-

2193 4800 2308 4867 lus,
2335 4815 2467 4871 quae
2492 4800 2546 4852 in
2570 4797 2828 4869 singulis
2849 4812 3052 4851 eorum
3072 4796 3321 4849 honesta
3344 4793 3678 4847 videbantur
3695 4787 3740 4837 et
3756 4796 3806 4834 ea

426 4849 474 4853 ν-
922 4849 939 4863 ι
2195 4849 2308 4867 -ςη,
2341 4849 2461 4871 τη-
2585 4849 2703 4869 ----ο
2739 4849 2744 4850 κ
2783 4849 2821 4851 η
2858 4849 2908 4851 η

423 4887 581 4958 (Ιυοά
611 4886 888 4940 idem?“
910 4898 1082 4954 quem
1114 4878 1570 4933 describendum
1604 4875 2004 4945 suscepimus:
2026 4874 2086 4926 in
2116 4849 2170 4909 D
2194 4890 2412 4958 pariter
2432 4888 2648 4959 quibus
2671 4886 2838 4956 ipsos
2870 4900 3073 4939 carere
3096 4885 3218 4955 jam
3236 4884 3514 4947 diximus,
3535 4894 3639 4933 non
3653 4872 3804 4928 solum

423 4975 676 5046 septimo
709 4974 897 5045 gradu
919 4968 1286 5043 genealogis:
1310 4967 1849 5021 Northmannorum
1871 4963 2084 5016 ducum

2196 4957 2312 5031 illis
2339 4957 2532 5031 sed—et
2558 4976 2833 5029 omnibus
2864 4975 2959 5028 sui
2978 4973 3259 5041 temporis
3279 4968 3636 5041 principibus
3678 4957 3808 5015 nobi-

426 5065 738 5135 reperitur,
769 5060 1084 5130 siincipias
1104 5060 1447 5126 computare
1471 5071 1501 5107 a
1526 5054 1768 5108 Rolloue
1796 5053 1965 5119 duce,
1988 5051 2089 5122 qui
2192 5063 2307 5119 ιίοι.
2336 5064 2682 5119 habebatur.
2715 5063 2829 5117 sed
2854 5063 2988 5132 quia
3024 5062 3151 5115 haec
3174 5060 3306 5115 suis
3338 5059 3398 5112 in
3442 5056 3585 5111 locis
3611 5046 3799 5121 plenius

426 5154 537 5207 fuit
575 5150 760 5222 hujus
812 5149 1109 5218 prosapiae
1150 5145 1521 5215 principium.
1580 5143 1653 5197 Ut
1701 5146 1894 5195 autem
1942 5140 2085 5194 ordo

2195 5158 2580 5223 exponentur,
2602 5167 2673 5206 ne
2694 5151 3129 5222 digressionem
3152 5150 3211 5203 in
3242 5149 3371 5218 ipso
3392 5142 3626 5201 exordio
3648 5137 3802 5192 facere

428 5238 1215 5305 historiaenoninterruptus
1251 5229 1922 5299 servetur,defratribus
1956 5227 2090 5299 ejus
2196 5242 2517 5309 videamur,
2567 5240 2774 5294 amodo
2835 5255 3032 5294 rerum
3090 5237 3518 5307 propositarum
3591 5226 3804 5283 ordinem

425 5326 726 5382 Willelmo
742 5340 884 5397 rege
900 5325 1223 5395 Anglorum
1237 5326 1293 5377 et
1307 5321 1564 5377 Roberto
1579 5319 1727 5373 duce
1742 5317 2089 5372 Northman—

427 5430 657 5485 norum,
679 5413 895 5485 quibus
928 5414 1056 5483 ipse
1103 5412 1270 5467 solus
1285 5409 1601 5477 successit,
1625 5407 1817 5478 aliqua
1832 5404 1925 5458 vel
1947 5406 2085 5459 bre-

2193 5345 2648 5403 prosequamur,

533 5618 611 5690 (5)
639 5616 896 5672 Octavus
928 5630 1069 5669 vero
1095 5612 1370 5668 Historiae
1402 5610 1959 5674 Narthmannorum,
1992 5607 2054 5659 ut
2083 5604 2261 5659 habet
2290 5603 2596 5672 inscriptio
2644 5600 2868 5655 codicis
2914 5615 3026 5654 ms.
3060 5612 3234 5670 quem
3250 5593 3435 5651 secuti
3456 5601 3666 5647 sumus.
