3988 6176
188 401 301 464 ;881
528 397 953 458 HISTORUE
1013 398 1801 464 NORTHMANNORUM
1867 402 2094 464 LIBRI
2142 404 2386 466 OCTO.
2445 440 2515 453 --
2563 407 2805 472 LIBER
2846 408 3245 473 OCTAVUS

817 596 1068 650 CAPUT
1110 597 1180 651 ll.

212 703 352 768 Quod
383 702 701 757 Willelmus
731 702 930 757 frater
957 702 1227 772 Henrici,
1261 710 1488 757 mortuo
1548 703 1834 759 Willelmo

234 790 361 845 rege
369 781 535 845 patre
556 789 777 842 eorum,
812 778 1118 845 transiens
1135 775 1194 827 in
1212 774 1488 845 Angliam
1509 790 1623 828 rex
1643 774 1837 829 factus

233 844 312 899 est
325 844 381 898 ei
391 845 678 899 liobertus
690 845 960 898 ducatum
983 844 1046 898 Ν
1046 844 1437 899 οτιΙιιηειῆηίεθ
1454 845 1704 915 adeptus
1714 854 1828 908 ost,-

232 921 283 970 et
306 916 443 987 quod
462 916 614 987 idem
640 916 941 969 Robertus
967 916 1299 969 comitatum
1342 916 1831 987 Constantinian-

229 984 339 1041 ,ςθώ
366 986 524 1041 dedit
550 984 813 1040 Henrico
843 993 901 1040 et
926 992 1134 1057 postea
1159 986 1432 1042 abstulit.

262 1111 431 1183 Igitur
465 1126 606 1182 rege
638 1111 967 1182 Anglorum
1018 1111 1315 1166 Willelmo
1348 1112 1529 1167 rebus
1563 1111 1835 1166 humanis

202 1201 494 1267 subtracto,
525 1199 864 1254 Willelmus
887 1200 1046 1254 filius
1070 1200 1225 1271 ejus,
1260 1216 1435 1271 quam
1454 1202 1630 1255 citius
1649 1200 1837 1271 potuit

201 1288 333 1360 apud
349 1287 579 1342 Tolcam
608 1288 756 1341 mari
781 1290 1050 1354 transito,
1084 1294 1406 1360 susceptus
1424 1293 1515 1344 est
1534 1290 1605 1344 ab
1625 1289 1837 1360 Anglis

200 1383 249 1431 et
289 1376 542 1443 Francis,
596 1379 928 1447 unctusque
960 1382 1053 1432 est
1100 1379 1158 1433 in
1203 1392 1407 1449 regem
1440 1396 1471 1432 a
1505 1378 1836 1437 Lanfranco

199 1465 621 1535 archiepiscopo
658 1464 1091 1534 Cantuariensi,
1127 1467 1383 1539 ejusque
1413 1467 1834 1538 suifraganeis,

199 1553 496 1608 Lundoniae
522 1552 679 1621 apud
700 1552 1325 1610 Westmonasterium.
1348 1556 1647 1610 Robertus
1678 1571 1839 1608 nam-

198 1657 295 1712 que
318 1641 490 1694 frater
516 1640 655 1711 ejus
684 1644 819 1695 ante
850 1645 1096 1696 mortem
1127 1644 1316 1713 patris
1347 1644 1440 1699 sui
1472 1644 1838 1698 discesserat

195 1731 254 1784 de
297 1729 712 1783 Northmannia
757 1729 1000 1801 indigne
1046 1731 1265 1802 ferens,
1342 1732 1499 1803 quod
1541 1733 1669 1801 ipse
1720 1747 1837 1785 non

199 1820 531 1887 permitteret
578 1818 633 1871 ei
681 1833 786 1887 pro
833 1834 942 1872 sua
998 1819 1296 1875 voluntate
1357 1820 1674 1890 disponere
1722 1823 1839 1873 tam

197 1906 503 1961 comitatum
535 1905 983 1961 Northmanniae
1008 1923 1183 1978 quam
1214 1908 1650 1963 Cenomanniae.
1689 1907 1837 1961 Alte-

202 1996 309 2047 rius
331 1995 477 2048 enim
501 1994 725 2048 dudum
762 1994 958 2049 haeres
976 1995 1326 2068 designatus
1354 1997 1561 2065 fuerat,
1594 1995 1839 2050 alterius

193 2099 314 2137 vero
342 2082 446 2136 hac
473 2083 551 2137 de
575 2098 755 2137 causa
774 2083 1010 2138 vivente
1032 2089 1196 2154 patre
1220 2086 1486 2157 regimen
1510 2085 1836 2156 quaerebat,

195 2171 327 2242 quod
364 2171 697 2243 Margareta
734 2171 853 2225 filia
877 2172 1150 2227 Herberti
1183 2174 1477 2245 quondam
1508 2176 1838 2229 Cenoman-

194 2259 373 2313 nensis
404 2259 643 2314 comitis
673 2260 786 2329 ipsi
820 2260 1012 2314 fuerat
1054 2261 1444 2330 desponsata;
1477 2261 1634 2331 licet,
1672 2263 1839 2315 ante-

196 2363 346 2418 quam
368 2349 435 2401 ad
468 2348 709 2418 nuptias
733 2347 867 2418 ejus
900 2350 1283 2421 pertingeret,
1306 2351 1460 2421 apud
1483 2350 1840 2404 Fiscannum

195 2437 343 2508 virgo
371 2437 579 2491 eadem
610 2436 848 2492 Christo
888 2438 1099 2493 devota
1132 2439 1363 2492 abierit.
1397 2438 1543 2493 Cum
1571 2439 1753 2509 igitur
1781 2438 1841 2491 in

196 2526 417 2581 Pontivo
469 2526 629 2596 apud
674 2525 1148 2596 Abbatisvillam,
1198 2543 1329 2581 cum
1374 2528 1504 2581 suis
1545 2526 1841 2581 similibus

191 2612 489 2685 juvenibus
523 2614 669 2668 ﬁliis
701 2615 933 2669 scilicet
961 2619 1328 2687 satraparum
1376 2615 1840 2682 Northmannim,

197 2705 279 2773 qui
316 2704 364 2757 ei
394 2703 572 2774 quasi
606 2703 843 2757 domino
873 2704 1068 2758 futuro
1111 2706 1311 2775 specie
1341 2708 1514 2759 tenus
1544 2704 1843 2774 obseque-

196 2790 401 2860 bantur,
448 2810 512 2847 re
558 2796 755 2846 autem
790 2808 931 2846 vera
963 2809 1249 2848 novarum
1288 2809 1488 2848 rerum
1530 2792 1843 2863 cupiditate

196 2879 371 2947 illecti,
387 2880 1085 2936 morareturetducatum
1110 2882 1573 2949 Northmanniaa,
1590 2882 1844 2934 maxime

198 2966 247 3020 in
272 2970 550 3039 margine,
598 2971 1060 3025 excursionibus
1092 2975 1147 3025 et
1169 2971 1395 3041 rapinis
1432 2970 1842 3032 demoliretur;

198 3057 371 3111 audito
403 3059 617 3113 nuntio
647 3075 940 3114 excessus
985 3060 1190 3129 patris,
1237 3060 1548 3114 confestim
1599 3060 1844 3114 veniens

199 3145 637 3219 Rothomagum,
685 3148 877 3218 ipsam
922 3149 1217 3202 civitatem
1260 3152 1317 3202 et
1360 3152 1541 3202 totum
1571 3148 1846 3202 ducatum

196 3233 307 3289 sine
336 3236 450 3290 ulla
480 3236 952 3291 contradictione
981 3238 1268 3308 suscepit.
1302 3239 1564 3307 Cumque
1587 3237 1680 3290 sui
1700 3236 1846 3289 lide-

196 3321 272 3375 les
307 3339 433 3377 eum
474 3325 959 3395 exhortarentur,
1009 3331 1069 3379 ut
1108 3341 1360 3397 regnum
1395 3326 1627 3396 Anglite
1660 3324 1775 3378 sibi
1814 3341 1847 3377 a

199 3408 358 3467 fratre
370 3418 736 3483 praereptum
748 3415 1014 3468 velocius
1030 3414 1214 3467 armis
1234 3415 1469 3469 sibimet
1487 3416 1844 3482 restitueret,

198 3500 548 3570 simplicitate
593 3502 787 3570 solita,
833 3505 907 3573 et,
951 3506 1015 3556 ut
1059 3503 1135 3556 ita
1179 3503 1390 3573 dicam,
1437 3503 1847 3572 imprudentiae

196 3591 460 3662 proxima,
494 3592 890 3660 respondisse
926 3592 1121 3646 fertur
1163 3608 1174 3645 :
1224 3614 1245 3638 α
1279 3593 1395 3646 Per
1441 3592 1686 3663 angelos
1720 3590 1846 3660 Dei,

197 3679 238 3731 si
255 3695 357 3750 ego
380 3696 589 3735 essem
608 3680 667 3734 in
689 3680 1066 3749 Alexandria,
1093 3684 1504 3750 exspectarent
1537 3695 1627 3733 me
1648 3679 1845 3750 Angli,

200 3782 291 3821 nec
321 3773 449 3823 ante
477 3769 802 3823 adventum
825 3784 1018 3823 meum
1048 3785 1252 3841 regem
1290 3770 1404 3824 sibi
1435 3768 1632 3823 facere
1664 3768 1849 3821 aude-

195 3860 325 3909 rent.
360 3857 493 3926 Ipse
516 3858 697 3912 etiam
727 3857 1071 3920 Willelmus
1118 3859 1299 3912 frater
1319 3873 1511 3927 meus,
1537 3857 1691 3928 quod
1718 3873 1851 3911 eum

199 3946 653 4015 prtesumpsisse
677 3946 895 4015 dicitis,
936 3962 1045 4017 pro
1070 3947 1258 4016 capite
1276 3963 1387 4001 suo
1417 3947 1548 4000 sine
1571 3962 1697 3999 mea
1715 3961 1853 4015 per-

200 4033 470 4087 missione
494 4034 737 4087 minime
780 4038 1107 4089 attentaret.
1146 4059 1166 4082 »
1204 4036 1345 4089 time
1377 4036 1564 4104 primo
1601 4034 1850 4089 dicebat.

201 4123 294 4175 sed
322 4126 642 4193 postquam
674 4123 760 4176 rei
785 4126 975 4194 gestae
999 4124 1264 4177 ordinem
1287 4124 1550 4191 rescivit,
1592 4140 1707 4177 non
1738 4123 1851 4176 mi-

195 4210 335 4264 nima
357 4211 661 4265 discordia
686 4212 840 4264 inter
860 4227 926 4265 se
949 4215 1005 4265 et
1026 4212 1269 4266 fratrem
1295 4229 1470 4266 suum
1499 4212 1853 4268 Willelmum

194 4300 441 4353 emersit.
466 4299 713 4353 Interim
744 4303 941 4353 autem
976 4300 1278 4355 Henricus
1308 4300 1494 4355 frater
1523 4316 1723 4355 eorum
1758 4316 1854 4354 re-

196 4388 471 4442 mansitin
507 4389 937 4442 Northmannia
966 4389 1260 4443 cumduce
1290 4390 1567 4443 Roberto.
1603 4389 1856 4443 Dederat

201 4482 375 4530 autem
396 4478 449 4532 ei
475 4478 741 4532 Henrico
767 4482 937 4548 pater
952 4494 1100 4533 suus
1131 4478 1394 4533 moriens
1418 4478 1676 4549 quinque
1700 4477 1856 4531 mille

197 4561 366 4620 libras
400 4568 641 4639 Anglice
672 4571 947 4622 moneta).
986 4567 1282 4622 Robertus
1304 4568 1475 4622 etiam
1499 4567 1678 4621 frater
1708 4582 1857 4621 suus

3494 411 3614 474 882

1873 590 2005 656 Aet
2040 603 2336 659 Robertus
2380 606 2499 659 dux
2529 606 2993 677 Northmanniae,
3043 611 3177 665 licet
3208 627 3460 682 regnum
3494 614 3611 667 An-

1953 690 2088 762 glice
2121 693 2249 761 ipse
2285 693 2584 748 Robertus
2628 695 2907 751 facillime
2952 699 3124 767 paulo
3155 702 3288 752 ante
3318 701 3614 770 potuisset

1950 778 2189 845 habere,
2227 782 2340 835 nisi
2378 783 2572 837 minus
2601 789 2809 838 cautus
2846 790 3027 839 esset.
3063 786 3365 856 Siquidem
3397 788 3614 843 Eusta-

1952 868 2122 922 ehius
2143 886 2341 924 comes
2362 872 2623 926 Bolonite
2646 877 2703 927 et
2719 875 3042 945 episcopus
3068 874 3419 945 Bajocensis
3441 879 3498 930 et
3520 893 3616 931 co-

1952 972 2078 1009 mes
2104 958 2372 1009 Mori‘nlii
2409 962 2597 1029 patrui
2632 962 2822 1031 ipsius
2847 968 2901 1016 et
2922 964 3017 1035 alii
3051 964 3349 1033 principes
3388 964 3616 1018 North-

1952 1049 2223 1113 manniac,
2258 1064 2388 1100 cum
2416 1064 2626 1120 magno
2650 1054 2930 1120 apparatu
2963 1052 3209 1106 militum
3231 1068 3393 1106 mare
3415 1056 3615 1107 trans-

1953 1139 2183 1203 euntes,
2238 1137 2683 1192 liovecestriam
2728 1142 2785 1193 et
2815 1140 2925 1193 alia
2958 1141 3237 1195 nonnulla
3271 1140 3516 1196 castella
3556 1141 3617 1195 in

1953 1227 2229 1278 comitatu
2259 1224 2670 1282 Cantuariensi
2718 1233 3077 1299 occupantes
3122 1235 3179 1283 et
3219 1232 3490 1285 tenentes
3543 1231 3619 1284 ad

1954 1329 2104 1383 opus
2119 1314 2279 1368 illius
2299 1314 2462 1383 ;dum
2479 1316 2672 1386 ipsum
2691 1318 3012 1372 Robertum
3026 1316 3235 1373 ducem
3250 1321 3617 1390 exspectant,

1956 1402 2053 1472 qui
2106 1407 2246 1456 tunc
2294 1405 2578 1473 temporis
2628 1407 2776 1459 ultra
2830 1423 3004 1477 quam
3052 1408 3241 1461 virum
3301 1408 3506 1462 deceat
3556 1408 3618 1462 in

1954 1490 2379 1545 Northmannia
2406 1493 2806 1564 deliciabatur,
2829 1496 3068 1549 obsessi
3092 1497 3191 1549 diu
3225 1512 3257 1549 a
3280 1512 3423 1568 rege
3469 1496 3621 1549 Wil-

1954 1578 2149 1647 lelmo,
2175 1579 2312 1633 dum
2337 1580 2435 1635 ille
2469 1582 2644 1652 cujus
2664 1599 2844 1637 causa
2878 1589 3097 1638 tantum
3116 1585 3438 1639 discrimen
3470 1584 3619 1639 sub-

1954 1666 2161 1737 ierant,
2197 1684 2312 1722 non
2344 1669 2639 1741 subvenit,
2675 1688 2808 1726 cum
2839 1672 3131 1727 dedecore
3158 1674 3323 1744 ipsas
3355 1689 3504 1744 quas
3535 1676 3621 1727 te-

1955 1756 2170 1810 nebant
2218 1759 2577 1813 munitiones
2609 1764 2919 1829 exeuntes,
2952 1761 3026 1814 ad
3055 1763 3295 1831 propria
3344 1765 3484 1817 sunt
3520 1777 3620 1816 re-
3712 1812 3717 1815 _

1956 1846 2138 1899 versi.
2184 1846 2360 1901 Facta
2390 1850 2483 1901 est
2514 1848 2708 1919 itaque
2741 1849 2973 1903 tandem
3006 1850 3156 1903 inter
3187 1865 3292 1905 eos
3323 1851 3478 1919 apud
3503 1850 3618 1905 Ca-

1884 1955 1935 2018 B
1957 1934 2215 2003 domum,
2251 1939 2312 1990 ut
2345 1935 2622 2005 diximus,
2668 1937 3124 1992 adminiculante
3172 1938 3442 2009 Philippo
3473 1953 3619 2010 rege

1958 2021 2337 2093 Francorum,
2354 2025 2453 2095 qui
2466 2024 2523 2077 in
2537 2025 2817 2079 auxilium
2839 2026 3009 2079 ducis
3023 2029 3227 2080 contra
3262 2026 3618 2080 Willelmum

1955 2126 2158 2181 regem
2194 2102 2365 2182 apud~
2396 2114 2673 2183 oppidum
2723 2114 2872 2168 Auci
2920 2115 3145 2185 ingenti
3183 2114 3514 2185 Anglorum
3563 2118 3621 2169 et

1958 2199 2496 2255 Northmannorum
2526 2202 2792 2255 exercitu
2823 2207 2963 2256 tunc
2995 2206 3317 2257 morantem
3347 2206 3615 2271 venerat,

1957 2288 2385 2359 qualiscunque
2413 2289 2729 2343 concordia
2760 2294 2816 2343 et
2844 2293 3125 2359 quantum
3156 2291 3228 2344 ad
3251 2292 3462 2345 ducem
3496 2292 3618 2346 Ro-

1956 2377 2184 2430 bertum
2207 2380 2433 2447 spectat
2454 2377 2744 2446 probrosa
2763 2381 2937 2448 atque
2961 2379 3245 2433 damnosa
3276 2379 3426 2434 Nam
3455 2379 3622 2450 quid-

1956 2464 2094 2534 quid
2108 2463 2556 2517 rexWillelmus
2572 2465 2628 2518 in
2643 2464 3070 2520 Northmannia
3084 2468 3497 2536 occupaverat,
3514 2481 3622 2536 per

1956 2553 2354 2606 inﬁdelitatem
2386 2552 2689 2607 hominum
2721 2555 2909 2619 ducis,
2964 2555 3061 2626 qui
3092 2555 3282 2609 eidem
3314 2555 3443 2627 regi
3475 2570 3619 2609 suas

1956 2641 2311 2696 munitiones
2354 2642 2734 2710 tradiderant,
2783 2659 2932 2714 quas
2978 2644 3107 2698 suis
3148 2644 3433 2698 militibus
3490 2643 3620 2713 ipse

1959 2731 2351 2796 commiserat,
2387 2734 2446 2783 ut
2477 2730 2611 2785 inde
2645 2732 2885 2785 fratrem
2917 2748 3089 2785 suum
3113 2732 3481 2802 infestarent,
3508 2733 3621 2785 im-

1960 2835 2113 2891 pune
2145 2820 2480 2890 permissus
2514 2823 2605 2873 est
2645 2820 2888 2874 habere.
2930 2820 3287 2875 Munitiones
3325 2821 3440 2875 illae
3472 2836 3622 2893 quas

1959 2910 2069 2963 hoc
2116 2909 2288 2963 modo
2340 2909 2589 2978 tenebat,
2636 2909 2874 2963 fuerunt
2918 2909 3294 2979 Fiseannum,
3344 2910 3622 2981 oppidum

1958 2998 2124 3061 Auci,
2158 2998 2313 3068 quod
2350 2998 2684 3052 Willelmus
2726 3013 2928 3052 comes
2970 2998 3264 3052 Aueensis
3297 3013 3430 3051 cum
3479 2998 3621 3051 reli-

1957 3087 2093 3157 quis
2142 3087 2271 3139 suis
2316 3086 2641 3140 firmatibus
2680 3086 2761 3139 illi
2800 3086 3138 3140 tradiderat.
3172 3085 3455 3140 Similiter
3484 3084 3619 3140 Ste-

1957 3175 2191 3244 phanus
2220 3191 2420 3229 comes
2442 3175 2523 3243 _de
2568 3175 2921 3244 Albaznarla,
2957 3175 3114 3227 filius
3136 3175 3358 3228 Odonis
3391 3174 3621 3229 comitis

1959 3264 2029 3316 de
2062 3264 2397 3333 Campania,
2432 3262 2706 3316 Willelmi
2736 3268 2930 3317 autem
2963 3263 3125 3331 regis
3160 3263 3488 3333 Anglorum
3520 3278 3621 3317 se-

1961 3353 2145 3406 nioris
2168 3369 2241 3405 ex
2265 3368 2471 3406 sorore
2509 3368 2695 3421 nepos
2728 3354 2978 3421 fecerat;
3012 3358 3067 3405 et
3098 3353 3198 3405 alii
3236 3352 3440 3421 plures
3471 3352 3624 3405 ultra

1958 3443 2288 3513 Sequanam
2340 3442 2691 3495 habitantes.
2746 3442 2888 3495 (tum
2934 3441 3114 3513 igitur
3158 3441 3397 3495 fratrem
3449 3456 3625 3495 suum

1961 3532 2281 3585 Henricum
2315 3531 2663 3585 debuissent
2685 3531 2971 3601 adjuvare
3004 3532 3175 3601 eique
3206 3530 3538 3599 providere,
3563 3532 3626 3583 ut

1960 3623 2117 3675 sicut
2148 3620 2327 3675 frater
2360 3635 2559 3674 eorum
2592 3623 2646 3673 et
2675 3619 2830 3673 illius
2863 3620 3027 3690 regis
3048 3618 3474 3673 honorabiliter
3494 3633 3625 3688 pos-

1960 3715 2051 3766 set
2095 3711 2316 3778 vivere,
2352 3709 2422 3763 de
2453 3711 2571 3761 tota
2610 3710 2763 3761 terra
2797 3708 2981 3777 patris
3024 3708 3117 3761 sui
3149 3724 3283 3762 eum
3329 3706 3626 3777 expellere

1961 3800 2150 3853 conati
2199 3802 2354 3853 sunt.
2406 3798 2571 3851 Unde
2622 3797 2834 3850 accidit
2867 3800 2927 3849 ut
2959 3797 3210 3867 quadam
3260 3796 3388 3849 vice
3432 3795 3627 3863 ipsum

1962 3888 2270 3942 obsidione
2291 3888 2599 3957 cingerent
2630 3887 2684 3937 in
2712 3888 2904 3939 monte
2932 3885 3131 3939 Sancti
3156 3883 3481 3937 Michaelis.
3510 3881 3628 3935 Sed

1960 3977 2079 4029 illis
2112 3976 2328 4029 ibidem
2360 3975 2660 4028 incassum
2712 3974 2810 4027 diu
2852 3974 3261 4027 laborantibus
3293 3974 3349 4026 et
3388 3971 3459 4025 ad
3496 3969 3627 4023 ulti-

1962 4081 2120 4118 mum
2152 4064 2301 4117 inter
2331 4079 2395 4115 se
2427 4061 2880 4129 dissidentibus,
2912 4076 3113 4114 comes
3155 4060 3450 4114 Henricus
3483 4058 3619 4112 inde

1963 4154 2150 4207 libere
2182 4152 2387 4205 exiens
2408 4150 2681 4219 Oppidum
2710 4150 3173 4202 munitissimum
3203 4149 3439 4201 nomine
3466 4148 3630 4200 Dam~

1964 4243 2212 4295 frontem
2245 4238 2565 4309 sagacitate
2584 4235 3211 4306 cujusdamindigenae
3232 4234 3516 4303 suscepit.
3549 4233 3609 4286 In

1963 4330 2315 4401 dignabatur
2360 4325 2515 4379 enim
2563 4325 2885 4393 praedictus
2930 4324 3228 4394 indigena,
3280 4324 3479 4392 utpote
3528 4321 3624 4374 vir

1966 4418 2181 4473 nobilis
2205 4422 2262 4471 et
2280 4417 2469 4483 dives,
2487 4414 2911 4484 oppressiones
2944 4412 3195 4481 amplius
3214 4411 3462 4481 perpeti,
3479 4425 3629 4480 quas

1966 4509 2261 4562 liobertus
2298 4506 2368 4560 de
2411 4504 2694 4571 Belismo,
2723 4502 2898 4556 homo
2930 4501 3103 4555 ferox
3137 4504 3191 4553 et
3212 4500 3427 4554 mentis
3462 4498 3632 4552 inhu-

1962 4613 2171 4666 manae,
2211 4596 2323 4649 sibi
2358 4599 2413 4648 et
2443 4594 2575 4647 aliis
2615 4591 2993 4646 convieaneis
3025 4589 3333 4658 inferebat,
3366 4588 3463 4658 qui
3492 4591 3631 4641 tunc

198 4653 339 4756 de?“
365 4656 452 4756 .mi.
492 4656 845 4756 “"3335”:
866 4655 1467 4756 C,°“S‘“‘E‘,“‘iien§°‘3"
1518 4657 1631 4755 vel}
1668 4659 1728 4709 ut
1758 4656 1857 4756 nl,“
1885 4653 2246 4756 Dtemporis
2277 4684 2418 4737 illud
2451 4686 2709 4735 castrum
2742 4678 3106 4749 possidebat.
3138 4653 3634 4742 Quod'ta—ntadili-

198 4742 403 4813 volunt,
439 4745 784 4799 invadiavit.
808 4744 924 4799 Sed
943 4761 1058 4799 non
1079 4745 1301 4799 diutius
1328 4745 1464 4799 inde
1481 4745 1728 4817 gavisus
1744 4748 1854 4799 est.

202 4829 333 4884 Nam
362 4833 624 4887 inventis
666 4833 1025 4904 quibusdam
1047 4834 1267 4888 vilibus
1290 4834 1729 4901 occasionibus,
1756 4848 1860 4901 per

203 4919 475 4975 malorum
489 4926 687 4975 tamen
705 4922 1008 4976 hominum
1034 4923 1480 4994 suggestiones,
1502 4924 1697 4991 ipsum
1716 4921 1858 4974 nihil

205 5009 305 5061 tale
336 5011 717 5065 meditantem
746 5012 900 5081 apud
944 5011 1378 5082 Rothomagum
1408 5011 1668 5080 capiens,
1702 5009 1859 5081 quod

202 5095 431 5153 dederat
462 5100 812 5155 indecenter
841 5100 1109 5155 extorsit.

718 5216 739 5228 ’
829 5224 1080 5279 CAPUT
1122 5224 1217 5279 IlI.

204 5343 281 5420 De
296 5347 610 5420 concordia
634 5366 760 5420 quae
782 5348 939 5403 facta
972 5354 1063 5403 est
1089 5349 1250 5403 inter
1280 5347 1632 5403 Willelmum
1656 5366 1858 5420 regem

234 5418 559 5489 Anglorum
581 5418 983 5474 etiiobertum
1016 5421 1220 5474 ducem
1246 5420 1699 5475 Nortlimannite
1728 5418 1858 5474 Tra—

238 5492 380 5541 trem
414 5490 563 5559 ejus,
596 5496 651 5544 et
680 5492 959 5562 quomodo
987 5491 1351 5545 obsederunt
1382 5491 1706 5545 Henricum
1729 5492 1856 5545 fra-

238 5564 382 5613 trem
411 5577 579 5613 suum
610 5563 670 5615 in
697 5563 903 5617 Monte
933 5563 1143 5617 Sancti
1170 5563 1510 5618 Michaelis.

274 5666 412 5720 Post
451 5666 603 5737 haec,
653 5670 951 5739 aliquanto
995 5669 1277 5739 temporis
1312 5684 1575 5739 emenso,
1611 5686 1861 5725 concor-

210 5751 355 5810 diam
377 5756 645 5813 fecerunt
661 5758 734 5813 ad
751 5758 1005 5815 invicem
1034 5757 1373 5815 Willelmus
1400 5776 1505 5815 rex
1532 5760 1861 5834 Anglorum

1969 4776 2163 4849 gentia
2198 4772 2489 4827 Henricus
2523 4770 2731 4825 exinde
2765 4768 3098 4835 custodivit,
3134 4770 3394 4836 ctusque
3428 4764 3501 4817 ad
3520 4766 3631 4816 ter-

1969 4866 2186 4918 minum
2220 4864 2353 4915 vitae
2389 4862 2546 4914 illius
2595 4860 2653 4911 in
2697 4874 2805 4912 suo
2838 4856 3094 4911 dominio
3136 4854 3423 4908 habuerit.
3457 4852 3627 4905 Circa

1965 4954 2093 5008 haec
2143 4957 2421 5021 tempora,
2464 4949 2714 5002 abeunte
2748 4947 2973 5001 Joanne
3005 4944 3452 5013 archiepiscopo
3506 4941 3629 4994 lio-

1969 5039 2360 5108 thomagensi,
2395 5038 2692 5091 successit
2715 5035 3053 5089 VVillelmus
3072 5033 3257 5087 abbas
3288 5030 3486 5086 Sancti
3505 5029 3639 5084 Ste-

1976 5130 2154 5201 phani
2183 5127 2442 5181 Cadomi.

2620 5210 2872 5266 CAPUT
2906 5213 3003 5267 IV.

2044 5325 2206 5392 Quod
2235 5320 2521 5398 redeunte
2554 5318 3010 5398 ll’illelinoi°ego
3045 5319 3103 5398 in
3124 5317 3403 5398 Angliam
3419 5315 3645 5370 Henrié

2004 5389 2452 5452 cuscomitatum
2473 5389 3059 5445 Constantiniensem
3082 5392 3144 5443 in
3174 5389 3459 5443 ditionem
3476 5402 3639 5441 suam

2004 5486 2073 5524 re
2088 5467 2337 5523 vocavit.

2044 5548 2348 5630 Iiedeunte
2381 5573 2573 5624 autem
2601 5567 2895 5627 Willelmo
2918 5583 3061 5638 rege
3083 5568 3139 5620 in
3168 5566 3463 5638 Angliam,
3484 5564 3647 5619 IIen—

1969 5665 2134 5719 ricus
2181 5661 2337 5716 haud
2380 5658 2650 5729 segniter
2695 5658 3031 5711 eomitalum
3074 5654 3649 5709 Constantiniensem

1973 5755 2073 5828 qui
2107 5751 2223 5808 sibi
2271 5747 2663 5804 fraudulentia
2693 5748 2827 5801 ante
2872 5747 3217 5818 praereptus
3261 5741 3468 5812 fuerat,
3513 5756 3650 5796 con-
