3940 6174
385 350 561 413 ’883

1174 344 1592 406 WILLELMI
1638 342 2007 406 CALCULI
2046 322 2724 409 GEMMETICENSIS
2771 346 3146 410 MONACHI
3676 354 3761 422 εει

441 567 627 606 sensu
652 550 926 603 Willelmi
956 548 1116 619 regis
1148 550 1204 601 et
1230 546 1445 601 auxilio
1476 544 1755 599 Richardi
1779 544 1850 597 de
1874 544 2107 597 Revers
2150 532 2175 585 \
2219 547 2269 599 ei
2284 545 2342 599 in
2360 546 2646 617 regimine
2662 546 3059 617 ejusdemloei
3075 547 3765 605 WillelmusdeBellomonte

444 642 502 693 et
534 639 774 710 Rogerii
808 638 880 691 de
912 636 1124 706 Magna
1156 634 1324 701 Villa,
1374 650 1448 686 ex
1488 631 1698 701 majori
1730 635 1892 700 parte
1929 632 1986 683 in
2019 631 2110 684 di-

442 727 660 782 tionem
710 742 878 780 suam
908 723 1227 778 revocavit.
1274 722 1341 775 Et
1371 721 1507 791 quia
1537 721 1597 774 in
1629 720 1740 773 hoc
1770 720 2006 789 negotio
2053 722 2110 772 et

441 816 506 869 in
528 814 661 868 aliis
682 814 985 883 plerisque
1017 812 1147 866 suis
1174 809 1656 876 necessitatibus,
1694 808 1870 879 Hugo
1904 823 2106 861 comes

439 902 781 957 Castrensis
813 901 867 954 ei
894 900 1085 954 fidelis
1118 901 1442 967 exstiterat,
1478 897 1778 952 concessit
1797 896 1849 950 ei
1871 912 1946 950 ex
1966 897 2109 949 inte-

451 1006 561 1062 gro
594 991 918 1056 castellum,
952 988 1105 1058 quod
1135 986 1330 1041 Sancti
1364 986 1567 1039 Jacobi
1618 985 1971 1054 appellatum
1993 986 2104 1053 est,

445 1081 505 1133 in
528 1095 644 1149 quo
674 1079 827 1132 idem
859 1093 1060 1131 comes
1088 1080 1221 1130 tunc
1253 1076 1538 1145 temporis
1571 1073 1715 1128 nihil
1747 1073 1903 1126 aliud
1928 1072 2108 1125 habe-

432 1167 550 1235 bat,
601 1169 818 1235 praater
862 1164 1188 1218 custodiam
1240 1162 1583 1216 munitionis
1629 1162 1820 1230 ipsius
1882 1159 2103 1230 oppidi.

438 1254 783 1307 Willelmus
827 1253 1120 1323 siquidem
1180 1267 1285 1305 rex
1332 1250 1659 1321 Anglorum
1706 1249 1908 1303 senior
1966 1247 2107 1300 illud

438 1341 782 1396 condiderat
815 1340 873 1393 in
914 1339 1166 1393 confinio
1199 1337 1648 1392 Northmanniaa
1684 1340 1741 1391 et
1786 1335 2104 1389 Britanniae

434 1429 719 1498 minoris;
751 1445 885 1482 cum
916 1432 1047 1482 ante
1086 1428 1307 1481 bellum
1330 1427 1646 1498 Anglicum
1677 1429 1879 1480 contra
1910 1423 2104 1478 Cona-

438 1534 577 1574 num
625 1518 898 1572 comitem
930 1516 1247 1570 Britanniae
1301 1515 1485 1568 filiuni
1514 1515 1725 1568 Alanni
1765 1511 2106 1567 consobrini

440 1608 557 1677 sui,
591 1607 705 1660 sibi
754 1623 869 1660 non
901 1606 1423 1674 obtemperantem,
1475 1603 1803 1657 exercitum
1834 1601 2095 1655 duceret.

438 1693 529 1748 Ne
549 1693 733 1765 igitur
764 1692 1015 1761 amplius
1048 1691 1301 1745 famelici
1324 1690 1640 1760 praedones
1674 1689 1978 1742 Britonum
2010 1702 2106 1740 ec-

437 1781 649 1836 clesiis
682 1780 1031 1847 inermibus,
1066 1781 1162 1832 aut
1194 1779 1396 1833 ultimo
1426 1781 1601 1831 terrae
1634 1793 1759 1831 suae
1791 1776 1971 1847 vulgo
1995 1790 2103 1828 ex-

438 1869 820 1922 cursionibus
852 1867 1339 1920 latrocinantibus
1372 1867 1687 1933 nocerent;
1720 1863 1863 1916 illud
1892 1862 1965 1916 ad
1998 1877 2104 1916 eos
2138 1903 2180 1958 Β

440 1956 731 2010 arcendos
791 1955 1120 2008 institutum
1169 1954 1406 2007 tradidit
1464 1952 1756 2006 llichardo
1812 1951 2102 2004 Abrinca-

435 2043 594 2124 tensi
623 2042 887 2113 praesidi,
919 2042 1067 2110 patri
1096 2042 1369 2095 videlicet
1398 2040 1666 2110 praedicti
1709 2037 1942 2094 comitis
1976 2038 2104 2092 Hu-

439 2129 636 2185 goms.

1091 2219 1343 2272 CAPUT
1384 2218 1453 2272 V.

440 2325 604 2392 Quod
621 2325 1139 2381 Cenomannenses
1151 2325 1227 2378 ad
1238 2331 1544 2379 vertentes
1558 2325 1763 2379 ducem
1780 2322 2105 2377 Bobertum

476 2404 812 2469 occupatum
829 2397 1108 2466 plurimis
1114 2396 1638 2469 pertubat‘ironibus
1658 2395 2102 2469 inNorthman-

475 2470 594 2534 nia,
613 2464 896 2523 Tecerunt
917 2469 1040 2522 sibi
1071 2464 1340 2522 comitem
1375 2467 1606 2521 [Ie/iam
1643 2466 1826 2520 lilium
1859 2464 2107 2520 Joannis

476 2540 551 2593 de
580 2538 780 2593 Fleca.

512 2644 739 2698 Interea
779 2644 1307 2698 Cenomanncnscs
1337 2645 1713 2698 advertentes
1744 2643 1953 2697 ducem
1990 2642 2106 2694 Ilo-

437 2732 672 2787 bertum
700 2736 783 2785 tot
815 2732 1359 2802 perturbationibus
1383 2733 1441 2785 in
1474 2730 1900 2786 Northmanuia
1930 2744 2108 2782 occu-

436 2822 658 2890 patum,
708 2819 1019 2873 consilium
1072 2819 1275 2873 ineunt
1332 2835 1466 2872 cum
1517 2819 1685 2872 Helia
1746 2816 1992 2871 Joannis
2034 2816 2106 2869 de

439 2907 635 2978 Fleca,
682 2907 808 2961 viro
862 2906 999 2960 forti
1052 2910 1107 2960 et
1149 2907 1441 2961 industrio
1476 2910 1530 2960 et
1569 2907 1628 2960 in
1664 2907 1760 2960 illa
1803 2905 2109 2976 provincia

436 2997 874 3068 potentissimo,
935 3003 996 3050 ut
1034 2995 1213 3048 ﬁliam
1263 2995 1577 3066 cujusdam
1611 2996 1841 3049 comitis
1874 2995 2108 3065 Lango-

436 3085 680 3155 bardiaa,
714 3089 946 3154 neptem
971 3084 1246 3137 videlicet
1270 3083 1579 3138 Hcreberti
1602 3084 1896 3154 quondam
1919 3081 2108 3136 Ceno-

438 3175 783 3228 mannensis
807 3172 1039 3227 comitis
1072 3187 1145 3225 ex
1177 3172 1569 3243 primogenita
1588 3172 1782 3225 Iiliain
1812 3171 2109 3224 matrimo-

2219 635 2309 687 vir
2326 650 2441 689 non
2464 636 2906 689 contemnendae
2924 635 3230 706 religionis
3249 640 3301 689 et
3320 635 3556 705 ejusdem
3580 638 3771 691 emnobii

2220 724 2546 777 monachus
2578 724 3110 778 claustralis.Anno
3134 724 3335 778 deinde
3357 724 3600 791 secundo,
3627 725 3770 778 Urba-

2219 828 2332 865 nus
2364 829 2510 882 papa
2541 813 2600 865 in
2625 813 2842 867 Gallias
2866 815 3135 881 veniens,
3161 813 3380 866 civitate
3402 814 3660 879 Arvernis,
3677 829 3772 882 qua:

2221 900 2330 953 alio
2363 903 2596 955 nomine
2628 901 2836 955 Clarus
2868 902 3038 954 Mons
3072 901 3300 970 dicitur,
3332 900 3397 954 de
3434 900 3775 954 ecclesiasticis

2218 990 2476 1059 negotiis
2508 993 2885 1055 tractaturus,
2920 989 3235 1043 concilium
3265 989 3623 1059 congregavit.
3665 987 3778 1041 Inter

2218 1076 2327 1129 alia
2360 1093 2522 1146 vero,
2556 1095 2687 1148 quae
2711 1078 2786 1130 ibi
2818 1078 3135 1132 salubriter
3156 1077 3453 1147 disposuit,
3472 1076 3692 1130 hortatus
3716 1080 3780 1129 est

2216 1166 2420 1219 ﬁdeles
2442 1172 2552 1219 tam
2571 1171 2899 1236 praesentes
2913 1182 3087 1237 quam
3101 1167 3393 1229 absentes,
3408 1164 3780 1218 utadliberanda

2217 1260 2421 1308 saneta
2452 1256 2579 1309 loca
2612 1257 2681 1309 de
2712 1259 2999 1325 potestate
3028 1269 3407 1326 paganorum,
3438 1270 3466 1305 a
3488 1252 3781 1322 quibustunc

2215 1358 2503 1411 possessa
2534 1344 3097 1412 contaminabantur,
3135 1341 3489 1396 Hierusalem
3514 1357 3605 1410 pro
3631 1338 3784 1393 remis-

2217 1430 2383 1485 sione
2415 1446 2774 1486 excessuum
2804 1447 3048 1486 suorum
3080 1432 3251 1485 irent.

2839 1520 3091 1573 CAPUT
3122 1519 3248 1572 VII.

2217 1606 2379 1673 Quod
2398 1604 2699 1663 Hd'bertus
2719 1609 2841 1663 dux
2854 1608 3325 1677 Northmanniw,
3346 1607 3404 1660 in
3414 1605 3625 1677 vadiate
3632 1604 3786 1677 ducatu

2285 1696 2387 1734 sua
2414 1680 2701 1734 Willelmo
2747 1681 2883 1751 regi
2907 1679 3236 1751 Anglorum
3258 1675 3436 1733 fratri
3451 1692 3563 1744 suo,
3580 1675 3790 1729 Hierusa-

2212 1754 2327 1808 lem
2355 1752 2652 1823 perrexit.

2284 1842 2469 1911 Igitur
2489 1856 2642 1894 anno
2666 1840 2937 1910 sequenti
2958 1840 3065 1893 hac
3083 1838 3281 1891 divina
3297 1836 3665 1891 exhortatione
3690 1850 3788 1904 pcr-

2213 1931 2352 1984 moti
2375 1945 2581 1985 omnes
2607 1929 2731 1982 fere
2759 1928 3003 1982 famosae
3023 1927 3333 1997 probitatis
3354 1927 3554 1978 milites
3574 1925 3786 1978 Occidus

2212 2020 2501 2090 regionis,
2522 2022 2637 2072 tam
2660 2019 2926 2071 illustres
2948 2032 3123 2086 quam
3145 2016 3347 2069 caeteri
3362 2014 3574 2085 privati,
3593 2014 3683 2066 iter
3698 2027 3791 2064 san-

2215 2112 2324 2163 cta
2342 2107 2838 2179 peregrinationis
2856 2107 3076 2160 ineunt.
3093 2104 3218 2169 Quo
3231 2103 3519 2158 desiderio
3536 2114 3794 2157 succensus

2219 2197 2515 2250 Robertus
2537 2197 2655 2249 dux
2676 2194 3241 2262 Northmannorum,
3265 2192 3543 2246 Willelmo
3565 2190 3701 2243 fratri
3718 2202 3792 2240 suo

2214 2287 2346 2358 regi
2377 2285 2703 2357 Anglorum
2725 2300 2832 2354 per
2863 2283 3129 2337 nuntium
3150 2282 3464 2351 mandavit,
3487 2286 3545 2334 ut
3565 2281 3616 2333 in
3632 2276 3797 2332 North-

2215 2375 2511 2428 manniam
2542 2374 2891 2428 festinanter
2919 2373 3134 2441 veniat,
3169 2371 3446 2425 ducatum
3473 2384 3627 2423 suum
3660 2379 3796 2435 usque

2215 2464 2287 2517 ad
2311 2465 2559 2519 reditum
2580 2463 2771 2533 ipsius
2792 2462 3121 2529 habiturus,
3143 2461 3215 2515 de
3232 2459 3525 2515 thesauris
3544 2456 3799 2527 Anglorum

2217 2553 2430 2622 opimis
2454 2568 2620 2607 suam
2639 2555 2695 2606 et
2715 2568 2958 2606 suorum
2979 2550 3365 2621 indigentiam
3382 2543 3795 2613 obitersuppleat.

2220 2642 2416 2713 Hujus
2448 2646 2640 2696 autem
2658 2641 2976 2712 legationis
2999 2639 3200 2693 nuntio
3219 2638 3574 2693 exhilaratus
3596 2649 3686 2687 rex
3699 2629 3795 2682 Wil-

2214 2732 2428 2785 lelmus
2461 2732 2518 2784 in
2544 2730 3030 2785 Northmanniam
3052 2727 3467 2793 transfretans,
3500 2725 3672 2779 decies
3691 2719 3801 2773 mille

2216 2836 2447 2874 mai-cas
2478 2820 2707 2891 argenti
2725 2836 2794 2873 ea
2820 2818 3151 2873 conditione
3178 2818 3440 2871 Iloberto
3464 2813 3587 2867 duci
3606 2822 3803 2866 commo-

2214 2910 2373 2963 davit
2405 2911 2481 2972 ut,
2518 2909 2776 2979 quandiu
2808 2908 2963 2961 idem
2984 2908 3103 2960 dux
3133 2906 3192 2958 in
3222 2905 3503 2974 praedicta
3532 2898 3804 2972 peregrina-

2214 3000 2371 3053 tione
2395 3003 2740 3065 moraretur,
2767 2998 2895 3067 ipse
2913 2997 3184 3051 ducatum
3203 2991 3634 3047 Northmanniae
3650 3002 3731 3058 pro
3746 2985 3806 3038 eis

2215 3089 2439 3143 vadens
2471 3088 2734 3152 haberet,
2768 3087 2929 3140 illum
2965 3085 3099 3138 duci
3130 3085 3533 3151 restituturus,
3567 3094 3679 3134 cum
3716 3076 3809 3144 ipse

2215 3178 2329 3230 sibi
2359 3180 2740 3246 praataxatam
2764 3174 3074 3245 pecuniam
3102 3172 3344 3226 rediens
3367 3167 3806 3238 reconsignasset.

438 3262 603 3317 nium
633 3263 844 3327 ducat;
892 3261 1299 3315 existimantes
1334 3260 1444 3314 hac
1481 3261 1797 3314 occasione
1828 3274 1894 3313 se
1924 3273 2106 3328 posse
2138 3260 2187 3318 C
2216 3266 2325 3320 His
2358 3266 2551 3335 itaque
2583 3264 2793 3336 gestis,
2828 3277 3029 3317 comes
3075 3261 3377 3314 Henricus
3423 3257 3648 3313 contulit
3686 3267 3738 3307 se
3760 3248 3809 3301 ad

437 3356 713 3406 excutere
745 3368 776 3404 a
807 3366 916 3404 sua
938 3350 1170 3403 cervice
1195 3348 1410 3420 jugum
1444 3348 1858 3402 dominationis
1890 3348 2106 3401 ducum

437 3440 902 3495 Northmanniae.
922 3439 983 3492 ln
998 3454 1113 3507 quo
1129 3438 1543 3507 persuadendo
1566 3439 1787 3492 diutius
1803 3438 2105 3491 immorari

438 3529 559 3582 illis
606 3543 858 3581 necesse
920 3543 1035 3580 non
1085 3526 1213 3594 fuit,
1275 3542 1407 3579 cum
1460 3527 1582 3597 jam
1625 3527 1961 3581 nominatus
2011 3526 2105 3579 vir

438 3617 674 3671 illorum
695 3615 1150 3668 admonitionem
1175 3614 1393 3668 dudum
1412 3632 1521 3669 suo
1545 3620 1680 3669 voto
1702 3616 2101 3686 praeveniens,

436 3706 796 3760 voluntatem
827 3720 1031 3757 eorum
1066 3719 1247 3772 super
1269 3704 1380 3757 hoc
1404 3705 1664 3774 negotio,
1698 3707 2104 3773 praetermissa

440 3793 598 3847 omni
629 3792 926 3860 dilatione,
961 3792 1031 3845 ad
1072 3790 1344 3845 allectum
1400 3792 1692 3861 perduxit.
1737 3793 1859 3846 Nec
1908 3794 2105 3863 ipsum

439 3896 548 3936 nec
581 3880 957 3934 consiliarios
988 3897 1154 3948 suos,
1189 3881 1259 3935 ab
1284 3881 1392 3935 hac
1412 3880 1755 3936 rebellionis
1776 3900 2106 3954 praesump-

439 3970 596 4024 tione
646 3970 948 4023 revocavit
994 3970 1344 4025 deterrendo
1394 3971 1552 4040 quod
1609 3973 1937 4042 antiquitus
1991 3974 2103 4027 sub

440 4059 979 4113 Northmannorum
1023 4059 1239 4112 ducum
1295 4060 1512 4114 ditione
1561 4062 1728 4132 regio
1772 4061 2102 4116 Cenoman-

437 4148 568 4202 nica
585 4149 725 4219 egit,
752 4149 842 4201 vel
857 4148 1012 4218 quod
1031 4152 1234 4202 nostra
1254 4149 1531 4203 memoria
1554 4150 1965 4203 nobilissimus
1980 4150 2099 4203 dux

437 4236 1545 4307 NorthmannorumWillelmus,postca
1560 4254 1699 4293 vero
1715 4239 2099 4294 felicissimus

437 4326 765 4398 Anglorum
797 4330 1184 4398 expugnator,
1206 4327 1447 4381 eosdem
1478 4326 1994 4382 Cenomannenses
2027 4328 2100 4383 de

438 4416 826 4486 oppressione
857 4415 1122 4469 Gaufridi
1172 4415 1420 4470 Martelli
1489 4416 1750 4471 senioris
1814 4417 2096 4485 liberans,

437 4504 535 4559 alii
581 4521 708 4559 suae
764 4505 1150 4573 protectionis
1212 4506 1489 4576 munitos,
1537 4506 1731 4576 quoad
1774 4507 1919 4560 vixit
1966 4507 2100 4561 illos

2214 3370 2419 3426 regem
2449 3354 2834 3421 V’Villelmum,
2861 3356 3034 3422 atque
3067 3350 3310 3404 omnino
3331 3366 3462 3403 cum
3484 3363 3549 3401 eo
3571 3338 3808 3402 remansit,

2215 3446 2307 3499 cui
2333 3444 2486 3498 idem
2510 3459 2615 3498 rex
2638 3443 2974 3497 comitatum
2994 3439 3570 3495 Constantiniensem
3589 3438 3639 3488 et
3679 3426 3812 3497 Baja-

2215 3549 2475 3602 eensem,
2506 3537 2725 3602 praeter
2757 3532 3051 3585 civitatem
3082 3528 3342 3599 Bajocas
3376 3531 3433 3581 et
3464 3523 3709 3594 Oppidum
3733 3516 3812 3569 Ca-

2216 3624 2391 3692 domi,
2424 3638 2497 3676 ex
2518 3623 2752 3692 integro
2786 3620 3106 3673 concessit.
3130 3618 3255 3672 Hoc
3277 3622 3538 3687 tempore
3557 3608 3815 3684 prazdicllls

2215 3728 2320 3766 rex
2370 3711 2706 3765 Willelmus
2757 3709 2895 3762 fecit
2946 3707 3237 3778 quoddam
3287 3706 3591 3760 castellum
3636 3694 3814 3752 nomine

2211 3802 2419 3856 Gisorz
2448 3801 2508 3854 in
2538 3799 2790 3854 confinio
2824 3796 3267 3851 Northmanniae
3301 3798 3359 3849 et
3390 3790 3662 3851 Francim.
3701 3777 3814 3854 (ιιιοά

2212 3906 2373 3961 saepe
2403 3890 2736 3944 nominatus
2768 3887 2947 3940 frater
2978 3885 3112 3955 ejus
3136 3884 3459 3953 Henricus,
3480 3881 3575 3952 qui
3595 3878 3646 3932 ei
3670 3871 3816 3928 divina

2212 3959 2604 4049 dispositione
2619 3974 3238 4043 succcssit,m(nnibus
3252 3972 3535 4027 ambitum
3548 3959 3818 4023 etturribus
3903 3959 3905 4025 l

2214 4068 2473 4123 excelsis
2506 4064 2964 4138 inexpugnabile
2996 4062 3270 4117 reddidit.

2825 4152 3077 4207 CAPUT
3110 4150 3261 4205 VIII.

2211 4266 2299 4319 De
2307 4263 2484 4337 probi
2488 4270 2543 4337 ta
2553 4268 2607 4317 te
2619 4262 2735 4337 ipsi
2742 4277 2807 4337 us
2844 4258 3120 4313 Willelmi
3130 4259 3193 4337 in
3206 4252 3647 4337 negotiisregni
3657 4238 3827 4337 etquod

2278 4326 2614 4390 Ecclesiam
2642 4326 2759 4388 Dei
2791 4338 2848 4386 et
2879 4346 3094 4385 servos
3123 4330 3253 4401 ejus
3278 4326 3629 4400 persecutus
3657 4326 3750 4375 est.

2280 4444 2361 4497 De
2394 4442 2531 4512 ipso
2588 4442 2783 4494 autem
2813 4437 3105 4491 Willelmo
3151 4436 3248 4489 his
3295 4433 3609 4489 Annalium
3635 4420 3822 4498 paginis

2206 4546 2525 4601 possemus
2544 4530 2829 4597 inserere,
2850 4526 3006 4597 quod
3025 4524 3208 4579 semel
3226 4528 3283 4578 et
3301 4525 3516 4578 iterum
3535 4516 3812 4601 Wallenses

437 4597 499 4649 ut
526 4594 802 4664 proprios
833 4594 1006 4662 rexit,
1040 4611 1107 4647 ac
1139 4596 1267 4647 suis
1304 4594 1768 4648 successoribus
1803 4596 2099 4667 regendos

2218 4621 2380 4675 lucto
2413 4618 2678 4673 exercitu
2710 4618 2769 4670 in
2803 4617 3066 4685 ipsorum
3094 4614 3271 4667 finem
3302 4612 3424 4666 sibi
3453 4607 3691 4664 rebelles
3717 4596 3823 4654 sub-

434 4684 696 4779 moriens
728 4683 983 4779 dimisit.
1261 4682 1479 4779 factum
1673 4687 1732 4779 ut
1762 4683 1936 4779 paulo
1966 4687 2103 4754 post
2196 4709 2462 4779 iugavit;
2494 4706 2767 4778 quodque
2797 4682 2931 4776 {egi
2960 4703 3275 4758 Scotorum
3326 4700 3631 4763 Malcomo,
3671 4686 3820 4762 quiin

434 4775 679 4827 mortem
724 4772 914 4842 ipsius
960 4771 1124 4842 regis
1156 4771 1310 4825 idem
1343 4770 1464 4825 dux
1516 4772 1839 4839 Robertus,
1875 4772 1946 4826 de
1980 4789 2101 4843 quo

434 4877 591 4916 nunc
620 4877 818 4915 sermo
849 4864 960 4930 est,
995 4862 1052 4913 in
1086 4860 1373 4930 principio
1406 4860 1499 4914 sui
1533 4861 1785 4914 ducatus
1807 4860 1931 4932 jam
1966 4866 2103 4916 tunc

434 4950 780 5005 rebellionis
829 4949 1251 5003 contumaciam
1290 4954 1642 5004 attentantes
1688 4951 1746 5003 in
1787 4951 1938 5020 ipsis
1972 4951 2101 5004 suis

434 5039 675 5107 finibus,
727 5040 900 5094 ducto
935 5038 1199 5093 exercitu
1232 5039 1776 5094 Northmannorum
1808 5056 1912 5094 eos
1945 5055 2101 5095 com-

432 5129 684 5196 pescuit.
1478 5122 1487 5129 ”

1068 5236 1319 5290 CAPUT
1364 5236 1458 5291 VI.

439 5339 602 5405 Quod
616 5348 914 5415 assumpto
935 5343 1220 5396 Anselmo
1244 5343 1460 5398 abbate
1480 5344 1663 5398 Βροσί
1675 5344 1750 5398 ad
1771 5344 2099 5415 archiepis-

473 5418 734 5486 copatum
753 5412 830 5464 Ca
839 5415 1108 5486 aleariae,
1126 5416 1183 5463 ιν
1198 5415 1381 5469 illelm
1390 5432 1455 5469 us
1478 5415 1741 5486 ejusdem
1766 5415 1880 5469 loci
1904 5412 2099 5469 mona-

470 5482 616 5537 clius
645 5482 985 5537 claustralis
1006 5482 1316 5540 successit.

504 5590 620 5644 Per
672 5589 828 5645 idem
884 5594 1138 5660 tempus,
1188 5596 1497 5662 assumpto
1550 5593 1832 5648 Anselmo
1891 5593 2100 5649 abbate

432 5680 722 5739 Beccensi
739 5680 807 5736 ad
834 5679 1411 5751 archiepiscopatum
1427 5681 1780 5754 Cautuariae,
1808 5683 2108 5740 successit

2208 4798 2482 4868 Angliam
2527 4775 2853 4850 exercitum
2887 4775 3245 4860 adduxerat,
3280 4806 3418 4845 cum
3464 4802 3572 4843 suo
3611 4775 3825 4868 exercitil

2207 4860 2477 4955 obvians,
2513 4900 2645 4939 eum
2678 4884 2749 4937 ad
2783 4898 2915 4953 quia
2945 4880 3130 4935 voluit
3171 4883 3343 4949 pacta
3376 4874 3684 4933 inclinavit.
3710 4860 3823 4955 Illud

2207 4976 2378 5029 etiam
2399 4973 2804 5042 nihilominus,
2829 4970 2987 5042 quod
3008 4986 3141 5024 cum
3158 4969 3431 5023 audisset
3448 4964 3664 5021 Heliam
3680 4950 3824 5013 comi-

2211 5068 2326 5118 tem
2355 5063 2870 5116 Cenomannorum
2899 5061 2960 5114 in
2989 5060 3119 5128 ipsa
3143 5059 3288 5112 urbe
3308 5051 3721 5111 Cenomannica
3749 5044 3824 5095 hO'

2213 5154 2400 5207 mines
2444 5168 2610 5221 suos,
2662 5150 2941 5204 auxilium
2986 5148 3041 5202 ei
3086 5147 3310 5202 ferente
3364 5145 3620 5199 Fulcone
3659 5130 3823 5191 comite

2208 5242 2691 5313 Andegavorum,
2744 5238 3088 5303 obsedisse;
3140 5236 3468 5290 abstulerat
3516 5231 3663 5286 enim
3702 5222 3822 5313 illam

2208 5310 2413 5385 urbem
2445 5331 2699 5400 primum
2746 5328 2949 5383 IIelias
2980 5326 3318 5381 hominibus
3352 5323 3539 5395 regis,
3573 5316 3672 5374 sed
3698 5310 3822 5400 cives

2207 5421 2419 5475 iterum
2469 5419 2599 5491 regi
2646 5418 3046 5486 reddiderant,
3080 5414 3233 5469 unde
3278 5429 3385 5468 eos
3428 5413 3634 5465 iterum
3666 5398 3823 5491 Helias

2206 5510 2542 5575 obsederat;
2569 5509 2700 5578 hoc,
2721 5508 2980 5578 inquam,
3001 5505 3219 5573 audito,
3236 5518 3369 5557 cum
3392 5497 3623 5555 essetin
3636 5486 3822 5560 Anglia:

2206 5599 2514 5653 accersitis
2537 5613 2689 5669 quos
2706 5600 2845 5651 tunc
2872 5595 3023 5650 forte
3054 5609 3258 5648 secum
3289 5590 3545 5645 habebat
3576 5578 3819 5669 militibus

2205 5689 2505 5761 imperans
2536 5659 2598 5741 ut
2630 5686 2843 5759 reliqui
2871 5685 2971 5757 qui
2995 5684 3241 5740 aberant
3264 5695 3329 5737 se
3361 5676 3748 5755 sequerentur,
3767 5659 3823 5716 ab
