3940 6174
154 344 248 410 885

155 560 284 600 mare
296 544 526 614 veniens,
545 563 676 600 cum
695 552 908 604 ventus
934 553 1096 606 esset
1108 554 1440 609 contrarius
1462 556 1521 609 in
1536 556 1744 611 North-
1773 541 1827 600 Α

154 634 393 688 manniam
419 634 861 692 transfretaturo
892 642 1096 694 contra
1125 645 1364 697 ventum
1394 644 1635 699 intravit
1658 662 1753 716 pe-

149 721 305 791 lagus,
336 720 520 775 dicens
550 738 615 777 se
644 740 947 796 nunquam
993 729 1235 784 audisse
1278 731 1348 785 de
1378 732 1576 803 aliquo
1607 750 1750 806 rege

147 810 271 880 quod
295 809 577 881 naufragio
624 815 897 882 perisset.
931 816 1326 889 Transitoque
1377 823 1556 891 mari,
1592 824 1755 878 velut

149 900 314 951 contra
340 898 444 952 vim
489 899 931 974 elementorum,
973 907 1293 975 praedictos
1344 910 1589 965 comites
1622 912 1752 967 solo

145 985 307 1039 auditu
335 987 422 1040 sui
445 989 728 1045 adventus
757 992 830 1046 ab
863 993 1174 1050 obsidione
1200 997 1449 1068 fugavit.
1488 1000 1753 1070 Haee,in-

144 1090 301 1143 quam,
331 1078 380 1129 et
404 1076 508 1131 alia
530 1077 624 1132 his
638 1080 873 1151 similia,
896 1082 967 1136 de
994 1083 1093 1137 illo
1111 1086 1405 1141 veraciter
1424 1103 1749 1157 possemus

143 1163 362 1232 referre,
406 1165 515 1220 nisi
559 1166 713 1221 facta
745 1168 900 1240 ejus,
938 1172 1073 1242 quia
1104 1173 1393 1243 plurimos
1439 1192 1750 1231 servorum

144 1250 224 1304 Dei
249 1256 297 1306 et
309 1257 553 1308 sanctam
577 1255 907 1312 Ecclesium
932 1276 1047 1315 non
1069 1261 1371 1317 minimum
1392 1269 1751 1334 persecutus

140 1343 227 1408 cst,
248 1340 384 1395 unde
406 1357 559 1412 sero,
584 1348 640 1399 et
671 1345 1099 1403 infructuosam
1120 1353 1179 1405 ut
1208 1352 1477 1421 pluribus
1509 1354 1749 1424 sapien-

138 1426 265 1481 tibus
279 1430 640 1503 videtur,egit
655 1435 1328 1510 puenitentiam,dignum
1338 1439 1361 1510 j
1372 1441 1442 1495 ud
1453 1442 1748 1497 icaremus

135 1519 336 1585 prepter
353 1518 609 1574 ordinem
633 1521 899 1579 historiae
921 1527 1293 1583 solummodo
1306 1529 1569 1584 breviter
1585 1532 1750 1585 attin-

135 1618 247 1673 gere
268 1608 318 1659 et
355 1606 423 1661 ad
454 1611 622 1663 actus
672 1611 912 1667 Henrici
944 1614 1097 1669 divae
1127 1618 1427 1672 memoriae
1458 1617 1663 1673 fratris
1692 1623 1750 1674 et

136 1696 463 1749 successoris
492 1698 609 1764 sui,
652 1700 750 1769 qui
778 1701 943 1755 viros
974 1704 1295 1775 religiosos
1327 1710 1384 1761 et
1417 1706 1747 1763 Ecclesium

132 1779 211 1834 Dei
234 1786 577 1855 protegendo
608 1791 666 1841 et
694 1790 976 1846 auxilium
1008 1792 1272 1863 ferendo,
1300 1796 1611 1850 admodum
1639 1812 1744 1852 ve-

126 1874 325 1925 neratus
356 1876 463 1941 est,
494 1875 790 1944 prolixius
823 1879 1211 1949 explicandus
1245 1883 1533 1938 vellemus
1567 1901 1742 1940 acce-
1771 1847 1824 1908 B

123 1956 250 2013 dere.
273 1959 478 2016 Eodem
498 1963 803 2021 Willelmo
821 1983 1073 2039 regnum
1104 1971 1337 2042 Anglice
1361 1978 1737 2043 procurante,

123 2044 360 2102 Morellus
396 2065 583 2120 nepos
612 2053 855 2109 Roberti
876 2056 948 2111 de
989 2057 1295 2114 Moubraio
1329 2062 1562 2115 comitis
1586 2063 1743 2117 Nor-

121 2135 566 2194 thumbrelandim
578 2143 925 2210 praedictum
942 2146 1291 2202 Malcomum
1306 2164 1509 2220 regem
1530 2151 1744 2206 Scotise

122 2221 433 2292 irruptiones
450 2228 507 2282 in
528 2229 743 2302 Anglia
766 2232 1078 2289 facientem
1103 2240 1159 2290 et
1177 2237 1215 2290 fi
1229 2238 1364 2292 lium
1383 2238 1517 2309 ejus
1536 2241 1746 2310 primo-

121 2312 369 2383 genitum,
401 2332 539 2371 cum
571 2320 823 2374 maxima
856 2325 1023 2391 parte
1068 2325 1161 2379 sui
1193 2329 1491 2382 exercitus
1522 2329 1580 2382 in
1608 2330 1745 2383 ﬁni-

120 2398 209 2453 bus
235 2401 547 2474 Anglorum
578 2408 909 2464 trucidavit.
934 2411 1042 2465 Hic
1065 2416 1258 2467 autem
1282 2415 1743 2485 Robertus,cum

119 2490 359 2557 quasdam
389 2496 751 2550 munitiones
790 2498 990 2569 regias
1022 2516 1132 2555 suo
1162 2504 1459 2558 comitatui
1490 2506 1744 2560 collimi-

118 2582 287 2634 nantes
306 2587 500 2637 contra
528 2585 890 2640 voluntatem
912 2587 1134 2643 domini
1161 2591 1254 2644 sui
1277 2595 1623 2648 attentasset
1646 2610 1743 2649 oc-

115 2680 306 2754 cupere,
331 2676 538 2741 captus
579 2688 609 2725 a
642 2673 928 2730 militibus
952 2676 1238 2732 Willelmi
1279 2681 1466 2752 regis,
1492 2682 1743 2754 ipsoque

111 2751 313 2821 jubente
339 2760 398 2813 in
446 2761 606 2830 ipsis
647 2762 902 2818 vinculis
951 2765 1171 2821 diutius
1203 2751 1601 2838 perseverans
1652 2788 1744 2825 re-

116 2848 293 2911 gnante
314 2846 433 2917 jam
466 2849 731 2905 Henrico
762 2867 927 2924 rege,
945 2855 1179 2909 tandem
1210 2857 1269 2910 in
1289 2857 1418 2927 ipso
1437 2861 1740 2929 ergastulo

113 2930 354 2989 deﬁciens
383 2942 660 2994 mortuus
692 2943 802 2995 est.
838 2941 1068 2996 Dictum
1098 2948 1190 2999 est
1215 2961 1248 2999 a
1279 2946 1549 3015 pluribus
1583 2948 1740 3004 hunc

111 3020 339 3077 talionem
371 3026 486 3080 sibi
530 3027 823 3082 redditum
856 3030 1067 3101 fuisse,
1100 3033 1236 3103 quia
1266 3049 1471 3106 regem
1502 3036 1734 3107 Scotim,

108 3111 294 3176 patrem
320 3114 603 3170 videlicet
648 3097 1373 3177 nobilissimae'Mathildi‘s'
1403 3126 1609 3194 postea
1640 3097 1738 3181 re;
1768 3097 1820 3159 Ο

110 3197 235 3267 ginae
263 3203 610 3274 Anglorum,
632 3204 839 3261 dolose
860 3213 1211 3277 peremerat.
1234 3210 1396 3266 Illius
1414 3217 1606 3267 autem
1622 3218 1741 3269 ter~

105 3300 203 3340 ram
230 3304 392 3358 quam
435 3291 699 3348 habebat
744 3292 802 3347 in
850 3295 1275 3353 Northmannia
1326 3304 1383 3354 et
1431 3303 1741 3357 maximam

106 3377 289 3440 partem
315 3381 587 3448 praedicti
632 3382 726 3436 sui
775 3385 1106 3453 comitatus,
1153 3387 1449 3443 Henricus
1478 3388 1601 3460 jam
1634 3407 1741 3445 rex

106 3461 265 3519 factus
291 3467 447 3523 dedit
491 3470 735 3541 Nigello
767 3472 840 3527 de
878 3473 1212 3543 Albinneio,
1260 3492 1402 3531 vero
1444 3479 1656 3533 illustri
1685 3484 1742 3536 et

104 3552 274 3617 probo.
308 3556 479 3612 Duxit
509 3563 724 3629 postea
763 3561 920 3616 idem
959 3562 1232 3635 Nigellus
1263 3564 1636 3622 Gundredam
1669 3568 1739 3623 fi-

102 3636 210 3694 liam
235 3642 452 3699 Giraldi
501 3647 583 3702 de
610 3646 899 3718 Gornaeo,
933 3666 1008 3705 ex
1039 3667 1152 3722 qua
1184 3655 1385 3725 genuit
1413 3655 1596 3709 tilium
1628 3673 1738 3711 no-

101 3728 227 3783 mine
268 3733 596 3805 Rogerium
644 3737 717 3791 de
762 3737 1091 3808 Moubraio,
1125 3742 1225 3812 qui
1264 3743 1497 3797 tandem
1545 3745 1739 3800 adhuc

98 3819 343 3883 parvulus
364 3826 516 3893 patri
542 3839 653 3880 suo
675 3825 829 3881 facto
842 3829 1131 3884 monacho
1150 3830 1439 3886 Beccensi
1470 3837 1527 3887 et
1545 3834 1739 3888 eidem

100 3902 206 3960 loco
233 3925 499 3984 magnam
550 3916 1003 3982 possessionem
1046 3918 1105 3972 in
1137 3920 1349 3991 Anglia
1389 3922 1737 3995 conferenti,

98 4001 379 4081 successit.
411 4002 557 4072 Ipse
587 4004 760 4057 etiam
790 4005 1091 4077 Giraldus,
1129 4011 1343 4079 rogatu
1375 4009 1649 4081 Hugonis
1667 4012 1739 4067 de

95 4080 329 4143 Gornaco
360 4091 558 4159 patris
590 4093 685 4146 sui
718 4094 989 4148 monachi
1019 4111 1163 4149 vero
1194 4080 1539 4170 Beccensis,
1571 4101 1740 4169 plura

98 4168 232 4227 dedit
253 4177 437 4232 eidem
462 4181 765 4248 ecclesia,
791 4185 848 4237 et
864 4183 1097 4239 tandem
1129 4184 1502 4241 Hierusalem
1520 4168 1739 4258 petens

94 4272 204 4315 cum
228 4281 411 4322 uxore
434 4284 552 4323 sua
569 4268 822 4325 Edithua
848 4286 1061 4328 sorore
1095 4272 1379 4329 Willelmi
1410 4276 1642 4331 comitis
1665 4277 1737 4332 de

96 4345 387 4425 Warenna,
421 4358 484 4412 in
537 4357 670 4428 ipso
699 4358 909 4414 itinere
938 4364 1209 4416 mortuus
1240 4366 1350 4417 est.
1401 4363 1563 4419 Uxor
1594 4381 1732 4420 vero

88 4436 202 4526 inde
243 4444 484 4501 rediens
538 4447 741 4517 nupsit
771 4447 1032 4520 Drogoni
1073 4449 1145 4505 de
1190 4450 1479 4523 Monceio,
1515 4468 1588 4508 ex
1619 4469 1732 4524 qua
1763 4464 1818 4526 ι)

90 4522 221 4582 idem
265 4531 466 4605 Drogo
500 4536 772 4606 suscepit
799 4552 979 4592 unum
1020 4537 1203 4592 filium
1234 4522 1471 4595 nomine
1500 4522 1733 4613 Drogoc

90 4628 220 4672 nem.
249 4618 566 4677 Successit
594 4624 881 4694 praedicto
901 4625 1138 4681 Giraldo
1160 4627 1318 4682 filius
1339 4627 1391 4699 ej
1402 4645 1472 4683 us
1497 4631 1733 4686 nomine

90 4700 259 4777 Hugo,
293 4712 394 4781 qui
442 4727 520 4766 ex
574 4728 785 4768 sorore
836 4714 1070 4770 Rodulﬁ
1104 4716 1177 4770 de
1207 4717 1469 4772 Patrona
1502 4720 1735 4774 comitis

88 4786 556 4856 Viromandorum
587 4803 792 4873 genuit
822 4819 1003 4880 unum
1034 4804 1217 4859 illium
1248 4807 1486 4861 nomine
1529 4808 1738 4880 Augo-

87 4885 366 4941 nem.Haec
388 4905 501 4959 per
532 4878 1003 4961 anticipationem
1035 4894 1107 4947 de
1129 4895 1337 4949 amicis
1363 4911 1431 4950 ac
1456 4896 1737 4951 benefac-

89 4969 292 5029 toribus
323 4975 658 5033 Beccensis
690 4982 1030 5035 monasterii
1063 4981 1158 5036 hic
1188 4983 1448 5038 breviter
1477 5000 1738 5040 comme-

86 5064 447 5135 moravimus,
485 5082 645 5122 nunc
683 5068 757 5123 ad
798 5069 1061 5125 ordinem
1104 5071 1369 5128 historiae
1399 5073 1735 5130 redeamus.

711 5209 964 5266 CAPUT
1007 5211 1104 5267 IX.

83 5300 157 5358 De
182 5320 366 5393 {uerte
396 5316 665 5393 ejusdem
687 5318 857 5393 regis
876 5320 937 5372 in
955 5319 1356 5393 Novaforesta
1382 5330 1439 5376 et
1459 5323 1609 5393 quod
1630 5322 1737 5377 Ri-

142 5380 396 5460 chardus
420 5380 630 5442 Trater
659 5380 788 5460 eius
815 5397 989 5445 antea
1013 5391 1237 5446 ibidem
1258 5380 1524 5447 mortuus
1540 5393 1740 5449 fuerat

145 5457 197 5504 et
227 5454 302 5509 de
325 5473 510 5581 calusa
540 5454 751 5514 mortis
781 5476 980 5515 eorum
1002 5464 1322 5519 secundum
1344 5465 1739 5520 existimatio-

145 5539 265 5578 nem
304 5544 375 5581 vn
403 5546 489 5581 ai.

142 5539 265 5578 nem
304 5539 464 5600 vulgi
475 5570 489 5582 .

140 5609 337 5687 igitur,
374 5617 540 5673 sicut
570 5635 748 5691 supra
792 5621 1074 5692 diximus,
1108 5638 1238 5678 cum
1288 5623 1587 5679 Robertus
1617 5624 1739 5681 dux

80 5694 607 5764 Northmaunorum
629 5726 782 5764 anno
807 5711 879 5765 ab
905 5710 1306 5769 incarnatione
1326 5712 1553 5769 Domini
1575 5713 1732 5790 1096,

503 344 931 411 HISTORIIE
960 348 1766 420 NORTHMANNORUM
1798 353 2028 422 LIBRI
2061 356 2302 423 OCTO.
2341 397 2414 409 —-
2450 359 2699 459 LIBER
2732 360 3152 435 OCTAVUS.

3401 374 3521 438 886

1862 556 2235 613 Hierusalem
2266 563 2633 631 perrexisset
2671 569 2725 619 et
2772 568 3044 623 ducatum
3076 571 3521 628 Northmanniaa

1860 643 2160 701 Willelmo
2210 647 2375 702 fratri
2426 665 2535 704 suo
2586 652 2711 723 regi
2757 653 3083 724 Anglorum
3133 659 3521 732 invadiasset,

1858 735 2123 806 contigit,
2174 740 2309 805 post
2352 739 2710 810 aliquantum
2759 746 3063 812 temporis,
3114 751 3176 800 ut
3214 749 3369 803 idem
3413 766 3523 805 rex

1858 823 2106 891 quadam
2138 825 2230 878 die
2260 831 2535 881 venatum
2558 830 2668 883 iret
2691 831 2747 882 in
2771 830 3308 905 Novamforestam,
3343 838 3442 892 ubi
3465 856 3525 892 IV

1858 909 2060 964 Nonas
2080 913 2331 981 Augusti
2355 915 2540 969 missa
2565 919 2779 989 sagitta
2800 920 3029 975 incaute
3061 908 3379 994 alquodam
3413 943 3524 982 suo

1857 996 2131 1053 familLa-.-i
2166 1021 2220 1055 ,ιι
2255 1004 2429 1057 corde
2461 1021 2811 1077 percussus,
2844 1014 3113 1066 mortuus
3145 1017 3238 1066 est
3265 1029 3417 1068 anno
3449 1015 3524 1069 ab

1856 1086 2259 1144 lncarnationc
2292 1092 2522 1147 Domini
2563 1094 2720 1164 1100,
2761 1099 2933 1168 regni
2972 1104 3164 1154 autem
3202 1102 3296 1156 sui
3339 1100 3426 1156 13.
3459 1104 3525 1158 In
3556 1108 3561 1114 ”

1854 1175 2059 1230 eadem
2089 1178 2261 1232 etiam
2291 1180 2441 1234 silva
2464 1182 2797 1237 Richardus
2828 1185 3009 1239 frater
3030 1189 3219 1257 ipsius
3240 1190 3527 1245 Willelmi

1854 1263 2095 1334 dudum,
2145 1268 2337 1322 adhuc
2382 1270 2615 1325 vivente
2671 1277 2835 1342 patre
2876 1276 3115 1345 eorum,
3166 1278 3305 1332 dum
3347 1280 3533 1334 simili

1853 1354 2026 1408 modo
2076 1359 2393 1411 venaretur
2441 1359 2557 1412 ictu
2590 1361 2824 1414 arboris
2870 1363 3019 1416 male
3063 1366 3296 1421 evitatae
3328 1383 3527 1439 aegro-

1855 1446 2006 1511 tans,
2040 1448 2177 1513 post
2214 1446 2515 1514 paululum
2547 1448 2843 1504 hominem
2875 1453 3077 1508 exivit.
3112 1454 3397 1509 Dixerunt
3427 1472 3527 1511 au-

1852 1533 1970 1585 tem
2000 1533 2183 1603 multi,
2218 1535 2373 1605 quod
2422 1536 2551 1590 ideo
2585 1538 2643 1590 hi
2675 1539 2789 1593 duo
2823 1540 2925 1594 filii
2956 1540 3233 1596 Willelmi
3263 1545 3428 1616 regis
3461 1546 3522 1600 in

1855 1621 1952 1674 illa
2000 1620 2150 1675 silva
2189 1621 2417 1692 judicio
2470 1626 2573 1678 Dei
2614 1628 2933 1699 perierunt,
2978 1631 3252 1700 quoniam
3310 1635 3526 1688 multas

1856 1709 2029 1763 villas
2060 1713 2116 1764 et
2142 1711 2431 1766 ecclesias
2454 1720 2694 1783 propter
2713 1718 2976 1771 eamdem
3010 1719 3294 1774 forestam
3326 1723 3523 1793 ampli-

1858 1798 2144 1853 ficandam
2173 1799 2233 1853 in
2267 1800 2517 1856 circuitu
2550 1803 2743 1872 ipsius
2773 1807 3173 1862 destruxerat.

2542 1906 2794 1963 CAPUT
2836 1910 2908 1964 Χ.

1858 1992 2348 2075 Quod-[feminas
2378 1994 2575 2074 frater
2604 1998 2793 2075 ipsius
2824 1999 2882 2053 ei
2896 2002 3222 2075 successit,
3259 2003 3358 2075 qui
3388 2004 3521 2058 Ma-

1944 2065 2191 2120 thildem
2222 2066 2403 2121 ﬁliam
2423 2069 2591 2139 regis
2621 2065 2839 2124 Scolize
2868 2071 3039 2124 duxit
3071 2073 3133 2125 in
3167 2065 3429 2129 qudrem.

1922 2171 2134 2226 Occiso
2186 2173 2380 2244 itaque
2430 2173 2721 2229 Willelmo
2772 2192 2945 2248 rege,
2993 2181 3054 2231 ut
3098 2181 3524 2252 praemisimus,

1851 2262 2046 2316 statim
2090 2261 2271 2315 frater
2312 2278 2461 2316 suus
2512 2263 2810 2317 Henricus
2861 2282 3081 2335 corpus
3114 2266 3249 2337 ejus
3295 2268 3525 2324 Winte-

1850 2351 2023 2404 miam
2056 2351 2277 2404 deferri
2326 2350 2485 2415 fecit,
2518 2352 2717 2421 ibique
2748 2352 2806 2406 in
2859 2354 3112 2408 ecclesia
3146 2357 3334 2410 sancti
3365 2359 3525 2412 Petri

1848 2443 1980 2492 ante
2012 2440 2208 2509 majus
2242 2439 2423 2493 altare
2468 2441 2790 2509 sepulturae
2822 2442 3075 2496 tradidit.
3110 2441 3235 2507 Quo
3264 2445 3521 2517 sepulto,

1849 2528 2214 2582 Lundoniam
2261 2528 2436 2593 venit,
2470 2531 2643 2599 atque
2693 2530 2844 2600 apud
2897 2530 3519 2605 Westmonasterium,

1847 2617 2244 2671 annuentibus
2277 2618 2510 2671 cunctis
2554 2616 2800 2672 Francis
2832 2625 2888 2673 et
2922 2621 3151 2692 Anglis,
3187 2626 3395 2693 quarto
3428 2625 3522 2679 die

1845 2708 1981 2781 post
2011 2707 2258 2759 mortem
2292 2705 2494 2759 fratris
2528 2708 2728 2778 regale
2760 2708 3027 2763 diadema
3044 2702 3520 2781 suscepit.Unde

1846 2794 2082 2869 plurimi
2132 2797 2270 2848 sunt
2324 2793 2501 2848 laetati
2533 2795 2687 2865 quod
2740 2797 2912 2851 modo
2962 2813 3167 2869 regem
3218 2804 3418 2855 natum
3449 2800 3520 2857 de

1848 2864 1992 2953 rege
2024 2884 2079 2936 et
2109 2882 2338 2955 regina,
2372 2864 2569 2937 natum
2594 2888 2648 2938 et
2671 2887 2953 2940 nutritum
2976 2864 3278 2959 in‘Anglia
3300 2888 3522 2946 habere

1846 2971 2223 3025 meruissent.
2260 2972 2335 3025 Ut
2366 2974 2557 3026 autem
2599 2973 2753 3027 idem
2802 2989 2912 3027 rex
2958 2976 3230 3046 legaliter
3258 2977 3517 3048 viveret,

1848 3059 2012 3113 duxit
2058 3060 2263 3114 eodem
2317 3076 2471 3116 anno
2514 3062 2917 3116 venerabilem
2963 3064 3300 3119 Mathildem
3339 3065 3519 3121 ﬁliam

1855 3148 2123 3203 Malcomi
2154 3149 2318 3219 regis
2340 3148 2553 3203 Scotize
2578 3153 2634 3202 et
2664 3150 3034 3222 Margaretee.
3054 3151 3298 3216 Quantae
3324 3157 3518 3209 autem

1854 3238 2180 3291 sanctitatis
2212 3241 2268 3292 et
2316 3237 2580 3291 scientiae
2612 3242 2726 3291 tam
2778 3240 3086 3294 saecularis
3127 3256 3302 3311 quam
3334 3244 3516 3312 spiri-

1850 3326 2026 3380 tualis
2058 3329 2305 3397 utraque
2326 3326 2554 3397 regina,
2582 3327 2912 3398 Margareta
2944 3328 3171 3383 scilicet
3201 3332 3258 3384 et
3287 3330 3516 3385 Mathil-

1852 3415 1964 3482 dis,
1999 3413 2213 3469 fuerint
2241 3430 2255 3484 ;
2286 3414 2436 3468 liber
2464 3414 2564 3485 qui
2588 3416 2659 3468 de
2684 3415 3090 3486 Vitaipsarum
3114 3418 3377 3489 scriptus
3399 3423 3512 3491 est,

1849 3503 2022 3572 plano
2051 3519 2325 3557 sermone
2357 3503 2660 3558 describit.
2696 3504 2820 3558 Nec
2869 3506 3009 3560 illud
3058 3509 3515 3576 praetermitten-

1850 3592 1985 3646 dum
2019 3593 2175 3663 quod
2207 3608 2237 3645 a
2269 3596 2490 3646 sanetae
2508 3593 2937 3649 recordationis
2956 3596 3238 3651 Anselmo
3259 3596 3514 3652 Cantua-

1848 3682 2032 3736 riensi
2067 3683 2515 3752 archiepiscopo
2545 3683 2747 3737 eadem
2778 3683 3075 3739 Mathildis
3106 3686 3165 3738 in
3197 3686 3514 3743 festivitate

1850 3772 2038 3826 sancti
2053 3772 2285 3826 Martini
2309 3772 2459 3842 apud
2491 3772 3093 3827 Westmonasterium
3117 3775 3374 3831 Henrico
3388 3777 3519 3849 regi

1850 3861 2225 3916 nobilissimo
2258 3860 2616 3931 desponsata
2641 3864 2695 3915 et
2729 3862 2933 3916 eodem
2970 3862 3063 3916 die
3099 3864 3285 3935 regali
3307 3864 3511 3920 diade-

1850 3954 2001 4003 mate
2022 3950 2303 4021 insignita
2327 3954 2437 4003 est.
2464 3950 2594 4003 Fuit
2612 3954 2804 4004 autem
2827 3968 2932 4004 rex
2957 3952 3250 4007 Henricus
3268 3953 3359 4007 vir
3378 3955 3513 4024 plu-

1850 4038 2016 4091 ribus
2028 4038 2348 4092 virtutibus
2371 4038 2939 4110 praeditus,justitize
2961 4056 3027 4093 ac
3042 4042 3208 4110 pacis
3232 4045 3510 4112 sectator,

1849 4126 2160 4197 religionis
2196 4132 2439 4195 amator,
2466 4128 2799 4198 iniquorum
2824 4131 2880 4181 et
2918 4128 3112 4183 furum
3135 4130 3514 4186 ferventissi-

1849 4230 1981 4267 mus
2005 4214 2259 4284 punitor,
2281 4214 2652 4268 inimicorum
2682 4230 2925 4269 suorum
2948 4231 3064 4269 non
3087 4216 3278 4271 solum
3311 4220 3511 4272 excel-

1847 4303 2092 4358 lentium
2131 4302 2460 4373 principum
2499 4306 2555 4356 et
2584 4303 2880 4371 comitum,
2918 4320 3123 4358 verum
3152 4307 3210 4358 et
3238 4306 3510 4363 nomina-

1851 4394 2215 4449 tissimorum
2246 4408 2452 4464 regum
2478 4391 2864 4447 felicissimus
2896 4393 3301 4465 triumphator.

2485 4500 2735 4555 CAPUT
2768 4501 2867 4555 XI.

1851 4589 2014 4654 Quod
2035 4605 2112 4644 ex
2130 4605 2195 4643 ea
2208 4589 2411 4658 genuit
2428 4588 2609 4644 ﬁlium
2631 4591 2864 4647 nomine
2885 4588 3240 4646 WiIIcImum
3256 4591 3507 4648 etii/iam

1920 4661 2408 4736 qumgz'ocedenti
2431 4667 2692 4732 tempore
2725 4666 2922 4735 nupsit
2956 4664 3244 4719 Ifcnricoi
3273 4680 3509 4736 mpera-

1919 4732 2037 4786 iori
2059 4732 2468 4787 Romanorum.

1916 4822 2126 4877 Genuit
2147 4825 2339 4876 autem
2370 4837 2445 4875 ex
2475 4823 2735 4876 secunda
2769 4824 3043 4878 Mathilde
3067 4824 3275 4894 regina
3297 4824 3513 4896 Anglo-

1846 4927 1973 4965 rum
2008 4927 2190 4965 uxore
2223 4927 2330 4964 sua
2362 4911 2541 4965 tilium
2574 4928 2753 4965 unum
2785 4912 3019 4967 nomine
3072 4912 3436 4967 VVillelmum
3457 4916 3516 4968 et

1848 4999 2024 5054 tiliam
2056 5016 2229 5054 unam
2261 5003 2504 5054 matrem
2523 5001 2678 5054 sicut
2710 5002 2941 5054 nomine
2976 5002 3050 5054 ita
3075 5002 3382 5056 honestate
3414 5017 3512 5057 re-

1846 5091 2322 5159 praesentantem.
2348 5089 2515 5142 Hanc
2536 5093 2727 5143 autem
2751 5090 3040 5160 virginem
3055 5091 3156 5143 vix
3178 5090 3512 5161 quinquen-

1845 5194 2000 5247 nem,
2045 5177 2341 5232 Henricus
2373 5178 2614 5248 quintus
2649 5194 2755 5232 rex
2795 5181 2851 5231 ct
2895 5182 3140 5248 quartus
3197 5180 3516 5250 imperator

1849 5268 2249 5321 Romanorum
2280 5271 2337 5321 et
2385 5266 2846 5320 Alemannorum
2878 5271 3187 5338 Augustus
3219 5269 3278 5322 in
3308 5268 3517 5341 conju-

1847 5372 1981 5427 gem
2002 5356 2313 5426 requisivit
2336 5360 2390 5409 et
2405 5356 2753 5425 acquisitam
2767 5372 2872 5425 per
2889 5357 3083 5410 claros
3104 5358 3268 5413 viros
3290 5359 3517 5427 episco-

1847 5461 1954 5515 pos
1986 5449 2041 5499 et
2073 5447 2320 5499 comites
2352 5444 2765 5513 internuntios,
2801 5462 2934 5498 cum
2966 5444 3247 5500 ineffabili
3276 5448 3517 5502 muniti-

1848 5535 2037 5589 centia
2071 5531 2313 5605 [iustitia]
2336 5534 2646 5604 utriusque
2680 5535 2939 5603 parentis
2970 5537 3027 5589 in
3060 5551 3234 5591 suum
3265 5552 3515 5607 regnum

1847 5625 2115 5694 suscepit
2145 5626 2200 5676 et
2229 5625 2526 5692 receptam
2548 5623 2893 5679 solemniter
2915 5625 2971 5678 in
2997 5626 3267 5695 proximo
3285 5625 3520 5679 Pascha

1848 5714 2001 5786 apud
2023 5712 2285 5767 Ulterius
2299 5710 2635 5787 Trajectum
2657 5711 3064 5786 desponsavit.
3085 5715 3519 5785 Desponsatam
