3988 6176
376 270 610 376 ,θεν

1204 278 1635 346 WILLELMI
1682 248 2776 358 CALCULI’GEMMETICENSIS
2816 297 3216 362 MONACHI.
3734 317 3827 381 338

487 493 632 536 vero
651 478 1140 549 archiepiscopus
1156 478 1532 537 Coloniensis
1554 483 1613 537 in
1635 483 1954 541 festivitate
1967 488 2160 541 sancti
2185 480 2234 541 A
2272 491 2375 561 qui
2404 494 2596 565 magis
2614 496 2890 552 volebant
2918 500 3071 554 inter
3083 515 3187 555 eos
3217 517 3354 557 esse
3381 503 3687 564 discordiam
3698 529 3829 584 quam

486 568 697 624 Jacobi
726 568 1061 639 Magnncia
1092 568 1153 622 in
1183 570 1450 641 reginam
1495 574 1888 643 consecravit,
1921 576 2157 630 cateris

491 657 870 728 coepiscopis
895 656 1318 712 assistentibus
1333 663 1388 712 et
1400 662 1696 731 praecipue
1709 663 2158 734 archiepiscopo

489 745 869 815 Treverensi,
905 747 1006 816 qui
1029 762 1178 813 eam,
1202 748 1338 800 dum
1380 754 1854 819 consecraretur,
1879 752 2032 806 inter
2049 768 2157 807 sua

400 899 411 912 κ
484 833 730 889 brachia
760 837 1101 889 reverenter
1129 837 1333 891 tenuit.
1369 837 1591 893 Deinde
1620 845 2027 895 consecratam
2058 856 2155 896 re-

486 922 689 995 ginam
736 938 928 994 usque
977 924 1050 979 ad
1091 926 1508 995 tempestivum
1551 932 1781 999 tempus
1825 930 2157 999 nuptiarum

488 1012 760 1067 studiose
790 1012 1002 1066 nutriri
1033 1016 1336 1085 praecepit,
1370 1015 1428 1068 in
1460 1032 1576 1086 quo
1591 1019 1946 1072 nutrimento
1974 1023 2033 1074 et
2049 1019 2155 1074 lin-

486 1115 667 1171 guam
683 1100 1018 1155 addisceret
1048 1106 1106 1155 et
1125 1118 1193 1157 se
1211 1104 1541 1159 secundum
1567 1105 1924 1161 Teutonicos
1959 1123 2157 1163 mores

485 1191 886 1259 componeret.
921 1189 1006 1244 De
1038 1208 1154 1261 qua
1183 1192 1559 1247 nobilissima
1576 1195 1948 1265 imperatrice
1978 1197 2038 1251 in
2069 1212 2157 1251 se-

483 1277 804 1347 quentibus
849 1278 1084 1347 plenius
1144 1280 1534 1337 disseremus.
1584 1284 1915 1339 Pradictus
1964 1288 2158 1340 autem

483 1364 847 1435 Willelmus,
882 1367 1039 1421 ﬁlius
1092 1368 1337 1423 Henrici
1365 1372 1551 1441 regis,
1583 1373 1683 1443 qui
1728 1376 1862 1442 post
1890 1389 2156 1429 sororem

480 1454 822 1510 Mathildem
844 1456 1279 1526 imperatricem
1304 1461 1477 1512 natus
1509 1462 1620 1529 est,
1650 1461 1789 1516 licet
1820 1477 1953 1516 eum
1975 1479 2157 1517 causa

480 1543 795 1599 masculini
825 1559 1011 1599 sexus
1046 1545 1127 1598 illi
1158 1548 1620 1615 praposuimus,
1659 1566 1790 1605 cum
1812 1550 1939 1621 jam
1968 1551 2043 1606 ad
2066 1550 2157 1622 ju-

480 1632 736 1687 venilem
786 1635 1016 1687 atatem
1064 1634 1356 1699 venisset,
1401 1640 1587 1691 morte
1627 1639 1935 1693 immatura
1992 1638 2154 1693 obiit.

477 1715 627 1775 Cum
655 1721 815 1776 enim
844 1721 1260 1778 transfretaret
1275 1723 1347 1779 de
1379 1725 1740 1781 Normannia
1770 1728 1830 1781 in
1859 1727 2154 1798 Angliam,

2275 594 2502 651 pacem,
2522 585 2697 654 coepit
2713 587 3063 642 occasiones
3088 605 3373 660 quarere,
3388 592 3692 669 fratremque
3704 617 3831 657 suum

2274 670 2347 722 ad
2365 670 2721 727 discordiam
2736 691 3130 733 commovere.
3150 680 3274 734 Rex
3295 684 3471 736 autem
3486 684 3730 743 Henricus
3746 708 3832 745 non

2276 757 2496 813 diutius
2515 761 2626 815 hoc
2649 763 2873 833 ferens,
2900 767 3502 841 maximequeindigne
3523 773 3834 847 ferens,quod

2276 845 2459 902 frater
2513 866 2663 905 suus
2720 854 2798 906 ita
2844 857 3145 923 paternam
3190 857 3590 929 haereditatem,
3628 845 3837 919 ducatum

2277 936 2508 992 scilicet
2558 939 3026 1013 Northmannia,
3075 945 3488 1016 dissipaverat;
3523 950 3656 1019 quod
3682 957 3845 1020 prater

2275 1024 2567 1082 civitatem
2623 1030 3167 1104 Rothomagensem
3215 1034 3356 1088 nihil
3396 1051 3530 1105 pene
3571 1037 3618 1090 in
3644 1039 3840 1094 dominio

2276 1112 2541 1185 haberet,
2574 1133 2751 1188 quam
2780 1120 2954 1173 etiam
2985 1120 3207 1176 forsam
3228 1122 3399 1177 alicui
3422 1128 3479 1177 ut
3494 1128 3679 1179 caetera
3702 1127 3846 1179 dedis-

2273 1206 2383 1271 set,
2408 1205 2459 1257 si
2493 1205 2604 1259 hoc
2626 1207 2741 1261 sibi
2763 1207 2988 1262 licitum
3009 1214 3248 1279 propter
3275 1212 3433 1266 cives
3466 1213 3636 1282 ipsius
3654 1214 3841 1277 fuisset;

2273 1291 2389 1361 his,
2422 1293 2683 1364 inquam,
2719 1296 3082 1368 indignatus,
3125 1315 3287 1354 mare
3331 1316 3496 1371 quam
3532 1302 3682 1355 citius
3708 1304 3847 1371 potuit

2272 1381 2590 1451 transiens,
2626 1388 2800 1455 atque
2832 1402 2949 1439 non
2980 1386 3160 1440 multo
3191 1392 3325 1457 post
3350 1405 3461 1443 non
3489 1406 3700 1457 parvum
3727 1405 3847 1444 exer-

2273 1470 2450 1524 citum
2465 1486 2867 1544 congregans,
2894 1475 3128 1530 obsedit
3150 1477 3441 1532 civitatem
3469 1476 3847 1547 Bajocas;eam-

2268 1573 2383 1629 que
2415 1559 2589 1614 citius
2637 1562 2900 1632 capiens,
2934 1563 3060 1619 fere
3090 1580 3323 1619 omnem
3358 1565 3643 1620 destruxit.
3679 1567 3846 1619 Deinde

2269 1648 2425 1717 cepit
2471 1648 2812 1705 Cadomum.
2839 1653 2984 1706 Post
3019 1653 3437 1723 aliquantulum
3462 1670 3591 1709 vero
3612 1654 3851 1723 temporis,

2269 1752 2402 1790 cum
2434 1737 2736 1793 obsideret
2766 1740 3059 1810 quoddam
3090 1746 3350 1797 castrum
3373 1743 3589 1797 comitis
3616 1741 3849 1808 Moritolii,

477 1807 634 1915 inter
664 1809 1102 1915 Barbe‘tluvium
1121 1815 1177 1909 et
1208 1812 1579 1915 Hantoniam,
1613 1816 1671 1869 in
1694 1816 1947 1915 quodam
1969 1817 2154 1915 maris
2185 1850 2234 1915 Β
2267 1826 2426 1895 quod
2455 1830 2701 1881 vocatur
2723 1807 3180 1899 Tenerchebrai,
3211 1834 3384 1901 atque
3404 1831 3462 1885 in
3491 1829 3774 1885 obsidendo
3789 1807 3850 1881 laé

475 1895 609 1952 loco
638 1898 1008 1968 periculoso,
1042 1899 1143 1970 qui
1187 1901 1258 1954 ab
1292 1901 1503 1956 incolis
1536 1904 1776 1958 Uataras
1810 1905 2046 1974 dicitur,
2077 1905 2152 1959 il-

479 1985 594 2040 lisa
617 1986 754 2039 navi
785 1987 1051 2057 scopulo,
1075 1988 1193 2058 ipsi
1216 1992 1271 2044 et
1291 1991 1455 2045 multi
1481 1993 1791 2062 optimates
1814 1994 1999 2063 patris
2023 1993 2158 2065 ejus

478 2073 793 2147 naufragio
838 2076 1158 2145 perierunt.
1211 2077 1336 2143 Quo
1386 2080 1530 2153 solo,
1557 2084 1770 2136 eventu
1819 2081 2160 2137 felicitatem

478 2162 973 2218 excellentissimi
1000 2166 1166 2237 regis
1202 2167 1434 2222 fortuna
1451 2169 1879 2241 aliquantisper
1899 2171 2157 2226 obnubi-

476 2248 640 2321 lavit,
668 2250 806 2306 licet
836 2252 897 2306 in
930 2254 1062 2308 aliis
1086 2256 1360 2310 omnibus
1392 2257 1511 2312 sibi
1539 2258 2157 2330 arrideretjucundis-

478 2338 651 2395 sima.
686 2339 796 2395 His
827 2342 1200 2413 anticipando
1254 2349 1754 2419 commemoratis,
1785 2349 1857 2402 ad
1891 2349 2155 2403 ordinem

480 2427 571 2484 rei
584 2432 776 2502 gesta
807 2435 1201 2488 revertamur.

1120 2539 1373 2597 CAPUT
1390 2542 1516 2597 XII.

485 2639 650 2706 Quod
695 2642 997 2700 Robertus
1035 2644 1159 2699 dux
1202 2647 1749 2704 Northmannornzn
1796 2649 2047 2704 rediens
2083 2648 2158 2704 ab

549 2712 992 2790 Hierosolymis
1006 2718 1253 2790 transiit
1274 2719 1336 2771 in
1357 2719 1658 2790 Aninam,
1689 2720 1893 2775 volens
1913 2720 2158 2774 auferre

550 2799 800 2856 regnum
829 2786 1017 2840 fratri
1043 2803 1165 2857 suo,
1200 2795 1259 2843 et
1305 2786 1583 2861 quomodo
1613 2786 1958 2846 concordati
1994 2798 2154 2846 sunt.

550 2889 684 2945 Non
733 2891 976 2963 longum
1022 2898 1216 2947 autem
1255 2896 1487 2965 tempus
1535 2897 1793 2967 transiit,
1842 2901 2155 2968 postquam

480 2978 778 3035 Henricus
816 2996 922 3036 rex
961 2997 1210 3055 regnum
1241 2984 1474 3055 Anglia
1503 2986 1832 3058 regendum
1866 2987 2153 3057 suscepit,

479 3068 639 3140 quod
669 3068 849 3124 frater
880 3086 1029 3125 suus
1085 3072 1382 3127 Robertus
1426 3073 1498 3128 de
1543 3075 1921 3130 Hierusalem
1955 3075 2150 3143 rediit,

480 3159 655 3228 atque
684 3158 959 3213 ducatum
990 3160 1456 3230 Northmannia,
1476 3178 1653 3233 quem
1682 3163 1852 3218 fratri
1868 3180 1977 3218 suo
2011 3164 2156 3218 Wil-

482 3244 659 3301 lelmo
680 3247 1108 3318 invadiaverat,
1152 3250 1381 3321 absque
1414 3252 1593 3307 ullius
1622 3254 1889 3323 pecunia
1920 3252 2155 3307 exhibi-

478 3334 637 3389 tione
670 3337 912 3407 recepit,
948 3337 1085 3393 licet
1106 3340 1297 3408 ipsam
1329 3355 1618 3395 summam
1640 3357 1814 3411 quam
1851 3343 1923 3396 ab
1945 3342 2152 3397 eodem

480 3423 665 3478 fratre
693 3439 804 3479 suo
836 3430 1165 3495 acceperat,
1198 3442 1404 3482 secum
1426 3428 1692 3498 haberet,
1726 3433 1789 3483 ut
1817 3432 1872 3484 si
1901 3445 2152 3485 necesse

481 3514 648 3566 esset
675 3512 1041 3581 redderetur,
1075 3518 1132 3568 et
1182 3515 1236 3568 si
1267 3520 1431 3570 esset
1463 3517 1565 3588 qui
1612 3533 1741 3572 eam
1773 3518 2060 3590 exigeret,
2092 3519 2154 3573 in

478 3602 754 3669 promptu
795 3600 1055 3656 haberet.
1096 3600 1364 3658 Audiens
1412 3605 1629 3677 itaque,
1672 3607 1826 3677 quod
1857 3607 2152 3661 Henricus

482 3686 665 3742 frater
695 3704 843 3744 suus
875 3705 981 3745 rex
1011 3692 1341 3764 Anglorum
1371 3698 1536 3748 esset
1565 3697 1942 3765 constitutus,
1978 3697 2154 3765 coepit

480 3774 780 3848 indignari
793 3779 1086 3834 adversus
1109 3782 1663 3855 illum,mu1tumque
1684 3783 1739 3839 ei
1752 3784 1980 3856 minari,
1995 3785 2152 3856 quod

481 3880 734 3937 regnum
756 3868 989 3939 Anglia
1008 3872 1319 3941 suscipere
1340 3888 1527 3928 ausus
1546 3873 1784 3929 fuisset.
1817 3874 1942 3928 Hac
1971 3873 2154 3946 igitur

482 3953 556 4009 de
587 3970 769 4010 causa
800 3959 977 4027 capit
1020 3960 1324 4032 navigium
1365 3977 1695 4032 praeparare
1724 3963 1897 4034 quale
1943 3963 2147 4034 potuit.

480 4042 607 4108 Quo
652 4034 961 4118 completo,
998 4049 1051 4101 in
1086 4050 1358 4120 Angliam
1391 4053 1677 4107 transivit.
1715 4052 2011 4107 Henricus
2041 4069 2150 4106 au-

479 4135 596 4188 tem
628 4149 755 4205 rex,
807 4135 982 4205 cujus
1025 4137 1239 4192 fiducia
1286 4141 1405 4193 tota
1437 4143 1561 4194 erat
1605 4142 1665 4194 in
1698 4142 1839 4210 Deo,
1874 4157 2150 4212 magnam

478 4222 808 4295 Anglorum
838 4226 1103 4280 militiam
1125 4227 1411 4283 velociter
1432 4245 1831 4304 congregans,
1856 4231 2148 4286 adversus

481 4326 618 4367 eum
647 4314 826 4384 venit,
858 4318 1100 4384 paratus
1123 4333 1257 4371 eum
1278 4320 1335 4372 et
1352 4334 1561 4373 omnes
1598 4320 1855 4390 quicum
1877 4336 1946 4374 eo
1970 4335 2151 4374 vene-

481 4405 631 4471 rant,
664 4402 736 4457 de
767 4405 924 4457 terra
956 4405 1289 4477 Anglorum
1321 4407 1638 4478 expellere.
1672 4406 1840 4472 Quod
1859 4409 2147 4480 profecto,

482 4495 778 4546 annuente
801 4492 942 4563 Deo,
968 4494 1027 4548 in
1041 4494 1210 4549 brevi
1232 4496 1480 4566 egisset,
1503 4497 1618 4550 nisi
1642 4497 1828 4552 frater
1848 4513 1996 4553 suus
2017 4514 2149 4553 cum

482 4594 552 4634 eo
575 4579 688 4635 hoc
715 4584 884 4649 pacto
908 4584 1310 4653 concordaret,
1336 4589 1398 4639 ut
1424 4586 1554 4655 ipse
1583 4601 1689 4640 rex
1720 4586 1803 4639 illi
1833 4587 2149 4657 quotannis

481 4669 661 4723 millia
690 4669 964 4725 marches
995 4673 1221 4743 argenti
1254 4678 1536 4743 perpetuo
1568 4674 1751 4729 daret.
1787 4676 1951 4729 Hanc
1983 4692 2149 4730 sum-

479 4773 633 4813 mam
660 4760 1032 4830 tamen’jdem
1050 4777 1250 4815 comes
1283 4762 1545 4816 Mathildi
1574 4763 1800 4835 regina
1820 4764 2022 4819 fratris
2047 4766 2147 4819 sui

480 4847 725 4920 coniugi
755 4848 1126 4904 condonavit.
1160 4849 1336 4905 Facta
1367 4852 1563 4922 itaque
1592 4852 1745 4907 inter
1767 4869 1872 4908 eos
1903 4869 2147 4909 concor-

478 4936 594 5008 dia,
629 4938 925 5009 aliquanto
963 4942 1226 5009 tempore
1279 4940 1621 4996 demoratus
1668 4945 1760 4995 est
1788 4958 1990 4997 comes
2025 4943 2147 4998 Ro-

477 5025 685 5082 bertus
734 5027 792 5081 in
850 5027 1084 5100 Anglia.
1147 5029 1210 5082 In
1258 5045 1373 5100 qua
1419 5032 1729 5101 postquam
1777 5031 1977 5086 tandiu
2018 5030 2144 5102 fuit,

478 5119 754 5186 quantum
784 5118 835 5171 ei
868 5117 1104 5188 placuit,
1131 5118 1190 5171 in
1220 5118 1701 5173 Northmanniam
1736 5119 2036 5175 remeavit.

1089 5223 1341 5279 CAPUT
1387 5224 1541 5279 XIII.

484 5308 648 5386 Quod
676 5312 879 5386 eadem
905 5315 1178 5386 pactione
1206 5321 1397 5386 rupta,
1421 5314 1719 5369 Henricus
1743 5315 1895 5385 apud
1935 5315 2146 5369 Tener-

2264 1913 2505 1969 boraret
2536 1918 2595 1969 ut
2613 1915 2755 1970 illud
2778 1920 3032 1987 caperet,
3051 1918 3232 1973 frater
3252 1919 3386 1990 ejus
3411 1934 3599 1973 comes
3622 1919 3853 1973 llobertus

2267 2007 2324 2057 et
2354 2019 2556 2058 comes
2570 2004 2867 2074 Moritolii,
2890 2022 3252 2079 cummagna
3274 2007 3627 2062 multitudine
3647 2006 3850 2071 militum,

2265 2096 2541 2162 putantes
2582 2108 2651 2147 se
2699 2094 2771 2148 de
2820 2109 2962 2165 rege
3014 2095 3272 2151 Henrico
3319 2096 3637 2163 vindicare,
3667 2107 3857 2162 eumque

2268 2181 2505 2236 omnino
2536 2181 2608 2236 de
2638 2185 2794 2237 terra
2828 2183 3049 2255 delere,
3083 2201 3216 2239 cum
3249 2200 3463 2257 magno
3492 2184 3689 2252 impetu
3715 2182 3846 2235 irrue-

2265 2272 2403 2324 runt
2432 2269 2490 2323 in
2523 2286 2677 2325 eum.
2711 2271 2826 2325 Sed
2866 2270 3094 2342 judicio
3142 2274 3246 2328 Dei
3279 2288 3460 2343 super
3487 2287 3586 2328 eos
3626 2270 3856 2333 veniente,

2269 2359 2420 2427 capti
2454 2363 2592 2413 sunt
2618 2360 2788 2415 ambo
2811 2365 2867 2415 et
2888 2361 3054 2416 multi
3076 2362 3170 2415 alii
3201 2377 3340 2416 cum
3376 2363 3463 2417 eis
3498 2362 3566 2415 ab
3588 2357 3858 2414 hominibus

2268 2446 2509 2501 Henrici
2525 2449 2689 2518 regis
2704 2452 2877 2519 atque
2898 2454 3031 2505 ante
3049 2466 3181 2504 eum
3205 2451 3465 2505 adducti.
3488 2447 3766 2504 Concessit
3779 2444 3860 2498 huc

2268 2535 2441 2590 modo
2481 2536 2641 2591 Deus
2673 2538 2801 2608 regi
2841 2554 2908 2592 se
2943 2538 3159 2594 timenti
3207 2540 3513 2595 victoriam
3543 2537 3858 2597 incruentam,

2266 2625 2422 2679 sicut
2439 2626 2733 2695 quondam
2754 2626 3089 2683 Theodosio
3111 2628 3454 2698 imperatori
3467 2642 3634 2682 servo
3646 2640 3740 2679 suo
3758 2622 3864 2676 fece-

2265 2715 2374 2767 rat.
2396 2713 2460 2767 In
2482 2713 2593 2768 hoc
2619 2714 2774 2768 enim
2811 2716 3084 2770 conflictu
3119 2731 3190 2770 ex
3221 2717 3357 2772 suis
3388 2716 3600 2784 nullus,
3625 2730 3689 2768 ex
3712 2711 3867 2765 adver-

2267 2818 2335 2856 sa
2363 2806 2527 2872 parte
2550 2804 2648 2857 vix
2667 2803 2976 2875 sexaginta
2999 2808 3372 2866 corruerunt.
3397 2804 3582 2860 Finito
3603 2804 3770 2872 itaque
3787 2799 3867 2852 hoc

2267 2891 2543 2946 conﬂictu
2573 2894 2630 2945 et
2673 2907 2817 2961 pace
2861 2893 3088 2947 reddita
3136 2894 3379 2949 misera
3428 2892 3869 2964 provinciamque}:

2267 2994 2416 3049 pene
2445 2996 2552 3049 per
2579 2980 3036 3050 imprudentiam
3066 2983 3301 3036 comitis
3337 2981 3599 3052 praedicti
3626 2976 3867 3033 destructa

2265 3070 2390 3122 erat
2419 3084 2527 3123 rex
2584 3069 2881 3124 Henricus
2929 3073 3106 3124 totam
3138 3070 3625 3126 Northmanniam
3653 3070 3704 3122 et
3726 3061 3873 3119 omnia

2204 3192 2241 3215 ιι
2266 3157 2508 3212 castella
2538 3159 2772 3213 comitis
2795 3158 3070 3213 Moritolii
3091 3160 3148 3213 in
3178 3175 3359 3215 suum
3386 3158 3692 3214 dominium
3720 3164 3874 3206 susce-

2187 3203 2242 3271 C

2264 3248 2364 3316 pit.
2414 3247 2606 3318 Atque
2655 3248 2732 3302 ita
2764 3248 2921 3303 omni
2970 3251 3126 3303 terra
3172 3249 3405 3318 sedata,
3436 3247 3668 3303 rediens
3709 3244 3760 3296 in
3782 3242 3875 3292 An.

2264 3336 2466 3407 gliam,
2485 3337 2807 3392 Hobertum
2830 3338 3101 3393 comitem
3120 3337 3366 3392 fratrem
3392 3352 3566 3392 suum
3588 3336 3641 3389 et
3659 3328 3873 3386 comitem

2265 3425 2541 3479 Moritolii
2571 3430 2629 3480 et
2676 3426 2965 3497 quosdam
2997 3426 3146 3481 alios
3178 3442 3336 3497 quos
3380 3426 3438 3481 ei
3466 3423 3692 3496 placuit,
3721 3429 3876 3473 secum

2264 3513 2523 3583 adduxit,
2549 3529 2773 3585 eosque
2795 3515 2853 3569 in
2882 3515 3066 3570 libera
3099 3515 3377 3570 custodia
3408 3527 3599 3585 usque
3625 3510 3692 3563 ad
3717 3504 3876 3561 termi—

2264 3618 2403 3657 num
2433 3602 2569 3658 vitae
2600 3619 2802 3658 eorum
2835 3604 3039 3659 tenuit.
3073 3602 3320 3659 Factum
3353 3607 3449 3659 est
3469 3605 3656 3657 autem
3674 3598 3774 3652 hoc
3789 3591 3879 3647 bel-

2264 3691 2382 3745 lum
2412 3692 2565 3762 apud
2597 3692 3037 3747 Tenerchebrai
3056 3693 3212 3747 inter
3233 3693 3567 3747 Henricum
3588 3701 3771 3757 regem
3796 3683 3879 3734 An-

2265 3780 2498 3852 glorum
2529 3785 2587 3835 et
2626 3782 2951 3837 Robertum
2992 3780 3232 3836 fratrem
3266 3797 3452 3837 suum
3483 3780 3686 3835 ducem
3712 3769 3879 3828 North-

2264 3885 2632 3939 mannorum,
2669 3885 2823 3924 anno
2870 3870 2942 3925 ab
2987 3870 3404 3925 Incarnatione
3448 3867 3673 3923 Domini
3704 3860 3831 3925 1106,
3857 3871 3881 3905 V

2262 3956 2391 4013 Kal.
2424 3958 2718 4013 Octobris.
2750 3958 2969 4014 Eodem
3000 3961 3193 4013 autem
3221 3974 3405 4027 anno,
3440 3971 3642 4012 mense
3672 3951 3882 4006 Februa-

2261 4048 2371 4118 rio,
2406 4050 2665 4103 cometes
2696 4051 3063 4118 apparuerat,
3098 4047 3352 4120 regibus
3385 4050 3445 4102 et
3475 4045 3719 4100 ducibus
3745 4038 3884 4092 mutn-

2262 4139 2419 4192 tione
2466 4153 2788 4208 regnorum
2823 4137 3123 4192 terribilis.
3174 4136 3351 4191 Rexit
3396 4139 3591 4190 autem
3643 4127 3884 4184 Robertus

2263 4242 2465 4281 comes
2510 4227 2784 4280 ducatum
2836 4225 3283 4282 Northmannia
3327 4224 3396 4280 19
3445 4224 3644 4289 annis,
3690 4216 3887 4282 excel’l0

2262 4318 2473 4386 spatio,
2507 4332 2624 4388 quo
2652 4316 2714 4370 in
2762 4316 2969 4371 itinere
3017 4314 3406 4370 Hierusalem
3448 4311 3772 4367 demoratus
3804 4300 3887 4395 est.

2262 4404 2394 4459 Fuit
2423 4405 2521 4459 hic
2552 4404 2852 4460 Robertus
2882 4404 3054 4458 miles
3077 4403 3458 4459 fortissimus
3489 4405 3548 4457 et
3577 4397 3748 4486 multa
3761 4388 3891 4486 nobi-

2260 4494 2396 4549 liter
2425 4495 2649 4565 gessit;
2694 4493 2944 4547 maxime
2984 4492 3220 4565 quando
3264 4508 3301 4546 a
3353 4487 3696 4546 christianis
3725 4481 3889 4536 Antio—

2175 4557 2235 4627 Π
2261 4582 2393 4636 chia
2423 4557 2479 4637 et
2510 4557 2884 4637 Hierusalem
2924 4557 3106 4651 super
3152 4580 3535 4636 Sarracenos
3568 4579 3742 4646 capta
3770 4566 3892 4624 sunt.

2259 4671 2349 4725 Ad
2382 4671 2646 4743 regimen
2678 4673 2872 4725 tamen
2921 4670 3169 4724 ducatus
3213 4670 3423 4725 minus
3470 4667 3671 4722 utilius
3699 4660 3894 4750 propter

2260 4760 2694 4830 simplicitatem
2724 4774 2891 4814 suam
2923 4762 2980 4813 et
3023 4761 3262 4829 propter
3306 4758 3572 4815 consilia
3598 4752 3762 4817 levia,
3788 4760 3891 4817 qm-

2259 4848 2375 4903 bus
2406 4849 2650 4903 nimium
2678 4864 2881 4903 aurem
2910 4848 3424 4902 accommodabat.

2855 4953 3107 5009 CAPUT
3158 4954 3319 5008 XIV.

2260 5045 2348 5100 De
2381 5044 2614 5116 Sibylla
2650 5059 2832 5099 uxore
2872 5042 3041 5116 ducis
3070 5042 3332 5116 Boberti
3362 5048 3435 5116 et_
3486 5037 3770 5116 W’illelino
3802 5023 3896 5116 ῆΙξιξ

2331 5132 2362 5171 e
2378 5117 2460 5171 'ns
2485 5109 2544 5171 et
2566 5116 2840 5187 quomodo
2858 5114 3012 5169 idem
3044 5113 3377 5169 Willelmus
3397 5113 3601 5170 factus
3631 5113 3717 5165 est
3745 5109 3896 5160 comes

2330 5134 2820 5241 ﬁzrandrensium.

2383 5187 2820 5250 'randrensium,

2329 5276 2472 5331 Cum
2489 5279 2681 5330 autem
2694 5275 2910 5329 rediret
2922 5274 2994 5330 de
3012 5275 3103 5328 via
3119 5273 3511 5328 Hierusalem
3524 5270 3743 5339 accepit
3752 5254 3896 5328 Sibyl-

2258 5366 2372 5420 lam
2404 5366 2462 5419 in
2492 5379 2755 5434 uxorem,
2780 5379 3047 5418 sororem
3059 5358 3352 5417 Willelmi
3368 5362 3612 5418 comitis
3625 5359 3898 5413 Conversa-

2257 5471 2368 5516 na.
2394 5455 2465 5509 de
2495 5469 2609 5525 qua
2631 5453 2835 5525 genuit
2848 5468 3027 5507 unum
3051 5451 3252 5520 filium,
3280 5451 3531 5505 nomine
3554 5445 3893 5501 Willelmum-

2256 5544 2387 5600 Fuit
2419 5548 2612 5599 autem
2641 5542 2926 5613 praedicta
2948 5541 3250 5597 comitissa
3272 5540 3544 5611 pulchra
3574 5531 3898 5602 facie,hone‘

2255 5638 2346 5689 sta
2378 5633 2663 5702 moribus,
2699 5631 2984 5702 sapientia
3005 5629 3247 5701 pradita
3267 5631 3329 5683 et
3356 5626 3679 5701 aliquando
3696 5616 3898 5708 absente

2253 5724 2403 5780 duce
2434 5723 2564 5796 ipsa
2590 5720 2805 5777 melius
2829 5736 2937 5793 per
2966 5735 3033 5776 se
3047 5716 3286 5792 negotia
3317 5717 3659 5790 provincia
3679 5715 3785 5769 tam
3810 5717 3901 5778 pl'l‘

549 5381 800 5436 chebrai
816 5385 877 5437 in
898 5381 1051 5441 bello
1067 5402 1195 5440 eum
1214 5381 1369 5458 cepit
1386 5381 1446 5458 et
1455 5392 1660 5457 postea
1684 5381 1872 5458 usque
1895 5386 1971 5441 ad
1990 5402 2143 5441 mor-

552 5462 680 5530 tem
716 5469 842 5508 eum
881 5472 1069 5530 regno
1097 5457 1335 5530 Anglia
1370 5457 1639 5512 ducatum
1690 5457 2145 5513 Northmanniae

548 5524 859 5595 sapienter
888 5524 1199 5598 disposuit.

548 5631 683 5687 Non
728 5633 830 5689 diu
866 5637 1060 5689 autem
1090 5635 1321 5691 duravit
1349 5636 1503 5691 inter
1531 5650 1637 5691 eos
1668 5635 1951 5706 pradicta
1994 5652 2141 5692 con-

476 5722 695 5779 cordia.
716 5722 1015 5781 Robertus
1025 5725 1184 5781 enim
1196 5740 1397 5782 comes
1416 5724 1734 5800 plusjusto
1756 5725 2140 5783 credensillis
