3988 6176
205 307 307 373 889

587 304 966 366 HITORLE
1005 292 1804 366 NORTHMANNORUM
1852 303 2078 366 LIBRI
2127 303 2457 367 ocro—
2507 291 3199 373 LIBER'OCTAVUS

3490 306 3620 375 ‘890

207 510 321 560 vata
346 519 514 575 quam
530 503 763 574 publica
785 502 1157 573 disponebat,
1183 517 1358 573 quam
1393 502 1522 572 ipse
1551 501 1772 556 faceret
1794 502 1848 555 si
1877 487 1923 547 Α
1961 517 2106 572 ram,
2129 519 2299 574 quam
2324 503 2576 559 habebat
2614 505 2669 559 in
2690 506 3113 561 Northmannia
3138 508 3340 563 habuit
3364 524 3378 576 ;
3414 511 3471 563 et
3500 507 3623 563 Ho-

205 592 607 648 adesset.Vixit
622 595 815 647 autem
835 592 891 645 in
914 591 1336 645 Northmannia
1359 606 1540 660 parvo
1559 593 1844 659 tempore,

205 682 402 737 invidia
424 684 477 735 et
501 681 748 749 factione
775 681 1161 750 quarumdam
1184 680 1468 733 nobilium
1492 678 1843 733 feminarum

204 771 442 839 decepta.
475 770 803 823 Praedictus
832 785 978 823 vero
1025 769 1366 823 Willelmus
1410 768 1566 822 ﬁlius
1601 766 1842 822 ltoberti

203 859 353 913 ducis
380 856 717 927 procedenti
746 860 1010 927 tempore
1043 873 1244 912 comes
1284 857 1393 909 fuit
1434 855 1841 910 Flandrensis.

205 947 349 1012 Quod
385 945 675 1017 quomodo
707 946 1010 1015 acciderit,
1052 945 1259 1016 paucis
1301 946 1657 1015 aperiamus.
1701 944 1845 997 Cum

201 1035 362 1108 igitur
392 1035 488 1089 ille
521 1033 641 1105 jam
667 1034 910 1104 juvenis
938 1034 1132 1089 multae
1162 1034 1473 1104 probitatis
1504 1034 1562 1086 in
1592 1033 1845 1086 Francia

204 1124 539 1192 exularetur,
566 1126 730 1193 patre
760 1139 893 1191 suo,
926 1126 989 1176 ut
1015 1121 1136 1193 jam
1167 1122 1446 1191 diximus,
1480 1122 1537 1174 in
1586 1120 1843 1174 vinculis

203 1211 422 1266 Henrici
453 1212 617 1283 regis
662 1213 875 1281 posito,
909 1212 1121 1265 accidit
1151 1213 1213 1264 ut
1252 1211 1524 1264 Carolum
1572 1210 1844 1263 comitem

202 1301 601 1355 Flandrensem
620 1300 859 1371 quidam
879 1300 1193 1354 traditores
1214 1299 1269 1353 in
1289 1300 1564 1366 ecclesia,
1591 1299 1727 1352 dum
1750 1314 1841 1351 sa-

200 1390 304 1445 cris
340 1389 640 1459 mysteriis
672 1390 1008 1458 interesset,
1049 1388 1405 1443 occiderent.
1453 1388 1579 1452 Quo
1622 1387 1840 1455 audito,

204 1479 386 1550 regina
402 1477 763 1531 Francorum
783 1477 1229 1532 uxorLudovici
1258 1477 1421 1548 regis
1437 1477 1595 1530 dedit
1616 1475 1839 1546 praedi-

203 1570 281 1621 cto
299 1566 589 1620 Willelmo
622 1582 890 1621 sororem
923 1582 1091 1619 suam
1130 1581 1410 1629 uxorem;
1446 1564 1714 1618 efﬁciens
1745 1579 1852 1633 per

203 1656 451 1709 maritum
494 1671 673 1709 suum
704 1659 767 1709 ut
800 1654 954 1708 idem
985 1668 1186 1708 comes
1219 1652 1669 1707 Flandrensium
1703 1669 1847 1706 con-

201 1745 519 1798 situeretur.
564 1743 920 1798 Decesserat
963 1743 1118 1797 enim
1148 1741 1398 1797 Carolus
1438 1742 1665 1812 absque
1708 1740 1846 1795 ﬁlio.

202 1833 511 1886 Nectamen
529 1832 1031 1886 idemWillelmus
1051 1831 1228 1902 longe
1265 1831 1467 1885 aberat
1493 1847 1523 1884 a
1553 1830 1852 1901 cognatio-

201 1936 263 1974 ne
289 1920 558 1975 comitum
580 1919 1052 1973 Flandriae.Nam
1077 1920 1375 1973 Mathildis
1399 1919 1607 1990 regina
1630 1918 1849 1989 Anglo-

201 2026 312 2063 rum
340 2009 464 2062 avia
498 2008 694 2079 ipsius
712 2008 822 2063 fuit
852 2008 969 2062 ﬁlia
1001 2008 1417 2063 Balduinicum
1442 2008 1631 2062 Barba
1659 2008 1848 2061 comi-

196 2098 261 2151 tis
278 2096 743 2152 Flandrensium.
766 2098 874 2151 Hic
898 2112 1039 2152 vero
1056 2097 1377 2151 Balduinus
1401 2097 1549 2150 duos
1569 2096 1722 2150 ﬁlios
1748 2096 1847 2149 ha-

202 2185 330 2253 buit,
370 2186 764 2240 Balduindum
794 2189 851 2241 et
896 2185 1245 2241 Robertum.
1300 2185 1558 2250 Quorum
1606 2187 1853 2255 uterque

200 2289 419 2328 uxorem
444 2276 697 2344 accepit,
735 2276 969 2330 vivente
992 2278 1154 2345 patre
1189 2290 1411 2328 eorum.
1439 2274 1586 2327 Nam
1621 2272 1854 2327 Baldui-

200 2378 297 2418 nus
336 2363 771 2435 primogenitus
829 2362 1034 2418 habuit
1082 2363 1140 2416 in
1185 2379 1436 2417 uxorem
1486 2362 1852 2416 comitissam

202 2451 681 2521 Hainaucensem,
705 2466 778 2506 ex
803 2467 916 2522 qua
934 2452 1140 2523 genuit
1159 2451 1308 2506 duos
1333 2451 1509 2519 ﬁlios,
1544 2450 1851 2504 Ernulfum

204 2543 250 2593 et
264 2539 627 2595 Balduinum.
652 2541 952 2596 Robertus
971 2544 1163 2595 autem
1182 2542 1405 2610 accepit
1420 2539 1739 2611 coniugem
1758 2554 1853 2593 re-

202 2628 373 2682 lictam
425 2628 718 2684 Florentii
776 2630 1008 2684 comitis
1060 2629 1293 2698 Frisiae,
1338 2645 1471 2700 quae
1512 2629 1745 2682 unicam
1781 2644 1855 2682 ex

202 2718 456 2785 praedicto
488 2717 797 2773 Florentio
831 2718 1083 2772 habebat
1122 2718 1322 2772 ﬁliam.
1360 2718 1503 2782 Quae
1554 2717 1854 2772 Robertus

203 2805 356 2876 longe
415 2808 618 2861 facere
662 2807 869 2861 volens
911 2823 943 2859 a
987 2810 1228 2876 paterna
1275 2806 1641 2875 haereditate,
1696 2805 1856 2859 dedit

204 2907 311 2946 eam
347 2894 621 2965 Philippo
670 2895 797 2966 regi
854 2894 1235 2949 Francorum.
1300 2894 1369 2948 Et
1412 2895 1487 2948 ita
1537 2894 1851 2949 comitatus

204 2979 390 3037 Frisiae
417 2983 710 3038 remansit
734 2984 784 3037 ei
811 2999 943 3037 cum
962 2985 1146 3038 matre
1167 2983 1467 3053 praedictae
1489 2983 1721 3053 puellm,
1749 2999 1855 3037 un-

202 3070 261 3124 de
296 3073 754 3143 cognominatus
786 3076 879 3128 est
909 3072 1126 3127 Frisio.
1175 3073 1447 3128 Decessit
1476 3076 1670 3127 autem
1721 3076 1854 3126 ante

200 3162 419 3215 mortem
448 3178 484 3231 p
505 3162 648 3215 atris
690 3162 784 3216 sui
818 3161 1089 3215 Balduini
1112 3161 1435 3215 Balduinus
1476 3177 1677 3216 comes
1710 3160 1854 3216 Hai-

200 3251 507 3304 naucensis
529 3253 585 3305 et
602 3250 901 3304 successit
918 3248 1203 3303 Ernulfus
1221 3249 1379 3304 ﬁlius
1399 3249 1532 3320 ejus
1550 3250 1855 3321 primoge-

198 3337 352 3393 nitus.
387 3339 659 3392 Tandem
683 3339 936 3392 obeunte
970 3338 1254 3392 Balduino
1290 3338 1500 3392 comite
1541 3338 1853 3407 Flandriae,

202 3440 315 3479 cum
334 3426 631 3482 Ernulfus
665 3443 866 3481 comes
899 3427 1331 3481 Hainaucensis
1364 3427 1604 3481 deberet
1633 3428 1683 3481 ei
1721 3443 1856 3481 suc-

204 3514 409 3585 cedere,
441 3519 649 3584 utpote
680 3530 867 3585 nepos
895 3532 967 3569 ex
994 3515 1382 3586 primogenito
1416 3516 1535 3569 ﬁlio
1561 3514 1693 3586 ejus
1713 3519 1769 3570 et
1785 3516 1856 3570 ad

202 3601 300 3657 hoc
331 3604 513 3658 etiam
543 3604 844 3674 niteretur,
881 3604 1189 3673 Philippus
1218 3619 1324 3658 rex
1355 3602 1719 3671 Francorum
1751 3620 1854 3658 ve-

204 3692 354 3746 niens
393 3693 449 3747 in
489 3693 773 3747 auxilium
798 3693 954 3765 ejus,
990 3695 1047 3747 et
1076 3692 1374 3747 Mathildis
1394 3693 1597 3764 regina
1628 3693 1857 3763 Anglo-

204 3796 317 3834 rum
353 3783 537 3836 amita
565 3781 700 3852 ejus
719 3783 957 3836 mittens
974 3782 1029 3836 ei
1051 3780 1408 3837 Willelmum
1429 3781 1612 3835 ﬁlium
1634 3782 1858 3836 Osber-

205 3869 255 3921 ni
283 3885 408 3923 cum
437 3874 668 3924 armata
701 3870 946 3925 militum
970 3886 1168 3940 manu,
1200 3870 1496 3923 Robertus
1523 3869 1718 3923 Frisio
1751 3885 1857 3940 pa-

206 3959 355 4011 truus
377 3958 834 4030 ejus,adjuncto
857 3959 1118 4014 exercitu
1156 3958 1396 4012 Henrici
1428 3958 1859 4012 Northmanno-

207 4061 321 4099 rum
360 4050 414 4101 et
443 4046 906 4101 Alcmannorum
953 4047 1326 4117 imperatoris
1363 4047 1570 4101 cuneis
1599 4047 1751 4117 suis,
1787 4064 1859 4101 ex

206 4133 516 4204 improviso
548 4151 729 4206 super
759 4151 862 4190 eos
894 4136 1151 4204 irruens,
1177 4137 1270 4190 die
1290 4136 1584 4190 dominica
1606 4135 1860 4205 Septua-

208 4224 673 4295 gesimaa,fugato
697 4223 963 4293 Philippo
983 4240 1124 4295 rege
1140 4224 1528 4294 Francorum,
1551 4224 1861 4278 Ernulfum

207 4316 458 4381 nepotem
477 4328 655 4367 suum
671 4316 726 4366 et
742 4311 1103 4367 Willelmum
1118 4313 1301 4367 ﬁlium
1315 4313 1568 4368 Osberni
1586 4313 1859 4368 comitem

212 4399 510 4457 Herefordi
525 4402 791 4471 peremit,
814 4405 870 4456 et
887 4401 998 4455 hac
1013 4402 1082 4456 de
1106 4418 1288 4456 causa
1312 4401 1648 4456 Flandriam
1668 4418 1859 4474 usque

211 4488 272 4541 ad
284 4503 451 4544 suum
473 4490 697 4544 obitum
722 4492 1006 4560 possedit.

828 4579 1079 4634 CAPUT
1108 4579 1233 4634 XV.

217 4663 293 4719 De
335 4667 627 4723 Willelmo
654 4668 865 4722 comite
894 4667 1223 4724 Herefordi
1254 4673 1313 4723 et
1333 4668 1712 4723 successione
1735 4667 1866 4740 ejus

279 4755 607 4811 Praedictus
628 4760 823 4811 autem
847 4757 1180 4812 Willelmus
1198 4773 1400 4812 comes
1426 4757 1738 4812 Herefordi
1757 4756 1865 4811 fuit

217 4841 301 4895 vir
351 4844 641 4900 honestus
699 4848 755 4900 et
796 4847 1041 4917 probus,
1087 4851 1143 4901 et
1189 4847 1601 4918 cognationem
1647 4846 1862 4900 ducum

217 4928 643 4989 Northmanniaa
688 4951 802 4990 non
849 4935 1038 4990 solum
1086 4952 1156 4990 ex
1187 4938 1351 5006 parte
1402 4937 1607 5005 patris,
1657 4951 1865 4990 verum

216 5019 373 5075 etiam
404 5038 477 5076 ex
506 5026 667 5093 parte
694 5024 893 5077 matris
925 5024 1241 5095 attingens.
1270 5026 1580 5079 Osbernus
1612 5039 1863 5095 namque

215 5112 367 5176 pater
386 5111 518 5182 ejus
542 5112 650 5166 fuit
669 5113 825 5166 ﬁlius
847 5112 1104 5167 Herfasti
1131 5112 1333 5167 fratris
1355 5113 1653 5168 Gunnoris
1676 5114 1864 5167 comi-

216 5194 371 5251 tissze
418 5200 587 5268 primi
640 5199 918 5254 Hichardi
954 5200 1123 5255 ducis
1158 5200 1603 5254 Northmanniae
1635 5200 1860 5255 uxoris.

222 5280 545 5342 Matervero
565 5287 672 5342 fuit
702 5288 818 5341 ﬁlia
837 5288 1066 5342 Rodulﬁ
1087 5288 1318 5342 comitis
1337 5289 1730 5343 Jureicensis.
1753 5288 1864 5352 Qui

222 5369 502 5429 Rodulfus
532 5376 717 5432 frater
745 5376 854 5431 fuit
879 5377 1147 5431 uterinus
1194 5377 1474 5431 Richardi
1497 5378 1666 5431 ducis
1692 5394 1867 5447 supe-

222 5457 342 5515 rius
357 5464 838 5521 nominati.Duxit
854 5468 1047 5521 autem
1060 5466 1215 5521 idem
1226 5466 1559 5522 Willelmus
1574 5467 1869 5521 Adelizam

224 5545 392 5603 tiliam
411 5552 650 5626 Rogerii
677 5555 749 5610 de
772 5554 1040 5626 Toennio,
1065 5571 1136 5610 ex
1160 5571 1274 5626 qua
1296 5556 1498 5628 genuit
1516 5556 1666 5611 duos
1688 5555 1866 5627 ﬁlios,

227 5632 564 5698 Willelmum
595 5641 668 5698 de
695 5643 938 5700 Britolio
961 5643 1061 5718 qui
1085 5646 1223 5717 post
1242 5643 1561 5701 decessum
1586 5643 1643 5720 ej
1652 5660 1723 5700 us
1736 5646 1869 5701 ter-

1891 3208 1946 3273 C

1962 593 2214 662 gerium,
2255 593 2350 647 cui
2374 595 2683 647 comitatus
2712 595 3025 649 Herefordi
3059 596 3322 651 funiculo
3345 596 3631 651 distribu-

1962 680 2139 734 tionis
2186 681 2399 734 evenit.
2433 681 2649 735 Habuit
2677 683 2850 735 etiam
2876 682 3022 736 duas
3049 683 3199 737 tilias
3232 700 3483 754 quarum
3512 700 3629 738 una

1965 769 2199 822 nomine
2223 768 2642 838 Emmajuncta
2676 774 2768 823 est
2795 770 3046 825 Hodulfo
3066 772 3138 825 de
3162 771 3370 841 Waiet,
3405 788 3625 843 genere

1966 856 2210 926 Britoni,
2240 857 2339 927 qui
2365 857 2471 910 fuit
2493 874 2693 912 comes
2714 859 3145 927 Norwicensis;
3165 861 3271 914 sed
3294 860 3395 930 qui
3426 862 3630 915 contra

1966 945 2304 999 ﬁdelitatem
2360 946 2642 1000 Willelmi
2721 949 2886 1018 regis
2940 949 3198 1003 senioris
3245 948 3629 1003 munitionem

1966 1034 2246 1088 Norwich
2284 1034 2599 1105 aliquando
2644 1041 2848 1090 tenere
2889 1037 3210 1105 attentavit,
3243 1037 3535 1108 expulsus
3573 1041 3630 1091 et

1966 1123 2223 1177 extorris
2238 1123 2310 1176 de
2328 1139 2515 1194 regno
2530 1124 2760 1195 Anglite
2775 1141 2907 1178 eum
2924 1139 3111 1180 uxore
3130 1140 3238 1180 sua
3252 1125 3633 1180 Hierusalem

1964 1211 2246 1280 perrexit,
2264 1212 2610 1281 relinquens
2629 1228 2804 1266 unam
2822 1213 2998 1266 ﬁliam
3028 1214 3263 1268 nomine
3282 1213 3472 1282 lttam,
3498 1230 3631 1284 quaa

1966 1300 2309 1369 procedenti
2346 1303 2607 1368 tempore
2638 1301 2837 1369 nupsit
2874 1302 3131 1356 Roberto
3164 1303 3365 1356 comiti
3396 1303 3628 1373 Legre-

1967 1388 2224 1455 cestrize,
2241 1387 2360 1442 ﬁlio
2385 1388 2627 1441 Hoberti
2650 1390 2883 1442 comitis
2906 1389 3183 1444 Mellenti.
3220 1391 3389 1444 Unde
3409 1390 3624 1444 factum

1964 1480 2055 1531 est
2088 1479 2149 1530 ut
2191 1477 2349 1544 Lire,
2383 1476 2533 1542 Glot,
2587 1478 2913 1544 Britolium,
2956 1483 3011 1531 et
3050 1478 3362 1548 plurimam
3400 1484 3624 1549 partem

1960 1569 2135 1619 terrae
2158 1580 2333 1635 quam
2367 1564 2702 1619 Willelmus
2735 1566 2892 1620 ﬁlius
2923 1566 3180 1621 Osberni
3216 1583 3368 1622 avus
3415 1569 3626 1623 uxoris

1966 1668 2094 1707 suae
2125 1653 2413 1707 habuerat
2436 1654 2493 1707 in
2517 1654 2960 1724 Northmannia,
2988 1659 3124 1725 post
3140 1661 3387 1710 mortem
3400 1656 3619 1711 Willel-

1962 1742 2042 1796 ini
2072 1742 2143 1795 de
2174 1743 2414 1796 Britolio
2438 1743 2708 1797 avunculi
2736 1745 2940 1797 uxoris
2958 1760 3085 1798 suae:
3104 1744 3256 1798 idem
3281 1759 3482 1800 comes
3513 1744 3621 1798 ha-

1886 1857 1935 1919 B
1968 1830 2371 1885 beret.Genuit
2384 1835 2577 1885 autem
2591 1846 2665 1885 ex
2678 1846 2744 1886 ea
2760 1847 2935 1885 unum
2951 1832 3133 1886 ﬁlium
3156 1835 3212 1887 et
3228 1833 3432 1902 plures
3446 1832 3619 1887 ﬁlias.

2033 1920 2250 1975 Occiso
2284 1920 2501 1990 itaque,
2536 1924 2597 1973 ut
2627 1921 2903 1989 diximus,
2927 1920 3219 1976 Willelmo
3252 1921 3370 1976 ﬁlio
3392 1921 3618 1977 Osber-

1962 2009 2042 2079 ni,
2072 2008 2405 2063 Willelmus
2434 2008 2505 2062 de
2538 2009 2780 2063 Britolio
2807 2009 2964 2064 ﬁlius
2987 2025 3158 2078 suus,
3186 2010 3285 2081 qui
3311 2011 3364 2064 ei
3385 2025 3628 2065 succes-

1963 2101 2140 2165 serat,
2166 2097 2339 2167 coepit
2363 2098 2703 2152 calumniari
2727 2098 3002 2168 oppidum
3025 2098 3231 2166 Jureii,
3273 2098 3412 2169 quia
3435 2099 3628 2164 fuerat

1966 2186 2198 2240 Rodulﬁ
2233 2186 2487 2254 comitis,
2523 2186 2705 2255 patris
2730 2186 2999 2240 videlicet
3017 2188 3166 2240 aviae
3192 2202 3340 2241 sua).
3364 2187 3631 2242 Habebat

1965 2277 2158 2329 autem
2200 2278 2339 2328 tunc
2369 2274 2654 2343 temporis
2695 2274 2847 2328 idem
2880 2277 3140 2328 castrum
3166 2275 3464 2329 Robertus
3513 2276 3632 2329 dux

1966 2363 2408 2417 Northmannite
2438 2363 2495 2415 in
2520 2378 2630 2416 suo
2648 2362 2925 2429 dominio,
2951 2363 3103 2417 sicut
3124 2365 3287 2431 pater
3308 2378 3456 2418 suus
3491 2362 3632 2416 Wil-

1969 2452 2182 2506 lelmus
2214 2467 2319 2505 rex
2343 2465 2451 2520 per
2497 2465 2670 2504 omne
2700 2453 2933 2520 tempus
2972 2451 3109 2505 vitae
3145 2466 3275 2506 suae
3319 2451 3626 2506 habuerat.

1966 2540 2471 2609 Comitissajenim
2507 2539 2801 2594 Albereda
2836 2555 2989 2595 uxor
3024 2540 3256 2595 comitis
3291 2540 3535 2595 Roberti
3573 2539 3632 2595 in

1967 2628 2284 2699 supercilio
2327 2628 2541 2683 montis
2571 2629 2760 2683 eidem
2792 2631 2990 2683 castro
3022 2629 3381 2684 imminentis
3424 2629 3634 2684 turrim

1967 2717 2444 2786 munitissimam,
2479 2732 2611 2788 quae
2634 2733 2826 2788 usque
2843 2734 2997 2772 nunc
3011 2721 3310 2787 superest,
3335 2717 3631 2772 aediﬁcare

1964 2810 2242 2877 coeperat.
2299 2806 2595 2862 Hobertus
2653 2818 2853 2861 comes
2911 2805 3171 2861 Mellenti
3215 2807 3425 2860 turrim
3471 2805 3632 2861 illam

1966 2896 2330 2964 custodiens,
2367 2896 2738 2950 vicecomitis
2765 2894 2964 2951 ofﬁcio
2996 2897 3054 2948 in
3097 2895 3379 2965 praedicto
3411 2895 3629 2966 oppido

1964 2983 2340 3056 fungebatur.
2377 2983 2512 3055 Egit
2546 2985 2740 3054 itaque
2771 2985 3082 3039 calliditate
3123 2985 3296 3038 solita
3330 3025 3344 3052 ,
3385 2987 3448 3037 ut
3476 2984 3633 3038 idem

1966 3072 2271 3126 castellum
2312 3071 2606 3125 Willelmo
2639 3072 2710 3125 de
2741 3072 2984 3127 Britolio
3014 3072 3376 3140 redderetur,
3412 3071 3522 3125 hac
3550 3074 3629 3126 ta-

1968 3177 2097 3215 men
2129 3161 2481 3229 conditione,
2515 3163 2805 3231 quatenus
2829 3161 2956 3231 ipse
2989 3176 3097 3231 pro
3120 3177 3189 3214 eo
3218 3160 3378 3231 quod
3408 3159 3469 3214 in
3497 3160 3631 3230 ipso

1967 3250 2179 3320 Oppido
2205 3264 2358 3303 nunc
2382 3248 2653 3319 habebat,
2674 3248 3000 3303 Britonium
3024 3264 3154 3303 suae
3184 3252 3359 3303 terrae
3371 3249 3633 3303 vicinum

1968 3338 2283 3409 largitione
2302 3337 2471 3391 ducis
2502 3337 2743 3391 Hoberti
2773 3342 3055 3407 perpetuo
3096 3337 3450 3407 possideret.
3492 3336 3635 3392 Erat

1968 3427 2121 3481 enim
2153 3428 2225 3481 ab
2267 3426 2525 3497 antiquis
2548 3427 2912 3495 temporibus
2936 3426 3085 3480 idem
3114 3426 3498 3495 municipium
3514 3441 3631 3480 una

1969 3531 2043 3570 ex
2074 3516 2330 3586 propriis
2378 3514 2625 3568 sedibus
2675 3514 2893 3568 ducum
2935 3515 3403 3569 Northmanniaa.
3455 3514 3625 3569 Unde

1972 3620 2208 3675 semper
2247 3604 2388 3658 illud
2420 3604 2474 3656 in
2508 3619 2617 3658 suo
2653 3603 2911 3658 dominio
2956 3605 3243 3658 hactenus
3276 3603 3629 3670 habuerunt,

1973 3696 2216 3762 excepto
2262 3693 2418 3763 quod
2480 3692 2745 3746 scundus
2795 3692 3130 3747 Hichardus
3196 3693 3390 3762 ipsum
3440 3691 3637 3746 comiti

1971 3781 2291 3836 Godefrido
2324 3781 2491 3834 fratri
2510 3784 2620 3834 suo
2650 3780 2901 3835 naturali
2926 3781 3185 3851 dederat,
3205 3784 3263 3835 et
3291 3795 3495 3835 comes
3513 3780 3641 3835 Gis-

1973 3870 2237 3924 lebertus
2269 3870 2426 3924 ﬁlius
2459 3868 2593 3940 ejus
2624 3873 2760 3939 post
2789 3871 2983 3940 ipsum
3013 3869 3165 3924 idem
3189 3870 3495 3939 habuerat,
3529 3868 3637 3923 sed

1975 3959 2181 4013 eodem
2223 3958 2455 4027 occiso,
2488 3958 2561 4011 ad
2595 3958 2915 4012 dominium
2946 3959 3162 4012 ducum
3192 3959 3636 4014 Northmanniaa

1976 4048 2250 4102 redierat.
2273 4046 2342 4101 Et
2380 4047 2655 4117 quoniam
2678 4048 2978 4118 Rogerius
3004 4047 3163 4102 ﬁlius
3181 4047 3463 4102 Richardi
3483 4047 3638 4102 idem

1976 4141 2234 4191 castrum
2246 4134 2711 4206 repetebat,quia
2728 4151 2876 4189 avus
2891 4151 3039 4190 suus
3053 4151 3254 4190 comes
3267 4135 3637 4190 Gislebertus

1973 4225 2247 4295 idipsam,
2270 4226 2424 4279 sicut
2443 4225 2667 4278 dictum
2687 4226 2798 4291 est,
2822 4226 2987 4277 antea
3007 4224 3377 4294 possederat,
3405 4224 3638 4278 Rober-

1975 4317 2070 4368 tus
2105 4328 2307 4368 comes
2344 4313 2604 4367 Mellenti
2647 4313 2802 4367 omni
2832 4312 3237 4382 inquietudine
3268 4327 3477 4387 carere,
3501 4327 3641 4382 ges-

1974 4401 2149 4469 tiens,
2186 4401 2307 4472 egit
2329 4401 2482 4470 apud
2514 4401 2722 4455 ducem
2745 4399 3086 4468 Robertum,
3112 4402 3175 4453 ut
3205 4399 3498 4469 quoddam
3513 4414 3639 4453 mu-

1975 4490 2256 4559 nicipium
2284 4493 2681 4558 nuncupatum
2700 4489 3014 4543 Humetum
3029 4489 3207 4542 situm
3229 4487 3287 4541 in
3307 4486 3639 4542 Constanti-

1854 4576 1855 4585 “
1895 4559 1953 4626 D
1976 4579 2171 4633 niensi
2190 4579 2490 4647 comitatu,
2512 4578 2753 4632 daretur
2770 4577 3031 4649 Roget-io
3052 4576 3175 4631 ﬁlio
3198 4574 3500 4644 Richardi,
3519 4590 3638 4629 non

1979 4668 2170 4722 solum
2194 4683 2304 4737 pro
2335 4668 2430 4720 illa
2448 4666 2737 4721 calumnia
2761 4666 3066 4737 scpienda,
3085 4681 3291 4720 verum
3330 4663 3502 4719 etiam
3532 4677 3639 4734 pro

1979 4756 2216 4811 minima
2236 4755 2503 4826 pecuniae
2526 4771 2754 4809 summa
2776 4771 2951 4826 quam
2972 4753 3268 4825 Hogerius
3290 4753 3399 4807 hac
3421 4752 3492 4806 de
3504 4768 3639 4807 cau-

1983 4862 2048 4899 sa
2083 4845 2218 4900 duci
2261 4845 2606 4899 contulerat.
2647 4844 2795 4899 Sunt
2845 4844 3216 4915 antiquorum
3260 4841 3497 4912 plurimi
3540 4841 3642 4912 qui

1983 4935 2178 4988 dicant
2208 4935 2365 5005 quod
2394 4932 2736 4987 llichardus
2766 4935 2931 5002 pater
2955 4931 3196 5003 Rogerii
3218 4946 3323 5000 pro
3345 4930 3643 5001 repetitio-

1985 5037 2059 5077 ne
2084 5022 2354 5092 ejusdem
2386 5021 2566 5076 castri
2586 5020 2802 5075 dudurn
2835 5022 2895 5075 in
2922 5020 3136 5091 Anglia
3157 5023 3465 5090 acceperat
3487 5019 3646 5090 oppi-

1987 5112 2124 5166 dum
2152 5111 2527 5183 Toneburge,
2546 5112 2888 5164 asserentes
2911 5110 3137 5164 leucam
3156 5109 3378 5163 Brionii
3409 5125 3544 5164 cum
3561 5108 3644 5164 fu-

1986 5200 2184 5254 niculo
2215 5200 2436 5253 circum
2486 5200 2646 5253 circa
2691 5198 2883 5252 fuisse
2913 5201 3310 5253 mensuratam
3351 5203 3408 5252 et
3438 5198 3644 5255 eodem

1988 5288 2127 5342 fune
2141 5288 2198 5340 in
2214 5288 2425 5358 Anglia
2443 5288 2888 5359 delato,leucam
2901 5286 3256 5359 Toneburge
3284 5286 3645 5343 tantumdem

1989 5375 2165 5446 spatii
2219 5376 2279 5429 in
2323 5376 2614 5430 metiendo
2664 5375 2988 5445 recepisse,
3016 5376 3311 5448 :quantum
3357 5376 3644 5431 hactenus

1986 5465 2318 5519 Brionense
2347 5463 2662 5518 milliarum
2679 5466 2962 5534 probatur
2989 5465 3262 5521 retinere.

2056 5553 2306 5624 Accidit,
2338 5555 2475 5624 post
2494 5552 2853 5622 aliquantum
2873 5554 3178 5625 temporis,
3212 5558 3276 5609 ut
3305 5554 3550 5611 Goellus
3572 5552 3644 5608 de

1984 5642 2458 5701 Breherii-Valle
2489 5640 2790 5699 dominum
2820 5658 2996 5700 suum
3028 5643 3387 5702 Willelmum
3410 5643 3482 5700 de
3511 5641 3646 5702 Bri~
