3940 6174
443 314 560 414 89.1

1185 309 1591 372 VILLELMI
1637 305 1985 371 CALCULI
2033 305 2723 370 GEMMETICENSIS
2766 307 3155 371 MONACHI

3715 312 3807 377 892

452 518 595 572 tolio
628 516 836 570 dolose
872 516 1111 583 caperet
1143 515 1200 566 et
1226 513 1284 565 in
1313 511 1443 580 ipsa
1471 510 1735 580 captione
1767 525 1900 564 eum
1928 509 2128 562 tandiu
2153 491 2202 554 Α
2239 508 2683 564 Northmanniae
2716 509 2937 566 habuit.
2979 512 3094 566 Sed
3124 517 3564 583 parvotempore
3598 519 3812 587 supervi-

452 606 754 674 retineret,
774 617 1084 674 quousque
1106 599 1604 654 idemVVillelmus
1619 599 1926 669 quamdam
1946 598 2122 651 ﬁliam

453 711 624 750 suam
670 694 908 747 notham
941 707 1072 745 cum
1111 690 1241 759 ipso
1286 689 1528 742 castello
1560 688 1723 742 Jurei
1748 687 1824 757 (6)
1874 691 2114 742 coactus

454 783 540 838 illi
562 782 932 837 concederet.
959 779 1048 832 Ex
1069 796 1182 849 qua
1205 779 1300 832 ille
1324 778 1414 831 vir
1439 777 1618 830 Belial
1642 777 1907 846 suscepit
1934 777 2110 845 ﬁlios,

460 871 827 924 VVillelmum
857 867 1166 921 Luvellum
1197 871 1252 920 et
1274 865 1596 936 Rogerium
1630 864 1874 918 Balbum
1893 868 1949 918 et
1971 863 2120 918 alios

448 961 508 1013 in
547 959 764 1029 quibus
810 957 1065 1026 nequitia
1111 955 1294 1024 patris
1351 969 1554 1007 eorum
1593 955 1648 1006 et
1700 953 2119 1020 fraudulentia,

452 1049 614 1103 velut
643 1048 703 1101 in
755 1046 906 1100 malo
940 1045 1222 1116 germine,
1265 1043 1336 1096 ad
1380 1041 1700 1112 perniciem
1742 1041 2119 1095 innoxiorum

451 1137 644 1192 adhuc
686 1138 1048 1205 perseverat.
1086 1132 1424 1186 Willelmus
1467 1135 1658 1184 autem
1711 1129 1781 1184 de
1816 1129 2058 1183 Britolio
2087 1144 2120 1181 a

455 1225 707 1281 nexibus
741 1224 914 1291 liber,
947 1238 1172 1276 memor
1201 1219 1437 1290 injuriae
1469 1235 1501 1272 a
1531 1218 1755 1288 perﬁdo
1775 1218 1891 1271 sibi
1916 1217 2115 1287 illatae,

452 1313 764 1386 quamdam
795 1327 916 1365 rem
950 1310 1190 1377 dignam
1209 1308 1488 1362 memoria
1513 1323 1698 1361 ausus
1720 1311 1813 1360 est
1833 1307 2117 1376 incipere.

462 1403 610 1457 Nam
661 1415 865 1472 regem
896 1398 1258 1452 Francorum
1308 1396 1639 1465 Philippum
1693 1411 1826 1450 cum
1867 1394 2118 1465 plurimo

448 1490 711 1546 exercitu
740 1494 796 1543 et
847 1487 1170 1542 Robertum
1201 1485 1410 1539 ducem
1462 1483 1907 1538 Northmannim
1950 1484 2019 1536 ad
2051 1497 2120 1536 se

445 1579 756 1634 immensis
781 1576 1124 1631 muneribus
1154 1589 1414 1628 evocans
1436 1577 1493 1628 et
1513 1573 1664 1643 ipsis
1697 1577 1753 1626 et
1772 1573 2114 1626 hominibus

450 1685 656 1725 eorum
679 1667 975 1734 omnibus,
1001 1664 1100 1735 qui
1119 1679 1289 1717 suam
1313 1663 1786 1733 procurationem
1806 1661 2118 1716 voluerunt

453 1758 746 1826 accipere,
762 1754 1130 1810 sufﬁcienter
1146 1751 1488 1807 necessaria
1502 1751 1573 1805 de
1587 1767 1696 1806 suo
1712 1751 1949 1822 proprio
1968 1751 2117 1804 sub-

451 1846 827 1911 ministrans,
853 1844 1113 1896 castrum
1134 1838 1609 1894 Breherii-Vallis
1634 1843 1688 1892 et
1703 1842 1879 1892 totam
1902 1842 2118 1892 terram

447 1934 638 1989 Goelli
659 1933 784 1986 fere
805 1929 1095 1985 destruxit
1116 1931 1173 1982 et
1195 1927 1460 1982 Jureium
1495 1927 1689 1980 tandiu
1713 1926 1998 1981 obsidens
2037 1926 2118 1980 af-

448 2021 614 2089 ﬂixit,
643 2035 954 2090 usquequo
980 2017 1078 2071 ille
1103 2016 1369 2086 perfidus
1395 2015 1522 2069 suis
1541 2015 1722 2069 rebus
1745 2014 2024 2069 difﬁdens
2043 2014 2117 2067 il-

452 2110 554 2164 lud
594 2109 710 2164 sibi
768 2107 1058 2162 redderet.
1095 2105 1165 2159 Et
1194 2105 1282 2158 sic
1321 2105 1554 2158 tandem
1598 2102 1928 2158 Willelmus
1979 2102 2118 2156 illud

452 2203 716 2254 castrum
745 2197 898 2252 sicut
928 2195 1231 2265 proprium
1245 2193 1437 2264 quoad
1469 2193 1884 2246 vixitsecurus
1905 2207 2114 2262 posse-

454 2288 555 2342 dit.
590 2289 733 2342 Cum
748 2288 940 2339 autem
959 2285 1030 2338 ad
1047 2286 1309 2338 extrema
1331 2282 1576 2336 veniens
1596 2281 1748 2336 idem
1774 2280 2114 2334 Willelmus

449 2375 730 2447 juvenem
761 2373 1075 2445 quemdam
1111 2371 1426 2426 Ilodulfum
1450 2371 1521 2424 de
1552 2370 1762 2438 Waiet,
1796 2385 1868 2424 ex
1909 2383 2115 2424 sorore

453 2465 656 2520 Emma
688 2468 985 2534 nepotem,
1018 2461 1319 2516 haeredem
1352 2460 1445 2513 sui
1477 2459 1801 2513 casamenti
1833 2458 2108 2525 fecisset;

450 2553 808 2608 Eustachius
840 2551 998 2605 ﬁlius
1016 2549 1152 2620 ejus
1175 2547 1480 2616 naturalis,
1507 2548 1644 2601 dum
1678 2547 1980 2617 exsequiae
2009 2563 2116 2616 pa-

449 2643 558 2696 tris
581 2644 920 2713 agerentur,
945 2654 1150 2693 omnes
1178 2637 1534 2690 munitiones
1569 2635 1703 2706 ejus
1738 2651 2036 2704 occupans
2061 2639 2118 2690 et

453 2731 748 2798 muniens,
798 2743 1028 2782 omnem
1049 2732 1263 2781 terram
1279 2725 1370 2778 sui
1390 2725 1572 2794 patris
1589 2724 1810 2778 diutius
1826 2724 1934 2777 hac
1954 2725 2118 2778 inva-

451 2821 619 2876 sione
657 2819 852 2889 quiete
884 2816 1101 2884 tenuit,
1134 2815 1321 2868 donec
1351 2828 1502 2866 uxor
1536 2811 1668 2882 ejus
1701 2813 1950 2882 Juliana,
1998 2812 2116 2867 ﬁlia

449 2909 616 2980 regis
641 2905 882 2962 Henrici
913 2904 1109 2973 notha,
1134 2902 1310 2957 nimis
1344 2904 1688 2972 arroganter
1709 2904 1764 2954 et
1793 2899 1936 2955 fulta
1973 2917 2115 2955 con-

447 3003 544 3053 tra
575 2997 934 3052 voluntatem
966 2996 1022 3047 et
1067 2991 1404 3046 ﬁdelitatem
1453 2990 1618 3062 regis
1651 2989 1930 3044 custodes
1968 3006 2114 3044 suos

450 3091 522 3142 de
572 3085 896 3141 munitione
938 3081 1164 3136 Britolii
1224 3079 1418 3151 ejecit.
1462 3079 1585 3142 Qua
1645 3079 1714 3132 de
1775 3094 1956 3133 causa
2007 3094 2112 3134 rex

449 3175 859 3244 exacerbatus,
902 3167 1146 3227 omnem‘
1165 3170 1323 3224 illam
1353 3169 1761 3223 haereditatem
1791 3184 1965 3238 quam
1997 3185 2114 3222 non

449 3264 822 3321 haereditario
838 3262 995 3334 jure,
1017 3261 1124 3315 sed
1143 3275 1251 3314 sua
1271 3259 1644 3328 pervasione,
1669 3259 1787 3312 imo
1803 3258 1966 3329 regis
1990 3257 2114 3311 cle-

449 3355 666 3410 mentia
693 3354 980 3408 hactenus
1013 3350 1109 3403 ille
1140 3347 1510 3418 possederat,
1543 3362 1660 3400 non
1691 3347 2001 3401 immeritio
2031 3345 2115 3399 illi

448 3444 710 3500 abstulit.
731 3441 1007 3496 Castrum
1038 3437 1330 3508 siquidem
1354 3436 1702 3490 Jureicense
1730 3435 2112 3505 (lbreicense)

450 3535 747 3589 redditum
777 3535 834 3585 et
867 3528 1070 3583 Goello
1101 3533 1156 3581 et
1193 3526 1330 3579 tiliis
1359 3526 1510 3578 suis.
1541 3525 1828 3580 Caeteram
1861 3528 2075 3579 terram
2096 3566 2110 3594 ,

451 3625 606 3678 sicut
628 3621 750 3693 jam
781 3618 1058 3683 diximus,
1104 3616 1402 3670 Robertus
1435 3628 1638 3668 comes
1679 3614 2112 3684 Legrecestriae

450 3728 583 3767 cum
614 3723 798 3764 uxore
821 3723 929 3760 sua
953 3703 1327 3776 postmodum
1345 3701 1588 3771 accepit.
1622 3701 1941 3757 Eustachio
1972 3719 2113 3772 pro-

449 3801 584 3855 inde
607 3797 804 3852 Paceii
835 3794 1113 3865 oppidum
1143 3791 1512 3846 solummodo
1536 3791 1838 3845 remansit.
1875 3790 1941 3844 Et
1974 3792 2111 3861 quia

450 3893 579 3946 haec
609 3905 789 3944 causa
821 3884 1097 3939 Willelmi
1128 3881 1516 3948 ﬁliiOsberni,
1550 3880 1726 3950 cujus
1751 3897 1930 3949 supra
1952 3896 2112 3934 men-

448 3985 664 4040 tionem
696 3978 946 4033 fecimus
979 3975 1151 4028 latius
1179 3971 1445 4026 exsecuti
1477 3984 1720 4038 sumus;
1754 3985 1907 4023 nunc
1938 3970 2011 4024 ad
2043 3985 2112 4023 ea

448 4089 581 4144 quae
625 4071 697 4125 de
741 4065 1055 4124 comitibus
1095 4061 1389 4116 Flandriae
1437 4074 1958 4130 proposueramus,
2014 4074 2108 4114 re-

444 4164 763 4217 vertemur.

1078 4276 1330 4333 CAPUT
1353 4275 1504 4330 XVI.

650 4393 737 4447 De
767 4395 957 4446 morte
1001 4383 1287 4440 Willelmi
1318 4382 1552 4437 comitis
1583 4380 1908 4436 Flandrice.

515 4518 704 4592 Igitur
715 4514 998 4586 praedicto
1015 4511 1272 4566 ltoberto
1297 4508 1491 4563 comiti
1508 4505 1796 4560 Flandriae
1813 4504 2106 4560 Henricus

2149 1864 2196 1925 Β

2146 3223 2198 3286 C

445 4580 872 4665 revaaxo-num
894 4604 952 4656 et
972 4601 1290 4670 imperator
1311 4598 1730 4664 Romanorum,
1751 4595 1910 4649 dedit
1930 4595 2109 4648 comi-
2132 4580 2190 4644 Β

441 4701 620 4753 tatum
654 4695 1146 4750 Cameracensem
1178 4690 1234 4742 et
1265 4687 1395 4756 ipse
1426 4685 1562 4739 fecit
1601 4684 1654 4738 ei
1686 4683 1818 4738 inde
1860 4683 2108 4738 ﬁdelita-

442 4791 580 4842 tem.
619 4783 832 4839 Genuit
853 4783 1046 4835 autem
1078 4777 1232 4831 idem
1267 4776 1564 4829 Robertus
1587 4774 1737 4827 duos
1773 4773 1947 4842 ﬁlios,
1987 4774 2108 4828 Ho-

441 4879 672 4932 bertum
693 4876 750 4927 et
768 4867 1432 4940 Philippum.Robertus
1454 4879 1594 4918 vero
1619 4863 2107 4934 Hierosolymita-

443 4982 558 5021 nus
583 4961 1038 5036 cognominatus
1065 4999 1079 5026 ,
1105 4955 1241 5027 quia
1265 4953 1550 5020 interfuit,
1575 4952 1711 5006 dum
1736 4951 2108 5006 Hierusalem

443 5072 477 5108 a
506 5051 863 5108 Christianis
909 5049 1241 5118 caperetur,
1291 5043 1494 5114 genuit
1532 5040 1878 5094 Balduinum
1911 5041 2011 5110 qui
2055 5040 2110 5094 ei

442 5141 760 5198 successit.
787 5139 1007 5193 Eodem
1029 5150 1170 5190 vero
1194 5131 1480 5186 Balduino
1504 5134 1731 5185 mortuo
1745 5144 1819 5182 ex
1839 5129 2103 5198 vulnere,

441 5232 597 5305 quod
650 5231 707 5282 in
755 5228 1024 5281 conflicta
1073 5223 1327 5295 quodam
1368 5219 1520 5289 apud
1569 5221 1796 5272 Aucum
1844 5221 2104 5272 castrum

442 5320 736 5392 quoddam
750 5316 936 5369 North
945 5315 1194 5368 manniae
1216 5307 1799 5382 acceperat,Carolus
1813 5310 2104 5379 cognatus

443 5410 633 5479 ipsius
654 5406 705 5460 ei
729 5403 1029 5459 successit
1055 5403 1180 5466 Quo
1203 5398 1689 5471 pertraditionem
1709 5397 1928 5464 occiso,
1951 5397 2106 5451 sicut

435 5497 560 5568 jam
592 5497 811 5550 dictum
835 5496 946 5560 est,
974 5492 1242 5546 eumdem
1259 5491 1595 5544 comitatum
1621 5487 1933 5554 Flandriaa,
1953 5485 2108 5540 sicut

441 5585 718 5658 superius
755 5581 1032 5648 diximus,
1082 5579 1421 5634 Willelmus
1470 5577 1627 5632 ﬁlius
1665 5575 1905 5629 ltoberti
1936 5573 2106 5629 ducis

509 5677 588 5749 (6)
615 5673 758 5749 Cod.
793 5687 947 5749 unus
967 5686 1092 5749 .ms.
1139 5669 1350 5749 Vireii,
1379 5672 1436 5722 et
1466 5667 1555 5722 sic
1586 5665 1823 5749 ubique;

505 5734 584 5826 (Ἳᾷ
613 5746 863 5822 Reliqua
877 5741 1060 5818 hujus
1074 5740 1284 5813 capitis
1301 5734 1358 5796 et
1374 5737 1684 5812 sequentia
1698 5734 1906 5807 XVIII,
1930 5734 2066 5791 XIX
2083 5774 2100 5807 ,

2235 598 2341 665 xit,
2378 599 2436 651 in
2457 599 2770 669 cujusdam
2796 600 2991 669 oppidi
3009 601 3238 655 assultu
3257 603 3815 671 appetituslethalivul-

2240 702 2402 740 nere.
2455 687 2728 742 Decessit
2769 705 2910 742 vero
2941 687 2972 743 6
3006 689 3133 742 Kal.
3174 692 3324 760 Aug.
3345 705 3487 743 anno
3514 691 3579 742 ab
3609 690 3814 746 incarna-

2241 777 2396 830 tione
2429 776 2662 830 Domini
2692 775 2847 830 1188.
2882 777 3159 847 Sepultus
3191 782 3284 832 est
3320 783 3501 832 autem
3538 780 3590 832 in
3622 781 3816 834 ecclesia

2241 864 2440 919 Sancti
2475 865 2695 920 Bertini
2729 866 3101 921 confessoris
3131 869 3184 919 ct
3215 867 3502 920 successit
3528 868 3574 921 ei
3599 868 3816 922 Terricus

2241 954 2312 1007 de
2343 955 2582 1023 Avseis,
2607 959 2938 1026 congnatus
2951 955 3409 1025 praecedentium
3428 956 3689 1009 comitum.
3710 957 3820 1011 Huic

2243 1043 2538 1098 Henricus
2563 1059 2664 1097 rex
2681 1045 3003 1116 Anglorum
3020 1044 3315 1114 copulavit
3345 1059 3596 1098 sororem
3615 1045 3822 1098 Gaufridi

2240 1132 2491 1186 Martelli
2548 1133 2780 1187 comitis
2829 1134 3303 1204 Andegavorum.
3362 1133 3636 1187 Itobertus
3678 1138 3820 1188 autem

2239 1221 2359 1274 dux
2383 1221 3017 1292 Northmannize,pater
3038 1222 3307 1292 praedicti
3332 1221 3599 1275 \Nillelmi
3614 1226 3819 1275 mortuus

2238 1312 2329 1364 est
2361 1310 2418 1362 in
2451 1309 2664 1381 Anglia
2707 1311 2859 1380 apud
2890 1310 3250 1365 Bristoldum
3298 1310 3588 1364 castellum
3632 1310 3820 1364 Roberti

2235 1398 2469 1453 comitis
2500 1398 2847 1453 Glocestriae
2893 1400 3124 1469 nepotis
3158 1400 3277 1467 sui,
3311 1400 3406 1454 cui
3455 1399 3713 1452 Henricus
3745 1415 3819 1451 rex

2237 1504 2370 1542 eum
2401 1488 2471 1542 ad
2523 1488 2975 1542 custodiendum
3023 1488 3364 1541 tradiderat.
3410 1487 3652 1541 Decessit
3678 1491 3819 1540 autem

2234 1595 2290 1630 IV
2313 1577 2451 1631 Idus
2478 1577 2807 1644 Februarii,
2831 1577 3219 1647 sepultusque
3237 1580 3331 1630 est
3349 1577 3406 1629 in
3426 1576 3654 1629 ecclesia
3673 1574 3818 1628 Sancti

2233 1667 2390 1720 Petri
2410 1665 2778 1735 Glocestriae,
2799 1681 2952 1720 anno
2972 1666 3045 1718 ab
3066 1665 3466 1718 incarnatione
3484 1664 3687 1717 Domini
3705 1662 3814 1715 H34.

2237 1757 2345 1808 His
2377 1772 2483 1825 per
2514 1755 2986 1825 anticipationem
3018 1755 3324 1822 intimatis,
3359 1770 3508 1808 nunc
3527 1753 3592 1807 ad
3619 1753 3818 1807 ordinem

2233 1845 2500 1899 historim
2533 1848 2922 1899 revertamur.

2830 1950 3082 2005 CAPUT
3120 1951 3305 2004 XVII.

2239 2040 2403 2105 Quod
2433 2045 2658 2094 mortuo
2701 2040 2980 2111 Philippo
3009 2055 3155 2111 rege
3217 2039 3570 2111 Francorum
3597 2037 3817 2111 successit

2306 2111 2640 2166 Ludovicus
2696 2109 3046 2181 filius’ejus,
3086 2109 3160 2165 ‘et
3211 2111 3288 2165 de
3348 2109 3572 2180 origine
3615 2109 3818 2162 comitum

2303 2183 2760 2236 Ebroiceusium
2795 2189 2853 2236 et
2886 2199 3084 2236 eorum
3111 2183 3491 2253 posteritate.

2301 2288 2468 2342 Circa
2492 2288 2619 2342 haec
2651 2293 2913 2358 tempora
2945 2289 3126 2342 rebus
3150 2288 3430 2341 humanis
3460 2286 3695 2341 excessit
3719 2284 3817 2337 Phi-

2230 2377 2426 2447 lippus
2454 2393 2557 2432 rex
2590 2377 2950 2431 Francorum
2979 2380 3034 2430 et
3057 2377 3360 2430 successit
3381 2375 3689 2430 Ludovicus
3709 2373 3818 2425 ﬁlius

2231 2465 2383 2535 ejus.
2413 2466 2641 2520 Mortuo
2673 2469 2864 2520 autem
2885 2465 3185 2519 \Villelmo
3215 2462 3660 2535 Rothomagensi
3679 2459 3820 2514 archi-

2231 2555 2546 2623 episcopo,
2584 2555 2852 2608 eamdem
2884 2553 3265 2622 pontiﬁcalus
3297 2553 3500 2607 sedem
3527 2552 3736 2620 adeptus
3761 2555 3819 2601 est

2229 2643 2548 2697 Gaufridus
2586 2642 2848 2696 decanus
2893 2642 3430 2696 Cenomannensis.
3462 2642 3636 2694 Parvo
3664 2636 3818 2691 exinde

2229 2734 2492 2801 tempore
2527 2734 2754 2799 exacto,
2788 2733 3038 2786 moritur
3070 2731 3412 2784 Willelmus
3444 2745 3629 2783 comes
3669 2725 3818 2778 ΕΙ)τοί-

2230 2819 2451 2874 censis.
2488 2819 2557 2874 Et
2586 2820 2862 2890 quoniam
2902 2819 2973 2873 de
3018 2819 3128 2873 hac
3171 2820 3411 2872 civitate
3450 2817 3675 2872 fecimus
3701 2828 3818 2866 men-

2229 2910 2467 2978 tionem,
2503 2909 2642 2962 libet
2659 2910 2830 2978 paulo
2850 2910 3128 2978 superius
3147 2908 3446 2980 originem
3468 2907 3708 2961 comitum
3727 2902 3819 2970 ejus

2232 3001 2519 3068 repetere.
2560 2997 2856 3052 Hobertus
2887 2997 3068 3068 igitur
3099 2997 3258 3051 ﬁlius
3290 2997 3464 3066 primi
3495 2990 3822 3048 llichardidu-

2231 3088 2318 3141 cis
2353 3086 2828 3155 Northmanniae,
2863 3085 3360 3156 archiepiscopus
3397 3079 3818 3152 Rothomagensis

2229 3180 2285 3230 et
2315 3191 2515 3230 comes
2535 3173 2804 3230 Ebroicaa
2819 3173 3093 3243 civitatis,
3116 3179 3323 3228 contra
3343 3188 3557 3228 morem
3575 3167 3820 3224 ecclesias.

2229 3267 2407 3321 ticum
2434 3269 2740 3335 uxoratus,
2775 3264 2946 3334 quasi
2990 3263 3236 3334 quilibet
3267 3263 3478 3330 laicus,
3513 3259 3691 3332 genuit
3713 3256 3819 3308 duos

2229 3355 2405 3423 ﬁlios,
2444 3355 2804 3409 Richardum
2828 3353 2928 3424 qui
2961 3353 3013 3406 ci
3046 3352 3349 3406 successit
3386 3352 3444 3405 in
3474 3349 3759 3403 comitatum
3783 3344 3820 3394 et

2230 3444 2548 3498 Hodulfum
2580 3443 2651 3496 de
2684 3442 2951 3495 \Vaceio.
2991 3439 3330 3494 Richardus
3369 3443 3555 3492 autem
3583 3447 3748 3490 comes
3771 3444 3819 3482 ex

2227 3533 2428 3587 relicta
2481 3531 2722 3602 Ilogerii
2752 3531 2822 3584 de
2853 3529 3094 3596 'I‘oenio,
3125 3528 3580 3598 quiperemptus
3611 3523 3762 3576 fuerat
3779 3519 3816 3568 in

2227 3621 2480 3692 quodam
2495 3620 2788 3686 conﬂictu,
2825 3618 3029 3690 genuit
3048 3617 3401 3687 praedictum
3418 3613 3739 3668 Willelmum
3751 3605 3818 3676 qui

2229 3711 2280 3762 ei
2305 3711 2632 3778 successit;
2667 3711 2722 3762 et
2751 3723 2924 3761 unam
2956 3707 3134 3759 ﬁliam
3174 3721 3311 3776 quae
3343 3705 3537 3773 nupsit
3563 3698 3750 3756 Simoni
3772 3695 3819 3745 de

2229 3798 2583 3864 Monteforti,
2619 3813 2693 3851 ex
2724 3812 2837 3866 qua
2868 3799 3039 3849 natus
3089 3797 3181 3848 est
3211 3793 3542 3848 Almaricus
3579 3796 3628 3844 et
3657 3783 3816 3840 Bertha

2227 3905 2400 3944 soror
2428 3889 2585 3959 ejus.
2627 3887 2742 3941 Sed
2785 3888 2918 3939 ante
2957 3899 3083 3938 eam
3143 3884 3300 3938 idem
3351 3883 3545 3938 Simon
3597 3874 3817 3932 habuerat

2228 3981 2376 4034 duas
2408 3992 2648 4032 uxores.
2680 3975 2765 4029 Ex
2796 3990 3042 4044 quarum
3074 3974 3260 4042 prima
3315 3972 3470 4025 ﬁlius
3501 3969 3625 4040 ejus
3652 3963 3817 4035 primo-

2229 4069 2486 4141 genitus,
2541 4067 2691 4120 alter
2739 4063 3011 4118 videlicet
3067 4061 3404 4115 Almaricus
3443 4064 3606 4113 natus
3648 4058 3745 4141 est,
3781 4050 3819 4100 et

2227 4139 2532 4212 Elisabeth
2573 4170 2744 4210 soror
2774 4153 2929 4224 ejus.
2971 4151 3184 4206 Occiso
3216 4155 3413 4204 autem
3440 4149 3534 4202 illo
3565 4139 3816 4199 Almarico,
3900 4213 3901 4228 χ

2230 4246 2520 4302 Hodulfus
2551 4245 2622 4300 de
2652 4241 2913 4298 Toennio
2944 4240 3088 4311 ('7)...

2803 4365 3055 4420 CAPUT
3095 4361 3302 4418 XVIII.

2222 4462 2310 4518 De
2336 4460 2635 4517 discordia
2668 4458 2830 4512 inter
2855 4455 3174 4509 Henricum
3197 4468 3404 4522 regem
3436 4456 3493 4505 et
3521 4442 3816 4503 Almaricum

2605 4529 2874 4585 comitem
2904 4526 3182 4580 Ebroicae
3211 4523 3499 4578 civitatis.

2835 4633 3085 4690 CAPUT
3118 4631 3256 4685 XIX

2221 4732 2309 4786 De
2339 4729 2496 4786 bello
2538 4729 2702 4782 inter
2749 4723 3107 4780 Ludovicum
3167 4736 3370 4791 regem
3417 4717 3739 4771 Francorum
3773 4708 3813 4756 ει

2592 4797 2915 4853 Henricum
2945 4809 3148 4864 regem
3177 4791 3522 4862 Anglorum.

2847 4901 3098 4955 CAPUT
3130 4899 3261 4952 XX.

2223 4997 2528 5066 Quomodo,
2583 4995 2738 5050 facta
2795 4990 3107 5066 concordia
3142 5005 3296 5066 _cum_
3361 4982 3638 5066 Ludovico

2289 5049 2730 5126 rex-Henricus
2761 5065 2946 5118 rediit
2992 5064 3053 5115 in
3109 5059 3410 5130 Angliam,
3469 5060 3524 5110 et
3569 5053 3635 5106 de
3666 5049 3808 5101 morio

2293 5139 2585 5195 \Villelmi
2616 5138 2728 5191 lilii
2755 5137 2868 5190 sui.

2831 5239 3082 5295 CAPUT
3114 5239 3269 5292 XXI.

2222 5341 2310 5394 De
2357 5335 2732 5410 dissensione
2765 5331 2926 5410 inter
2948 5327 3211 5410 eumdem
3234 5341 3439 5410 regem
3457 5327 3512 5376 et
3541 5312 3803 5410 ᾂυξζςΐ

2292 5379 2449 5464 inin;
2464 5379 2731 5462 comitem
2772 5400 3046 5456 Mellenti
3076 5405 3133 5453 et
3149 5413 3256 5470 quo
3287 5379 3399 5450 fine
3421 5390 3702 5448 terminata
3727 5379 3799 5432 Si:-

2297 5577 2309 5589 .
2340 5576 2351 5590 .
2383 5576 2394 5589 .
2428 5575 2440 5587 .
2478 5531 2739 5601 Denique
2781 5524 3036 5582 catervis
3077 5538 3242 5578 more
3285 5516 3661 5592 pugnantium,
3698 5515 3798 5558 nec-

2213 5660 2348 5741 XX_,
2374 5659 2622 5741 integra,
2640 5669 2778 5741 cum
2807 5651 2974 5706 initio
3006 5648 3166 5719 XXI,
3191 5647 3400 5702 desunt
3429 5642 3585 5697 etiam
3607 5636 3656 5689 in
3670 5630 3797 5685 Gem-

2212 5727 2523 5788 meticensi
2549 5727 2773 5784 codice.
