3940 6174
127 333 220 397 893

470 325 890 390 HISTORI/E
934 326 1725 393 NORTHMANNORUM
1774 328 1997 393 LIBRI
2031 328 2278 395 OCTO.
2309 366 2373 380 —
2412 332 2666 396 LIBER
2707 336 3109 403 OCTAVUS.

3354 320 3496 417 .894

123 554 212 593 non
231 537 277 590 et
292 532 559 604 equitibus
592 528 937 600 sagittariis,
962 545 1211 600 quorum
1241 529 1386 583 inibi
1417 530 1716 583 exercitus
1749 515 1802 580 Α
1838 530 2113 600 princeps
2136 532 2264 585 suis
2297 533 2606 602 stipendiis
2641 535 2986 591 sufﬁeeuter
3005 540 3197 594 alebat
3232 544 3289 595 et
3312 541 3498 597 dona-

126 626 289 695 regius
314 621 602 675 maximam
634 618 1065 672 multitudinem
1099 618 1371 687 habebat,
1435 619 1493 671 in
1520 619 1725 672 dextra

122 715 252 784 parte
271 710 503 764 hostium
531 707 883 776 praemissis,
918 707 1140 760 clamor
1170 710 1231 760 ut
1260 707 1317 759 in
1350 707 1512 760 initio
1544 706 1725 760 bello-

125 816 225 854 rum
251 799 385 852 solet
414 796 551 859 fieri,
606 796 881 864 utrinque
936 796 1233 849 attollitur.
1267 794 1382 849 Sed
1413 798 1721 864 antequam

124 888 322 942 militum
362 885 520 938 cunei
555 883 971 955 jungerentur,
995 900 1135 952 pars
1169 884 1401 937 comitis
1446 883 1721 936 instantia

120 975 520 1047 sagittariorum,
572 973 672 1042 qui
718 987 847 1026 eam
898 970 956 1025 in
1006 971 1250 1039 dextris,
1294 971 1396 1025 ubi
1438 972 1721 1025 carebant

121 1063 425 1134 protectione
471 1061 831 1130 clypeorum,
884 1059 1110 1130 absque
1134 1059 1441 1114 intervallo
1472 1060 1721 1130 sagitta-

118 1154 240 1220 hant,
266 1165 400 1221 pene
432 1148 748 1202 defecerat.
783 1148 1132 1218 Spaciosum
1165 1153 1328 1202 esset
1357 1148 1441 1202 ire
1464 1164 1571 1218 per
1595 1148 1723 1202 sin-

119 1239 243 1311 gula,
295 1238 391 1292 sed
446 1252 555 1291 nos
593 1237 666 1290 ad
700 1241 913 1291 caetera
952 1236 1302 1291 festinantes
1336 1237 1421 1291 rei
1451 1239 1725 1291 eventum

111 1328 361 1382 succincte
391 1326 733 1380 enodamus.

161 1416 280 1469 Inito
318 1415 501 1484 itaque
546 1413 888 1483 certamine,
942 1414 1315 1482 postmodum
1374 1416 1583 1483 captus
1630 1415 1722 1467 est

116 1519 275 1559 comes
305 1503 744 1571 Walerannus;
796 1502 947 1571 capti
992 1507 1129 1556 sunt
1170 1503 1342 1557 etiam
1388 1518 1594 1557 omnes
1644 1502 1727 1555 illi

113 1592 281 1647 famosi
306 1594 359 1645 et
380 1592 591 1646 divites
615 1592 832 1645 milites
852 1591 952 1661 qui
968 1590 1102 1660 ejus
1125 1592 1299 1661 signa
1319 1592 1726 1661 sequebantur

113 1683 214 1735 licet
244 1680 427 1751 aliqui,
450 1684 769 1751 postquam
798 1681 857 1732 in
891 1695 1102 1734 manus
1127 1679 1386 1734 hostium
1411 1681 1725 1748 venerunt,

110 1770 563 1824 consentientibus
579 1768 935 1839 quibusdam
957 1783 1201 1822 suorum
1220 1769 1722 1837 necessariorum,

1842 620 1980 673 tivis
2004 625 2345 675 muneratos
2378 622 2720 691 honorabat,
2757 624 2874 678 illis
2899 627 3284 683 obsistebant.

2413 710 2663 764 CAPUT
2713 712 2918 767 XXIII.

1846 814 1997 880 Quid
2027 816 2101 871 de
2132 821 2459 892 trapazctis
2481 833 2596 888 per
2626 833 2850 892 omnem
2898 820 3030 892 lere
3071 822 3349 892 Angliam
3390 825 3497 881 de—

2085 889 2361 958 pravatis
2391 889 2461 941 ob
2512 906 2768 943 amorem
2794 891 3058 960 justitiae
3087 889 3249 947 fecit.

1915 992 2192 1046 Referam
2248 995 2523 1064 quiddam
2566 996 2720 1065 quod
2779 998 3009 1066 accidit,
3054 998 3190 1052 dum
3223 1002 3502 1070 praedicta

1842 1081 2137 1135 discordia
2170 1082 2360 1135 adhuc
2393 1088 2803 1151 perseveraret
2833 1085 2985 1139 inter
3008 1102 3210 1158 regem
3239 1091 3296 1143 et
3324 1090 3502 1144 comi-

1840 1174 1956 1225 tem
1986 1170 2265 1239 Mellenli,
2299 1171 2357 1224 in
2388 1188 2504 1242 quo
2536 1174 2910 1241 apparebitet
2939 1177 3229 1230 severitas
3252 1176 3502 1248 justitim

1840 1259 2029 1328 ipsius
2062 1260 2118 1313 in
2149 1260 2361 1328 impios
2393 1265 2448 1313 et
2480 1264 2847 1331 contemptus
2880 1264 3145 1331 pecuniae
3176 1265 3233 1318 in
3261 1281 3501 1336 compa-

1841 1349 2064 1402 ratione
2124 1349 2510 1402 rectitudinis.
2568 1350 2710 1403 (lum
2759 1350 2941 1421 igitur
2988 1352 3046 1406 in
3076 1353 3502 1409 Northmannia

1838 1437 2021 1491 rebus
2039 1436 2270 1491 bellicis
2286 1438 2595 1493 intendens
2610 1443 2833 1509 ageret,
2853 1441 3067 1495 accidit
3083 1446 3144 1496 ut
3164 1443 3367 1498 nescio
3386 1459 3502 1515 qua

1837 1526 2224 1595 perversitate
2257 1526 2555 1596 depravati
2580 1543 2786 1582 omnes
2803 1528 2924 1583 fere
2942 1532 3251 1599 trapazetre
3266 1531 3499 1603 Anglici

1839 1616 2008 1685 regni
2058 1618 2350 1668 monetam
2396 1618 2721 1684 stanneam,
2773 1617 2833 1670 in
2875 1634 2989 1687 qua
3033 1618 3132 1672 vix
3162 1622 3339 1674 tertia
3363 1636 3504 1689 pars

1839 1707 2002 1757 esset
2059 1708 2361 1774 argentea,
2387 1720 2521 1758 cum
2534 1704 2740 1760 eadem
2767 1710 2997 1761 moneta
3021 1710 3137 1761 tota
3163 1725 3233 1763 ex
3249 1713 3495 1781 argento

1840 1792 2058 1845 soleret
2080 1794 2225 1861 ﬂeri,
2258 1791 2630 1847 fabricarent.
2665 1793 2811 1848 Cum
2843 1810 2983 1850 vero
3004 1797 3075 1850 de
3110 1797 3314 1852 eadem
3349 1798 3502 1854 falsa

111 1871 227 1956 T105
253 1856 304 1908 in
330 1855 592 1909 exemit“
618 1854 1114 1956 regiﬁhﬁbebént
1152 1854 1289 1925 ruga
1326 1855 1724 1956 ωδξξδνθξιιυν·
1762 1887 1811 1948 Β
1840 1885 2070 1936 moneta
2107 1882 2168 1935 in
2201 1854 2686 1937 Northmanniam
2716 1883 2905 1939 deleta
2940 1885 3090 1956 regii
3123 1886 3500 1943 militesforte

110 1945 170 1997 De
194 1957 681 2014 quorumnumero
707 1940 815 1995 fuit
833 1942 1165 1995 Almaricus
1186 1958 1387 1997 comes
1408 1942 1722 1997 Ebroicen—

108 2032 173 2084 sis
199 2035 247 2085 et
277 2030 612 2095 Willelmus
643 2030 926 2085 Lovellus
958 2030 1029 2084 de
1062 2032 1246 2085 Jurei.
1267 2030 1510 2085 Gestum
1529 2036 1732 2086 estau-

107 2123 194 2173 tem
220 2120 317 2174 hoc
337 2120 555 2174 bellum
584 2135 614 2173 a
638 2120 891 2174 ducibus
911 2120 1151 2175 chrici
1175 2121 1338 2191 regis
1369 2121 1719 2192 Anglorum,

106 2211 265 2261 contra
322 2208 744 2262 Walerannum
803 2208 1076 2262 comitem
1134 2208 1413 2275 Mellenti,
1465 2225 1617 2263 anno
1652 2209 1725 2262 ab

105 2295 456 2350 lncarnatione
489 2296 728 2350 Domini
768 2295 927 2365 1124,
961 2312 1041 2348 vn
1096 2295 1223 2349 Kal.
1273 2295 1519 2364 Aprilis,
1572 2296 1726 2349 haud

103 2384 265 2451 procul
292 2398 322 2436 a
367 2384 501 2437 villa
544 2398 721 2453 quam
752 2386 963 2437 vocant
1012 2383 1277 2454 Burgum
1320 2382 1582 2436 Turoldi.

641 2506 894 2561 CAPUT
948 2506 1137 2561 XXII.

159 2630 256 2694 Qua
275 2632 602 2704 sagacitate
627 2630 785 2685 idem
810 2646 934 2704 rex;
956 2637 1181 2685 terram
1204 2646 1366 2685 suam
1408 2628 1658 2701 pacifice

760 2700 1031 2773 regebat.

152 2807 558 2881 Comiteitaque
592 2808 957 2862 Waleranno
991 2808 1049 2861 in
1081 2807 1337 2862 vinculis
1378 2823 1511 2861 cum
1543 2806 1727 2862 sociis

103 2897 201 2951 suis
211 2898 407 2968 posito,
422 2914 535 2952 rex
556 2898 855 2950 Henricus
869 2899 1093 2950 turrem
1108 2895 1444 2950 \Vatevillee
1462 2894 1727 2950 funditus

100 2984 406 3041 feciteverti.
422 2986 656 3057 Oppido
675 2991 960 3055 praeterea
981 2985 1246 3039 Brionnii
1264 2984 1319 3037 vi
1338 2985 1534 3054 potius
1552 3000 1729 3055 quam

98 3074 372 3129 voluntaria
406 3074 746 3130 redditione
780 3074 894 3128 sibi
918 3072 1262 3144 subjugato,
1284 3090 1417 3128 eum
1448 3073 1548 3144 qui
1570 3073 1726 3127 idem

97 3164 199 3230 post
218 3164 536 3233 captionem
572 3163 805 3218 comitis
842 3163 940 3217 diu
973 3166 1258 3231 tenuerat,
1293 3163 1541 3217 orbitate
1588 3178 1725 3217 ocu-

94 3248 242 3305 lorum
272 3252 557 3308 multavit.
592 3252 761 3307 Unde
796 3252 1113 3321 perterriti,
1147 3251 1251 3321 qui
1283 3254 1542 3305 castrum
1561 3251 1732 3305 Belli-
1764 3237 1816 3305 Ο

95 3342 265 3394 montis
294 3343 638 3409 servabant,
672 3356 744 3395 ne
778 3340 990 3394 similia
1026 3342 1387 3410 paterentur,
1423 3340 1565 3394 illud
1597 3341 1726 3412 regi

93 3425 445 3484 reddiderunt.
509 3429 736 3484 Taliter
767 3430 946 3500 igitur
969 3430 1124 3483 omni
1170 3429 1269 3483 illa
1290 3430 1729 3502 perturbatione

96 3516 265 3583 sopita,
321 3536 425 3573 rex
482 3523 606 3572 tam
641 3522 858 3572 terram
892 3519 1123 3572 comitis
1149 3535 1323 3589 quam
1356 3522 1725 3588 eaeterorum,

95 3604 170 3672 qui
195 3621 313 3659 cum
342 3623 410 3661 eo
426 3608 587 3676 capti
612 3606 863 3674 fuerant,
890 3608 948 3660 in
962 3624 1071 3661 suo
1088 3608 1344 3661 dominio
1369 3607 1593 3661 habuit.
1613 3607 1728 3661 Sed

95 3693 254 3748 tamen
297 3701 431 3765 post
472 3696 702 3765 aliquot
746 3712 934 3749 annos
975 3698 1171 3749 comiti
1205 3696 1567 3750 \Valeranno
1599 3697 1729 3750 data

94 3784 315 3849 venia,et
345 3800 376 3837 a
406 3783 673 3837 vinculis
705 3784 972 3853 liberato,
998 3784 1264 3838 redditus
1284 3800 1411 3838 suae
1433 3788 1605 3839 terra;
1629 3785 1727 3837 ha-

94 3866 205 3923 bere
218 3874 495 3941 permisit,
516 3872 877 3927 munitiones
893 3876 1110 3926 tantum
1128 3873 1316 3942 ipsius
1332 3873 1389 3926 in
1412 3889 1537 3927 sua;
1553 3889 1728 3927 manu

95 3958 337 4014 retinens.
357 3960 614 4025 Quidam
634 3976 772 4014 vero
790 3962 1556 4031 concaptivorum,quandiu
1577 3961 1731 4015 idem

93 4062 176 4099 rex
218 4048 483 4104 humanis
549 4051 729 4104 rebus
778 4050 1061 4118 interfuit,
1090 4050 1145 4102 in
1170 4050 1423 4103 vinculis
1449 4051 1577 4103 suis
1597 4066 1728 4120 per-

93 4142 413 4192 manserunt.
436 4139 527 4192 Ex
554 4154 670 4209 quo
704 4142 894 4193 autem
919 4154 1119 4192 comes
1154 4138 1407 4192 Mellenti
1427 4138 1486 4192 in
1517 4155 1730 4208 supra-

90 4220 214 4278 dicto
231 4227 501 4282 conflictu
528 4230 739 4296 captus
758 4230 867 4295 est,
891 4230 1006 4280 tam
1034 4226 1092 4279 in
1133 4226 1349 4281 ducatu
1371 4226 1731 4281 Northman-

92 4311 180 4366 nia;
204 4331 367 4384 quam
398 4317 459 4369 in
516 4331 706 4387 regno
754 4315 983 4386 Anglice
1015 4330 1120 4384 per
1146 4318 1330 4369 totum
1380 4316 1732 4370 decennium

92 4414 184 4469 quo
212 4419 310 4459 rex
343 4405 648 4459 Henricus
680 4404 1030 4473 supervixit,
1067 4419 1298 4458 summa
1344 4421 1456 4474 pax
1503 4404 1730 4475 viguit;

90 4486 199 4543 licet
248 4509 432 4564 nepos
500 4491 640 4564 ejus
702 4492 1041 4546 Willelmus
1093 4508 1276 4562 parvo
1320 4496 1582 4563 tempore
1615 4509 1731 4564 quo

1840 1971 2605 2041 stipendiumaccepissent,
2627 1986 2735 2026 nec
2765 1973 2837 2027 de
2869 1988 2957 2042 ea,
2990 1977 3319 2043 utpotenon
3352 1976 3501 2047 legi-

1839 2060 1975 2114 tima
2020 2060 2237 2131 aliquid
2288 2075 2486 2115 emere
2539 2061 2824 2132 valerent,
2884 2061 3140 2119 falsitate
3190 2063 3324 2135 ejus
3369 2081 3507 2121 con-

1839 2150 2035 2219 questi
2067 2153 2204 2203 sunt
2226 2149 2377 2219 apud
2400 2150 2833 2221 regem.Iratus
2856 2166 3001 2222 ergo
3032 2167 3157 2219 rex,
3193 2157 3250 2207 et
3265 2157 3505 2224 propter

1839 2238 2085 2291 militum
2118 2253 2384 2305 suorum,
2412 2238 2709 2309 injuriam,
2746 2240 2937 2310 magis
2967 2245 3161 2295 autem
3202 2241 3276 2296 ob
3314 2240 3504 2312 justi-

1838 2326 1975 2381 tiam
2009 2330 2370 2394 temeratam,
2424 2327 2775 2381 sententiam
2818 2328 3089 2398 dictavit;
3129 2331 3416 2385 mandans
3447 2334 3505 2386 et

1838 2415 2193 2486 praecipiens
2216 2415 2335 2467 illis
2349 2429 2501 2485 quos
2518 2415 2577 2467 in
2598 2430 2709 2469 suo
2723 2415 2854 2470 loco
2873 2417 2932 2470 in
2947 2417 3159 2489 Anglia
3175 2418 3500 2489 dimiserat,

1839 2508 1901 2559 ut
1920 2519 2126 2559 omnes
2153 2504 2576 2557 nummularios
2590 2505 2691 2574 qui
2715 2504 2899 2575 hujus
2913 2506 3401 2578 impietatisjuste
3414 2523 3503 2562 ar-

1837 2594 1940 2665 gui
1959 2593 2239 2661 valerent,
2256 2593 2593 2647 abscisione
2607 2594 2943 2649 dextrarum
2958 2610 3255 2665 manuum,
3272 2612 3502 2651 necnon

1837 2688 1893 2736 et
1922 2681 2263 2753 genitalium
2276 2682 2672 2737 membrorum
2696 2682 3098 2739 multarentur.
3118 2683 3165 2737 Ο
3192 2685 3382 2739 virum
3401 2686 3503 2740 de-

1838 2767 2141 2825 fensorem
2165 2769 2413 2840 justitiae
2445 2774 2501 2825 et
2532 2771 2856 2841 iniquitatis
2887 2773 3240 2828 acerrimum
3262 2774 3501 2844 punito-

1835 2875 1958 2914 rem
1983 2858 1996 2913 l
2021 2860 2067 2912 Ο
2098 2860 2152 2914 si
2175 2860 2349 2913 vellet
2368 2859 2827 2929 redemptionem
2859 2862 3129 2931 accipere
3158 2878 3267 2933 pro
3290 2866 3374 2918 tot
3404 2863 3505 2919 hoc

1836 2949 2055 3002 minam
2086 2948 2397 3019 impiorum
2436 2948 2737 3018 membris,
2773 2953 2987 3020 quanta
3019 2952 3197 3006 millia
3247 2953 3501 3008 talento-

1836 3054 1966 3091 rum
2007 3041 2213 3107 posset
2243 3037 2377 3091 inde
2409 3035 2659 3091 lucrari!
2694 3037 2831 3108 Sed,
2867 3041 2929 3093 ut
2958 3039 3238 3111 diximus,
3274 3044 3503 3112 sprevit

1834 3126 2142 3197 pecuniam
2166 3142 2365 3180 amore
2384 3125 2654 3197 justitiae.

2402 3234 2653 3288 CAPUT
2722 3233 2929 3289 XXIV.

1836 3336 1921 3391 Dc
1953 3335 2116 3390 obitu
2149 3333 2434 3389 Willelmi
2454 3335 2692 3390 abbatis
2709 3336 3036 3391 Bucccnsis
3058 3343 3115 3392 et
3139 3336 3213 3393 de
3234 3336 3501 3396 bonitate

2070 3405 2439 3461 venerabilis
2468 3407 2719 3461 Bosonis
2752 3411 3124 3463 successoris
3157 3411 3270 3464 sui.

1909 3513 2308 3581 Hoctempore
2324 3513 2570 3568 moritur
2604 3510 2941 3568 Willelmus
2966 3515 3154 3571 abbas
3170 3516 3497 3572 Beccensis

1839 3606 1894 3657 et
1926 3603 2191 3657 succedit
2233 3603 2485 3656 domnus
2543 3602 2720 3672 Boso,
2765 3602 2836 3657 de
2868 3620 2983 3674 quo
3025 3606 3185 3658 venit
3212 3605 3270 3659 in
3315 3604 3498 3677 litem,

1838 3693 2049 3762 plusne
2083 3693 2158 3745 sit
2189 3692 2434 3746 meritus
2458 3691 2758 3746 hominum
2774 3694 3162 3747 reverentiam
3180 3696 3353 3764 atque
3368 3695 3501 3767 glo-

1839 3782 2007 3845 riam,
2042 3780 2420 3834 saecularium
2453 3797 2519 3834 ac
2551 3781 2951 3851 spiritualium
2982 3796 3181 3835 rerum
3212 3783 3505 3854 singulari

1839 3869 2067 3938 peritia,
2103 3885 2175 3922 an
2199 3869 2424 3923 ordinis
2456 3869 2767 3923 monastici
2788 3870 3079 3940 singulari
3101 3871 3498 3926 observantia.

1841 3957 2011 4011 Hunc
2044 3958 2276 4028 plurimi
2308 3962 2599 4028 potentes,
2634 3961 2749 4010 tam
2780 3957 3058 4013 seaculari
3086 3964 3266 4030 quam
3308 3960 3503 4016 eccle-

1840 4046 2080 4100 siastica
2141 4046 2423 4117 dignitate
2482 4047 2803 4118 fulgentes,
2872 4047 3074 4101 intima
3104 4048 3500 4105 familiaritate

1840 4135 2129 4203 colebant,
2167 4138 2225 4189 ut
2248 4138 2470 4203 patrem
2501 4139 2879 4206 venerantes,
2912 4140 3191 4191 verentes
3207 4140 3501 4207 utpraace-

1839 4227 2086 4294 ptorem,
2111 4223 2427 4295 diligentes
2442 4226 2505 4277 ut
2517 4239 2888 4294 germanum,
2904 4224 3227 4293 acprolem.
3249 4225 3338 4278 Illi
3356 4240 3502 4280 con-

1836 4312 1990 4367 sulta
2022 4312 2345 4366 animarum
2388 4328 2650 4381 suarum,
2703 4311 2785 4365 illi
2828 4312 3131 4383 speculam
3162 4313 3499 4383 quamdam,

1835 4401 1989 4456 unde
2017 4401 2327 4456 ordinibus
2358 4400 2791 4456 ecclesiasticis
2838 4401 3300 4472 prospiceretur,
3337 4417 3502 4457 com-

1839 4490 2160 4545 mittebant.
2190 4490 2379 4544 Potuit
2397 4506 2648 4561 namque
2670 4490 2781 4545 viri
2804 4491 2936 4545 talis
2957 4490 3214 4563 vigilans
3229 4506 3390 4561 cura,
3408 4490 3506 4545 cui

93 4580 393 4636 comitatum
426 4581 839 4636 Flandriarum
868 4581 1069 4650 tenuit,
1093 4596 1220 4634 eam
1249 4582 1593 4651 perturbare
1623 4597 1731 4652 pro
1757 4583 1817 4653 ο
1837 4580 2091 4633 maxima
2120 4579 2530 4633 auctoritatem
2580 4577 2889 4649 sapientiae
2933 4580 3157 4650 pariter
3186 4596 3255 4634 ac
3278 4580 3503 4634 sancti-

92 4679 179 4720 suo
197 4684 368 4737 posse
400 4673 729 4740 satageret.
764 4669 880 4723 Sed
913 4686 1047 4723 cum
1079 4670 1321 4739 sapiens
1355 4686 1459 4725 rex
1492 4671 1734 4724 miseri-

94 4754 258 4810 cordia
284 4761 339 4811 et
370 4758 603 4811 divitiis
625 4756 749 4811 fere
781 4757 1056 4811 omnibus
1092 4758 1484 4827 suitemporis
1515 4758 1734 4828 princi-

93 4842 238 4909 pibus
255 4847 597 4915 excelleret,
624 4846 809 4900 altero
825 4861 1032 4901 eorum
1052 4845 1281 4900 scilicet
1300 4846 1725 4914 misericordia,

94 4932 336 4987 ecclesiis
367 4938 427 4989 et
447 4934 835 4989 monasteriis
864 4934 1225 5003 pauperibus
1245 4934 1585 4989 hominibus
1604 4951 1732 4989 sua:

90 5019 235 5075 terrae
264 5023 783 5077 condescendebat
808 5036 821 5090 ;
847 5022 1029 5077 altero
1060 5038 1222 5089 vero,
1246 5022 1302 5076 id
1323 5026 1413 5077 est
1435 5022 1731 5092 opulentia

91 5105 739 5180 thesauroruminﬁnita,
762 5111 1047 5180 plurimas
1062 5111 1363 5165 centurias
1394 5112 1641 5165 militum
1673 5113 1733 5165 in

91 5192 321 5253 diversis
336 5200 489 5254 locis
504 5199 778 5254 hostibus
793 5199 1141 5269 propinquis
1161 5201 1489 5269 Opponcbat
1512 5201 1610 5271 qui
1626 5215 1731 5255 eos

90 5297 115 5334 a
139 5287 325 5354 rapina
355 5288 769 5355 ecclesiarum,
805 5289 897 5341 vel
919 5304 1263 5357 pauperum,
1288 5289 1413 5342 acie
1445 5288 1589 5343 ferri
1641 5305 1733 5344 re-

88 5371 364 5438 pellerent.
400 5376 569 5430 Uude
604 5377 819 5431 factum
851 5381 943 5431 est
978 5381 1037 5430 ut
1060 5393 1192 5430 raro
1225 5377 1396 5431 etiam
1436 5378 1533 5431 illa
1578 5380 1732 5433 terra

89 5456 265 5532 inclyti
290 5467 544 5536 Augusti
574 5465 833 5535 Henrici,
870 5481 1003 5536 quaa
1028 5465 1085 5518 in
1108 5466 1362 5520 conﬁnio
1386 5469 1734 5522 caeterarum

86 5550 505 5616 provinciarum
527 5559 669 5624 erat,
690 5554 887 5626 aliqua
906 5553 1108 5609 hostili
1128 5555 1372 5609 laesione
1395 5555 1731 5630 laederetur,

89 5650 151 5690 ne
191 5639 320 5695 dum
376 5642 501 5712 illa,
552 5659 684 5714 quae
740 5643 813 5697 ab
873 5644 963 5697 eis
993 5643 1169 5714 longe
1204 5644 1620 5715 aberat;quia,
1674 5649 1738 5701 ut

93 5722 289 5787 dictum
304 5734 413 5805 est,
430 5731 737 5789 multitudo
751 5732 1177 5808 militum,quos
1190 5733 1734 5794 excellentissimus

1837 4670 1972 4723 tatis
2003 4668 2397 4739 praerogativa
2430 4669 2792 4739 comparavit
2823 4669 3200 4724 securitatem
3232 4685 3349 4723 non
3372 4684 3503 4739 par-

1838 4773 1971 4810 vam
1985 4756 2218 4827 optima:
2234 4756 2617 4811 sollicitudini
2632 4772 2834 4811 eorum
2849 4757 3205 4827 promittere.
3234 4756 3425 4825 Hunc,
3444 4758 3508 4810 ut

1842 4845 2118 4913 diximus,
2137 4861 2244 4900 rex
2262 4846 2574 4914 Henricus,
2591 4846 2707 4899 imo
2727 4846 3026 4917 generalis
3042 4846 3222 4900 totius
3242 4860 3506 4899 conven-

1838 4937 1935 4989 tus
1950 4950 2288 4989 consensus
2302 4936 2644 4989 monasterii
2664 4936 2985 4989 Beccensis
3000 4935 3268 4989 abbatem
3282 4933 3503 5002 statuit,

1842 5039 1956 5077 non
1987 5025 2181 5078 minus
2214 5025 2599 5079 reluctantem
2629 5023 3021 5095 subjectionis
3051 5039 3273 5094 amore,
3331 5038 3508 5093 quam

1843 5112 2071 5168 altioris
2094 5114 2317 5184 gradus
2350 5115 2579 5168 timore.
2607 5114 2976 5167 Venerantur
3004 5127 3138 5167 eum
3157 5114 3506 5167 reverentes

1842 5202 2109 5273 abbates,
2141 5203 2519 5271 monasteria,
2554 5202 2786 5273 synodi,
2822 5202 3025 5271 curiae,
3046 5204 3109 5256 ut
3134 5201 3505 5271 prudentem,

1843 5291 2038 5361 itaque
2052 5291 2458 5361 eloquentem;
2484 5290 2806 5362 utjustum,
2834 5291 2908 5344 ita
2935 5289 3510 5346 diseretum.Gustat

1842 5380 1939 5434 hic
1960 5381 2206 5450 imperio
2239 5384 2483 5449 naturae,
2518 5396 2633 5434 non
2655 5379 2963 5450 epulatur;
2994 5380 3222 5451 quinec
3240 5378 3507 5449 pecunia

1842 5485 2120 5540 umquam
2150 5468 2382 5524 favebat
2414 5469 2504 5522 vel
2538 5468 2765 5540 gratiae,
2792 5469 2920 5523 sive
2943 5470 3002 5522 in
3026 5468 3275 5539 judicio,
3297 5468 3427 5523 sive
3448 5467 3508 5521 in

1842 5557 2093 5613 concilio
2117 5557 2467 5613 sententiam
2491 5556 2719 5612 dicens.
2741 5557 2995 5613 Exhibet
3026 5572 3093 5614 se
3127 5556 3408 5613 blandum
3438 5569 3508 5609 ac

1842 5662 2140 5714 severum,
2173 5646 2595 5702 decentissima
2624 5647 2684 5702 in
2714 5648 3061 5704 alterutrum
3078 5645 3508 5719 permutatione

1840 5734 2080 5793 mallius
2133 5734 2415 5809 hominis,
2449 5735 2645 5793 omnis
2676 5736 2802 5793 vitii
2834 5736 3099 5795 clemens
3129 5734 3506 5813 persecutor,
