3940 6174
465 333 587 401 895
1152 332 1593 396 WILLELMI
1663 333 2024 398 CALCULI
2082 333 2772 398 GEMMETICENSIS
2826 335 3220 398 MONACHI

3730 341 3816 405 396

468 517 604 587 pius
636 516 935 571 inimicus.
968 515 1084 570 Sed
1117 530 1190 569 ne
1207 514 1443 587 agestis
1472 514 1672 585 inclyti
1700 515 1865 586 regis
1896 514 2134 586 longius
2169 513 2218 575 Α
2248 516 2615 586 temporibus
2633 516 2785 571 idem
2800 532 3052 588 regnum
3066 517 3483 587 administrant,
3503 518 3820 590 depraediclo-

472 607 705 680 digredi
732 606 1057 673 videamur,
1098 605 1170 658 ad
1202 620 1268 659 ea
1300 620 1431 674 quae
1463 603 1535 659 de
1566 604 1682 658 tilia
1713 604 1845 673 ejus
1860 603 2140 659 Mathilde
2250 620 2379 657 rum
2409 605 2683 658 comitum
2701 607 3030 677 propagine
3059 607 3413 662 deriventur.
3445 608 3535 661 Sic
3561 610 3691 662 enim
3709 614 3820 679 post-

477 698 748 768 Augusta
806 693 1181 764 imperatrice
1238 692 1643 763 promisimus,
1676 692 1969 746 narranda
2000 692 2140 747 red-
2248 708 2424 763 quam
2456 693 2527 747 de
2556 698 2742 748 morte
2771 693 3140 749 CaroliCalvi
3170 697 3228 750 in
3257 696 3476 751 eisdem
3491 698 3823 768 gestistracta-

477 800 708 840 eamus.
1072 852 1083 853 ί
1446 852 1457 853 7
2247 784 2370 835 tum
2403 785 2492 835 est
2521 781 2575 835 si
2608 797 2726 836 non
2780 783 3006 837 eisdem
3034 784 3256 853 verbis,
3301 786 3498 839 eadem
3525 788 3692 839 tamen
3724 802 3821 840 sen-

2249 869 2428 923 tentia
2482 870 2792 940 reperitur.
2814 893 2836 918 α
2896 870 3161 927 Obeunte
3210 872 3503 927 Ludovico
3546 873 3649 928 lilio
3687 874 3831 929 Caroli

2251 957 2436 1028 Calvi,
2471 974 2604 1012 cum
2633 959 2881 1014 Carolus
2912 959 3174 1030 Simplex
3201 961 3360 1016 ﬁlius
3394 962 3521 1032 ejus
3550 962 3715 1017 adhuc
3730 980 3834 1033 puer

2253 1046 2518 1101 habenas
2548 1049 2719 1119 regni
2749 1049 2986 1103 minime
3020 1050 3313 1105 moderari
3343 1050 3572 1119 valeret,
3604 1051 3834 1106 etduoﬁlii

2257 1137 2499 1191 Roberti
2523 1137 2757 1191 comitis
2781 1138 3259 1210 Andegavorum,
3287 1139 3387 1209 qui
3412 1138 3613 1192 fuitvir
3628 1139 3835 1193 Saxonici

2258 1225 2516 1295 generis,
2553 1230 2969 1295 superessent,
2983 1226 3106 1281 Odo
3121 1226 3353 1281 scilicet
3373 1228 3652 1297 princeps,
3667 1227 3755 1281 sub
3769 1243 3836 1281 cu-

549 1316 700 1370 Cum
729 1316 910 1385 igitur
940 1315 1236 1370 Henricus
1268 1313 1343 1367 IV
1364 1314 1805 1368 Romannorum
1827 1312 2151 1381 imperator
2249 1312 2355 1383 jus
2379 1313 2647 1367 custodia
2679 1313 3019 1369 Ludovicus
3049 1315 3372 1386 reliquerat
3404 1315 3578 1369 tilium
3606 1331 3746 1369 suum
3768 1314 3840 1368 Ca-

478 1407 777 1475 augustus
809 1404 953 1459 citra
1003 1403 1236 1459 senium
1262 1402 1536 1472 obiisset,
1586 1417 1740 1456 anno
1782 1400 2058 1455 videlicet
2077 1400 2150 1453 ab
2257 1402 2468 1471 rolum,
2521 1405 2576 1457 et
2633 1403 2932 1457 Robertus
2962 1402 3148 1458 frater
3189 1403 3325 1474 ejus
3351 1420 3365 1472 ;
3392 1403 3789 1474 Burgundiones
3805 1408 3841 1455 et

482 1491 894 1548 Incarnatione
913 1492 1145 1547 Domini
1167 1491 1324 1560 1125,
1345 1487 2153 1560 potentissimusrexAnglo-
2260 1491 2697 1560 Aquitanenses
2745 1491 3055 1563 elegerunt
3086 1491 3202 1546 sibi
3252 1492 3313 1546 in
3344 1507 3543 1563 regem
3570 1492 3836 1561 praedictum

483 1598 614 1636 rum
674 1581 975 1636 Henricus
1015 1580 1193 1634 filiam
1241 1594 1411 1634 suam
1457 1577 1912 1648 imperatricem,
1946 1574 2153 1630 missis
2261 1577 2544 1648 Odonem,
2579 1580 2680 1650 qui
2713 1577 2780 1634 13
2821 1580 2994 1634 annis
3042 1596 3294 1652 regnum
3326 1580 3665 1634 Francorum
3691 1580 3841 1648 optime

489 1670 860 1740 proceribus,
896 1686 1029 1724 cum
1061 1684 1275 1740 magno
1305 1667 1531 1723 honore
1550 1666 1689 1721 fecit
1720 1666 1925 1720 reduci
1944 1666 2004 1719 in
2035 1666 2154 1719 An-
2264 1669 2416 1722 rexit
2462 1671 2519 1722 et
2564 1671 2768 1723 contra
2818 1669 3036 1739 Danos,
3085 1670 3187 1741 qui
3225 1673 3367 1723 tunc
3397 1670 3663 1738 temporis
3686 1668 3839 1720 Gallias

489 1759 666 1831 gliam
688 1759 858 1829 glicet
887 1757 1376 1813 excellentissimi
1406 1756 1707 1826 principes
1730 1755 1911 1810 curiae
1936 1755 2156 1809 Roma-
2267 1756 2756 1827 demoliebantur,
2792 1758 3067 1813 nobiliter
3096 1759 3375 1828 protexit.
3423 1757 3717 1812 Decedente
3741 1771 3834 1809 vero

488 1863 603 1918 nae,
624 1848 851 1918 experti
864 1845 1525 1916 prudentiamipsius,et
1541 1860 1771 1899 morum
1788 1845 2157 1899 venustatem
2185 1865 2239 1927 B
2267 1844 2488 1913 Odone,
2520 1846 2767 1900 Carolus
2796 1846 3060 1916 Simplex
3091 1848 3317 1917 recepit
3357 1862 3598 1919 regnum
3640 1861 3776 1899 suum
3808 1848 3841 1896 et

1056 852 1306 908 CAPUT
1354 852 1540 907 XXV.

487 943 651 1023 Quod
680 942 1211 1023 obeuntejjenric‘o
1230 942 1613 1023 imperatore,
1631 956 1741 995 rex
1754 940 2054 1023 Henricus
2068 938 2143 1020 li-

549 1014 688 1069 Iiam
722 1031 883 1069 suam
913 1012 1268 1068 Mathildem
1297 1010 1740 1082 imperatricem
1759 1011 2063 1082 reductam
2081 1010 2144 1082 in

555 1085 835 1156 Angliam
903 1084 1281 1153 matrimonio
1352 1081 1646 1156 copulavit
1702 1081 1954 1156 Gafrido
1992 1081 2148 1156 _c_iuci

548 1157 599 1210 Α
610 1151 799 1228 ndega
814 1171 1095 1228 vensium,
1114 1169 1192 1208 ex
1214 1151 1334 1228 qua
1343 1151 1604 1228 suscepit
1624 1159 1753 1208 tres
1768 1151 1941 1223 ﬁlios,
1979 1151 2145 1206 Hen-

555 1224 766 1296 ricum,
796 1225 1148 1282 Gaufridum
1174 1224 1241 1279 et
1265 1224 1635 1279 Willelmum.

491 1937 728 1990 vivente
779 1935 1133 2004 imperatore
1172 1932 1430 2005 conjuge
1461 1948 1593 2003 suo,
1626 1948 1754 1988 eam
1803 1930 2157 1987 omnimodis

492 2024 609 2079 sibi
640 2023 931 2093 imperare
948 2025 1239 2093 Optarent,
1266 2024 1322 2076 et
1333 2021 1443 2075 hac
1455 2021 1530 2076 de
1547 2036 1729 2076 causa
1745 2020 1934 2090 ipsam
1949 2034 2159 2090 prose-

496 2113 616 2168 cuti
644 2113 763 2166 sint
795 2126 986 2182 usque
1014 2111 1086 2165 ad
1106 2111 1330 2165 curiam
1352 2110 1448 2165 sui
1467 2110 1675 2180 patris,
1697 2110 1755 2163 id
1773 2109 1967 2179 ipsum
1980 2123 2162 2178 roga-

506 2201 641 2256 turi.
656 2200 913 2266 Quorum
927 2199 1192 2270 petitioni
1215 2214 1348 2253 cum
1378 2214 1483 2253 rex
1499 2198 1736 2253 minime
1754 2198 2164 2269 acquiesceret

494 2289 761 2359 (volebat
789 2289 943 2343 enim
975 2287 1133 2342 illam
1162 2290 1300 2358 post
1322 2302 1491 2342 suam
1522 2290 1771 2342 mortem
1820 2286 1880 2339 in
1911 2300 2162 2356 regnum

501 2379 735 2450 Anglice
749 2377 1127 2433 hereditario
1140 2376 1278 2448 jure
1299 2376 1668 2444 succedere),
1688 2374 1829 2430 fecit
1845 2374 2162 2444 episcopos

494 2471 551 2522 et
580 2467 1066 2537 archiepiscopos
1096 2469 1153 2520 et
1185 2465 1460 2520 abbatum
1491 2465 1878 2534 potentiores,
1912 2479 2019 2517 nec
2046 2477 2163 2516 non

494 2555 743 2612 comites
772 2558 830 2609 et
857 2558 1128 2624 satrapas
1162 2554 1339 2609 totius
1354 2552 1588 2623 Anglici
1604 2552 1795 2624 regni,
1817 2551 1930 2607 sub
1949 2550 2164 2605 arctis-

496 2646 649 2700 simo
678 2643 764 2699 illi
794 2642 1131 2697 fidelitatem
1163 2643 1277 2697 hoc
1307 2644 1477 2711 pacto
1499 2641 1843 2711 promittere
1866 2643 2165 2710 quatenus

496 2732 614 2804 ipsi
644 2747 753 2802 pro
784 2732 912 2786 suis
939 2731 1171 2785 viribus
1225 2731 1649 2797 obniterentur,
1686 2732 1747 2783 ut
1804 2728 2011 2783 eadem
2041 2729 2165 2782 Au-

496 2824 672 2893 gusta
701 2824 837 2891 post
877 2820 1194 2874 decessum
1241 2820 1426 2888 patris
1468 2818 1870 2874 monarcliiam
1915 2815 2164 2887 majoris

497 2909 839 2979 Britanniae,
873 2923 1049 2979 quam
1079 2923 1235 2962 nunc
1265 2907 1537 2979 Angliam
1569 2909 1802 2975 vocant,
1851 2905 2162 2960 obtineret.

496 2997 663 3064 Quod
693 3002 887 3053 utrum
920 2997 1192 3066 fecerint,
1208 2996 1354 3051 nihil
1382 2995 1999 3051 meainterestdicere.
2018 2996 2166 3049 Pro-

497 3087 728 3144 cedenti
751 3090 944 3142 autem
972 3090 1258 3157 tempore,
1292 3089 1461 3157 pater
1488 3101 1637 3141 suus
1680 3085 1931 3155 cupiens
1962 3097 2167 3138 carere

496 3175 821 3231 inimicitiis
839 3180 896 3231 et
911 3176 1347 3247 importunitate
1378 3174 1680 3243 Fulconia,
1707 3173 1939 3229 comitis
1970 3171 2170 3226 videli-

499 3269 593 3320 cet
620 3266 1100 3337 Andegavorum,
1133 3265 1505 3320 Turonorum
1549 3267 1721 3333 atque
1766 3262 2169 3317 Cenomanno-

501 3370 638 3409 rum
654 3355 931 3425 (namque
946 3354 1099 3409 inter
1129 3369 1235 3409 eos
1284 3353 1642 3424 quibusdam
1678 3366 1751 3406 ex
1780 3350 2172 3421 causislonga

503 3443 779 3500 simultas
799 3443 1160 3515 duraverat),
1180 3442 1317 3496 licet
1347 3441 1585 3495 invitam
1618 3438 2053 3494 dediteamdem
2075 3437 2177 3490 im-

504 3533 857 3602 peratricem
872 3532 930 3585 in
942 3546 1188 3586 uxorem
1205 3529 1488 3584 Gaut‘rido
1507 3528 1771 3583 Martello
1788 3527 1909 3582 tilio
1927 3527 2177 3598 praedic-

504 3621 546 3674 ti
560 3619 859 3681 Fulconis,
888 3617 990 3690 qui
1013 3619 1066 3674 ei
1091 3619 1147 3672 in
1168 3619 1504 3673 comitatum
1530 3617 1847 3683 successit,
1871 3614 2179 3670 cumidem

505 3708 688 3763 Fulco
719 3725 825 3763 rex
845 3707 1396 3777 Hierosolymorum
1419 3706 1775 3761 efficeretur.
1793 3704 1875 3759 De
1893 3719 2008 3775 qua
2025 3702 2181 3757 idem

508 3796 777 3852 marchio
817 3797 1023 3869 genuit
1056 3799 1179 3850 tres
1225 3796 1399 3865 ﬁlios,
1445 3794 1789 3863 Henricum,
1837 3792 2182 3848 Gaufridum

505 3885 859 3957 Martellum,
891 3883 1286 3954 W’illclmum,
1317 3883 1589 3939 haeredes
1621 3881 1919 3954 legitimos
1950 3879 2184 3953 Anglici

504 3974 893 4046 principatus,
927 3989 1043 4028 non
1065 3972 1257 4027 solum
1286 3988 1360 4027 ex
1410 3975 1572 4042 parte
1616 3971 1856 4026 Henrici
1898 3970 2060 4042 regis
2091 3968 2187 4023 avi

521 4062 617 4118 sui
663 4079 871 4118 verum
917 4061 1090 4117 etiam
1122 4078 1194 4117 ex
1235 4065 1401 4132 parte
1431 4059 1732 4115 Mathildis
1770 4060 1996 4132 reginae
2038 4057 2187 4111 avia

516 4151 807 4223 ipsorum.
842 4152 1105 4223 Uterque
1145 4150 1300 4205 enim
1349 4148 1570 4221 conjux
1612 4146 2189 4220 consanguinitatem

506 4246 777 4297 veterum
792 4257 998 4313 regum
1022 4241 1277 4311 Angliaa,
1300 4240 1436 4293 licet
1452 4239 1690 4294 diverso
1704 4236 1899 4305 modo,
1914 4234 2187 4306 proxime

514 4330 866 4402 attingebat;
899 4329 1125 4384 sicutin
1155 4328 1306 4383 libro
1329 4328 1429 4399 qui
1454 4328 1524 4382 dc
1559 4327 1687 4381 Vita
1714 4326 1908 4396 ipsius
1956 4322 2185 4395 regina

508 4417 768 4487 scriptus
800 4419 892 4470 est
922 4416 1276 4470 continetur.
1309 4415 1493 4478 Quem
1523 4416 1765 4483 propter
1796 4410 2059 4465 notitiam
2094 4424 2186 4464 re-

511 4522 643 4561 rum
678 4507 985 4577 gestarum
1018 4506 1073 4558 et
1103 4503 1175 4558 ad
1204 4503 1487 4558 honorem
1522 4505 1578 4556 et
1608 4501 1949 4556 memoriam
1966 4498 2186 4553 utrius-

516 4610 631 4669 que
664 4595 891 4663 matris,
943 4592 1014 4648 de
1064 4608 1177 4663 qua
1219 4592 1412 4646 editus
1445 4596 1537 4646 est
1552 4610 1566 4657 ;
1624 4593 1680 4645 et
1706 4590 1862 4658 tiliae,
1909 4589 1981 4642 ad
2010 4602 2184 4659 quam

511 4683 705 4740 editus
728 4686 821 4738 est
850 4681 990 4736 huic
1019 4681 1183 4750 operi
1239 4679 1488 4734 forsitan
1537 4679 2022 4751 adjungeremus.

1088 4768 1341 4823 CAPUT
1410 4767 1619 4822 XXVI.

520 4841 811 4909 Quomodo
835 4856 1018 4914 reges
1058 4840 1420 4914 Francorum
1451 4838 1818 4914 descendant
1847 4837 1922 4892 de
1954 4837 2187 4908 origine

922 4910 1194 4968 comitum
1223 4910 1475 4981 Andega
1487 4911 1773 4964 vensium.

596 5006 722 5061 Nec
759 5002 956 5072 alicui,
980 5001 1075 5056 vel
1106 5001 1219 5070 ipsi
1253 4999 1611 5070 imperatrici
1640 5000 1928 5071 Augustin
1956 4997 2194 5052 omnino

523 5096 833 5167 indignum
868 5091 1160 5159 videatur,
1193 5088 1350 5161 quod
1387 5093 1525 5159 post
1557 5088 1792 5143 thorum
1823 5087 2198 5158 imperatoris

527 5182 877 5254 conjugium
913 5181 1119 5235 sortita
1151 5182 1243 5233 est
1272 5178 1504 5232 comitis
1531 5177 2013 5248 Andegavorum.
2035 5169 2202 5229 Licet

524 5271 680 5326 enim
700 5269 1135 5325 multominoris
1161 5268 1464 5340 dignitatis
1488 5268 1566 5320 sit
1583 5281 1784 5320 comes
1817 5265 2204 5335 Andegaven‘

526 5361 640 5429 sis,
675 5375 852 5430 quam
883 5359 1203 5427 imperator
1233 5357 1539 5411 Romanus
1561 5359 1785 5425 ;tamen
1816 5354 1868 5408 si
1889 5354 2024 5424 quis
2056 5368 2201 5407 con-

527 5449 685 5504 sulat
730 5450 898 5519 gesta
921 5461 1129 5516 regum
1176 5445 1463 5512 Francim,
1500 5444 1757 5497 inveniet
1791 5443 1861 5496 de
1892 5458 2006 5512 qua
2027 5457 2205 5513 gene-

525 5553 665 5594 rosa
678 5537 862 5605 stirpe
875 5533 1243 5589 descendant
1264 5534 1510 5587 comites
1524 5530 2069 5604 Andegavensium.
2091 5529 2207 5585 lbi-

520 5652 657 5712 dem
673 5623 831 5698 enim
851 5622 1072 5696 reperit
1082 5622 1238 5696 quod
1257 5637 1435 5697 reges
1450 5621 1840 5691 Francorum,
1859 5619 1958 5694 qui
1973 5618 2204 5676 nostris

2270 1935 2568 1989 Robertus
2598 1934 2782 1990 frater
2809 1935 3032 1991 Odonis
3057 1935 3250 1990 factus
3265 1938 3360 1990 est
3373 1936 3483 1990 sub
3497 1934 3680 1990 eodem
3698 1932 3843 1986 Carolo

2265 2024 2544 2094 princeps
2592 2021 2975 2079 Francorum.
3024 2023 3140 2080 Sed
3172 2025 3311 2096 quia
3339 2041 3457 2079 non
3487 2023 3538 2078 ei
3576 2020 3843 2077 reddebatur

2265 2128 2407 2183 pars
2438 2112 2824 2183 principatus,
2858 2128 3033 2183 quam
3063 2113 3248 2167 frater
3279 2130 3431 2168 suus
3461 2112 3596 2179 Odo,
3618 2116 3844 2179 antequam

2266 2202 2326 2256 in
2356 2216 2560 2273 regem
2593 2201 2940 2273 eligeretur,
2971 2202 3263 2272 habebat;
3290 2201 3589 2257 rebellavit
3616 2200 3737 2254 idem
3760 2198 3839 2249 Ro-

2264 2290 2472 2346 bertus
2523 2295 2723 2345 contra
2755 2291 3028 2345 Carolum
3090 2307 3325 2363 regem,
3357 2295 3665 2360 unctusque
3691 2289 3785 2355 ipse
3812 2285 3846 2335 in

2268 2395 2490 2452 regem,
2510 2395 2627 2435 uno
2658 2395 2810 2434 anno
2828 2380 3116 2451 regnavit,
3138 2380 3245 2434 sed
3271 2383 3481 2451 postea
3502 2379 3712 2433 occisus
3729 2380 3791 2429 est
3805 2372 3841 2424 in

2268 2468 2423 2523 bello
2481 2468 2844 2523 Suessonico
2893 2468 2966 2523 ab
3022 2468 3295 2523 exercitu
3352 2468 3542 2523 Caroli
3596 2462 3835 2533 Simplicis.
3914 2462 3915 2533 ξ

2271 2557 2486 2612 Factus
2508 2560 2600 2611 est
2632 2560 2824 2610 tamen
2852 2560 2989 2626 post
3031 2556 3222 2627 ipsam
3253 2557 3532 2627 princeps
3568 2553 3843 2607 Francorum
3913 2553 3915 2627 ξ

2270 2645 2428 2699 filius
2459 2644 2594 2714 ejus
2611 2644 2786 2715 Hugo
2801 2660 3075 2716 magnus,
3093 2647 3266 2699 natus
3292 2661 3369 2700 ex
3380 2645 3494 2699 tilia
3509 2643 3840 2697 Herebertico-
3914 2646 3915 2716 ᾖ

2271 2733 2431 2788 mitis
2462 2734 2764 2787 Parronae.
2800 2733 2909 2787 Hic
2942 2733 3315 2788 Hercbertus
3336 2748 3445 2804 per
3472 2731 3848 2786 traditionemce.

2272 2823 2356 2893 pit
2387 2821 2667 2877 Carolum
2697 2820 3033 2891 Simplicem
3065 2825 3463 2876 revertentem
3487 2836 3609 2876 cum
3635 2818 3848 2873 victoriaa

2274 2911 2556 2982 praedicto
2591 2909 2816 2981 praelio,
2842 2913 2900 2965 et
2930 2913 2990 2964 in
3020 2911 3279 2965 vinculis
3313 2910 3504 2981 ipsius
3532 2911 3757 2963 mortuus
3791 2910 3848 2958 est

2274 3000 2430 3055 idem
2447 2997 2715 3053 Carolus.
2749 2997 3137 3069 Supradictus
3160 3015 3312 3054 vero
3350 2999 3521 3070 Hugo
3552 3012 3761 3068 magnus
3784 3008 3853 3064 ge-

2274 3088 2400 3143 nuit
2419 3103 2492 3142 ex
2503 3088 2621 3141 ﬁlia
2643 3086 2891 3142 Othonis
2915 3088 3077 3160 regis
3090 3085 3854 3157 Saxonum,postmodumvero

2280 3176 2658 3247 imperatoris
2690 3177 3109 3243 Romanorum,
3156 3176 3475 3247 Hugonem
3505 3176 3665 3244 Capet
3710 3175 3751 3225 et
3775 3170 3852 3223 ira-

2279 3268 2400 3320 tres
2432 3264 2587 3336 ejus.
2608 3263 2716 3329 Qui
2740 3264 2936 3336 Hugo,
2957 3264 3253 3318 annullato
3273 3280 3498 3336 genere
3519 3262 3687 3317 Caroli
3703 3256 3853 3328 Magni,

2279 3358 2493 3409 unctus
2517 3357 2609 3410 est
2624 3353 2684 3408 in
2698 3369 2901 3425 regem
2913 3367 3099 3423 super
3110 3352 3540 3422 Francos.Ipso
3556 3351 3705 3406 etiam
3717 3360 3853 3415 super-

2282 3444 2437 3511 stite,
2462 3445 2649 3513 primo
2684 3442 2856 3514 regni
2888 3442 2980 3496 sui
3009 3458 3162 3496 anno
3180 3440 3660 3512 adjunctusestin
3676 3448 3851 3507 regnum

2285 3532 2584 3587 Robertus
2614 3530 2773 3585 illius
2789 3529 2942 3602 ejus,
2961 3546 3068 3584 rex
3085 3530 3420 3600 piissimus,
3447 3531 3535 3583 vir
3550 3528 3850 3582 inlitterarum

2284 3623 2529 3679 scientia
2561 3621 2872 3691 plurimum
2901 3619 3234 3674 aGerberto
3249 3619 3536 3674 monacho
3565 3613 3851 3687 philosopho.

2284 3716 2491 3782 postea
2522 3726 2661 3765 vero
2715 3726 2863 3780 papa
2919 3709 3203 3777 Romano,
3262 3708 3605 3762 instructus.
3640 3729 3658 3752 η
3689 3703 3794 3756 Haec
3814 3698 3859 3750 de

2289 3801 2479 3873 gestis
2512 3800 2873 3855 Francorum
2886 3797 3022 3852 huic
3046 3796 3338 3866 opusculo
3359 3796 3595 3866 inserui,
3611 3794 3777 3847 volens
3789 3802 3855 3841 ne-

2291 3891 2619 3946 scientibus
2638 3889 2909 3942 intiinare
2925 3886 3287 3941 nobilitatem
3302 3886 3572 3940 comitum
3587 3882 3856 3950 Andegaveu

2291 3981 2467 4048 sium,
2493 3978 2727 4048 etquod
2752 3978 2922 4032 tertia
2964 3975 3181 4032 familia
3223 3993 3431 4048 regum
3482 3972 3719 4027 Francia:
3741 3961 3858 4037 (siqui

2293 4069 2424 4123 dem
2454 4068 2524 4122 de
2545 4069 2629 4122 tot
2650 4067 2888 4121 familiis
2920 4068 2991 4122 ab
3024 4068 3187 4122 initio
3213 4069 3373 4121 illius
3406 4064 3565 4136 regni
3589 4064 3858 4129 usquenunc

2294 4156 2553 4212 seriatim
2568 4155 2748 4210 creati
2763 4159 2901 4210 sunt
2914 4158 3190 4227 reges)de
3205 4172 3412 4211 eorum
3426 4149 3718 4225 propagine
3730 4141 3863 4199 modo.

2294 4262 2468 4317 quem
2505 4244 2788 4314 diximus,
2812 4244 3068 4299 veniant.
3094 4230 3861 4316 Nonigiturusquequaquein-

2295 4334 2560 4406 dignum,
2597 4333 2648 4388 si
2680 4333 2796 4387 tilia
2823 4334 2987 4405 regis
3018 4333 3347 4405 Anglorum
3381 4326 3716 4387 matrimonio
3741 4331 3859 4386 copu-

2293 4423 2406 4477 lata
2440 4426 2531 4476 est
2560 4422 2689 4476 viro
2721 4423 3072 4494 cognatione
3102 4422 3438 4492 propinquo
3484 4417 3706 4489 regibus
3741 4406 3860 4461 Fran-

2297 4528 2520 4567 corum.
2556 4511 2728 4565 Nunc
2757 4512 2831 4565 ad
2860 4512 3125 4566 ordinem
3155 4526 3354 4565 rerum
3403 4504 3783 4580 propositarum
3807 4505 3863 4545 rc-

2296 4604 2614 4655 vertemur.

2215 4681 2269 4742 ι)
2712 4674 2723 4681 ο
2865 4670 3120 4726 CAPUT
3162 4669 3398 4726 xxvn.

2302 4760 2480 4827 Quam
2515 4761 2729 4815 devote
2754 4760 3044 4831 praedicta
3074 4759 3435 4831 imperatrix
3474 4755 3745 4831 thesauros
3766 4750 3863 4831 satis

2373 4777 2480 4814 iam
2515 4776 2729 4815 aevore
2798 4776 3044 4814 raeauua
3074 4776 3435 4831 imperarrix
3474 4776 3743 4810 ιηοδειυιω
3771 4776 3861 4795 ουυυ

2373 4832 2641 4914 diversis
2672 4776 2916 4885 eclgsiis
2932 4832 3224 4903 inopibus,
3241 4830 3375 4884 dum
3385 4827 3699 4900 wgrotaret,
3722 4822 3863 4879 01‘09‘7'

2379 4910 2484 4958 vit.

2374 4952 2544 5044 Step0
2562 4974 2854 5029 nominata
2873 4974 3128 5044 denique
3142 4972 3439 5026 Mathildis
3457 4952 3861 5044 imperatumst“
3914 4964 3915 4973 ‘

2304 5036 2556 5138 quadam
2589 5063 2718 5118 vice
2737 5063 2891 5133 apud
2916 5036 3347 5134 Rothomagum
3372 5036 3860 5138 inﬂrmaretur,lsufﬁf

2306 5154 2470 5209 ciens
2499 5155 2911 5225 argumentum
2945 5167 3071 5206 suae
3089 5151 3410 5221 prudentiae
3440 5152 3494 5202 et
3521 5133 3775 5225 religionis
3787 5131 3859 5181 iam

2307 5242 2707 5315 praesentibus
2736 5257 2911 5311 quam
2943 5241 3162 5295 futuris
3178 5238 3449 5303 ostendit,
3473 5235 3642 5289 Gazas
3657 5224 3857 5315 enimn?“

2311 5314 2504 5390 solum
2535 5330 2965 5401 imperatorias,
2999 5346 3147 5400 quas
3180 5344 3382 5383 secum
3399 5320 3622 5381 deltalia
3649 5314 3856 5401 inscium

2310 5422 2531 5478 rabiles
2590 5400 2882 5479 attulerat.
2943 5434 3149 5473 verum
3183 5418 3354 5472 etiam
3383 5428 3523 5487 quas
3565 5400 3858 5487 Γεεθιίθνξωθ

2312 5514 2553 5584 paterna
2585 5508 2987 5564 munificentia
3015 5508 3086 5562 de
3117 5505 3442 5561 inexaustis
3470 5480 3857 5584 Anglorum.

2311 5571 2512 5659 sauris
2535 5598 2654 5654 sibi
2683 5597 3030 5666 contulerat,
3064 5597 3181 5650 tam
3229 5595 3429 5651 devota
3484 5599 3638 5642 manu
3664 5571 3860 5632 ecclesiis
