3940 6174
65 313 164 376 897

416 309 819 411 ΗΙδΤΟΒΙᾼί
858 309 1657 376 NORTHMANNORUM
1687 313 1914 377 LIBRI
1950 314 2196 377 OCTO.
2228 349 2295 363 —
2332 317 2590 382 LIBER.
2626 320 3046 390 OCTAVUS.

3334 328 3457 401 898

67 515 393 569 diversarum
426 511 864 581 provinciarum
894 516 952 567 et
979 512 1289 584 utriusque
1317 527 1504 567 sexus
1532 514 1673 568 reli-
1702 496 1762 558 Α
1792 517 2128 586 petitionem
2158 520 2349 591 ipsius
2372 521 2443 577 de
2464 537 2532 578 se
2567 525 2907 594 sepelienda
2944 528 3120 584 Becci
3149 531 3276 587 ﬁeri
3308 548 3455 588 con-

61 599 836 674 giosis,pauperibus,viduis,
851 601 1133 671 orphanis
1152 601 1474 672 distribuit;
1491 606 1553 657 ut
1567 618 1677 658 nec

64 706 87 742 a
106 688 317 742 culcitra
355 689 565 756 serica,
594 704 773 758 super
806 690 1057 760 quamin
1080 690 1208 759 ipsa
1230 690 1562 746 intirmitate
1590 690 1678 761 ja-

61 778 216 845 cebat,
251 777 590 845 abstineret,
624 777 763 847 quin
794 778 923 847 ipsa
954 777 1232 832 distracta
1264 780 1516 848 pretium
1547 779 1681 850 ejus

64 864 279 934 leprosis
292 865 522 937 erogari
546 864 803 936 juberet.
826 867 1238 920 Verumtamen
1261 869 1683 938 promptiorem

63 970 114 1007 se
128 954 386 1007 Beccensi
410 954 900 1025 ecclesias,quam
922 955 1121 1009 multis
1154 956 1441 1010 coenobiis
1484 957 1681 1011 Neus-

58 1042 176 1109 trite,
207 1057 272 1095 ne
312 1042 499 1095 dicam
522 1043 799 1097 omnibus
820 1043 875 1096 in
896 1042 1008 1097 hac
1029 1046 1372 1116 erogatione
1394 1045 1681 1117 exhibuit;

60 1132 180 1184 dans
216 1130 264 1184 ei
307 1134 417 1184 tam
461 1130 702 1185 diversa
732 1131 991 1196 donaria,
1026 1133 1270 1186 materia
1313 1134 1682 1206 artiﬁcioque

60 1219 478 1289 preciosissima,
515 1235 648 1289 quae
681 1218 1001 1274 Bizantium
1049 1236 1299 1290 percara
1343 1221 1589 1277 haberet
1619 1227 1677 1278 et

55 1324 158 1377 quae
176 1308 236 1360 ad
254 1307 784 1362 saaculiterminum
802 1308 1025 1363 honora
1048 1324 1395 1378 permanere
1416 1310 1674 1380 valeant,

60 1409 255 1464 semper
302 1395 491 1464 ipsius
546 1395 943 1466 imperatricis
994 1400 1284 1469 Augustae
1324 1399 1583 1455 studium
1626 1404 1683 1455 et

62 1498 277 1537 amorem
306 1498 446 1555 erga
476 1484 640 1537 illam
673 1483 991 1539 ecclesiam
1038 1489 1547 1558 repraesentantia,
1589 1488 1681 1542 vi-

59 1571 337 1641 cissimque
384 1572 674 1627 cordibus
727 1573 870 1627 inibi
919 1574 1306 1628 habitantium
1338 1576 1683 1631 memoriam

65 1660 280 1729 insignis
293 1659 546 1714 dominre
572 1661 943 1730 arcciiusim;
970 1662 1261 1717 rimentia.
1278 1663 1524 1735 Singula
1546 1664 1679 1719 des-

59 1747 399 1815 criptionibus
425 1751 528 1802 aut
577 1748 917 1803 nominibus
968 1750 1305 1823 designare,
1338 1752 1679 1822 speciosum

62 1834 194 1888 foret.
222 1834 653 1906 Voluptuosum
695 1840 787 1891 est
818 1842 1090 1906 spectare
1120 1839 1456 1909 hospitibus
1488 1842 1677 1895 maxi-
1710 1841 1762 1903 Β

58 1923 142 1975 mis
167 1928 214 1976 et
239 1925 334 1994 qui
363 1940 529 1994 saepe
574 1927 859 1981 nobilium
910 1928 1302 1982 ecclesiarum
1349 1930 1673 1984 thesauros

60 2010 301 2066 viderunt.
335 2013 653 2069 Transiret
674 2014 810 2069 illac
834 2015 1057 2085 hospes
1079 2016 1325 2072 Graecus
1347 2022 1444 2072 aut
1465 2019 1680 2088 Arabs,

63 2099 308 2169 voluptate
351 2102 692 2157 traheretur
739 2104 963 2158 eadem.
1007 2103 1321 2160 Credimus
1378 2110 1571 2162 autem
1629 2111 1686 2163 et

60 2188 257 2243 credere
288 2190 374 2244 fas
404 2194 518 2257 est,
559 2191 973 2262 aequissimum
995 2191 1260 2263 judicem
1283 2195 1544 2250 omnium
1566 2212 1686 2251 non

61 2276 213 2329 solum
242 2278 291 2330 in
325 2279 524 2335 futuro
544 2321 562 2349 ,
596 2295 804 2334 verum
847 2281 1023 2335 etiam
1063 2283 1121 2335 in
1151 2285 1431 2351 praesenti
1462 2285 1686 2341 saeculo

62 2362 122 2415 illi
147 2367 456 2437 centuplum
491 2368 886 2440 redditurum,
921 2371 1081 2441 quod
1114 2373 1313 2425 servis
1346 2373 1476 2428 suis
1510 2389 1686 2429 manu

65 2451 185 2506 sicut
209 2454 383 2526 larga,
416 2456 496 2510 ita
551 2456 766 2511 devota
805 2460 1107 2529 gratanter
1135 2459 1437 2529 impendit.
1470 2461 1559 2515 Ad
1592 2477 1688 2517 re-

65 2544 473 2598 munerationem
494 2560 645 2600 vero
664 2545 940 2601 instantis
963 2547 1248 2617 temporis
1262 2549 1557 2617 pertinere
1570 2565 1689 2605 non

67 2627 260 2684 dubium
306 2636 413 2702 est,
448 2634 613 2706 quod
666 2635 984 2690 miserante
1036 2636 1158 2690 Deo
1204 2637 1396 2707 scpita
1433 2637 1688 2693 adversa

67 2716 363 2791 valetudine,
396 2724 776 2778 sanctitatem
806 2724 1021 2778 refovit
1066 2727 1124 2779 et
1155 2726 1477 2781 monachos
1510 2742 1678 2798 suos,

66 2809 336 2865 monachos
385 2811 757 2880 Beccenses,
790 2813 892 2884 qui
940 2828 1064 2883 prie
1096 2813 1370 2868 omnibus
1417 2818 1473 2868 et
1504 2831 1688 2886 super

66 2908 229 2950 omnes
269 2914 367 2968 pro
413 2901 616 2971 ipsius
663 2902 970 2971 sospitate,
1022 2902 1156 2974 jugi
1201 2900 1404 2957 labore
1453 2905 1674 2974 suppli-

70 2983 200 3037 candi
228 2985 578 3044 deccrtando
599 3006 751 3060 pene
782 2990 1139 3060 defecerant,
1189 3007 1331 3045 aura
1374 3007 1681 3063 prosperis

71 3069 368 3131 valetudinis
397 3078 540 3150 ejus
572 3078 805 3133 afﬂatus
836 3079 1073 3133 omnino
1106 3078 1552 3150 redintegravit.

571 3167 823 3221 CAPUT
863 3166 1130 3222 XXVIII.

72 3247 197 3311 Quod
243 3253 367 3329 dum
408 3256 783 3329 desperaret
818 3258 1086 3329 poposcit
1134 3271 1338 3329 regem
1397 3263 1457 3311 ut
1499 3258 1683 3314 Becci

118 3324 475 3400 sepeiiretnr;
508 3324 572 3383 et
601 3327 676 3400 de
693 3324 909 3400 affecta
940 3328 1068 3400 ejus
1097 3324 1259 3383 circa
1290 3330 1552 3385 eamdem
1582 3346 1683 3385 ec-

122 3393 345 3460 clesiam,
375 3397 613 3471 etquod
631 3399 911 3470 sospitati
937 3393 1178 3455 r'eddita
1209 3401 1311 3455 sit.

121 3480 223 3537 Nec
247 3487 733 3557 supprimendum
762 3487 905 3542 illud
935 3492 1029 3543 est
1057 3488 1312 3560 silentio,
1346 3490 1482 3555 imo,
1515 3491 1578 3544 ut
1609 3490 1685 3543 ita

72 3568 268 3643 dicatur,
285 3577 621 3631 uncialibus
644 3575 856 3630 litteris
869 3580 1174 3631 exaratum
1192 3578 1416 3633 saeculo
1438 3583 1684 3633 venturo

70 3658 551 3734 transmittendum,
568 3664 747 3735 quod,
763 3669 1072 3736 antequam
1091 3666 1558 3736 convalesceret,
1574 3682 1684 3737 po-

72 3748 339 3808 stulaverat
358 3760 591 3825 patrem
610 3769 804 3823 suum,
830 3756 891 3807 ut
913 3754 1279 3824 permitteret
1309 3770 1438 3810 eam
1468 3755 1528 3810 in
1559 3772 1685 3812 cce-

72 3837 209 3893 nobio
229 3841 510 3898 Beccensi
541 3841 792 3896 humari.
828 3842 993 3906 Quod
1030 3858 1135 3897 rex
1156 3843 1347 3913 primo
1377 3843 1683 3915 abnuerat,

71 3920 235 3982 dicens
261 3946 371 3986 non
403 3945 549 3987 esse
581 3930 826 4002 dignum
854 3933 918 3985 ut
939 3930 1056 3985 ﬁlia
1077 3947 1187 3985 sua
1210 3931 1551 4002 imperati-ix
1571 3934 1688 3987 Au-

72 4019 227 4086 gusta,
254 4034 378 4090 quae
406 4019 597 4076 semel
630 4022 687 4073 et
716 4020 927 4073 iterum
957 4018 1019 4074 in
1050 4020 1196 4075 urbe
1230 4021 1688 4092 Romulea,quie

81 4109 218 4171 caput
238 4108 560 4177 estmundi,
576 4124 686 4179 per
702 4123 913 4163 manus
943 4108 1156 4162 summi
1179 4110 1478 4179 pontiﬁcis
1500 4111 1689 4180 impe-

74 4189 171 4245 riali
195 4195 505 4253 diademate
518 4200 899 4268 processerat
920 4197 1223 4268 insignita,
1248 4198 1307 4252 in
1340 4198 1535 4269 aliquo
1565 4214 1689 4253 mo-

78 4284 308 4352 nasterio,
324 4287 457 4342 licet
479 4285 809 4358 pel-celebri
826 4287 881 4339 et
900 4286 1187 4357 religione
1201 4289 1258 4341 et
1274 4286 1444 4353 fama,
1468 4287 1689 4356 sepeli-

79 4370 230 4441 retur;
259 4375 358 4429 sed
380 4377 450 4430 ad
475 4374 770 4429 civitatem
794 4374 1385 4445 Rothomagensium,
1416 4391 1549 4446 quae
1571 4391 1690 4450 me-

79 4456 373 4525 tmpolisest
394 4464 1174 4532 Northmannorum,saltem
1200 4464 1478 4534 delata,in
1493 4464 1690 4519 eccle-

79 4542 145 4596 sia
179 4551 486 4623 principali,
531 4552 591 4605 in
621 4568 738 4623 qua
781 4555 839 4606 et
878 4552 1141 4622 majores
1189 4551 1345 4622 ejus,
1382 4553 1690 4608 Hollonem

79 4628 242 4702 loquor
258 4644 311 4694 et
330 4642 694 4696 Willetmum
716 4641 1212 4712 Longamspatam
1234 4641 1417 4694 tilium
1434 4640 1569 4713 ejus
1588 4643 1691 4713 qui

80 4716 359 4782 Neustriam
391 4730 575 4784 armis
624 4730 1011 4800 subegerunt,
1046 4728 1224 4798 positi
1273 4732 1432 4798 sunt,
1456 4729 1605 4799 ipsa
1638 4733 1696 4784 et

83 4819 363 4873 poneretur.
381 4820 507 4884 Qua
537 4817 963 4873 deliberatione
980 4818 1150 4888 regis
1168 4821 1465 4887 percepta,
1488 4818 1569 4873 illi
1590 4834 1696 4888 per

85 4902 300 4958 nuntium
338 4907 720 4976 remandavit,
744 4907 996 4960 animam
1027 4921 1197 4961 suam
1220 4922 1517 4976 nunquam
1571 4906 1697 4961 fore

85 4981 252 5061 latam,
282 4994 391 5049 nisi
418 5011 663 5064 compos
692 4993 1012 5049 voluntatis
1030 5009 1158 5049 suae
1182 4995 1243 5047 in
1275 4994 1386 5047 hac
1417 4994 1699 5049 duntaxat

85 5082 210 5138 Parte
236 5082 579 5140 efﬁceretur.
599 5084 646 5138 Ο
669 5084 884 5138 femina
906 5087 1093 5137 macte
1114 5082 1353 5138 virtutis
1384 5085 1441 5136 et
1461 5083 1697 5138 consilii

87 5166 313 5240 sanioris,
343 5173 776 5245 parvipendens
795 5188 1066 5242 pompam
1088 5173 1439 5226 saecularem
1462 5173 1523 5227 in
1555 5188 1692 5227 cor-

87 5254 214 5315 Poris
228 5258 628 5330 dispositione!
657 5262 911 5316 Noverat
928 5261 1083 5315 enim
1097 5261 1399 5315 salubrius
1413 5277 1551 5316 esse
1571 5263 1693 5316 ani-

87 5340 251 5399 mabus
287 5349 685 5407 defunctorum
713 5350 795 5405 ibi
829 5365 1078 5419 corpora
1110 5365 1220 5404 sua
1250 5350 1545 5419 tumulari,
1588 5352 1689 5406 ubi

88 5423 400 5500 frequentius
418 5444 472 5494 et
500 5440 771 5494 devotius
795 5438 1260 5508 supplicationes
1271 5455 1377 5508 pro
1398 5440 1548 5509 ipsis
1571 5440 1694 5495 Deo

90 5514 374 5581 Oilei-untur.
399 5528 599 5583 Victus
631 5528 825 5599 itaque
856 5532 1023 5598 pater
1043 5527 1234 5598 ipsius
1261 5530 1551 5601 Augustae
1573 5530 1694 5600 pie-

92 5604 176 5658 tate
218 5615 268 5664 et
290 5617 584 5684 prudentia
634 5616 800 5686 ﬁlim,
847 5616 947 5687 qui
995 5620 1246 5672 caeteros
1291 5621 1346 5673 et
1387 5618 1604 5673 virtute
1637 5620 1694 5672 et

89 5691 257 5757 Pietate
283 5705 507 5763 vincere
538 5706 748 5763 solitus
781 5708 927 5776 erat,
959 5706 1163 5777 cessit,
1187 5709 1242 5762 et
1261 5706 1619 5763 voluntatem
1632 5711 1688 5763 et

1711 3190 1764 3253 Ο

1790 607 1993 663 cessit.
2036 607 2173 678 Sed,
2198 610 2430 665 volente
2461 611 2604 680 Deo,
2639 619 2700 667 ut
2730 616 3040 683 praeﬁxum
3074 623 3186 689 est,
3219 621 3454 677 sanitati

1789 696 2187 767 integerrimis
2210 700 2479 754 restituta
2497 702 2813 757 convaluit.
2842 705 2952 760 His
2978 706 3160 777 igitur
3187 708 3259 763 de
3279 710 3458 780 impe-

1788 785 2000 839 ratrice
2022 786 2292 858 Augusta
2304 803 2416 842 suo
2439 788 2591 858 loco,
2610 793 3047 865 proutdignum
3068 798 3178 865 est,
3208 813 3458 853 comme-

1787 873 2051 943 moratis,
2087 875 2158 929 de
2188 877 2425 931 caeteris
2454 877 2667 933 liberis
2702 881 2945 936 Henrici
2976 884 3161 956 regis,
3195 884 3332 940 licet
3352 888 3458 940 mi-

1787 978 1901 1018 nus
1930 963 2142 1018 idoneo
2174 965 2347 1020 modo
2378 968 2728 1039 procreatis,
2762 974 3003 1040 propter
3032 987 3230 1028 rerum
3261 976 3458 1030 tamen

1788 1052 2071 1123 notitiam,
2104 1052 2299 1125 aliqua
2329 1055 2423 1108 vel
2451 1056 2713 1112 breviter
2731 1058 3022 1115 dicamus.

2370 1180 2621 1235 CAPUT
2660 1182 2875 1238 XXIX.

1791 1300 1978 1378 Quod
2001 1301 2300 1378 Henricus
2345 1319 2461 1359 rex
2490 1304 2661 1378 duxit
2691 1306 3023 1378 Adelizam,
3057 1315 3288 1365 mortua
3320 1312 3455 1366 Ma-

1861 1372 2069 1452 ιΙιίΙιὶθ⁸
2086 1390 2272 1452 uxore
2310 1391 2414 1429 sua
2445 1380 2504 1430 et
2534 1376 2607 1452 de
2636 1376 2858 1452 liberis
2889 1372 3030 1452 quos
3058 1380 3297 1452 aliunde
3318 1397 3455 1452 pro-

1861 1446 2421 1518 creavit,_quorum
2472 1446 2912 1518 primogenitus
2976 1449 3091 1503 fuit
3153 1446 3454 1506 Robertus

1861 1530 2057 1589 comes
2090 1515 2588 1589 Glo’cestriznfqui
2618 1515 3031 1575 [nereditatem
3068 1522 3323 1577 Roberti
3342 1522 3455 1577 filii

1860 1585 2171 1642 Haimonis
2200 1604 2325 1642 cum
2356 1587 2478 1642 {ilia
2498 1585 2700 1660 ipsius
2731 1594 2978 1662 accepit.

1862 1693 2093 1748 Mortua
2108 1694 2303 1765 itaque
2319 1696 2578 1750 secunda
2596 1696 2895 1752 Malthilde
2909 1698 3117 1770 regina
3130 1698 3457 1772 Anglorum

1792 1787 1976 1838 matre
1995 1782 2178 1855 hujus
2197 1784 2588 1855 imperatricis
2612 1789 2920 1857 Augustae,
2941 1787 3097 1842 sicut
3119 1788 3175 1841 in
3190 1788 3458 1858 superio-

1793 1873 1959 1928 ribus
1974 1873 2192 1927 dictum
2212 1876 2323 1942 est,
2345 1874 2643 1928 Henricus
2667 1890 2772 1929 rex
2790 1875 3264 1931 duxitAdelizam
3280 1877 3459 1931 ﬁliam

1791 1961 2093 2019 Godet‘ridi
2125 1962 2296 2017 ducis
2328 1963 2633 2033 Lovaniaa,
2670 1964 2901 2019 comitis
2947 1964 3254 2021 Eustachii
3285 1966 3458 2020 Bolo-

1789 2051 2021 2108 niensis
2044 2052 2485 2121 consobrinam,
2507 2052 2579 2106 de
2600 2069 2714 2124 qua
2738 2054 2880 2108 nihil
2904 2056 3268 2124 posteritatis
3290 2070 3459 2111 acce-

1789 2136 1892 2212 pit.
1929 2140 2143 2195 Habuit
2171 2143 2361 2195 tamen
2380 2141 2535 2195 idem
2557 2157 2662 2195 rex
2678 2141 2833 2197 ﬁlios
2857 2158 2964 2197 sex
2986 2145 3044 2197 et
3065 2146 3291 2214 septem
3304 2143 3461 2198 ﬁlias

1791 2230 1929 2284 licet
1950 2230 2146 2284 minus
2164 2229 2436 2299 honesto,
2471 2232 2531 2283 ut
2559 2229 2968 2299 praediximus,
2991 2231 3162 2286 modo
3185 2232 3459 2303 progeni-

1792 2321 1907 2373 tos.
1933 2318 2170 2372 Illorum
2189 2320 2380 2372 autem
2407 2318 2798 2388 primogenito
2836 2318 3093 2373 Roberto
3117 2322 3284 2389 pater
3304 2335 3458 2374 suus

1794 2407 2103 2478 quamdam
2135 2406 2566 2460 nobilissimam
2597 2406 2849 2476 puellam
2881 2407 3116 2461 nomine
3147 2406 3456 2479 Sibyllam,

1794 2495 1971 2549 ﬁliam
1997 2495 2240 2549 Roberti
2257 2495 2360 2548 ﬁlii
2382 2494 2710 2562 Haimonis,
2736 2498 2989 2565 neptem,
3015 2495 3245 2550 scilicet
3272 2511 3348 2549 ex
3369 2494 3454 2550 fa-

1794 2584 1973 2654 milia,
1999 2583 2256 2653 Mabilia,
2290 2583 2533 2655 Rogerii
2557 2583 2836 2638 deMonte
2858 2583 3212 2639 Gummerici
3244 2584 3457 2654 patris,

1793 2673 2070 2728 videlicet
2092 2673 2337 2728 Roberti
2355 2673 2427 2727 de
2448 2672 3109 2741 Belismo,matrimonio
3132 2672 3457 2742 c0pulavit;

1794 2763 2130 2818 concedens
2161 2761 2215 2817 ei
2244 2762 2557 2816 maximam
2589 2762 3149 2833 haereditatemﬁam
3168 2762 3228 2816 in
3250 2760 3463 2816 North-

1790 2852 2025 2906 mannia
2045 2867 2220 2922 quam
2253 2850 2310 2904 in
2333 2851 2568 2924 Anglia,
2589 2867 2722 2922 quin
2739 2851 3001 2921 prmfataa
3024 2850 3242 2922 virgini
3266 2850 3460 2905 haere-

1790 2940 1999 2995 ditario
2024 2939 2162 3011 jure
2184 2939 2573 3008 competebat.
2608 2939 2694 2993 Ex
2715 2939 2844 3009 ipsa
2875 2942 3069 2993 autem
3089 2938 3293 3010 genuit
3305 2939 3460 2993 ﬁlios

1790 3029 2071 3100 quinque,
2106 3028 2337 3083 scilicet
2358 3028 2718 3083 Willelmum
2737 3044 2911 3083 suum
2934 3027 3390 3101 primogenitum
3405 3029 3463 3081 et

1791 3119 2006 3174 fratres
2018 3117 2152 3188 ejus
2183 3124 2240 3172 et
2257 3132 2430 3172 unam
2447 3117 2645 3172 ﬁliam.
2672 3117 3051 3172 Hereditatis
3079 3118 3272 3171 autem
3285 3131 3462 3187 quam

1794 3223 1926 3263 cum
1938 3207 2183 3278 praefata
2193 3206 2426 3277 virgine
2439 3206 2590 3260 idem
2600 3206 2899 3262 Robertus
2910 3205 3158 3276 adeptus
3170 3207 3280 3270 est,
3290 3207 3466 3275 caput

1794 3303 1886 3352 est
1904 3296 2183 3367 oppidum
2195 3296 2576 3351 Torinneium
2592 3295 3078 3365 nuncupatum,in
3095 3294 3350 3350 conﬁnio
3365 3309 3464 3348 co-

1794 3386 2098 3442 mitatuum
2125 3384 2477 3457 Bajocensis
2499 3388 2557 3439 et
2585 3384 3123 3440 Constantiniensis
3154 3383 3351 3447 situm,
3367 3382 3462 3437 di-

1794 3478 1961 3531 stans
1983 3490 2015 3528 a
2039 3474 2215 3529 fluvio
2238 3474 2476 3529 nomine
2502 3473 2653 3539 Vira,
2681 3472 2783 3545 qui
2804 3472 3123 3544 praedictos
3150 3471 3462 3527 comitatus

1793 3564 2014 3620 dirimit
2039 3564 2100 3617 in
2115 3563 2370 3619 citeriori
2393 3566 2556 3634 parte
2580 3562 2841 3617 millibus
2858 3562 2982 3618 fere
3004 3561 3259 3616 duobus.
3292 3559 3459 3625 Quod

1795 3653 2175 3725 municipium
2224 3669 2257 3707 a
2286 3653 2570 3723 praedicto
2619 3651 2782 3725 regis
2818 3652 2938 3707 ﬁlio
2988 3651 3267 3719 Roberto,
3299 3652 3462 3720 post-

1794 3760 1969 3816 quam
1987 3743 2211 3814 injuris
2234 3741 2286 3812 ej
2297 3758 2367 3797 us
2389 3744 2738 3812 potestatem
2760 3741 3062 3795 redactum
3076 3738 3463 3807 est,turribus

1796 3832 2076 3900 excelsis,
2099 3830 2393 3886 moenibus
2406 3829 2884 3897 robustissimus,
2902 3844 3132 3884 necnon
3146 3832 3202 3884 et
3215 3827 3461 3883 fossatis

1796 3921 2112 3991 prmruptis
2143 3925 2200 3975 et
2230 3920 2290 3974 in
2336 3920 2468 3990 ipso
2517 3935 2699 3974 saxeo
2749 3920 2943 3973 monte
2980 3918 3225 3984 incisis,
3259 3918 3463 3971 contra

1798 4009 2056 4065 omnium
2079 4008 2445 4063 inimicorum
2467 4012 2737 4062 conatum
2756 4007 3018 4061 munitus
3049 4009 3141 4061 est
3161 4009 3218 4061 et
3249 4020 3323 4060 ex
3342 4020 3462 4060 ma-

1800 4113 1918 4170 gna
1958 4100 2122 4168 parte
2166 4097 2342 4168 aquis
2390 4097 2450 4150 in
2479 4096 2744 4166 piscinas
2784 4095 3053 4151 collectis
3099 4094 3375 4148 vallatum
3406 4096 3466 4148 et

1804 4187 2200 4242 inaccessum.
2236 4185 2306 4240 Et
2334 4185 2470 4240 licet
2515 4188 2672 4238 terra
2704 4182 3136 4254 circiimjacens
3176 4182 3372 4236 minus
3402 4181 3464 4237 in

1717 4235 1773 4298 D
1799 4235 2373 4347 iga'iiisggaigia
2385 4235 2828 4328 saginas;
2853 4235 3128 4338 stas;
3146 4274 3239 4324 est
3262 4235 3463 4324 ama.

1796 4366 1952 4422 idem
1986 4365 2263 4436 oppidum
2293 4363 2667 4433 pepulosum,
2689 4359 3170 4435 negociatoribus
3201 4358 3459 4412 diversa-

1793 4471 1921 4510 rum
1946 4454 2228 4509 mercium
2250 4452 2550 4521 refertum,
2575 4451 2845 4507 aediﬁciis
2863 4454 2978 4505 tam
3007 4446 3264 4520 publicis
3285 4462 3459 4518 quam

1792 4544 2040 4614 privatis
2062 4547 2351 4610 ornatum,
2377 4541 2543 4611 copia
2563 4542 2688 4595 auri
2719 4542 2774 4595 et
2794 4539 3025 4613 argenti
3047 4554 3165 4594 non
3181 4551 3456 4609 egenum.

1794 4632 1964 4689 Dedit
1991 4634 2165 4687 etiam
2186 4632 2271 4686 illi
2286 4647 2391 4687 rex
2412 4634 2629 4687 terram
2644 4629 2951 4685 Haimonis
2968 4627 3250 4699 Dapiferi,
3267 4623 3462 4697 patrui

1799 4724 2069 4779 videlicet
2101 4723 2307 4778 uxoris
2340 4737 2489 4776 sum.
2509 4719 2976 4790 Praeterea,quia
3006 4733 3216 4789 parum
3249 4715 3460 4771 eratﬁ-

1794 4814 1937 4867 lium
1958 4812 2122 4885 regis
2144 4811 2403 4883 ingentia
2418 4809 2639 4880 praedia
2656 4808 2972 4879 possidere
2983 4806 3210 4876 absque
3225 4803 3458 4859 nomine

1796 4906 1852 4957 et
1873 4902 2098 4957 honore
2112 4899 2367 4972 alicujus
2381 4899 2636 4970 publica
2656 4896 2984 4970 dignitatis,
3009 4895 3167 4951 dedit
3189 4893 3273 4948 illi
3291 4896 3459 4964 pater

1795 4991 1929 5061 pius
1953 4990 2288 5045 comitatum
2308 4987 2679 5044 Glocestrim.
2705 4985 3040 5042 Richardus
3061 4985 3255 5038 autem
3276 4981 3458 5053 hujus

1796 5079 2027 5134 comitis
2047 5094 2162 5133 uno
2184 5078 2256 5133 de
2275 5081 2434 5148 patre
2450 5077 2650 5146 frater,
2666 5090 2799 5130 cum
2814 5074 2992 5128 fratre
3010 5088 3120 5128 suo
3141 5070 3456 5139 Willelmo,

1794 5169 1854 5223 in
1883 5168 2205 5237 saepedicto
2237 5166 2550 5237 naufragio
2586 5164 2777 5234 periit.
2798 5162 2913 5216 Alii
2943 5177 3085 5217 vero
3108 5164 3253 5231 tres,
3285 5159 3345 5214 id
3368 5162 3461 5215 est

1796 5257 2140 5322 liainaldus,
2177 5256 2496 5323 Robertus,
2542 5252 2933 5321 Gislebertus,
2965 5251 3159 5306 adhuc
3199 5250 3458 5322 juvenes

1794 5348 1923 5405 sine
1952 5348 2290 5402 casamento
2309 5346 2464 5398 sunt.
2493 5344 2769 5410 Quartus,
2797 5341 3027 5396 scilicet
3042 5341 3373 5396 Willelmus
3386 5339 3459 5394 de

1794 5437 2060 5503 Traceio,
2096 5433 2392 5504 paululum
2412 5436 2544 5502 post
2576 5433 2818 5484 mortem
2833 5430 3017 5501 patris
3034 5431 3218 5485 rebus
3248 5431 3458 5483 huma-

1795 5526 1889 5581 nis
1935 5528 2243 5594 exemptus
2273 5528 2383 5577 est.
2440 5521 2717 5576 [filiarum
2749 5536 2888 5576 vero
2921 5536 3035 5575 una
3073 5519 3307 5576 nomine
3339 5519 3459 5574 Ma-

1797 5615 1998 5670 lliildis
2048 5614 2247 5685 nupsit
2291 5612 2487 5669 comiti
2532 5610 2865 5666 Perticchi
2916 5611 3206 5680 Rotroco,
3240 5609 3313 5664 de
3342 5624 3459 5680 qua

1796 5705 2001 5778 genuit
2041 5718 2215 5760 unam
2245 5701 2446 5759 ﬁliam.
2478 5702 2614 5774 Ipsa
2644 5716 2787 5758 vero
2818 5699 3119 5757 Mathildis
3153 5696 3458 5755 comitissa
