3940 6174
95 343 184 405 901
475 336 898 398 ΗΙΞΤΟΒΙΛΕ
927 334 1651 398 NORTHMANNORU

1929 334 1983 396 t1
2014 333 2339 396 OCTO.-
2367 335 2600 400 LIBER
2625 335 3035 401 OCTAVUS.
3365 336 3485 400 902

95 557 234 612 quam
262 556 356 610 per
385 538 569 592 vicina
603 538 729 591 loca
775 538 886 592 iter
917 537 1143 591 faciens
1174 538 1522 607 praeteriret,
1564 537 1706 608 quin
1735 521 1793 581 Α
1821 543 2013 593 autem
2059 540 2196 608 post
2229 539 2466 608 longam
2506 539 2673 609 regni
2717 539 3281 596 administrationem
3321 557 3484 612 saepe

93 629 246 701 gratia
275 627 534 680 visitandi
565 627 637 681 ad
666 642 794 680 eum
827 627 1142 681 diverteret
1174 630 1230 681 et
1262 643 1394 697 quae
1439 627 1565 696 ipse
1597 641 1704 696 pro
1821 628 2154 682 nominatus
2180 627 2478 681 Henricus
2511 644 2616 680 rex
2664 628 2988 699 Anglorum
3023 633 3076 682 et
3109 631 3225 684 dux
3259 631 3483 684 North-

89 718 399 772 necessitate
430 716 524 769 sui
553 716 891 769 monasterii
926 716 1018 770 vel
1050 715 1226 769 alieni
1249 716 1321 769 ab
1355 731 1424 769 eo
1448 719 1703 784 peteret,
1819 733 2188 786 mannorum,
2219 734 2274 769 IV
2302 717 2502 771 Nonas
2529 717 2896 784 Decembris,
2921 733 3072 771 anno
3109 719 3181 772 ab
3204 719 3482 773 Incarna-

91 810 348 878 gratanter
373 805 721 874 impetraret.
762 804 1077 858 {Ediﬁcata
1110 808 1248 859 sunt
1277 808 1471 858 autem
1504 808 1618 857 tam
1649 804 1706 856 in
1818 805 1975 860 tione
2025 806 2257 860 Domini
2288 806 2479 860 nostri
2508 806 2654 860 Jesu
2685 805 2907 859 Christi
2949 806 3107 876 1135,
3154 807 3211 860 in
3260 808 3483 862 North-

89 911 239 966 regno
271 893 441 964 hujus
480 893 684 964 inclyti
727 893 891 965 regis
937 909 1110 964 quam
1150 893 1210 947 in
1253 894 1497 947 remotis
1534 893 1605 946 ab
1637 908 1706 946 eo
1817 893 2069 961 mannia,
2106 893 2255 962 apud
2284 893 2723 964 Villamregiam
2756 894 2928 948 sitam
2961 895 3020 948 in
3051 895 3201 949 silva
3235 895 3480 963 Leonis,

87 983 384 1055 provinciis,
419 982 612 1051 ipsius
661 982 909 1037 consilio
944 987 998 1036 et
1037 982 1266 1036 liberali
1309 982 1708 1036 muniﬁcentia
1817 997 1989 1050 quam
2016 997 2123 1050 per
2150 982 2560 1036 metonomiam
2584 983 2861 1036 Sanctum
2884 983 3227 1054 Dionysium
3250 987 3479 1037 vocant.

83 1071 645 1127 nonnullaservorum
661 1072 764 1125 Dei
783 1070 1477 1125 habitaculaEcclesiam
1496 1072 1710 1141 quippe
1819 1070 2112 1140 Regnavit
2142 1073 2336 1123 autem
2368 1071 2537 1123 annis
2569 1071 2636 1124 34
2659 1075 2714 1124 et
2743 1071 2774 1124 4
2809 1072 3114 1126 mensibus
3146 1073 3204 1125 in
3244 1072 3478 1143 Anglia.

89 1161 515 1230 Cluniacensem,
541 1162 605 1213 ut
637 1160 704 1214 de
721 1161 1049 1214 minoribus
1071 1164 1314 1222 taceam.
1335 1159 1463 1215 suis
1482 1161 1710 1229 impen-
1818 1157 2065 1212 Ducatui
2097 1173 2238 1212 vero
2257 1159 2700 1213 Northmanniae
2715 1160 2951 1229 praefuit
2966 1161 3138 1214 annis
3156 1160 3222 1215 29
3241 1163 3296 1214 et
3315 1176 3482 1213 men-

91 1250 159 1303 sis
173 1264 234 1303 ex
251 1248 447 1319 majori
465 1252 631 1318 parte
646 1249 968 1318 aedificans,
991 1250 1265 1320 ingentes
1281 1249 1710 1318 possessiones
1818 1247 1989 1300 sibus
2011 1249 2280 1316 quatuor.
2313 1245 2546 1316 Corpus
2576 1250 2768 1301 autem
2801 1249 2992 1318 ipsius
3013 1248 3267 1302 delatum
3288 1248 3348 1302 in
3361 1249 3479 1302 An-

85 1339 127 1390 in
151 1337 336 1407 Anglia
365 1353 472 1406 pro
517 1337 920 1407 redemptione
952 1338 1162 1392 animae
1213 1353 1339 1392 suae
1393 1338 1705 1408 delegavit.
1818 1334 2017 1406 gliam,
2052 1334 2377 1390 honoriﬁce
2406 1335 2700 1405 sepultum
2743 1339 2835 1390 est
2873 1337 2932 1390 in
2963 1336 3216 1391 ecclesia
3246 1337 3478 1389 Sanctae

82 1427 180 1480 Hoc
206 1425 345 1480 idem
359 1426 496 1480 fecit
526 1430 585 1480 et
614 1427 889 1481 ecclesiae
919 1427 1117 1481 Sancti
1149 1427 1381 1480 Martini
1415 1427 1487 1481 de
1528 1425 1704 1480 Cam-
1815 1423 2014 1477 Mariae
2039 1423 2348 1494 Radingis,
2375 1424 2689 1494 quamipse
2712 1424 3152 1479 afundamentis
3168 1425 3295 1479 suis
3319 1439 3478 1479 sum-

80 1515 167 1583 pis.
209 1513 462 1568 Officinis
515 1531 754 1586 quoque
811 1515 1234 1570 monachorum
1275 1515 1513 1570 Tironis
1560 1530 1704 1569 con-
1813 1512 2012 1582 ptibus
2073 1512 2484 1566 aedificaverat.
2519 1512 2624 1566 Cui
2665 1529 2770 1567 rex
2803 1514 3158 1568 saeculorum
3204 1512 3479 1567 Christus

82 1603 335 1656 struendis
390 1604 675 1657 nonnulla
719 1604 1056 1674 adjumenta
1115 1604 1415 1674 praevidit,
1460 1607 1703 1672 excepto
1814 1601 2093 1671 precibus
2143 1617 2270 1654 suae
2317 1601 2623 1672 genitricis
2657 1601 3082 1673 indulgentiam
3130 1617 3373 1656 suorum
3405 1617 3480 1656 ex

79 1691 392 1757 dormitorio,
412 1694 572 1762 quod
588 1709 662 1746 ex
687 1693 916 1764 integro
942 1693 1071 1763 ipse
1096 1693 1223 1748 fieri
1255 1694 1328 1747 ob
1362 1693 1704 1746 memoriam
1816 1703 2099 1742 cessuum
2148 1690 2483 1759 conferens,
2527 1689 2833 1744 beatorum
2872 1691 3084 1763 gaudia
3132 1690 3475 1744 misericor-

79 1779 152 1834 sui
192 1795 258 1832 ex
295 1781 420 1835 suis
467 1781 844 1836 solummodo
884 1783 1172 1852 impensis
1209 1782 1411 1836 voluit.
1460 1782 1705 1834 Necnon
1814 1777 1967 1831 diter
1991 1777 2227 1832 tribuat.
2267 1778 2522 1843 Quicum
2549 1780 2722 1832 Patre
2767 1782 2822 1833 et
2861 1779 3080 1849 Spiritu
3110 1783 3314 1834 sancto
3336 1779 3482 1833 vivit

78 1869 216 1921 etiam
257 1869 689 1924 xenodochium
720 1871 1259 1940 elephantiasorum
1304 1870 1542 1925 Carnoti
1578 1885 1705 1922 ma-
1815 1869 2090 1937 etregnat
2118 1867 2624 1937 Dcus,peromnia
2645 1868 2863 1921 saecula
2879 1869 3476 1922 saeculorum.Amen.

78 1957 316 2024 nentiam,
386 1973 539 2028 Opus
611 1959 887 2013 videlicet
954 1961 1287 2031 pergrande
1350 1975 1417 2013 ac
1493 1957 1634 2011 miri:

1387 1977 1417 2013 c
1493 1957 1701 2011 miriﬁ-
1733 1995 1784 2056 Β
2359 1992 2713 2029 EPITAPHIUM
2753 1991 2943 2029 irsms

76 2061 197 2112 cum,
228 2046 406 2115 ipsius
436 2047 841 2102 munificentia
883 2048 1213 2117 complevit.
1250 2047 1384 2119 Egit
1414 2049 1632 2116 praeter

1931 2061 1983 2115 id
2009 2063 2296 2117 modicum
2326 2068 2645 2134 praestent,
2679 2064 2828 2136 quod
2861 2080 3000 2135 opes
3029 2080 3297 2136 magnum
3330 2061 3487 2117 nihil

75 2132 380 2188 inexhausta
421 2136 623 2204 ipsius
667 2136 915 2207 largitas
954 2137 1136 2207 Alpes
1170 2178 1184 2205 ,
1232 2135 1520 2191 hactenus
1555 2150 1702 2205 pene
2089 2204 2100 2207 _
2169 2204 2176 2207 Α
2229 2203 2277 2207 __
2329 2132 2339 2134 ⁷
2403 2204 2410 2207 _
2633 2132 2637 2133 ⁷
2687 2132 2704 2136 ⁷
2773 2205 2779 2207 ἓ
2889 2132 2905 2135 ”
3090 2132 3372 2206 [éxstent,

73 2221 247 2289 invias,
277 2203 618 2292 petentibus
652 2203 855 2278 limina
878 2203 1300 2294 apostolorum,
1335 2224 1429 2279 vel
1475 2203 1625 2293 reliq

1850 2213 1935 2260 rex
1964 2204 2177 2274 probai
2217 2203 2534 2273 Henricus,
2570 2221 2682 2258 rex
2721 2205 2933 2260 vivens
2966 2203 3135 2276 pacis
3165 2207 3406 2260 amicus.

73 2308 370 2365 Sanctorum
401 2313 557 2383 loca,
581 2313 840 2382 pervias.
867 2313 1014 2377 Quid
1044 2313 1316 2381 referam,
1357 2313 1512 2382 quod
1555 2312 1629 2365 mi

1810 2290 2156 2344 Exstiterat
2185 2291 2476 2362 siquidem
2502 2308 2635 2362 prae
2657 2292 2884 2346 cunctis
2915 2293 3101 2347 ditior
3119 2293 3297 2361 idem,

75 2397 205 2453 tibus
245 2401 435 2471 templi
493 2379 1088 2472 Hierosolymorum,
1156 2402 1254 2472 qui
1305 2379 1552 2456 ias—sidus
1597 2418 1631 2470 p

1638 2416 1702 2454 ro
1817 2379 2088 2434 Occiduaa
2107 2380 2276 2450 genti
2307 2396 2448 2451 quos
2463 2381 2734 2450 praetulit
2757 2381 2900 2435 ordo
2919 2381 3192 2452 regendi.

75 2486 373 2543 defensione
406 2489 771 2544 Christianae
815 2491 1122 2561 religionis
1156 2493 1358 2544 contra
1395 2490 1630 2560 Agaren

1835 2469 1895 2521 π
1931 2469 2096 2522 necis
2126 2469 2200 2522 ad
2225 2475 2452 2539 pestes,
2487 2469 2627 2540 quid
2647 2485 2911 2541 gemmm,
2932 2470 3134 2541 pallia,
3177 2476 3391 2537 vestes,

74 2573 329 2631 decertant
368 2578 632 2648 plurima
672 2556 957 2633 subsidia.
985 2583 1102 2632 tam
1135 2579 1194 2632 in
1225 2579 1410 2632 armis
1446 2556 1619 2648 quam

1813 2556 1928 2610 [Es
1951 2556 2176 2610 varium
2198 2563 2398 2622 terra),
2437 2558 2576 2628 quid
2605 2564 2802 2612 castra
2835 2559 2956 2612 sibi
2989 2560 3268 2613 valuere?

76 2662 119 2714 in
157 2645 384 2720 cmmris‘
425 2667 802 2721 necessariis
837 2708 850 2735 ν
913 2667 1123 2720 devota
1181 2683 1354 2721 manu
1406 2645 1706 2720 adunati“,
1815 2645 2054 2735 lli/ibus
2075 2645 2216 2700 hinc
2243 2662 2466 2718 ecquam
2496 2647 2647 2700 dans
2675 2647 3178 2719 sortem,pallida,
3214 2663 3480 2719 nequam,

74 2754 498 2810 transmittebat‘.’
539 2733 845 2825 Hospitali'
879 2756 1051 2810 etiam
1097 2756 1468 2810 Hierusalem
1498 2771 1706 2825 quam-
1815 2733 2241 2825 Protendcedo
2261 2735 2494 2825 Pé’demi
2525 2752 2686 2790 1110’s
2701 2736 3038 2807 θῙιιεΙΜῘδᾶί
3069 2737 3143 2790 δά
3167 2736 3375 2790 {adem-

75 2839 179 2893 dam
205 2845 408 2897 terram
437 2845 499 2898 in
534 2823 691 2914 pago
726 2844 1142 2898 Abrincatensi
1183 2844 1358 2912 dedit,
1393 2844 1455 2897 in
1482 2823 1596 2913 qua
1627 2847 1631 2896 ἐ

1859 2827 1941 2877 tuo
1961 2823 2094 2878 dum
2125 2824 2259 2878 dira
2292 2824 2488 2878 febris
2511 2825 2706 2895 prima
2737 2825 2846 2880 sub
2877 2832 3047 2880 nocte
3061 2824 3415 2880 Decembris

76 2930 204 2982 servi
229 2931 436 2987 Christi
470 2933 674 2986 vicum
698 2932 1029 3003 quemdam,
1063 2948 1236 3002 quem
1267 2936 1478 2986 vocant
1497 2933 1632 2986 Vill:

1817 2913 2097 2966 Mundam
2136 2913 2402 2980 nudavit,
2436 2914 2650 2968 mundo
2679 2914 2829 2968 mala
2859 2914 3296 2985 multiplicavit.

80 3015 176 3082 Dei,
195 3023 412 3091 magnis
442 3021 782 3092 privilegiis
815 3021 978 3092 regia
1005 3021 1402 3075 munificentia
1426 3022 1636 3075 munitu

1640 3038 1709 3074 1m
1822 3001 2495 3073 Quippequippelpopuli,
2527 3019 2648 3073 pax
2678 3009 2735 3056 et
2770 3003 2951 3058 tutela
2968 3002 3196 3073 pusilli.

78 3089 461 3164 indicaverunt:
475 3089 796 3179 Praeterea,
831 3089 988 3180 quod
1011 3110 1267 3164 ecclesia
1282 3110 1478 3164 Beatae
1509 3110 1634 3163 Mar

1853 3090 1966 3142 lum
1989 3090 2126 3160 pius
2157 3091 2285 3160 ipse
2314 3092 2456 3159 ruit,
2493 3090 2642 3144 furit
2672 3091 2906 3160 impius,
2927 3092 3222 3161 opprimit,
3252 3091 3409 3144 urit:

79 3193 304 3251 Ebroicae
339 3198 622 3267 civitatis,
647 3178 1122 3269 ipsius—quadam
1147 3199 1262 3268 pia,
1286 3201 1348 3253 ut
1361 3199 1448 3270 ita:
1461 3199 1706 3268 dicatur,
1742 3216 1788 3277 ο
1818 3178 3108 3277 é"9_1{f'alqgcatnbinc‘Northmannic‘f0?“
3127 3179 3266 3277 Πέεζί
3287 3179 3478 3234 illinc-

78 3284 375 3341 crudelitate
415 3267 747 3356 destructa,
773 3290 829 3342 et
857 3267 1068 3342 iterum
1095 3267 1470 3356 resedificata,
1506 3303 1634 3341 omn

1823 3267 2078 3333 Occidis,
2112 3267 2396 3336 Henrice,
2435 3272 2568 3322 tunc
2580 3284 2717 3339 pax,
2737 3285 2887 3322 nunc
2907 3267 3100 3322 luctus
3119 3269 3372 3340 utrique.

79 3370 174 3425 fere
201 3375 480 3430 ecclesias
511 3376 811 3430 Neustriae
845 3391 952 3430 sua
982 3375 1417 3445 pulchritudine
1451 3378 1709 3446 superat,
2426 3391 2561 3428 mam
2601 3390 2862 3429 causam:

76 3457 193 3513 Nam
222 3479 345 3517 cum
375 3469 435 3518 ut
468 3465 698 3533 saepius
736 3465 955 3518 dictum
995 3468 1105 3532 est,
1133 3465 1337 3519 eadem
1359 3465 1507 3519 urbs
1531 3480 1710 3519 causa
1822 3463 2035 3532 Sensn,
2070 3462 2325 3530 divitiis,
2349 3463 2513 3517 aditu
2543 3462 2790 3518 feritate
2809 3463 3048 3518 decenti

76 3545 347 3612 discordiae
371 3553 913 3607 Almariciincensa
943 3569 1133 3625 arege
1149 3553 1365 3607 fuisset
1386 3555 1442 3607 et
1459 3553 1712 3607 ecclesia
1821 3551 2006 3621 Mire,
2025 3551 2162 3622 plus
2201 3551 2380 3621 dictu,
2423 3569 2536 3604 vim
2550 3553 2882 3622 perpessis,
2917 3551 3258 3616 scelerosis,

75 3639 388 3712 episcopalis
420 3643 593 3698 sedis
627 3643 862 3697 minime
896 3643 967 3697 ab
1000 3644 1130 3712 ipso
1161 3644 1435 3698 incendio
1477 3643 1715 3702 liberari
1821 3640 2164 3704 Excellens,
2221 3639 2496 3711 locuples,
2543 3640 2698 3694 haud
2729 3639 3028 3710 difficilis,
3080 3641 3480 3710 reverendus,

76 3729 275 3796 valeret,
305 3748 407 3786 rex
461 3731 655 3787 eidem
705 3731 977 3786 ecclesia:
1038 3733 1414 3802 postmodum
1457 3737 1614 3786 tanta
1653 3733 1711 3787 in
1821 3728 1934 3783 Hic
1938 3728 2104 3801 jacet
2124 3729 2422 3783 Henricus
2447 3745 2561 3782 rex
2577 3730 2880 3800 quondam,
2903 3747 3040 3800 pax,
3075 3730 3256 3784 decus
3295 3729 3482 3785 orbis.

77 3815 363 3872 redditibus
376 3820 704 3889 concessit,
732 3819 883 3873 unde
905 3819 1032 3889 ipsa
1053 3819 1108 3871 in
1129 3819 1342 3873 melius
1364 3821 1643 3874 renovata
1660 3823 1715 3873 et
2441 3835 2576 3871 neu
2616 3834 2876 3873 muscam

78 3917 270 3960 summa
301 3909 638 3962 reddituum
661 3907 850 3977 ipsius
883 3909 1260 3978 episcopatus
1299 3907 1410 3961 hac
1440 3907 1511 3961 de
1536 3924 1714 3962 causa
1837 3906 2053 3974 Victor,
2089 3912 2370 3972 sectator,
2412 3907 2650 3975 Vindex,
2689 3913 2933 3961 tutatem
2966 3913 3212 3977 amator,

72 3988 116 4042 in
143 3999 472 4065 perpetuum
505 3996 823 4067 plurimum
853 4001 1015 4051 esset
1045 3999 1439 4068 augmentata.
1824 3994 2145 4063 Bellorum,
2175 3994 2363 4065 pacis,
2407 3994 2721 4063 scelerum,
2766 3996 2962 4065 regni,
2984 3997 3296 4066 bonitatis,

589 4103 841 4158 CAPUT
881 4102 1152 4156 χχχιιι.
1829 4082 2105 4138 Continet
2134 4083 2286 4137 hunc
2314 4082 2560 4137 loculum
2592 4099 2710 4137 rex
2760 4089 2932 4138 notus
2962 4084 3175 4154 ubique
3210 4085 3488 4156 locorum,

74 4185 139 4239 De
177 4189 330 4244 οὸίιη
379 4191 519 4264 eius
549 4232 563 4259 ’
598 4197 676 4264 et,
705 4191 856 4264 (mod
892 4189 1288 4264 gorpus‘ejus
1335 4191 1397 4244 ίη
1435 4191 1714 4264 Angliam
1824 4173 2123 4228 Henricus
2163 4171 2421 4242 pridem,
2458 4177 2594 4225 tunc
2639 4178 2858 4231 terror.
2903 4188 3055 4225 nunc
3103 4172 3262 4226 cinis
3309 4173 3487 4243 idem,

349 4261 612 4317 delatum
647 4261 940 4333 Radmgis
969 4261 1257 4332 sepultum
1290 4267 1402 4316 est.
1537 4261 1554 4264 ⁷
2358 4277 2609 4332 CAPUT
2642 4277 2911 4331 XXXIV.

131 4365 375 4440 Longum
390 4372 561 4448 esset
582 4370 818 4441 singula
839 4369 1091 4438 pietatis,
1115 4369 1207 4424 vel
1229 4372 1507 4441 quantum
1521 4369 1592 4424 ad
1612 4385 1710 4425 re-
1739 4417 1792 4478 Β
1827 4370 1912 4424 De
1935 4373 2180 4441 quatuor
2201 4367 2514 4422 sororibus
2523 4366 2804 4438 praedicti
2818 4365 3006 4438 regis,
3039 4381 3279 4438 quarum
3297 4365 3488 4421 Adela

131 4460 348 4478 .._-__-,l
375 4459 504 4478 ιεΑ--
534 4459 614 4478 ,--:
644 4458 839 4478 _AL:_.-L
898 4458 1156 4478 -_2-_L:_A
1203 4459 1576 4478 Δι-κ..1κ3ιΑιξ.
1622 4459 1667 4478 9,
1907 4458 2095 4478 _s__.__.'1
2132 4456 2423 4478 (η-..ι.-..,.
2462 4455 2656 4478 ..-μέιέ
2696 4454 2967 4478 ηι---....;
2995 4460 3047 4478 Aa
3099 4455 3163 4478 .1-
3206 4453 3352 4478 1⁸1112..
3404 4455 3457 4478 Σ..

82 4453 511 4527 gimenpublicae
533 4459 618 4512 rei
641 4458 859 4526 attinet,
895 4458 1160 4512 scientiae
1196 4463 1250 4512 et
1270 4459 1709 4529 probitatis,ip-
1739 4453 1791 4478 υ
1899 4458 2095 4529 nupsit
2123 4456 2425 4528 Stephano
2456 4455 2656 4510 comiti
2685 4454 2967 4510 Blesensi
2989 4460 3047 4509 et
3093 4455 3164 4509 dc
3200 4453 3352 4509 filiis
3397 4455 3490 4527 ip-

81 4541 184 4597 sius
205 4552 364 4617 gesta
389 4546 814 4615 enumerando,
832 4547 1213 4615 perscrutari.
1232 4547 1487 4601 Alterius
1502 4548 1713 4602 horum
1896 4548 2022 4601 sius
2043 4545 2270 4615 Adelze,

79 4633 295 4688 ecclesia
334 4653 472 4690 cum
522 4635 880 4704 pauperibus
905 4635 1055 4702 suis,
1094 4635 1338 4688 alterius
1378 4652 1518 4690 vero
1550 4637 1715 4690 curia
1896 4655 1980 4707 De
2011 4653 2247 4707 ﬁliabus
2281 4651 2452 4722 primi
2484 4651 2771 4706 wmelmi
2818 4651 2982 4722 regis
3015 4652 3365 4723 Anglorum,
3397 4667 3492 4706 so-

81 4733 172 4772 non
191 4724 375 4778 solum
416 4725 762 4795 Anglorum,
791 4723 897 4777 sed
917 4727 971 4776 et
1002 4726 1355 4777 remotarum
1379 4726 1637 4793 provinci

1933 4744 2063 4797 ibus
2111 4742 2310 4812 inclyti
2343 4742 2506 4813 regis
2539 4741 2800 4810 Henrici,
2841 4741 2911 4795 de
2941 4740 3116 4812 cujus
3148 4741 3338 4812 gestis
3366 4740 3489 4810 jam

83 4821 187 4861 rum
214 4827 384 4882 quam
419 4812 768 4882 proceribus
802 4811 953 4878 suis,
990 4811 1159 4866 testis
1203 4811 1553 4866 indeﬁciens
1593 4829 1639 4882 μ

1930 4848 2018 4902 [ua
2074 4831 2508 4898 recensuimus,
2553 4829 2693 4884 libet
2724 4829 2860 4884 huic
2905 4829 3194 4898 opusculo
3219 4844 3396 4882 causa
3431 4832 3486 4883 et

84 4903 303 4989 severat.
337 4901 466 4954 Nos
501 4901 683 4970 igitur
713 4916 828 4954 non
878 4900 1254 4989 immemores
1291 4900 1715 4955 beneﬁCiOPllm
1824 4900 2021 4974 amore
2055 4920 2245 4989 ipsius
2278 4919 2476 4973 fratris
2510 4932 2733 4987 earum,
2759 4918 2816 4971 in
2849 4918 3008 4972 calce
3030 4917 3166 4970 libri
3184 4917 3490 4987 linserere.

85 4987 177 5036 tam
205 5003 232 5040 a
255 5004 522 5060 se,quam
556 5005 586 5041 a
619 4989 736 5042 tilia
769 5004 876 5042 sua
903 4987 1180 5042 Mathilde
1203 4989 1577 5058 imperati-ica
1601 4991 1641 5042 A

1935 5009 2223 5079 mogenita
2280 5007 2460 5078 igitur
2501 5022 2720 5075 carum,
2782 5005 2997 5060 Cecilia
3031 5004 3266 5059 nomine
3320 5006 3491 5076 virgo

82 5077 229 5139 ευείδ
250 5078 421 5132 Ποδίε
445 5077 763 5131 liberaliter
783 5077 1230 5145 οοηοίοιύηινηθ
1259 5077 1715 5148 ίηέζνθῑίτίυάίοθ’
1826 5098 1930 5152 Dei
1961 5077 2210 5164 sacrata,
2255 5077 2702 5150 inimonasterio
2734 5097 2955 5148 sancta
2984 5093 3287 5148 Trinitatis
3316 5092 3494 5149 Cado-

95 5164 371 5230 mur,licet
399 5167 450 5220 ci
489 5167 547 5219 in
573 5165 992 5236 spiritualibus
1024 5165 1211 5220 vicem
1234 5183 1339 5236 pro
1371 5169 1574 5221 nostro
1605 5183 1651 5220 m

1935 5186 2048 5239 isis
2081 5185 2300 5254 oppidi,
2335 5188 2470 5253 post
2509 5183 2844 5236 Mathildem
2867 5183 3059 5252 ipsius
3107 5182 3217 5236 loci
3248 5183 3491 5252 primam

84 5247 196 5304 dulo
230 5255 475 5308 reddere
507 5255 748 5308 assidue
783 5270 898 5308 non
930 5254 1326 5327 negligemus,
1362 5256 1640 5327 sategiim

1934 5274 2207 5341 uatissam,
2242 5272 2324 5325 illi
2370 5272 2634 5326 ccencbio
2683 5271 2952 5340 pluribus
3010 5272 3182 5324 annis
3233 5272 3490 5342 praefuit.

86 5340 210 5392 utex
238 5345 436 5411 paucis
470 5345 776 5413 gestorum
807 5342 940 5414 ejus
959 5360 1090 5414 quae
1123 5345 1636 5399 commemoravim

1940 5363 2088 5416 unda
2123 5378 2264 5416 vero
2323 5361 2659 5414 Constantia
2713 5361 2938 5414 Alanno
2998 5361 3256 5431 Fergant
3294 5362 3491 5416 comiti

81 5423 428 5489 plurimorum
456 5448 587 5501 quae
646 5448 762 5485 non
823 5434 1158 5486 nescientes
1201 5433 1637 5501 praetermisimi

1934 5453 2070 5506 toris
2095 5451 2430 5514 Britannia},
2469 5449 2582 5503 {ilio
2617 5449 2846 5504 scilicet
2878 5450 3089 5518 lloelli,
3117 5423 3222 5520 ῖιιιί
3254 5449 3490 5504 Conano

80 5520 465 5609 Prieéegnlibius
489 5526 545 5575 θι
575 5521 808 5592 mullis:
833 5521 884 5576 Si
932 5522 1280 5577 ίῐιιίίθνίηοη
1302 5523 1710 5594 dedignentur:
1825 5543 2224 5609 successerat,
2253 5538 2646 5608 matrimonioj
2660 5538 3318 5609 uncta,absqueliberis
3333 5554 3492 5592 mor-

88 5603 418 5665 profuturam
450 5610 914 5666 recordationem
940 5626 1425 5684 suggereremus.
1447 5611 1644 5666 Deces:

1951 5632 2060 5684 est.
2099 5629 2266 5684 Unde
2297 5628 2514 5683 factum
2538 5633 2626 5680 cst
2659 5631 2718 5683 ut
2752 5629 2901 5683 idem
2941 5644 3137 5684 cozncs
3173 5632 3304 5701 post
3338 5626 3492 5685 illam
