3940 6174
442 298 567 364 908

1177 296 1579 361 VILLELMI
1629 294 1988 358 CALCULI
2035 293 2722 361 GEMMETICENSIS
2767 292 3148 357 MONACHI
3694 300 3783 363 904

451 500 697 555 duceret
736 499 912 555 ﬁliam
936 497 1216 554 Fulconis
1244 496 1469 551 Rechin
1494 495 1726 551 comitis
1763 495 2117 566 Andegavo-
2146 477 2203 537 Α
2237 494 2391 549 ﬁlios
2422 496 2479 548 et
2499 494 2672 549 ﬁlias.
2708 495 2818 548 Hic
2847 497 3041 549 autem
3072 494 3396 565 Stephanus
3425 496 3595 550 factus
3623 500 3698 551 est
3721 515 3796 554 rex

451 605 602 658 rum,
636 604 711 643 ex
740 604 855 659 qua
887 588 1095 658 genuit
1116 585 1754 655 Conanumjuniorem,
1789 584 1887 654 qui
1912 584 1963 637 ei
1987 599 2123 637 suc-

452 678 661 745 cessit,
692 678 848 731 sicut
899 676 956 728 in
1006 675 1417 744 superioribus
1459 676 1974 727 commemoratum
2015 675 2126 726 est.

456 768 670 823 Occiso
718 768 911 819 autem
953 779 1062 833 per
1109 764 1477 819 traditionem
1507 763 1789 819 Gaufrido
1822 763 2124 829 Martello,

444 856 572 910 viro
621 870 853 925 magnae
900 853 1229 922 probitatis,
1266 853 1660 924 primugenito
1696 852 1814 907 ﬁlio
1854 853 2125 921 praedicti

448 944 730 999 Fulconis
747 942 977 996 comitis
997 942 1782 1014 Andegavorum,successit
1797 942 2119 998 alterﬁlius

448 1047 597 1087 suus
630 1030 814 1085 Fulco
845 1031 1100 1097 nomine,
1126 1034 1297 1085 natus
1321 1047 1393 1085 ex
1423 1033 1532 1084 alla
1586 1030 1846 1102 conjuge
1886 1032 2121 1087 nomine

448 1120 663 1175 Bertha
694 1136 903 1174 sorore
933 1120 1203 1174 videlicet
1221 1120 1519 1187 Almarici,
1540 1120 1774 1174 comitis
1798 1119 2120 1174 Ebroicen-

449 1209 558 1265 sis.
586 1208 715 1278 Hic,
741 1213 1053 1279 postquam
1088 1208 1313 1277 accepit
1332 1208 1509 1263 ﬁliam
1540 1210 1773 1263 comitis
1793 1210 1979 1265 Heliae
2003 1210 2117 1265 Ge-

447 1314 894 1363 nomannorum,
930 1313 1065 1352 cum
1094 1298 1286 1367 ipsius
1319 1299 1617 1365 comitatu,
1643 1302 1699 1352 et
1720 1302 1923 1370 genuit
1953 1314 2027 1353 ex
2051 1314 2119 1353 ea

449 1387 601 1442 duos
633 1387 818 1455 ﬁlios,
851 1386 1202 1441 Gaut‘ridum
1234 1388 1465 1441 scilicet
1495 1387 1822 1441 Martcllum
1843 1426 1856 1448 .
1891 1388 1962 1441 de
2002 1402 2118 1457 quo

443 1475 570 1548 jam
600 1491 784 1545 pauca
816 1475 1098 1545 superius
1130 1475 1390 1530 diximus
1415 1517 1428 1543 ,
1455 1478 1513 1529 ct
1540 1475 1771 1529 Heliam
1803 1479 1860 1531 et
1883 1476 2123 1530 totidem

452 1564 630 1633 ﬁlias,
687 1580 936 1635 quarum
977 1580 1089 1618 una
1131 1564 1329 1633 nupsit
1372 1564 1662 1619 Willelmo
1713 1565 1831 1619 ﬁlio
1880 1565 2124 1619 Henrici

452 1655 621 1726 regis
648 1654 998 1724 Anglorum,
1032 1669 1147 1723 quo
1181 1656 1410 1707 mortuo
1427 1653 1581 1723 apud
1605 1654 1849 1709 Fontem
1864 1653 2121 1708 Ebraudi

454 1743 713 1813 sumpsit
761 1742 1027 1797 habitum
1056 1742 1404 1813 religionis;
1453 1743 1632 1797 altera
1666 1742 1906 1797 Tcrrico
1931 1742 2129 1797 comiti

452 1830 911 1886 Flandrensium
938 1846 953 1899 ;
976 1834 1206 1884 mortua
1230 1846 1413 1884 uxore
1436 1846 1539 1885 sua
1564 1831 1823 1899 perrexit
1850 1830 2128 1887 Hierusa-

454 1920 568 1974 lem
601 1924 658 1974 et
695 1922 936 1988 accepta
970 1918 1090 1972 ﬁlia
1116 1919 1363 1973 secundi
1396 1919 1665 1973 Balduini
1697 1921 1861 1991 regis
1893 1921 2123 1974 noviter

2235 583 2562 654 Anglorum
2595 588 2728 653 post
2749 599 3068 639 excessum
3098 585 3364 637 avunculi
3394 585 3480 639 sui
3505 585 3704 640 Henrici
3728 604 3799 642 re-

2234 672 2351 741 gis.
2386 672 2536 725 Nam
2563 687 2697 726 cum
2727 672 3042 727 decederet
3065 672 3217 726 idem
3233 687 3336 725 rex
3357 673 3412 726 in
3429 672 3800 743 Northmannia,

2233 760 2531 815 Mathildis
2547 761 2661 815 ﬁlia
2676 761 2866 830 ipsius
2880 761 3171 832 quondam
3203 761 3546 831 imperatrix,
3564 778 3708 832 quam
3725 765 3807 818 du-

2231 850 2369 903 dum
2416 850 2803 904 constituerat
2832 849 3129 903 haeredem
3157 850 3250 903 sui
3280 850 3460 919 regni,
3508 852 3562 904 in
3586 852 3807 922 Andega-

2228 939 2399 992 vensi
2432 954 2582 1009 pago
2615 954 2748 993 cum
2779 936 3034 1010 conjuge
3065 954 3175 992 suo
3206 937 3475 993 Gaufrido
3503 939 3634 994 duce
3664 940 3808 1010 ipsius

2229 1027 2539 1081 comitatus
2571 1030 2630 1081 et
2667 1026 2805 1081 ﬁliis
2845 1027 3201 1081 morabatur.
3258 1027 3592 1082 Recesserat
3625 1028 3752 1082 enim
3783 1048 3806 1083 a

2228 1115 2655 1171 Northmannia
2687 1116 2858 1185 paulo
2902 1120 3034 1169 ante
3067 1119 3310 1170 mortem
3340 1117 3429 1170 sui
3474 1118 3662 1186 patris,
3700 1134 3807 1190 erga

2226 1205 2424 1274 ipsum
2472 1204 2895 1275 aliquantulum
2931 1210 3249 1269 commota;
3300 1205 3433 1275 quia
3461 1206 3601 1260 idem
3635 1222 3718 1261 rex
3744 1223 3809 1261 re-

2227 1293 2529 1347 conciliari
2599 1293 2837 1348 nolebat
2890 1293 3125 1363 impune
3182 1292 3471 1348 Willelmo
3524 1293 3807 1357 Talavatio,

2228 1381 2499 1452 quamvis
2540 1381 2668 1451 ipsa
2701 1381 2834 1436 inde
2863 1382 2919 1436 ei
2943 1382 3261 1452 plurimum
3295 1383 3649 1452 supplicaret.
3688 1384 3812 1447 Quod

2228 1486 2347 1524 non
2378 1470 2448 1523 ad
2483 1474 2878 1540 contemptum
2921 1470 3132 1525 dilecta
3177 1470 3296 1524 ﬁlia
3340 1471 3594 1540 faciebat,
3635 1471 3724 1525 sed
3761 1487 3813 1525 ne

2227 1560 2422 1614 minus
2446 1559 2751 1614 timeretur
2779 1560 2852 1613 ab
2872 1560 3002 1628 ipso
3024 1559 3341 1629 Willelmo,
3364 1560 3677 1615 velcaeteris
3696 1560 3813 1628 prin-

2229 1648 2462 1719 cipibus
2484 1648 2633 1717 suis,
2661 1648 2715 1702 si
2743 1663 3029 1719 prospere
3046 1663 3113 1703 ac
3143 1649 3356 1703 leviter
3380 1649 3640 1719 injuriam
3660 1648 3723 1701 illi
3741 1664 3809 1701 rc-

2229 1738 2502 1807 mitteret,

2813 1797 3065 1899 CAP'UT
3104 1845 3350 1899 XXXV.

2235 1932 2397 1996 Quod
2425 1932 2721 2004 Rogerius
2759 1933 2831 2004 de
2852 1933 3056 1987 Monte
3090 1933 3454 1988 Gummerici
3482 1938 3640 1988 natus
3664 1939 3739 1987 est
3770 1948 3821 1986 ex

454 2007 942 2076 defuncti,factus
958 2011 1048 2062 est
1068 2008 2113 2079 tertiusrexllierosolymitanorum.
2148 2015 2200 2077 Β
2305 2003 2702 2085 ιιηαμθριξωη
2746 2003 3047 2085 ngnoris
3088 2006 3410 2060 comitisszc
3444 2012 3501 2060 et
3530 2005 3598 2060 de
3624 2010 3826 2057 anteces~

455 2096 759 2167 Siquidem
808 2101 974 2167 capta
1026 2097 1171 2151 urbe
1217 2097 1608 2151 Hierosolima
1660 2114 1690 2150 a
1740 2096 2115 2166 Christianis,

455 2185 687 2256 primus
718 2185 954 2255 praefuit
984 2186 1065 2239 illi
1096 2186 1212 2240 dux
1235 2186 1592 2240 Godefridus
1618 2187 1798 2241 frater
1816 2186 2123 2242 Eustachii

454 2274 687 2327 comitis
720 2274 1001 2329 Boloniaa.
1029 2274 1139 2329 Hic
1177 2279 1369 2329 tamen
1392 2274 1463 2329 ad
1505 2276 1899 2330 reverentiam
1931 2277 2120 2330 nostri

456 2363 900 2433 Redemptoris,
946 2364 1044 2434 qui
1075 2363 1136 2416 in
1185 2363 1280 2417 illa
1326 2364 1470 2417 urbe
1512 2365 1803 2418 Coronam
1854 2364 2119 2435 spineam

452 2467 559 2520 pro
603 2452 779 2506 nobis
826 2453 1240 2521 peccatoribus
1274 2456 1569 2524 gesserat,
1605 2468 1903 2524 nunquam
1938 2455 2122 2508 voluit

454 2539 623 2610 regio
654 2539 979 2594 diademate
1017 2540 1311 2611 insigniri.
1335 2541 1461 2605 Quo
1512 2546 1759 2606 mortuo,
1797 2542 2121 2597 Balduinus

455 2627 638 2681 frater
667 2627 802 2698 ejus
836 2629 1027 2682 factus
1059 2629 1250 2682 estibi
1282 2630 1511 2697 primus
1538 2644 1660 2697 rex,
1698 2632 1788 2683 cui
1823 2631 2121 2685 successit

454 2715 603 2769 alter
664 2715 985 2769 Balduinus
1043 2730 1230 2785 nepos
1294 2717 1535 2785 prioris.
1578 2717 1648 2770 Et
1696 2717 1808 2781 illi,
1854 2721 1915 2772 ut
1963 2719 2117 2772 dixi-

457 2819 611 2872 mus,
645 2807 883 2872 accepta
938 2803 1092 2874 ejus,
1129 2804 1244 2858 illia
1283 2804 1462 2859 Fulco
1513 2821 1713 2860 comes
1755 2807 2113 2879 Andegavo-

455 2907 609 2946 rum.
643 2892 839 2947 Tertia
870 2907 1011 2948 vero
1052 2894 1301 2948 ﬁliarum
1343 2893 1620 2949 Willelmi
1653 2896 1818 2966 regis
1852 2896 2115 2951 Adelidis

456 2980 712 3035 Heraldo
745 2981 1025 3052 proditori
1058 2986 1190 3037 ante
1222 2982 1439 3037 bellum
1470 2985 1785 3055 Anglicum
1812 2990 2114 3055 sponsata,

2305 2074 2545 2128 soribus
2572 2074 2762 2145 ipsius
2785 2074 3051 2145 Hogerii.

2300 2180 2432 2235 Fuit
2468 2162 2661 2234 autem
2705 2180 2800 2235 hic
2833 2180 3163 2237 Willelmus
3192 2182 3354 2237 ﬁlius
3386 2183 3620 2238 Roberti
3649 2183 3708 2236 de
3726 2182 3821 2235 ea-

2228 2269 2420 2338 lismo,
2452 2272 2626 2324 natus
2657 2286 2728 2324 ex
2758 2269 2877 2324 ﬁlia
2899 2270 3167 2325 Widonis
3216 2271 3452 2326 comitis
3501 2270 3722 2325 Pontivi.
3746 2270 3824 2334 Qui

2232 2358 2531 2412 Iiobertus
2551 2359 2625 2413 ob
2639 2358 2877 2412 nimiam
2892 2359 3300 2414 crudelitatem
3318 2361 3434 2431 ipsi
3451 2362 3573 2432 regi
3585 2364 3635 2414 et
3646 2358 3821 2413 caeteris

2228 2448 2427 2502 multis
2445 2447 2812 2517 sapientibus
2836 2448 2985 2502 viris
3009 2463 3233 2503 exosus
3268 2450 3609 2504 habebatur.
3630 2448 3739 2517 Ipso
3756 2446 3823 2500 dc-

2226 2536 2404 2606 nique
2438 2537 2496 2589 in
2525 2535 2777 2591 vinculis
2815 2538 3031 2606 posito,
3066 2537 3126 2590 in
3156 2538 3382 2608 quibus
3415 2543 3472 2594 et
3516 2538 3722 2605 defecit,
3753 2552 3826 2589 rex

2229 2624 2524 2680 Henricus
2582 2628 2995 2682 nobilissimus
3035 2628 3318 2697 oppidum
3359 2628 3619 2698 ejusdem
3652 2626 3826 2681 nomine

2228 2713 2573 2769 Bellismum
2603 2715 2757 2785 cepit
2787 2718 2844 2770 et
2873 2715 3016 2770 illud
3050 2717 3313 2771 Rotroco
3339 2718 3538 2772 comiti
3564 2715 3827 2770 Perticenci

2228 2818 2445 2873 genere
2468 2819 2576 2858 suo
2608 2803 2785 2858 dedit.
2821 2804 2986 2859 Licet
3016 2820 3209 2876 pagus
3240 2805 3646 2860 Bellismensis
3661 2820 3755 2857 non
3773 2801 3821 2853 ad

2227 2893 2501 2945 ducatum
2534 2892 2978 2947 Northmanniae
3010 2893 3357 2964 pertineret,
3403 2894 3510 2949 sed
3539 2894 3607 2947 ad
3636 2906 3830 2964 regnum

2233 2979 2615 3048 Francorum,
2636 2981 3081 3037 dederattamen
3093 2982 3422 3037 dominium
3440 2982 3692 3053 ejusdem
3705 2981 3828 3051 pagi,

455 3070 562 3125 sed
587 3071 685 3124 illo
716 3071 896 3144 digna
924 3075 1115 3127 morte
1136 3074 1373 3127 multato
1404 3073 1543 3127 nulli
1578 3077 1774 3143 nupta,
1809 3075 2117 3147 virgojam
2150 3063 2201 3125 C
2232 3070 2431 3139 vel,ut
2458 3070 2695 3141 quidam
2727 3071 2948 3145 dicunt,
2982 3071 3329 3127 vendiderat
3350 3072 3568 3127 dudum
3583 3070 3833 3139 Philippus

454 3160 675 3215 nubilis
708 3160 873 3216 obiit.
906 3161 1120 3225 Quarta
1151 3162 1331 3216 Adela
1355 3168 1558 3217 vocata
1590 3164 1790 3233 nupsit
1819 3164 2117 3234 Stephano

455 3249 652 3303 comiti
678 3249 969 3317 Blesensi,
995 3266 1066 3304 ex
1082 3266 1195 3320 qua
1210 3251 1474 3320 suscepit
1497 3250 1749 3322 quatu'or
1771 3252 1946 3320 ﬁlios,
1972 3253 2119 3306 Wil-

454 3338 712 3406 lelmum,
765 3339 1193 3405 Theobaldum,
1257 3340 1597 3407 Henricum,
1659 3341 2020 3410 Stephanum
2066 3346 2121 3395 et

453 3442 631 3481 unam
661 3427 858 3480 ﬁliam.
896 3427 1238 3481 Willelmus
1269 3432 1460 3481 autem
1488 3429 2122 3500 primogenitushono-

453 3529 579 3569 rem
597 3514 1032 3583 Soreii(Soleii)
1056 3515 1380 3586 regendum
1412 3533 1441 3569 a
1476 3521 1638 3586 patre
1671 3519 1955 3588 suscepit.
1995 3519 2120 3573 Hu-

449 3601 556 3673 jus
595 3602 773 3657 ﬁliam
806 3603 973 3657 duxit
1024 3604 1317 3658 Henricus
1359 3620 1558 3660 comes
1592 3608 1909 3675 Aucensis,
1964 3608 2122 3663 ﬁlius

455 3690 764 3759 Willelmi,
829 3692 1063 3745 comitis
1129 3692 1267 3746 licet
1298 3695 1564 3763 proxima
1610 3697 2121 3767 consanguinitate

454 3783 849 3849 necterentur,
886 3781 1122 3851 natique
1155 3785 1293 3837 sunt
1323 3782 1403 3837 illi
1436 3799 1510 3837 ex
1541 3799 1609 3837 ea
1642 3788 1763 3838 tres
1797 3784 1898 3839 ﬁlii
1928 3789 1985 3840 et
2006 3803 2121 3841 una

454 3867 594 3922 ﬁlia.
628 3867 1006 3923 Theobaldus
1040 3871 1130 3923 vir
1158 3886 1264 3940 per
1315 3871 1506 3926 omnia
1547 3872 1883 3942 laudabilis,
1920 3878 2118 3945 utpote

454 3956 665 4024 laicus,
698 3972 769 4012 ac
799 3957 968 4012 viros
1000 3958 1320 4030 religiosos
1352 3960 1530 4015 nimio
1562 3960 1769 4016 atl'ectu
1800 3979 2117 4032 venerans,

455 4060 524 4099 ac
567 4044 796 4113 fovens,
858 4048 1160 4101 successit
1198 4049 1349 4117 patri
1390 4050 1446 4103 in
1479 4050 1755 4105 comitatu
1814 4052 2116 4122 Blesensi;

456 4133 791 4190 comitatum
806 4135 1305 4190 etiam'l‘recarum
1324 4153 1528 4192 emens
1547 4138 1620 4192 ab
1643 4139 1894 4211 Hugone
1912 4145 2119 4209 patruo

455 4239 587 4292 suo,
614 4224 787 4277 simul
821 4240 952 4279 cum
975 4224 1319 4281 Carnotensi
1346 4228 1633 4297 possedit.
1670 4230 1911 4298 Accepit
1928 4233 2119 4284 autem

453 4327 697 4367 uxorem
729 4313 906 4367 ﬁliam
939 4313 1253 4384 cujusdam
1305 4316 1537 4370 comitis
1570 4316 1867 4372 Bohcmize
1900 4318 2117 4387 (Beha-

454 4400 612 4471 uiae),
645 4417 718 4455 ex
741 4418 855 4472 qua
885 4402 1088 4471 plures
1122 4404 1275 4458 ﬁlios
1309 4404 1509 4458 habuit
1536 4408 1589 4458 ct
1617 4405 1790 4460 ﬁlias.
1817 4406 2116 4463 Henricus

453 4491 645 4543 autem
682 4489 863 4544 frater
887 4497 938 4560 ej
952 4507 1020 4545 us
1044 4507 1075 4543 a
1108 4508 1289 4560 puero
1315 4494 1640 4548 monachus
1680 4494 2113 4562 Cluniacensis,

2230 3173 2335 3212 rex
2356 3158 2717 3213 Francorum
2751 3164 3004 3235 cognato
3035 3175 3145 3214 suo
3176 3159 3478 3216 Willelmo
3505 3160 3707 3216 seniori
3739 3154 3832 3226 regi

2230 3247 2561 3318 Anglorum
2592 3251 2649 3302 et
2677 3247 2813 3302 duci
2844 3248 3415 3304 Northmannorum.
3458 3250 3557 3305 Ivo
3596 3250 3760 3303 autem
3782 3244 3831 3298 de

2231 3336 2512 3392 Bellismo
2530 3340 2879 3392 antecessor
2900 3337 3082 3408 hujus
3100 3338 3351 3393 Roberti
3375 3339 3486 3393 fuit
3505 3340 3595 3392 vir
3613 3340 3783 3407 potens
3796 3335 3835 3385 et

2228 3426 2509 3494 sapiens,-
2537 3426 2713 3496 cujus
2760 3426 3009 3480 consilio
3053 3427 3283 3496 primus
3346 3427 3696 3494 Hichardus,
3734 3424 3833 3477 dum

2226 3513 2418 3568 adhuc
2436 3529 2583 3584 puer
2612 3518 2911 3589 teneretur
2938 3515 2998 3569 in
3021 3515 3292 3570 custodia
3322 3517 3490 3589 regis
3516 3516 3833 3576 Francorum,

2228 3606 2465 3672 ereptus
2481 3607 2591 3672 est,
2613 3607 2823 3674 agente
2846 3602 3149 3659 Osmunde
3172 3606 3477 3676 armigero
3501 3605 3677 3676 ipsius
3691 3598 3833 3673 pueri.

2228 3692 2424 3763 Hujus
2454 3697 2651 3748 autem
2699 3692 2900 3748 Ivonis
2946 3693 3052 3748 fuit
3084 3694 3241 3749 ﬁlius
3267 3693 3604 3749 Willelmus
3647 3694 3710 3746 de
3745 3686 3837 3742 Bel-

2226 3781 2424 3850 lismo,
2483 3783 2583 3853 qui
2623 3782 2826 3852 genuit
2872 3782 3049 3837 alium
3082 3782 3446 3838 Willelmum
3505 3779 3834 3854 cognomento

2226 3870 2588 3925 Talavatium
2618 3875 2841 3941 patrem
2872 3871 3146 3926 Mabiliae.
3174 3871 3345 3925 Hanc
3367 3871 3654 3925 Mabiliam
3687 3870 3835 3937 Roge-

2224 3960 2352 4014 rius
2410 3974 2612 4015 comes
2643 3960 2802 4014 ﬁlius
2844 3959 3118 4032 Hugouis
3169 3961 3241 4015 de
3291 3965 3494 4015 monte
3536 3951 3836 4016 Gummerici

2225 4048 2450 4117 accepit
2502 4048 2562 4101 in
2614 4064 2880 4117 uxorem,
2936 4064 3068 4102 cum
3124 4051 3242 4102 tota
3301 4049 3645 4103 haereditate
3698 4042 3837 4115 patris

2224 4136 2437 4207 ipsius,
2497 4152 2671 4206 quam
2719 4136 2974 4190 habebat
3022 4136 3150 4190 sive
3183 4137 3237 4189 in
3281 4135 3656 4191 Bellismensi
3700 4145 3833 4203 pago,

2225 4228 2353 4281 sive
2384 4226 2679 4280 Sennensi
2712 4226 2866 4280 ultra
2887 4226 3130 4279 fluvium
3158 4226 3369 4295 Sartaa,
3405 4226 3541 4296 Ipse
3567 4227 3741 4278 autem
3761 4221 3839 4273 Ro-

2224 4315 2432 4388 gerius
2454 4318 2628 4369 natus
2659 4317 2751 4368 est
2781 4330 2855 4368 ex
2881 4314 3131 4385 quadam
3164 4315 3430 4384 neptium
3462 4312 3737 4369 Gunnoris
3763 4322 3839 4361 co-

2226 4403 2475 4458 mitissoe
2533 4401 2631 4472 (8),
2688 4403 2841 4457 unde
2892 4407 2948 4457 et
2977 4403 3105 4472 ipse
3158 4403 3439 4474 ingentes
3471 4399 3841 4473 possessiones

2228 4492 2431 4546 habuit
2462 4492 2518 4545 in
2538 4490 2798 4546 diversis
2819 4491 3165 4563 regionibus
3184 4491 3651 4556 Nortlimauniae,
3671 4485 3839 4541 Genuit

452 4578 829 4647 postmodum
867 4579 939 4633 ab
974 4580 1228 4634 Henrico
1262 4582 1552 4635 avunculo
1588 4598 1698 4636 suo
1731 4600 1871 4655 rege
1902 4585 2119 4657 Anglo-
2142 4614 2199 4677 Β
2230 4584 2423 4635 autem
2465 4597 2537 4634 ex
2578 4580 2707 4649 ipsa
2754 4579 2988 4634 Mabilia
3032 4580 3293 4651 quinque
3335 4580 3491 4634 ﬁlios
3541 4582 3595 4634 et
3638 4578 3841 4648 quatuor

454 4682 582 4721 rum
597 4666 825 4737 accepit
838 4667 1005 4737 prius
1020 4668 1173 4722 dono
1192 4668 1482 4724 abbatiam
1500 4671 1821 4727 Glastoniaa
1840 4675 1897 4728 et
1910 4679 2114 4743 postea

454 4756 860 4827 episcopatum
904 4755 1392 4812 Wintoniensem.
1435 4759 1810 4830 Sthephanus
1843 4762 2014 4816 etiam
2045 4763 2118 4819 ab

452 4845 660 4900 eodem
674 4861 817 4917 rege
838 4844 1029 4900 factus
1051 4862 1252 4900 comes
1267 4847 1561 4915 Moritolii,
1580 4848 1709 4919 ipso
1732 4850 2115 4923 suffragante,

455 4934 618 4989 duxit
659 4950 904 4989 uxorem
962 4934 1300 4989 Mathildem
1358 4936 1532 4990 ﬁliam
1566 4937 1830 4992 Estachii
1879 4940 2116 4994 comitis

454 5023 717 5079 Boloniae
740 5026 970 5095 neptem
991 5023 1263 5079 videlicet
1284 5025 1562 5079 secundm
1576 5025 1876 5081 Mathildis
1892 5029 2118 5101 reginae

456 5111 782 5183 Anglorum
818 5129 889 5168 ex
922 5128 1129 5168 sorore
1179 5112 1379 5182 Maria,
1417 5113 1484 5167 Et
1514 5115 1648 5185 quia
1694 5116 1847 5170 idem
1902 5117 2117 5172 Eusta-

458 5199 630 5253 chius
661 5201 882 5255 nullum
903 5200 1153 5256 habebat
1173 5202 1377 5270 ﬁlium,
1402 5219 1584 5257 causa
1615 5204 1821 5258 uxoris
1837 5222 1963 5260 suae
1989 5206 2118 5276 ipse

455 5287 791 5357 Stephanus
823 5293 939 5343 tam
969 5293 1279 5346 comitatus
1312 5291 1574 5346 Boloniae
1608 5308 1782 5363 quam
1809 5294 1980 5348 etiam
2001 5312 2119 5350 ma-

458 5392 706 5448 gnarum
738 5380 1190 5445 possessionum
1221 5396 1371 5451 quas
1406 5396 1581 5435 socer
1612 5381 1743 5452 ejus
1777 5382 2026 5438 haburat
2058 5385 2118 5440 in

459 5466 692 5540 Anglia,
714 5467 911 5521 haeres
929 5467 1117 5523 factus
1136 5474 1246 5524 est.
1270 5470 1481 5525 Genuit
1509 5474 1703 5525 autem
1719 5487 1791 5525 cx
1821 5488 1889 5525 ca
1913 5473 2117 5542 plures

527 5646 606 5720 (8)
636 5644 725 5702 Ex
754 5644 1040 5704 Jocellina
1069 5646 1187 5705 ﬁlia
1220 5648 1502 5724 Wevivae,
1522 5650 1585 5706 ut
1615 5650 1766 5709 liber
1787 5650 1964 5709 habet
1995 5669 2106 5711 ms.

2231 4671 2404 4725 ﬁlias.
2437 4669 2746 4724 Successit
2779 4684 2921 4723 vero
2946 4668 3137 4723 eidem
3178 4668 3480 4723 ltobertus
3509 4669 3579 4722 de
3614 4665 3842 4720 Bellismo

2229 4761 2386 4815 ﬁlius
2419 4759 2569 4830 ejur,
2602 4759 2692 4812 vir
2714 4774 2818 4827 per
2839 4757 3029 4812 omnia
3053 4758 3347 4824 nefarius;
3384 4758 3484 4829 qui
3518 4774 3592 4811 ex
3623 4755 3726 4809 ﬁlia
3744 4750 3840 4801 Wi-

2226 4849 2400 4904 donis
2433 4848 2665 4902 comitis
2696 4846 2949 4914 Pontivi,
2997 4846 3153 4900 sicut
3188 4845 3313 4915 jam
3355 4847 3634 4912 diximus,
3679 4837 3841 4913 genuit

2226 4937 2582 4991 Willelmum
2637 4935 2997 4990 Talavatium
3051 4950 3475 4990 successorem
3534 4948 3712 4988 suum.
3757 4926 3839 4979 Hic

2226 5026 2589 5082 Talavotium
2633 5024 2837 5079 habuit
2879 5039 2952 5078 ex
2993 5024 3096 5077 Ala
3147 5040 3329 5078 uxore
3375 5041 3485 5078 sua
3518 5039 3644 5095 quae
3690 5018 3839 5073 fuerat

2226 5119 2396 5171 antea
2427 5131 2578 5170 uxor
2606 5114 2684 5184 (9)
2719 5113 2889 5168 ducis
2925 5114 3301 5184 Burgundim,
3337 5113 3491 5167 duos
3515 5112 3660 5165 ﬁlios
3676 5102 3840 5163 ettoti-

2228 5206 2360 5259 dem
2392 5205 2563 5258 ﬁlias.
2588 5203 2868 5257 Filiorum
2901 5217 3041 5255 vero
3073 5202 3501 5271 primogenitns
3521 5199 3681 5252 Wido
3712 5195 3838 5265 patre

2227 5295 2459 5348 viventc
2492 5293 2684 5346 factus
2716 5295 2808 5345 est
2840 5305 3042 5345 comes
3084 5290 3330 5343 Pontivi.
3383 5289 3654 5343 Filiurum
3685 5285 3835 5337 autem

2228 5400 2342 5438 una
2373 5382 2595 5436 Ivhello
2634 5380 2751 5434 ﬁlio
2786 5378 3047 5433 Walterii
3087 5379 3159 5433 de
3206 5378 3491 5432 Meduana
3541 5372 3740 5444 nupsit,
3783 5382 3834 5420 ex

2227 5488 2341 5545 qua
2364 5471 2565 5526 habuit
2587 5471 2789 5541 plures
2810 5468 2983 5522 ﬁlios.
3005 5468 3203 5522 Altera
3222 5483 3357 5522 vero
3378 5468 3548 5521 tertio
3582 5458 3835 5516 Willelmo

2298 5650 2376 5723 (9)
2405 5652 2525 5706 Imo
2558 5649 2693 5719 ﬁlia,
2724 5649 2785 5703 ut
2816 5646 3313 5703 notatOrdericus
3342 5644 3571 5698 Vitalis.
