3940 6174
135 279 219 342 905
426 267 839 331 HISTORI/E
866 266 1646 331 NORTIIMANNORUM
1685 267 1905 329 LIBRI
1932 267 2181 329 OCTO.
2214 302 2289 313 —
2314 269 2569 330 LIBER
2599 268 3015 333 OCTAVUS.

3327 269 3449 332 906

133 481 183 533 de
210 475 465 539 Warenna,
512 468 708 523 comiti
739 467 1015 522 videlicet
1044 466 1321 520 Surreiae.
1370 464 1700 519 Praedictus
1729 460 1787 520 A
1820 466 1925 520 fuit
1979 466 2295 535 Mathildis,
2354 482 2529 537 quam
2587 466 2927 521 \Villelmus
2980 467 3354 523 Camerarius
3409 468 3482 523 de

130 569 272 620 autem
301 558 556 631 Rogerius
580 558 651 611 de
674 557 870 611 Monte
892 555 1252 610 Gummerici
1274 553 1428 607 bello
1452 553 1701 625 Anglico

129 650 343 716 interfuit,
373 652 420 701 et
443 663 472 699 a
499 645 800 699 Willelmo
830 660 972 715 rege
1014 642 1345 713 Anglorum
1393 642 1702 696 comitatus

126 737 364 795 Arundclli
392 738 441 789 et
468 732 895 803 Selepesberiae
929 732 1082 785 dono
1116 731 1363 802 accepit.

603 822 853 876 CAPUT
886 820 1148 875 XXXVI.

126 910 577 988 Relatioquomodo
607 909 1005 988 ipsa_Gonpor
1031 909 1223 988 primo
1254 905 1543 988 {lichardi
1571 905 1707 961 duci

170 980 556 1039 .‘Vortbinanuize
589 980 852 1052 copulata
886 980 1069 1034 fuerit
1096 980 1490 1031 matrimonio.

172 1074 222 1126 Et
236 1074 347 1143 quia
362 1072 424 1125 de
439 1070 707 1123 Gunnore
726 1070 1031 1123 comitissa
1053 1067 1304 1121 fecimus
1326 1065 1703 1126 mentionem,

118 1178 251 1215 causa
272 1161 445 1213 matris
470 1158 710 1230 Rogerii
732 1159 804 1212 de
824 1158 1017 1211 Monte
1039 1156 1417 1223 Gummeriei,
1446 1170 1578 1225 quae
1602 1152 1710 1207 fuit

119 1251 261 1319 neptis
276 1248 517 1318 ejusdem
542 1247 883 1310 eomitissae,
912 1245 1389 1299 libetlitterarum
1411 1241 1709 1295 memoriae

116 1337 468 1399 commendare,
505 1336 660 1389 sicut
709 1335 781 1387 ab
813 1334 1071 1403 antiquis
1104 1332 1303 1399 didici,
1338 1332 1590 1401 qualiter
1637 1328 1710 1382 ad

116 1426 389 1497 conjugium
417 1423 645 1479 comitis
688 1422 969 1477 lliehardi
1000 1422 1204 1476 eadem
1236 1421 1477 1474 Gunnor
1507 1432 1710 1472 acces-

113 1516 234 1568 serit.
262 1514 426 1585 Igitur
445 1512 776 1566 Riehardus
810 1526 1033 1580 eomes,
1061 1510 1257 1564 audita
1285 1510 1436 1562 fama
1457 1506 1712 1578 pulchri-

112 1604 279 1656 tudinis
299 1601 561 1673 conjugis
582 1600 893 1671 eujusdam
913 1599 1229 1667 forestarii,
1247 1597 1537 1651 manentis
1556 1594 1712 1648 haud

110 1693 267 1761 procul
294 1691 358 1745 ab
388 1690 596 1760 oppido
627 1690 937 1758 Arearum,
959 1687 1097 1741 villa
1119 1702 1251 1757 quae
1284 1686 1497 1739 dicitur
1521 1684 1711 1738 Sche-

112 1780 324 1847 chevilla,
371 1795 438 1833 ex
486 1778 778 1833 industria
826 1777 931 1830 ivit
974 1780 1249 1831 venatum
1296 1774 1454 1842 illuc,
1501 1773 1709 1827 volens

110 1869 303 1936 probare
318 1868 367 1921 si
394 1883 596 1921 verum
625 1868 788 1920 esset
818 1864 973 1935 quod
1005 1865 1289 1918 relatione
1312 1860 1720 1933 quorumdam'

107 1959 402 2025 perceperat.
448 1956 799 2025 Hospitatus
847 1954 1030 2025 igitur
1060 1954 1119 2007 in
1163 1953 1335 2006 domo
1385 1949 1702 2015 forestarii,

106 2045 391 2115 illectusque
407 2047 717 2098 venustate
738 2043 937 2096 vultus
961 2041 1167 2097 uxoris
1189 2041 1400 2111 ipsius,
1422 2038 1706 2109 praecepit

104 2132 271 2202 hospiti
298 2149 397 2188 suo
419 2134 579 2205 quod
597 2134 723 2202 ipsa
746 2136 916 2185 nocte
938 2131 1255 2185 adduceret
1277 2130 1348 2183 ad
1372 2126 1707 2182 cubiculum

106 2236 236 2274 suum
264 2238 487 2277 uxorem
515 2237 690 2275 suam
709 2220 1044 2289 Sainfriam;
1074 2219 1163 2273 sic
1186 2219 1341 2272 enim
1364 2217 1706 2270 vocabatur.

101 2308 223 2372 Quod
252 2326 369 2364 eum
397 2311 493 2365 ille
525 2310 722 2365 eidem
752 2309 979 2363 tristior
1008 2308 1332 2377 retulisset,
1366 2305 1484 2375 illa,
1518 2308 1579 2358 ut
1610 2319 1709 2357 sa--

103 2399 232 2465 piens
259 2400 470 2468 mulier,
506 2400 816 2454 consolata
845 2400 938 2452 est
965 2414 1119 2465 eum,
1152 2395 1356 2450 dicens
1390 2410 1456 2448 se
1489 2408 1712 2464 suppo-

101 2487 296 2542 situram
322 2490 376 2542 in
408 2490 538 2543 loco
572 2504 683 2543 suo
713 2486 1050 2541 Gunnorem
1082 2500 1351 2540 sororem
1373 2499 1563 2552 suam,
1597 2483 1713 2535 vir-

103 2576 254 2644 ginem
281 2576 774 2649 quamplurimum
796 2577 997 2646 seipsa
1027 2574 1447 2645 pulchriorem.
1474 2571 1639 2636 Quod
1661 2574 1716 2623 et

100 2664 270 2719 factum
299 2666 664 2739 est.Cognita
697 2666 953 2735 denique
984 2664 1081 2718 tali
1111 2663 1337 2732 fraude,
1389 2661 1714 2716 delectatus

99 2756 165 2806 est
187 2755 303 2825 dux,
333 2758 484 2827 quod
516 2770 642 2810 non
674 2755 1025 2809 incurrisset
1050 2752 1349 2823 peccando
1373 2751 1431 2804 in
1463 2749 1716 2804 alienam

99 2856 309 2897 uxorem.
359 2845 578 2899 Genuit
624 2844 820 2915 itaque
868 2860 945 2897 ex
974 2843 1250 2898 Gunnore
1302 2841 1459 2894 ﬁlios
1506 2843 1628 2891 tres
1661 2839 1717 2891 et

95 2932 284 2986 totidem
329 2934 500 3003 ﬁlias,
559 2936 625 2987 ut
653 2934 713 2986 in
742 2932 894 2986 libro
941 2930 1040 3002 qui
1087 2930 1157 2984 de
1205 2930 1397 3001 gestis
1447 2926 1717 2998 ejusdem

99 3018 226 3073 ducis
264 3023 514 3093 scriptus
571 3024 686 3091 est,
740 3020 1019 3091 superius
1050 3019 1363 3072 invenitur.
1398 3016 1540 3071 Cum
1573 3029 1716 3068 vero

92 3107 210 3162 idem
235 3126 420 3165 comes
453 3110 780 3183 quemdam
809 3109 994 3162 ﬁlium
1025 3122 1200 3161 suum
1232 3105 1465 3161 nomine
1503 3104 1720 3158 Rober-

94 3200 187 3251 tum
208 3200 369 3253 vellet
411 3200 543 3255 ﬁeri
581 3198 1100 3268 archiepiscopum
1152 3196 1714 3265 Rothomagensem,

92 3302 393 3357 responsum
424 3293 521 3344 est
557 3288 619 3342 ei
648 3305 679 3341 a
706 3287 1082 3358 quibusdam,
1116 3285 1229 3339 hoc
1260 3283 1596 3337 nullatenus
1627 3296 1719 3334 se-

94 3378 298 3431 cundum
322 3380 467 3432 scita
498 3392 799 3433 canonum
819 3390 1020 3446 posse,
1046 3374 1177 3428 ideo
1201 3373 1358 3444 quod
1386 3375 1569 3425 mater
1586 3369 1720 3441 ejus

91 3478 179 3517 non
202 3464 401 3522 fuisset
446 3468 837 3537 desponsata.
872 3464 997 3518 Hac
1051 3466 1246 3535 itaque
1292 3477 1472 3516 causa
1522 3474 1721 3514 comes

1816 554 2185 609 Tancarvilla
2235 554 2437 608 habuit
2486 570 2753 624 uxorem,
2788 570 2862 609 ex
2905 572 3018 627 qua
3066 558 3269 628 genuit
3303 557 3489 612 ﬁlium

1816 644 2052 696 nomine
2080 643 2384 697 llabellum
2409 643 2510 714 qui
2531 644 2585 697 ei
2608 644 2922 697 successit.
2948 645 3277 700 l’raedictus
3295 650 3489 701 autem

1815 732 2108 786 Galterius
2142 732 2306 784 duxit
2340 746 2513 785 unam
2558 732 2812 786 ﬁliarum
2852 732 3081 785 Girardi
3110 732 3369 805 Flatelli;
3399 735 3489 789 al-

1818 824 2000 873 terunt
2041 842 2194 886 iero,
2230 821 2458 874 scilicet
2499 820 2798 891 Basiliam,
2833 820 3097 875 relictam
3135 822 3371 876 Rodulﬁ
3415 823 3488 878 de

1816 908 2086 977 \Vaceio,
2122 910 2323 962 habuit
2346 908 2522 980 Hugo
2545 910 2615 963 de
2637 910 2927 978 Gornaco,
2953 909 3024 963 de
3048 909 3225 981 cujus
3249 926 3487 966 succes-

1816 997 1982 1050 sione
2014 1000 2070 1050 et
2118 997 2461 1066 posteritate
2508 998 2788 1067 superius
2841 999 3060 1052 dictum
3108 1002 3219 1053 est.
3274 996 3485 1054 Genuit

1814 1088 2005 1138 autem
2036 1085 2191 1139 idem
2222 1085 2514 1139 Galterius
2546 1087 2873 1140 secundum
2905 1087 3227 1141 Galterium
3274 1086 3488 1142 Giffar-

1816 1173 1953 1227 dum
2004 1179 2061 1228 et
2108 1174 2260 1228 ﬁlias
2306 1175 2527 1244 plures,
2562 1192 2809 1245 quarum
2844 1192 2956 1229 una
2987 1177 3223 1230 nomine
3260 1177 3486 1232 Rohais

1815 1263 2017 1331 nupsit
2052 1262 2347 1316 ltichardo
2381 1262 2501 1317 ﬁlio
2534 1264 2763 1317 comitis
2795 1263 3142 1335 Gisleberti;
3175 1265 3276 1336 qui
3305 1265 3492 1321 Gisle—

1816 1350 2022 1405 bertus
2053 1351 2243 1405 fuerat
2275 1352 2432 1405 ﬁlius
2459 1352 2757 1405 Godefridi
2783 1354 3015 1407 comitis
3046 1354 3365 1425 Aucensis,
3390 1371 3488 1410 na-

1816 1440 2024 1494 turalis
2058 1440 2330 1495 videlicet
2374 1440 2474 1493 ﬁlii
2525 1441 2699 1510 primi
2745 1441 3021 1496 Riehardi
3054 1441 3224 1498 ducis
3270 1442 3489 1499 North-

1817 1545 2187 1583 mannorum.
2215 1529 2326 1583 Hic
2346 1529 2716 1584 Gislebertus
2736 1530 2939 1585 habuit
2960 1531 3111 1585 duos
3133 1531 3316 1587 ﬁlios:
3341 1549 3491 1604 prte-

1819 1618 2037 1672 dietum
2073 1616 2433 1673 Riehardum
2465 1622 2521 1673 et
2550 1618 2918 1674 Balduinum.
2956 1619 3280 1677 Balduinus
3312 1622 3488 1677 etiam

1821 1707 2024 1778 genuit
2055 1710 2174 1761 tres
2207 1705 2384 1775 ﬁlios,
2410 1706 2789 1777 Richardum,
2827 1708 3146 1763 Robertum
3171 1712 3229 1763 et
3248 1709 3486 1766 Willel-

1820 1811 1978 1849 mum
2009 1798 2065 1849 et
2093 1795 2335 1849 totidem
2367 1795 2539 1849 ﬁlias.
2574 1796 2908 1851 llichardus
2932 1799 3124 1852 autem
3153 1798 3334 1853 frater
3361 1798 3488 1856 Bal-

1820 1884 1980 1937 duini
2014 1884 2218 1955 genuit
2248 1899 2322 1938 ex
2359 1883 2547 1937 Hohai
2579 1887 2828 1955 quatuor
2858 1885 3032 1955 ﬁlios,
3065 1885 3485 1959 Gislebertum,

1822 1973 2165 2044 Hogerium,
2221 1972 2593 2043 Walterium,
2649 1974 2972 2028 Rohertum
3002 1977 3059 2029 et
3104 1975 3254 2031 duas
3300 1976 3488 2050 ﬁlias;

1821 2063 2000 2117 altera
2030 2077 2276 2133 quarum
2309 2061 2675 2116 matrimonio
2709 2063 2975 2133 copulata
3007 2065 3101 2118 est
3129 2063 3384 2120 Rodulfo
3415 2065 3490 2133 de

1820 2153 2170 2223 Telegeriis,
2204 2152 2322 2205 nati
2352 2154 2491 2205 sunt
2521 2167 2594 2205 ex
2625 2168 2692 2206 ea
2721 2151 3066 2223 Fransvalo,
3103 2152 3400 2210 Henricus
3432 2156 3491 2210 et

1822 2243 2120 2297 Robertus
2143 2239 2456 2295 Giﬁ‘ardus.
2481 2240 2853 2295 Gislebertus
2874 2244 3067 2295 autem
3088 2241 3249 2295 illam
3268 2239 3488 2298 terram

1820 2346 1995 2400 quam
2024 2332 2188 2400 pater
2218 2344 2420 2383 eorum
2452 2328 2738 2383 habuerat
2768 2328 2826 2382 in
2858 2329 3093 2401 Anglia,
3128 2333 3265 2400 post
3289 2331 3488 2402 ipsum

1818 2420 2069 2489 adeptus
2100 2420 2210 2472 est.
2247 2415 2546 2488 Ilogerius
2586 2416 2742 2471 enim
2774 2417 2955 2472 frater
2993 2417 3129 2489 ejus
3161 2421 3381 2473 terram
3410 2419 3485 2477 de

1820 2506 2247 2561 Northmannia
2271 2506 2537 2560 obtinuit.
2562 2505 2690 2574 Hie,
2710 2505 2970 2577 inquam,
2994 2506 3389 2580 Gislebertus,
3414 2524 3488 2564 ex

1820 2598 1938 2651 ﬁlia
1969 2596 2201 2651 comitis
2248 2595 2320 2649 de
2348 2593 2720 2649 Claromonte
2775 2594 2979 2650 habuit
3008 2598 3131 2650 tres
3162 2596 3341 2668 filios;
3379 2598 3488 2653 Ri-

1821 2685 2103 2740 chardum
2128 2684 2227 2755 qui
2253 2684 2306 2738 ei
2328 2683 2646 2752 successit,
2673 2687 2730 2738 et
2750 2681 3165 2757 Gislebertum,
3185 2688 3243 2741 et
3262 2685 3489 2742 Walte-

1820 2776 1993 2844 rium,
2040 2780 2094 2828 et
2136 2788 2311 2827 unam
2355 2771 2532 2826 ﬁliam
2576 2772 2809 2825 nomine
2857 2773 3100 2828 Rohais.
3149 2774 3489 2831 Riehardus

1822 2867 2013 2918 autem
2041 2862 2204 2916 duxit
2235 2876 2506 2915 sororem
2552 2861 2784 2916 comitis
2817 2861 3051 2916 Ronulﬁ
3092 2862 3351 2934 junioris
3384 2880 3491 2921 eo-

1821 2952 1980 3006 mitis
1995 2950 2261 3018 Cestriae,
2287 2953 2342 3003 et
2358 2948 2562 3003 habuit
2578 2965 2650 3003 ex
2666 2964 2733 3003 ea
2751 2952 2872 3005 tres
2894 2950 3070 3021 ﬁlios,
3091 2950 3491 3009 Gislebertum

1824 3041 1923 3111 qui
1945 3040 1995 3093 ei
2019 3038 2337 3107 successit,
2362 3041 2417 3091 et
2441 3038 2654 3093 fratres
2686 3037 2738 3109 ej
2749 3054 2840 3092 us.
2861 3039 2879 3091 Ι
2886 3055 2994 3109 pse
3018 3042 3212 3095 autem
3233 3041 3490 3098 Richar-

1825 3130 1937 3183 dus
1951 3130 2258 3181 immatura
2273 3131 2458 3181 morte
2472 3126 2634 3195 obiit,
2650 3131 2993 3198 peremptus
3007 3146 3039 3182 a
3053 3128 3487 3199 Wallensibus,

1826 3218 1924 3288 qui
1957 3216 2304 3285 immaniter,
2341 3216 2535 3270 audita
2584 3220 2769 3271 morte
2803 3216 3048 3271 llenriei
3076 3219 3241 3291 regis
3288 3223 3494 3276 contra

1828 3306 2057 3378 Anglos
2080 3304 2533 3359 rebellaverunt.
2555 3304 2803 3359 Mortuis
2825 3310 3018 3361 autem
3040 3308 3268 3380 absque
3283 3308 3492 3365 liberis

1834 3395 2094 3467 Rogerio
2113 3399 2168 3449 et
2193 3394 2476 3448 Walter-io
2499 3396 2725 3464 patruis
2750 3396 2899 3467 suis,
2928 3396 3301 3454 Gislebertus
3332 3399 3495 3455 ﬁlius

1831 3484 2167 3551 Gisleberti,
2204 3483 2574 3538 haereditario
2593 3483 2751 3555 jure,
2786 3485 2936 3555 ipsis
2969 3487 3144 3540 etiam
3175 3487 3498 3544 conceden-

94 3550 376 3645 R‘léhal‘dus
409 3556 765 3645 Gunnfllfem
795 3553 1160 3645 conliti_853m
1205 3566 1367 3606 more
1400 3549 1722 3645 οῗξῖίειίθηξ)
1755 3561 1803 3622 C
1834 3574 2013 3645 tibus,
2039 3549 2228 3628 terras
2246 3588 2449 3628 eorum
2471 3549 2719 3643 adeptus
2740 3549 2852 3629 est.
2880 3574 3039 3630 Idem
3060 3592 3203 3632 vero
3226 3592 3498 3633 sororem

88 3638 175 3694 sibi
198 3644 501 3714 copulavit,
554 3642 784 3713 filiique
832 3640 929 3713 qui
975 3639 1099 3711 jam
1144 3654 1221 3694 ex
1263 3655 1330 3693 ea
1376 3638 1494 3692 nati
1537 3637 1721 3705 erant,

88 3728 277 3785 interim
320 3733 457 3787 dum
510 3730 823 3801 sponsalia
869 3731 1209 3801 agerentur,
1260 3744 1391 3781 cum
1448 3729 1610 3795 patre
1671 3727 1726 3777 et

85 3822 230 3874 matre
254 3821 426 3890 pallio
458 3820 732 3890 coeperti
764 3823 923 3889 sunt,
955 3822 1011 3872 et
1063 3819 1152 3871 sic
1182 3820 1386 3888 postea
1424 3815 1724 3869 llobertus

86 3906 237 3963 factus
265 3915 351 3965 est
383 3909 891 3979 archiepiscopus
925 3905 1453 3978 Rothomagensis.

603 3996 858 4052 CAPUT
888 3995 1184 4049 XXXVII.

83 4083 329 4147 Quomodo
345 4089 560 4144 eadem
583 4086 887 4140 comitissa
906 4100 1148 4139 sorores
1176 4098 1314 4137 suas
1336 4088 1393 4136 et
1415 4085 1622 4152 neptes
1640 4093 1732 4152 no-

140 4157 443 4213 bilioribus
455 4158 1015 4215 Nortbmannorum
1033 4156 1094 4209 in
1113 4154 1441 4226 cozy'ugium
1457 4149 1728 4217 tradidit,

136 4234 185 4281 et
211 4229 280 4284 de
304 4234 681 4302 posteritate
699 4226 1056 4282 earumdem.

136 4314 251 4383 Ipsa
277 4323 480 4374 autem
498 4318 773 4387 Gunnor,
798 4318 1043 4384 excepta
1066 4313 1341 4382 Sainfria,
1363 4311 1565 4365 habuit
1583 4309 1734 4364 duos

86 4414 306 4477 sorores,
335 4407 629 4463 VVewam
662 4410 718 4460 et
737 4404 1086 4458 Awelinam.
1106 4404 1308 4458 Altera
1330 4416 1603 4472 quarum,
1635 4398 1733 4451 ad-

86 4492 425 4551 miniculante
448 4497 594 4565 ipsa
627 4493 955 4561 comitissa,
980 4507 1113 4563 quae
1138 4490 1245 4545 fuit
1266 4490 1480 4544 femina
1504 4502 1759 4558 magnis.

82 4580 393 4655 prudentiae,
428 4583 648 4654 nupsit
677 4580 923 4636 Turulfo
955 4581 1025 4634 de
1047 4580 1233 4634 Ponte
1258 4577 1601 4646 Audomari,
1634 4576 1736 4647 qui

84 4665 239 4724 fuerat
260 4673 420 4727 ﬁlius
440 4671 774 4744 cujusdam
795 4669 1031 4724 nomine
1054 4666 1214 4735 Torf,
1239 4683 1271 4720 a
1297 4682 1413 4738 quo
1436 4666 1609 4721 etiam
1632 4680 1735 4719 us-

86 4768 329 4823 9uenunc
342 4762 524 4833 qumd
534 4776 633 4814 am
645 4759 803 4813 villae
819 4757 1249 4830 cognominata
1264 4753 1735 4810 suntTorfvillze.

82 4842 246 4916 Hujus
262 4850 497 4905 Turulﬁ
521 4850 715 4903 frater
732 4847 841 4901 fuit
857 4845 1276 4915 Turehetillus,
1298 4846 1461 4915 pater
1476 4841 1741 4896 Ansche-

86 4932 167 4985 tilli
210 4937 277 4991 de
328 4939 659 4993 Harecurt.
709 4936 921 4991 Genuit
976 4937 1169 4989 autem
1216 4949 1291 4988 ex
1336 4933 1540 4987 eadem
1583 4931 1738 4985 idem

80 5019 329 5082 Turulqu
363 5027 762 5083 Humfridum
792 5026 864 5079 de
886 5024 1135 5090 Vetulis,
1159 5026 1384 5092 patrem
1405 5020 1646 5091 Rogerii
1665 5020 1736 5073 de

82 5106 434 5170 Bellomonte.
473 5115 683 5170 Tertia
712 5117 906 5169 autem
928 5128 1204 5167 sororum
1224 5110 1524 5165 Gunnoris
1557 5109 1735 5163 comi-
1768 5134 1821 5195 Ι)

77 5198 216 5256 tissae
258 5206 469 5275 nupsit
499 5204 782 5259 Osberno
814 5203 886 5256 de
929 5200 1205 5269 Bolebec,
1248 5214 1324 5254 ex
1371 5214 1485 5269 qua
1532 5197 1738 5269 genuit

79 5284 370 5346 Galterium
400 5291 743 5347 Giffardum
765 5290 1019 5360 primum
1037 5293 1093 5344 et
1112 5287 1492 5344 Godefridum
1515 5288 1739 5356 patrem

81 5371 337 5436 Willelmi
367 5381 445 5438 de
478 5380 729 5435 Archis.
765 5380 875 5435 Hic
922 5381 1117 5434 autem
1148 5376 1489 5432 Willelmus
1534 5374 1735 5429 frater.

1836 3663 2181 3718 \Naleranni
2197 3664 2428 3717 comitis
2446 3662 2963 3733 Mellenti,nomine
2980 3664 3497 3739 Elisabeth,duxit,

1835 3769 1909 3806 ex
1938 3769 2051 3823 qua
2084 3753 2287 3824 genuit
2316 3752 2499 3806 ﬁlium
2529 3752 2984 3825 primogenitum
3004 3756 3239 3811 nomine
3262 3757 3504 3813 Richar-

1834 3841 1973 3896 dum
2011 3840 2108 3912 (6').
2163 3842 2421 3896 Roberto
2461 3843 2655 3895 autem
2703 3842 2823 3896 ﬁlio
2877 3843 3160 3899 Riehardi
3202 3848 3506 3903 successit

1836 3930 1993 3984 ﬁlius
2024 3945 2173 3983 suus
2202 3929 2651 3999 primogenitus,
2675 3933 2848 3984 natus
2870 3946 2944 3984 ex
2964 3932 3218 4002 quadam
3244 3933 3505 3990 ﬁliarum

1838 4017 2136 4087 Waldevi,
2171 4017 2404 4072 comitis
2431 4016 2842 4073 Huntedoniae.
2875 4019 3092 4074 Habuit
3120 4024 3318 4077 autem
3346 4022 3505 4078 idem

1840 4107 2172 4161 Waldevus
2196 4110 2318 4160 tres
2340 4105 2494 4159 ﬁlias
2518 4121 2588 4159 ex
2613 4121 2796 4161 uxore
2811 4108 3065 4177 sua,ﬁlia
3086 4109 3410 4165 comitissa
3431 4112 3506 4167 de

1840 4196 2193 4266 Albamarla,
2228 4211 2361 4266 quae
2394 4194 2698 4249 comitissa
2729 4195 2837 4249 fuit
2868 4211 3042 4250 soror
3080 4198 3310 4252 uterina
3343 4198 3507 4253 Wil-

1840 4286 2022 4355 lelmi,
2055 4285 2217 4355 regis
2240 4284 2567 4355 Anglorum
2589 4283 2869 4338 senioris.
2907 4284 3130 4339 Harum
3150 4289 3345 4341 autem
3366 4285 3508 4341 ﬁlia-

1842 4390 1973 4431 rum
2006 4373 2236 4428 eomitis
2270 4372 2543 4427 Waldevi
2572 4372 3020 4445 primogenitum
3050 4374 3277 4445 accepit
3304 4372 3511 4432 Simon

1844 4463 2329 4529 Silvanectensis,
2353 4477 2484 4516 eum
2503 4461 2779 4517 comitatu
2800 4462 3212 4535 lluntedoniae,
3232 4466 3290 4518 et
3305 4463 3511 4537 genuit

1846 4548 1918 4610 ex
1951 4570 2017 4608 ea
2051 4568 2231 4607 unum
2260 4552 2444 4606 ﬁlium
2473 4554 2745 4606 vocatum
2775 4551 3093 4607 Simonem.
3140 4552 3371 4608 Mortuo
3400 4567 3509 4607 au-

1846 4648 1962 4699 tem
1980 4644 2217 4697 Simone
2238 4641 2468 4710 comite,
2486 4640 2692 4709 David,
2713 4639 2897 4695 frater
2914 4641 3194 4696 secundae
3212 4640 3510 4697 Mathildis

1846 4733 2073 4803 reginae
2098 4730 2448 4801 Anglorum,
2480 4729 2647 4783 duxit
2676 4744 2923 4784 uxorem
2967 4729 3122 4801 ejus,
3155 4744 3231 4785 ex
3260 4745 3377 4801 qua
3405 4745 3513 4785 su-

1850 4822 2039 4891 scepit
2060 4835 2240 4874 unum
2271 4818 2474 4887 ﬁlium,
2500 4818 2727 4872 scilicet
2751 4818 3089 4874 Henrieum.
3117 4817 3381 4873 Sublatis
3403 4834 3514 4873 au-

1850 4915 1967 4966 tem
1984 4909 2055 4963 de
2075 4908 2265 4962 medio
2288 4908 2572 4962 fratribus
2590 4906 2724 4978 ejus
2747 4907 3061 4961 Dudecano
3078 4910 3135 4961 et
3155 4907 3514 4979 Alexandro,

1854 4998 2100 5070 regibus
2148 4996 2478 5065 Scotorum,
2531 4996 2660 5066 ipse
2716 4995 2869 5050 idem
2918 5012 3168 5066 regnum
3225 4997 3515 5067 suscepit.

1856 5087 2045 5141 Aliam
2075 5100 2239 5149 vero;
2273 5085 2502 5138 scilicet
2522 5084 2741 5146 Judith,
2773 5084 3121 5153 Rodulphus
3144 5085 3218 5140 de
3234 5085 3515 5156 Toeneio,

1859 5177 2012 5232 sicut
2038 5174 2163 5245 jam
2205 5174 2423 5228 dictum
2453 5177 2564 5243 est,
2597 5173 2763 5229 duxit
2806 5189 3074 5229 uxorem.
3106 5174 3362 5230 Tertiam
3394 5176 3520 5231 Ro-

1857 5267 2062 5321 bertus
2108 5263 2265 5318 ﬁlius
2317 5262 2616 5332 Richardi,
2668 5261 2823 5318 sicut
2868 5263 3041 5318 modo
3090 5278 3522 5321 commemora-

1860 5369 2075 5409 Vimus.

137 5490 239 5565 (ιο)
270 5494 384 5549 Hic
415 5496 522 5549 ille
560 5493 896 5549 Richardus
927 5494 1020 5549 est
1047 5491 1170 5565 qui,
1217 5504 1418 5547 eomes
1452 5488 1857 5546 Pembroehiae
1886 5489 1945 5545 et
1997 5485 2389 5559 cognomento
2445 5469 2869 5557 Strongbowé,
2902 5474 3247 5542 Hiberniam
3294 5484 3522 5558 primus

80 5560 266 5637 Anglis
296 5566 565 5640 aperuit.

340 5690 604 5747 PATROL
641 5687 890 5747 CXLIX.

3034 5679 3107 5738 29
