3940 6174
497 264 617 329 90'7

571 463 642 518 Et
667 464 942 535 quoniam
974 463 1044 517 de
1076 463 1386 517 sororibus
1417 462 1715 517 Gunnoris
1749 463 2071 517 comitissae
2095 450 2265 517 fe-I‘

502 553 693 607 cimus
727 553 1099 619 mentionem,
1135 551 1277 605 libet
1308 552 1480 605 etiam
1526 553 1597 605 de
1627 551 1746 605 illis
1778 553 1873 621 qui
1910 553 2170 607 secundo

500 643 689 714 gradu
710 640 1241 711 consanguinitatis
1262 640 1471 693 afﬁnes
1496 641 1683 694 eidem
1703 641 1890 709 fuere,
1912 646 2083 710 prout
2100 643 2171 695 ab

499 730 760 801 antiquis
791 729 1150 797 accepimus,
1185 728 1378 799 aliqua
1420 729 1635 782 dicere.
1673 729 1889 783 Habuit
1921 746 2064 800 ergo
2098 745 2173 783 ex

500 819 683 873 fratre
702 833 811 872 suo
834 816 1109 871 Herfasto
1128 818 1331 871 eadem
1352 818 1655 870 comitissa
1675 823 1943 886 nepotem
1962 819 2176 872 Osher—

498 923 640 961 num
670 907 741 961 de
772 906 1021 974 Crepon,
1059 912 1279 974 patrem
1314 906 1588 959 videlicet
1628 906 1909 960 VViIlelmi
1942 909 2173 963 comitis

499 995 888 1063 Herefordiae,
922 995 1030 1047 viri
1063 1010 1168 1063 per
1199 995 1390 1047 omnia
1421 994 1756 1048 laudabilis.
1782 996 2003 1064 Neptes
2028 1013 2172 1051 vero

499 1084 705 1153 plures
735 1083 1012 1153 praedicta
1044 1084 1290 1135 Gunnor
1313 1083 1532 1147 habuit,
1561 1083 1667 1137 sed
1698 1084 2067 1139 solummodo
2101 1086 2171 1139 de

500 1174 783 1243 quinque,
799 1173 1015 1241 quibus
1030 1171 1257 1224 maritis
1279 1173 1584 1240 nupserint
1603 1172 1817 1225 audivi.
1838 1173 1963 1226 Una
1978 1174 2173 1243 itaque

500 1276 702 1314 earum
751 1260 1121 1313 matrimonio
1170 1259 1433 1329 copulata
1487 1263 1577 1313 est
1608 1262 1755 1330 patri
1802 1262 1975 1330 primi
2016 1262 2171 1315 κνη-

500 1349 659 1403 lelmi
690 1350 761 1403 de
795 1349 1116 1415 ‘Narenna,
1154 1364 1229 1401 ex
1258 1364 1370 1418 qua
1405 1354 1576 1402 natus
1608 1352 1698 1402 est
1736 1349 1888 1402 idem
1938 1350 2173 1404 VVillel-

500 1453 633 1492 mus
665 1441 869 1507 postea
903 1453 1103 1490 comes
1126 1436 1404 1504 Surreiae,
1430 1440 1484 1490 et
1511 1438 1808 1508 Rogerius
1841 1438 1911 1491 de
1944 1438 2173 1494 Mortuo

507 1527 655 1581 mari
680 1526 861 1580 frater
892 1526 1103 1595 ipsius.
1130 1526 1326 1579 Altera
1348 1526 1589 1579 Nieolao
1613 1526 1683 1580 de
1726 1526 2175 1581 Bascheritvilla

500 1616 704 1686 (vulgo
738 1614 1162 1686 Bacqueville),
1199 1630 1272 1667 ex
1306 1614 1480 1685 cujus
1512 1616 1852 1684 posteritate
1880 1619 2051 1670 natus
2083 1621 2175 1670 est

499 1704 840 1756 Willelmus
862 1702 1182 1771 Mai-tellus,
1200 1705 1253 1754 et
1274 1702 1573 1756 \Valterus
1593 1704 1663 1757 de
1678 1708 1882 1758 sancto
1899 1705 2167 1759 Martino.

502 1792 699 1846 Tertia
752 1792 1048 1845 Rieliardo
1099 1791 1430 1845 vicecomiti
1479 1791 1965 1863 Iiothomagensi,
2027 1794 2176 1863 patri
2206 1821 2260 1884 Β

1215 1879 1285 1932 de
1355 1884 1558 1933 sancto
1631 1881 1889 1935 Sidonio.
1959 1881 2173 1945 Quarta
2207 1879 2265 1911 ὀ

501 1881 778 1934 videlicet
849 1879 1147 1933 Lamberti

501 1968 805 2023 Osmundo
838 1969 909 2021 de
950 1967 1357 2020 Centumvillis
1390 1968 1724 2022 vicecomiti
1762 1970 2065 2038 Vernonii,
2101 1986 2175 2023 ex

499 2073 614 2128 qua
646 2060 819 2111 natus
853 2060 943 2109 est
974 2057 1200 2124 primus
1234 2056 1412 2109 Fulco
1444 2057 1515 2110 de
1542 2058 1747 2127 Aneio,
1784 2059 1983 2126 plures
2016 2059 2173 2129 ﬁlim,

499 2161 750 2217 quarum
793 2162 906 2199 una
939 2147 1123 2198 mater
1157 2144 1262 2197 fuit
1297 2145 1469 2214 primi
1514 2145 1781 2200 Balduini
1816 2148 1887 2201 de
1921 2148 2172 2202 Revers.

497 2233 769 2299 Quintam
806 2234 978 2305 [Iugo
1011 2234 1082 2287 de
1118 2233 1310 2286 Monte
1342 2232 1697 2288 Gummerici
1730 2235 1913 2304 duxit,
1951 2252 2024 2290 ex
2059 2251 2173 2307 qua

497 2326 671 2377 natus
703 2326 794 2376 est
830 2323 1124 2393 Rogerius
1150 2325 1312 2391 pater
1348 2321 1589 2375 I’ioberti
1622 2323 1693 2376 de
1730 2323 2013 2379 Belhimo.

1031 2409 1282 2463 CAPUT
1327 2409 1649 2464 XXXVIII.

503 2500 624 2566 Qua
642 2500 948 2553 occasimm
966 2496 1301 2568 Stephanus
1319 2515 1512 2551 omnes
1537 2499 1807 2553 .lloritoli
1828 2516 2005 2570 nepos
2022 2501 2175 2555 Hon-

776 2572 891 2622 rici
922 2571 1089 2639 regis
1122 2585 1175 2621 ei
1212 2571 1269 2622 ii:
1304 2586 1549 2639 regnum
1582 2573 1890 2625 successit.

570 2658 686 2712 Sed
706 2662 766 2710 ut
783 2658 1096 2710 redeamus
1118 2658 1191 2709 ad
1212 2673 1279 2710 ea
1300 2658 1452 2710 unde
1471 2658 1733 2727 digressi
1761 2676 1969 2714 sumus
1992 2676 2170 2715 causa

500 2748 709 2802 harum
743 2746 1244 2817 genealogiarum,
1284 2746 1537 2799 obeunte
1574 2747 1828 2801 Henrico
1875 2766 2015 2820 rege
2047 2751 2173 2804 An-

498 2837 754 2908 glorum,
792 2835 1089 2889 successit
1113 2835 1245 2904 ipso
1271 2849 1473 2887 mense
1499 2834 1872 2890 decessionis
1891 2837 2024 2908 ejus
2047 2840 2173 2893 Ste-

497 2925 733 2996 phanus
762 2940 950 2994 nepos
983 2923 1139 2993 ejus.
1178 2924 1327 2977 Nam
1359 2940 1489 2977 cum
1522 2925 1765 2995 degeret
1794 2926 1947 2979 idem
1972 2943 2172 2982 comes

496 3014 555 3067 in
587 3014 927 3068 Bolonieusi
962 3014 1256 3082 comitatu,
1291 3013 1486 3066 audita
1533 3017 1719 3068 morte
1751 3017 2023 3069 avunculi
2076 3019 2171 3072 sui

497 3102 783 3157 velociter
813 3101 1229 3171 transfretaus,
1276 3102 1496 3156 auxilio
1546 3103 1787 3157 Henrici
1833 3104 2031 3159 fratris
2080 3107 2170 3160 sui

498 3192 935 3246 Wintoniensis
968 3191 1231 3261 episcopi
1263 3207 1540 3245 coronam
1580 3192 1749 3263 regni
1780 3194 2027 3264 adeptus
2057 3199 2170 3251 est.

500 3281 640 3335 Erat
669 3282 843 3347 enim,
877 3284 939 3333 ut
985 3280 1331 3349 praedictum
1368 3285 1479 3346 est,
1529 3285 1665 3335 tunc
1716 3284 1999 3351 temporis
2046 3285 2173 3339 Ma-

496 3370 703 3424 thildis
717 3370 913 3424 haeres
926 3370 1118 3436 ipsius
1134 3369 1297 3440 regis
1313 3370 1369 3421 in
1384 3369 1803 3440 Andegavensi
1819 3388 1991 3443 pago.
2007 3372 2173 3427 Obti-

499 3460 626 3513 nuit
653 3462 846 3512 tamen
870 3459 997 3527 ipsa
1034 3456 1457 3525 Damt‘rontem,
1484 3461 1539 3511 et
1568 3457 2090 3532 Argentomagum,
2117 3466 2174 3517 et

498 3546 791 3612 Oximum,
844 3545 1083 3598 castella
1116 3545 1210 3598 sui
1251 3546 1457 3615 patris,
1506 3549 1563 3599 et
1605 3547 1717 3600 alia
1767 3549 1896 3616 tria,
1945 3551 2175 3605 scilicet

500 3634 742 3689 Colmiae
757 3633 1439 3703 montem,etGorram,et
1454 3635 2171 3711 Ambreras[Amberras];

501 3738 636 3795 quis
680 3722 912 3776 interim
963 3723 1263 3775 concessit
1306 3722 1542 3777 Juhello
1592 3723 1663 3778 de
1712 3724 2015 3796 Medvana,
2065 3728 2173 3781 hac

502 3811 856 3879 conditione,
894 3814 953 3864 ut
982 3812 1111 3879 ipse
1146 3826 1277 3863 eam
1312 3811 1564 3865 ﬁdeliter
1595 3812 1833 3882 juvaret
1863 3814 1921 3867 in
1965 3817 2170 3886 acqui-

500 3900 685 3955 rendo
737 3915 904 3953 suam
952 3899 1378 3953 haereditatem.
1414 3900 1656 3955 Dicebat
1686 3902 1839 3955 enim
1879 3903 2032 3957 idem
2062 3905 2171 3959 Ju-

500 3988 696 4043 hellus
728 3989 826 4042 illa
851 3989 961 4042 tria
995 3989 1226 4058 Oppida,
1262 3989 1536 4044 videlicet
1565 4006 1697 4060 quae
1748 3991 1947 4047 ultimo
1978 3994 2168 4047 nomi-

499 4077 793 4144 navimus,
828 4078 885 4130 in
918 4094 1025 4131 sua
1059 4082 1215 4131 terra
1242 4093 1400 4132 esse.

571 4165 716 4219 Filia
740 4171 931 4220 autem
952 4167 1151 4219 Adelae
1174 4167 1306 4220 ﬁlia:
1327 4167 1611 4221 V‘Villelmi
1634 4170 1797 4241 regis
1823 4170 2167 4243 Anglorum,

498 4255 570 4310 de
584 4271 699 4326 qua
713 4256 989 4325 superius
1009 4255 1257 4309 fecimus
1273 4256 1854 4328 meutionem,nupsit
1878 4259 2170 4315 Iiichardo

499 4344 696 4399 comiti
740 4344 1067 4413 Cestrensi,
1119 4344 1236 4398 ﬁlio
1269 4345 1540 4415 Hugonis
1576 4348 1827 4412 comitis;
1861 4349 1960 4418 qui
1996 4349 2168 4419 I-Iugo

497 4434 607 4487 fuit
642 4433 797 4486 ﬁlius
834 4434 1111 4487 Ilichardi
1141 4434 1505 4487 vicecomitis
1530 4434 1977 4490 Abriucatensis
2010 4439 2166 4509 pagi.

1217 266 1648 328 WILLELMI
1698 266 2048 329 CALCULI
2095 268 2789 331 GEMMETICENSIS
2848 271 3230 334 MONACHI

3721 284 3811 345 908

2824 467 3077 522 CAPUT
3116 470 3381 525 XXXIX.

2272 570 2563 634 Quomodo
2577 573 2769 627 Adela
2805 575 3106 628 comitissa
3145 576 3446 631 Blesensis
3465 578 3690 634 habitum
3710 598 3835 637 sanc-

2348 643 2586 723 timonia
2595 644 2669 723 iis
2689 652 2745 723 et
2761 661 2864 723 ceu
2878 647 3271 723 versationem
3288 649 3628 723 Marciniaci,
3645 658 3839 723 tempore.

2346 714 2474 768 dom
2483 715 2543 767 ni
2556 715 2733 795 {’elri
2750 716 2987 770 abbatis
3004 714 3657 795 Cluniacensis,gacccpit;
3675 731 3719 775 et
3735 714 3840 795 quod

2347 786 2787 866 secun‘do‘anno
2810 795 2943 866 post
2976 796 3223 843 mortem
3252 789 3488 844 Hauriat
3512 786 3657 863 regis
3679 786 3841 866 Anglo-

2346 872 2475 909 rum
2508 856 2726 911 fratris
2754 856 2849 911 sui
2878 866 3106 913 mortua
3139 867 3249 914 est.

2350 962 2578 1017 Mortuo
2609 966 2803 1017 autem
2833 964 3129 1035 Stephano
3161 968 3367 1021 comite
3404 969 3666 1038 Blesensi,
3694 973 3844 1025 marito

2278 1051 2479 1105 Adelae
2496 1052 2629 1106 ﬁliae
2642 1053 2919 1107 Willelmi
2938 1055 3573 1128 regisAnglorum,ipsa
3584 1058 3844 1128 aliquandiu

2279 1141 2553 1194 nobiliter
2581 1142 2731 1195 rexit
2754 1143 3109 1212 comitatum,
3134 1146 3271 1215 quia
3291 1145 3392 1199 filii
3414 1148 3498 1199 sui
3522 1146 3686 1200 adhuc
3705 1148 3845 1201 minus

2279 1229 2507 1284 habiles
2557 1231 2625 1283 ad
2675 1232 3108 1300 procurandum
3173 1234 3434 1305 regimen
3480 1239 3646 1288 erant.
3680 1236 3847 1299 Quibus

2278 1318 2513 1386 adultis,
2550 1319 2675 1387 ipsa
2701 1321 3164 1375 sanctimomalis
3197 1322 3453 1376 habitum
3471 1327 3523 1377 et
3541 1326 3849 1377 conversatie

2276 1422 2432 1473 nem,
2478 1411 2742 1476 tempore
2776 1409 2972 1463 domni
3021 1411 3177 1464 Petri
3226 1410 3619 1465 Cluniacensis
3662 1412 3845 1475 abbatis,

2278 1495 2616 1549 Marciniaci
2634 1512 2972 1565 assumens,
2998 1498 3371 1553 laudabiliter
3388 1500 3591 1554 ibidem
3607 1500 3655 1553 in
3673 1501 3751 1553 Dei
3768 1516 3849 1553 ser-

2275 1584 2416 1636 vitio
2448 1600 2637 1655 usque
2687 1586 2759 1638 ad
2810 1586 2987 1640 ﬁnem
3020 1588 3443 1657 perseveravit.
3493 1589 3729 1642 Decessit
3752 1604 3847 1641 vero

2277 1673 2538 1726 secundo
2570 1689 2722 1727 anno
2750 1678 2883 1744 post
2905 1679 3149 1729 mortem
3174 1676 3416 1730 Henrici
3438 1676 3622 1730 fratris
3642 1678 3718 1731 sui
3736 1677 3847 1746 regis

2274 1760 2622 1831 Anglorum.

2901 1852 3151 1907 CAPUT
3194 1854 3322 1908 XL.

2276 1954 2365 2010 De
2389 1964 2561 2031 vento
2578 1958 2915 2013 vehementi
2930 1962 3027 2031 qui
3042 1961 3262 2014 accidit
3280 1967 3418 2015 ante
3435 1967 3660 2016 mortem
3674 1961 3848 2015 Henrici

2346 2029 2537 2103 regis;
2559 2036 2613 2082 et
2635 2031 2784 2101 quod
2795 2029 3039 2099 plurimi
3049 2032 3385 2103 principum
3403 2032 3632 2102 Anglici
3645 2034 3779 2102 regni
3790 2032 3847 2084 de

2346 2098 2539 2179 functi
2566 2098 2701 2153 sunt
2726 2098 2851 2170 ipso
2872 2098 3172 2171 anum—vel
3197 2098 3622 2176 séquentifqac
3640 2098 3845 2158 ι’ρὲΗωμ

2347 2178 2512 2224 ricus
2537 2178 2802 2226 mortuus
2835 2178 2947 2226 est.

2346 2277 2429 2331 Eo
2460 2293 2612 2333 anno
2643 2294 2758 2349 quo
2792 2279 2945 2332 idem
2976 2294 3081 2333 rex
3114 2280 3417 2336 Henricus
3459 2282 3703 2336 humanis
3727 2280 3847 2334 rebus

2276 2367 2615 2421 subtractus
2646 2371 2757 2433 est,
2796 2368 2986 2421 factus
3019 2375 3232 2423 ventus
3276 2372 3593 2425 vehemens
3621 2372 3671 2423 in
3697 2369 3849 2423 North-

2279 2456 2509 2509 mannia
2541 2459 2595 2509 et
2626 2456 2683 2508 in
2712 2456 2844 2509 aliis
2874 2456 3145 2525 pluribus
3190 2462 3536 2531 regionibus
3582 2459 3726 2531 paulo
3761 2462 3847 2509 aut?

2282 2548 2525 2597 mortem
2546 2545 2758 2614 ipsius,
2782 2546 3008 2599 scilicet
3028 2548 3228 2618 vigilia
3253 2552 3655 2619 Apostolorum
3670 2546 3849 2599 Simonis

2283 2636 2339 2686 et
2368 2633 2557 2686 Judte.
2584 2634 2715 2688 Non
2736 2634 2918 2687 multo
2943 2651 3081 2689 vero
3107 2642 3240 2707 post
3265 2643 3511 2692 mortem
3532 2637 3651 2707 ejus
3670 2642 3848 2703 tempore

2280 2726 2598 2789 transacto,
2631 2723 2688 2776 id
2720 2726 2829 2792 est,
2882 2724 3015 2793 ipso
3047 2740 3220 2794 anno,
3272 2726 3368 2781 vel
3401 2726 3671 2798 sequenti,
3708 2723 3849 2778 mortui

2280 2814 2415 2863 sunt
2428 2810 2633 2879 plures
2651 2826 2725 2864 ex
2745 2811 3108 2880 principibus
3123 2812 3367 2884 Anglici
3380 2809 3849 2886 regni,judicioDei:

2279 2899 2553 2952 videlicet
2585 2899 2924 2954 Willelmus
2955 2901 3405 2958 Cantuariensis
3439 2903 3851 2971 archiepiscopus.

2278 2988 2596 3058 episcOpus
2624 2989 3045 3060 Roveccstriaa,
3080 2992 3407 3062 episcopus
3440 2991 3767 3055 Exoniensis,
3793 2987 3852 3038 Ri-

2280 3077 2537 3132 chardus
2560 3078 2718 3133 ﬁlius
2741 3078 3076 3150 Gisleberti,
3103 3084 3165 3134 ut
3188 3079 3316 3150 jam
3340 3081 3555 3135 dictum
3576 3083 3672 3148 est,
3695 3077 3853 3131 Rober-

2212 3167 2375 3239 Otus
2426 3168 2583 3222 filius
2617 3168 2896 3222 Ilichardi
2945 3172 3186 3239 patruus
3220 3169 3378 3240 ejus,
3430 3168 3728 3224 Ilichardus
3750 3164 3854 3216 ﬁlius

2281 3260 2551 3315 Balduini
2580 3258 2979 3314 consobrinus
3010 3258 3219 3314 horum
3251 3260 3506 3315 duorum
3530 3258 3705 3312 ultimo
3728 3250 3854 3307 nomi-

2280 3353 2569 3418 natorum,
2604 3365 2712 3403 nec
2745 3365 2861 3403 non
2892 3351 2950 3403 et
2980 3348 3284 3404 secundus
3332 3348 3657 3403 Willelmus
3683 3346 3739 3399 de
3762 3340 3855 3390 Wa-

2279 3455 2463 3493 renna
2492 3453 2694 3493 eomes
2724 3437 3000 3492 Surreiaa.
3025 3436 3132 3492 Cui
3164 3438 3467 3492 successit
3488 3437 3675 3491 tertius
3698 3427 3856 3485 Wilch-

2281 3544 2412 3582 mus
2433 3527 2589 3581 ﬁlius
2609 3526 2764 3598 ejus,
2797 3531 2971 3580 natus
2995 3542 3066 3580 ex
3086 3525 3394 3581 Elisabeth
3413 3527 3527 3580 ﬁlia
3549 3523 3775 3596 Hugonis
3787 3532 3857 3571 ma-

2281 3617 2382 3689 gni
2399 3616 2630 3670 comitis
2648 3615 3158 3670 Viromandorum.
3178 3614 3312 3669 Fuit
3334 3620 3525 3670 autem
3542 3610 3856 3685 primojuncla

2281 3709 2562 3778 praedicta
2594 3705 2901 3760 comitissa
2932 3704 3189 3759 Roberto
3236 3705 3440 3759 comiti
3480 3701 3730 3767 Mellenti,
3757 3702 3793 3750 et
3816 3708 3858 3745 ρ(

2282 3812 2351 3851 ea
2380 3796 2582 3850 habuit
2613 3798 2735 3850 tres
2766 3794 2919 3849 ﬁlios
2951 3798 3007 3848 et
3036 3794 3281 3848 totidem
3312 3792 3486 3848 ﬁlias.

2906 3900 3157 3954 CAI’UT
3195 3900 3329 3953 XLI
3822 3972 3859 3979 ,ι

2284 3992 2371 4046 De
2403 3990 2547 4045 filiis
2576 3990 2828 4045 Roberti
2867 3990 3099 4043 comitis
3129 3987 3411 4042 Mellenti
3441 3994 3499 4042 et
3528 3985 3662 4040 ﬁliis
3684 3976 3859 4035 Heurici

2627 4061 2845 4115 fratris
2878 4060 3003 4131 ejus
3035 4058 3271 4113 comitis
3320 4059 3603 4113 lVarwic.

2350 4167 2631 4239 Filiorum
2654 4183 2796 4222 vero
2818 4166 2954 4233 duo,
2982 4166 3210 4220 scilicet
3232 4166 3627 4219 VValeraunus
3647 4164 3694 4215 et
3715 4154 3863 4211 Bober-

2275 4260 2394 4326 tus,
2428 4258 2527 4327 qui
2547 4256 2782 4328 gemelli
2803 4256 3057 4323 fuerunt,
3083 4259 3516 4310 successerunt
3538 4253 3607 4306 ei.
3650 4246 3866 4328 \Valeraa-

2277 4364 2390 4400 nus
2410 4327 2702 4417 siquidem
2720 4343 3151 4416 primogenitns
3171 4343 3443 4413 suscepit
3467 4340 3762 4396 comitatum
3778 4327 3866 4417 Mt!-

2278 4436 2417 4489 lenti
2447 4415 2502 4489 et
2524 4415 2737 4489 terram
2757 4449 2930 4505 quam
2962 4436 3128 4503 pater
3145 4448 3356 4487 eorum
3376 4431 3623 4485 habebat
3643 4428 3691 4480 in
3714 4415 3865 4505 Nai-tli-

498 4522 648 4577 Cum
667 4538 808 4576 vero
830 4521 1165 4575 Richardus
1186 4525 1241 4576 et
1272 4539 1421 4575 uxor
1438 4522 1571 4592 ejus
1600 4527 1657 4576 in
1686 4540 1847 4593 saepe
1864 4525 2017 4579 dicto
2036 4542 2171 4580 nau-
2204 4518 2833 4591 nmannia.Robei-tus
2857 4537 2997 4576 vero
3015 4523 3354 4576 comitatum
3379 4502 3864 4591 Legrecestria‘W-y

496 4610 692 4683 fragio
716 4627 847 4664 eum
874 4609 1175 4664 W’illelmo
1199 4610 1317 4663 ﬁlio
1338 4612 1501 4681 regis
1529 4612 1771 4665 Ilenriei
1794 4615 2003 4667 mortui
2031 4615 2169 4669 fuis-

496 4702 649 4769 sent,
686 4698 979 4753 Hanulfus
1009 4700 1344 4753 vicecomes
1383 4699 1739 4769 Bajocasini,
1766 4702 2167 4758 consobrinus

494 4789 689 4857 ipsius
706 4788 1004 4855 Richardi,
1027 4788 1273 4857 adeptus
1292 4791 1383 4841 est
1402 4790 1739 4842 comitatum
1761 4788 1915 4859 ejus.
1938 4791 2165 4847 Mortuo

494 4880 687 4932 autem
719 4878 924 4931 eodem
960 4876 1232 4943 Ranulfo,
1270 4878 1565 4930 successit
1598 4879 1651 4931 ei
1700 4878 1836 4932 item
1873 4880 2166 4934 Ranulfus

495 4966 655 5020 ﬁlius
688 4966 842 5036 ejus,
888 4967 978 5019 vir
1009 4966 1066 5018 in
1120 4966 1302 5019 rebus
1348 4965 1578 5019 bellicis
1631 4969 1931 5021 strenuus.
1971 4968 2167 5038 Hujus

497 5057 690 5108 autem
717 5056 946 5109 Ranulﬁ
971 5069 1240 5109 sororem
1269 5054 1432 5107 duxit
1454 5055 1786 5109 Richardus
1810 5056 1968 5110 ﬁlius
1986 5057 2169 5111 Gisle—

496 5140 667 5207 berti,
704 5158 775 5195 ex
809 5160 920 5214 qua
956 5144 1222 5212 suscepit
1252 5146 1376 5196 tres
1409 5143 1582 5196 ﬁlios.
1619 5144 1750 5212 Ipse
1783 5145 2032 5214 denique
2069 5145 2164 5199 Hi-

500 5228 756 5282 chardus
786 5236 1085 5298 peremtus
1119 5235 1209 5285 est
1239 5248 1269 5284 a
1304 5231 1713 5298 \Valensibus,
1748 5236 1810 5285 ut
1859 5234 2167 5301 prmﬁxum

500 5318 610 5369 est.
636 5317 967 5373 I’raedictus
998 5325 1190 5374 autem
1227 5319 1517 5373 Ranulfus
1542 5336 1748 5373 comus
1770 5322 1996 5389 accepit
2018 5337 2167 5375 uxo-

501 5418 626 5457 rem
652 5404 982 5461 Mathildem
998 5408 1125 5478 [ωε.
1150 5407 1451 5479 Sibyllam]
1474 5409 1650 5461 ﬁliam
1677 5409 1915 5463 Itoberti
1938 5411 2166 5464 comitis

497 5491 866 5559 Glocestriae;
899 5510 973 5548 ex
1004 5511 1117 5572 qua
1150 5497 1353 5570 genuit
1383 5497 1535 5553 duos
1568 5497 1741 5564 ﬁlios,
1770 5497 2085 5570 Hugonem
2110 5503 2168 5555 et

499 5580 880 5641 Richardum.

2280 4614 2723 4684 Legiecestriw)
2742 4612 2800 4664 in
2820 4611 3274 4683 Anglia.Nupsit
3295 4611 3495 4663 autem
3516 4608 3683 4660 mater
3701 4606 3865 4654 eorum.
3886 4652 3887 4659 η

2275 4705 2502 4756 mortuo
2517 4702 2713 4770 priore
2728 4697 3541 4765 marito,secundoWillelmo
3556 4695 3621 4747 de
3636 4689 3865 4775 Warenaa

2277 4791 2474 4844 comiti
2504 4789 2781 4858 Suri-ciae,
2816 4803 2889 4842 ex
2920 4804 3033 4858 qua
3065 4787 3332 4857 suscepit
3364 4801 3544 4840 unum
3582 4780 3754 4840 ﬁlium,
3782 4783 3866 4822 sc:-

2277 4878 2414 4932 licet
2453 4878 2818 4931 Willelmum
2858 4876 3095 4930 tertium
3143 4878 3199 4929 et
3238 4876 3389 4929 duas
3433 4873 3600 4927 ﬁlias.
3656 4863 3866 4919 Fitiarum

2276 4983 2420 5021 vero
2450 4966 2902 5037 primogenitam
2922 4963 3149 5034 accepit
3174 4978 3424 5017 uxorem
3443 4972 3634 5015 comes
3656 4952 3865 5061 ῐξῗεετξῖῗ

2276 5056 2348 5109 de
2374 5055 2655 5109 \Varwie.
2684 5054 2815 5107 Fuit
2831 5057 3025 5107 autem
3052 5053 3204 5106 idem
3230 5053 3509 5122 Hogerus
3528 5047 3669 5101 ﬁlius
3686 5039 3881 5109 Henricl‘

2278 5144 2509 5198 comitis
2542 5144 2740 5197 fratris
2775 5142 3012 5197 Hoberti
3046 5141 3277 5195 comitis
3321 5135 3594 5201 Mellenti,
3639 5131 3779 5184 natus

2275 5235 2603 5304 Margareta
2623 5248 2831 5287 sorore
2858 5232 3095 5285 Rotroci
3119 5229 3352 5283 comitis
3370 5228 3443 5281 de
3462 5223 3691 5278 Pertico.
3709 5202 3859 5305 (ξεξξιυίί

2272 5299 2466 5376 autem
2484 5338 2559 5375 ex
2591 5336 2659 5374 ea
2686 5321 3003 5374 Henricum
3034 5324 3089 5373 et
3106 5318 3306 5388 plures
3329 5316 3480 5369 alios
3509 5316 3561 5365 et
3588 5308 3716 5362 duas
3731 5299 3850 5385 ﬁlias.

2272 5412 2600 5466 Praedictus
2633 5410 2884 5479 denique
2908 5409 3183 5479 Rogerus
3204 5403 3496 5459 successit
3517 5397 3649 5471 patri
3668 5395 3715 5446 in
3730 5396 3850 5479 coinl:

2271 5502 2454 5555 tatum
2488 5497 2775 5551 Warwic.
2790 5473 3051 5561 “Quidam
3074 5509 3217 5549 vero
3236 5490 3482 5547 fratrum
3499 5494 3714 5542 suorum
3731 5473 3851 5561 ιιξίυξ

2270 5550 2641 5667 gemeam,
2660 5550 2895 5643 scilicet
2920 5584 3218 5641 Robertus
3242 5582 3312 5638 de
3334 5550 3855 5646 Νογοὺιινεονιιιῧαί*
