3940 6174
125 314 224 378 909
873 304 1278 369 HISTORIA

1363 302 2107 368 NOBTMANNORUM.
2156 336 2227 347 --
2271 300 2631 363 ADDITIS.

3356 297 3477 363 910

124 516 290 563 terram
316 523 465 578 quam
491 508 643 576 pater
692 522 897 561 eorum
929 505 1217 560 habuerat
1248 505 1303 558 in
1341 503 1697 559 Northman-
1726 483 1782 544 Α
1813 502 1999 556 cessit
2028 500 2345 555 Tetbaldus
2401 500 2586 570 priora
2629 498 2900 570 ejusdem
2939 502 3073 555 loci.
3132 502 3475 556 Willelmus

121 600 205 652 nia.
227 597 314 649 llic
336 597 603 649 Hobertus
634 594 742 650 fuit
766 598 992 649 amator
1019 595 1262 648 intimus
1281 598 1338 648 et
1357 592 1704 647 benefactor

123 685 373 739 Beccensis
389 683 656 738 ecclesia.
668 684 775 737 Hic
797 685 1022 752 accepit
1046 698 1291 737 uxorem
1306 697 1577 736 sororem
1597 682 1704 734 RO'

120 776 229 845 gerii
269 775 328 827 de
379 774 635 836 Toeneio,
687 774 862 826 lilium
924 773 1169 827 secundi
1222 772 1476 837 Hodulli,
1516 770 1704 823 Godc—

114 863 308 915 childem
332 862 562 931 nomine,
595 878 671 916 ex
709 878 822 930 qua
871 862 1075 916 habuit
1108 863 1309 931 plures
1363 861 1537 928 filios,
1586 858 1703 912 sei-

117 952 216 1004 licet
238 950 518 1005 Henricum
538 953 591 1004 et
626 949 848 1004 fratres
889 950 1046 1020 ejus.

619 1056 870 1109 CAPUT
929 1054 1107 1109 XLII.

117 1144 180 1197 De
202 1144 335 1198 obitu
362 1144 546 1199 damni
590 1143 1100 1223 Bosonisabbatis
1145 1142 1488 1211 Beccensis,
1541 1145 1598 1193 et
1630 1139 1704 1194 de

601 1230 951 1269 successore
985 1230 1036 1285 ολ
1046 1230 1130 1267 us.

168 1303 307 1357 Circa
334 1304 450 1358 haec
472 1307 731 1372 tempora
762 1304 1014 1357 domnus
1046 1303 1224 1372 Boso,
1253 1305 1498 1373 quartus
1518 1301 1704 1356 abbas

114 1390 260 1460 Becci,
284 1393 364 1445 vir
388 1408 487 1463 per
501 1395 693 1446 omnia
710 1390 1026 1445 laudabilis
1053 1392 1187 1444 vitae
1206 1390 1489 1458 decessit,
1505 1394 1709 1444 etsuc-

1810 591 1982 645 etiam
2000 592 2119 644 dux
2134 591 2559 660 Aquitanorum
2574 605 2689 643 non
2705 590 2882 642 multo
2904 595 3039 659 post
3060 593 3328 646 mortuus
3358 597 3475 650 est.

1812 679 2005 750 Hujus
2040 679 2215 732 ﬁliam
2250 678 2480 731 unicam
2514 693 2646 731 cum
2678 677 2867 747 ipsius
2899 677 3113 732 ducatu
3137 680 3480 739 Ludovicus

1806 769 1963 821 filius
1997 768 2158 839 regis
2192 767 2553 821 Francorum
2586 767 2810 836 accepit
2835 768 2893 820 in
2923 783 3201 838 uxorem;
3237 773 3472 826 mortuo

1804 872 1916 927 que
1942 857 2237 909 laudavi-'0
2262 859 2420 922 patre
2446 871 2555 909 suo
2588 855 2718 924 ipso
2757 872 2910 909 anno
2936 855 3062 910 Kal.
3096 859 3479 929 augustisuc-

1805 947 1991 999 cessit
2022 949 2209 999 eidem
2244 943 2860 1014 Ludovicusjuvenis,
2896 944 3088 999 factus
3110 962 3212 1000 rex
3229 946 3484 1002 Franco-

1804 1049 1934 1088 rum
1973 1037 2029 1086 et
2072 1033 2190 1086 dux
2239 1033 2684 1102 Aquitanorum,
2732 1048 2884 1087 anno
2944 1033 3017 1086 ab
3066 1033 3475 1090 lncarnatione

1805 1121 2036 1175 Domini
2069 1119 2227 1189 1137,
2262 1136 2378 1191 quo
2395 1137 2545 1174 anno
2566 1121 2671 1174 fuit
2694 1121 2944 1174 maxima
2965 1122 3228 1177 siccitas.
3252 1122 3477 1179 Eodem

1804 1226 1955 1265 anno
1975 1212 2240 1263 mortuus
2271 1213 2362 1263 est
2393 1210 2709 1263 Lotharius
2741 1210 3057 1278 imperator
3074 1212 3477 1267 Romanorum

1805 1304 1862 1354 et
1892 1300 2390 1367 Alemannorum;
2450 1298 2544 1352 cui
2577 1300 2872 1352 successit
2933 1298 3239 1355 Conradus
3287 1316 3475 1372 nepos

1809 1388 2047 1443 Henriei
2082 1387 2177 1458 IV,
2199 1387 2299 1458 qui
2324 1389 2454 1441 ante
2474 1387 2817 1442 Lotharium
2849 1388 3260 1459 imperaverat.

352 1725 1139 1831 ADDITAMENTA
1244 1722 1386 1828 AD
1492 1721 2094 1826 HISTORIAM
2163 1722 3169 1832 NORTHMANNORUM

156 2162 332 2217 Paucis
367 2164 434 2219 de
464 2164 739 2234 pluribus
789 2164 862 2217 de
910 2166 1229 2218 memorato
1287 2163 1505 2218 illustri
1564 2178 1706 2235 rege
1738 2144 1790 2205 Β
1821 2162 2272 2233 archiepiscopo
2305 2164 2579 2235 omnique
2608 2165 2822 2236 populo
2857 2166 3324 2239 Rothomagensi
3346 2168 3484 2224 utin

108 2251 309 2305 Henrico
351 2254 515 2307 tactis
569 2254 875 2307 succincte
914 2253 1112 2322 potius
1145 2268 1320 2322 quam
1348 2252 1705 2322 prosecutis,

107 2341 390 2395 miraculum
422 2341 739 2413 quoddam,
762 2340 1002 2412 dignun:
1031 2356 1146 2395 non
1178 2341 1374 2395 minus
1406 2340 1712 2395 fructuoso

103 2428 242 2483 relatu
270 2446 428 2500 quam
455 2430 812 2499 admirabili,
834 2430 1305 2484 subnectendum
1324 2430 1670 2484 censuimus
1698 2445 1713 2499 ;

105 2518 392 2585 quodetiam
422 2520 600 2590 quasi
646 2520 717 2572 ad
750 2521 924 2588 caput
971 2518 1239 2573 historiae
1280 2518 1560 2589 compulit
1597 2534 1716 2572 non

106 2607 298 2662 reverti.

157 2694 361 2758 Quantae
415 2698 767 2752 humilitatis
819 2697 990 2753 Rollo
1039 2696 1147 2752 fuit
1178 2700 1492 2768 postquam
1542 2697 1718 2750 fidem

110 2783 283 2839 Christi
332 2787 617 2857 suscepit;
677 2802 749 2840 ex
806 2802 918 2839 una
949 2800 1013 2840 re
1045 2802 1219 2856 quam
1260 2786 1418 2854 fecit,
1452 2789 1720 2855 patenter

103 2875 284 2927 cunctis
311 2875 577 2929 innotuit.
603 2873 864 2939 Quodam
883 2879 1167 2944 tempore,
1188 2877 1501 2945 postquam
1515 2874 1719 2944 pacifi-

103 2964 232 3014 catus
259 2967 341 3017 est
368 2980 499 3018 cum
530 2979 682 3034 rege
706 2963 991 3031 Franeize,
1024 2963 1331 3017 venientes
1364 2963 1433 3016 ad
1458 2978 1590 3016 eum
1624 2962 1722 3016 lio-

104 3050 252 3106 mines
298 3052 674 3123 Rothomagi,
735 3055 1040 3121 coeperunt
1093 3068 1226 3106 eum
1284 3067 1497 3123 rogare
1545 3054 1606 3105 ut
1649 3051 1720 3106 de

102 3136 303 3194 Francia
344 3140 569 3197 faceret
590 3155 805 3211 corpus
831 3140 1020 3195 sancti
1042 3141 1548 3209 Audoeniredire,
1567 3140 1723 3210 quod

100 3233 291 3297 propter
318 3231 592 3286 timorem
626 3229 759 3299 ejus
800 3229 940 3284 illuc
964 3229 1100 3283 olim
1150 3229 1340 3283 fuerat
1376 3229 1723 3283 translatum

102 3317 348 3387 antiquam
405 3321 676 3390 cepisset
729 3318 1234 3372 Northmanniam.
1272 3340 1293 3365 α
1348 3318 1598 3385 Tristes,
1633 3317 1725 3370 in-

101 3404 287 3475 quiunt,
338 3412 391 3462 et
448 3409 702 3462 multum
760 3407 1027 3461 dolentes
1059 3422 1288 3473 sumus,
1324 3407 1481 3477 quod
1512 3406 1597 3460 sic
1629 3422 1727 3459 ar-

101 3489 496 3567 chiepisc0pnm
528 3500 808 3550 nostrum
838 3495 1226 3566 perdidimus.
1264 3515 1287 3545 »
1323 3496 1449 3549 Hoc
1482 3496 1728 3550 audiens

98 3593 260 3638 comes
290 3586 595 3641 mandavit
643 3586 775 3657 regi
834 3583 1098 3639 Franciae
1129 3589 1190 3639 ut
1237 3585 1290 3639 ei
1317 3585 1728 3654 presbyterum

1820 2252 2007 2306 laneis
2039 2252 2307 2306 vestibus
2338 2255 2394 2307 et
2411 2253 2586 2307 nudis
2608 2253 2860 2323 pedibus
2875 2269 3008 2308 cum
3031 2269 3101 2309 eo
3118 2255 3191 2308 ad
3213 2260 3485 2312 sanctum

1819 2340 2147 2394 Audoenun
2178 2343 2521 2412 pergerent,
2546 2338 2797 2412 ejusque
2811 2342 3085 2411 pietatem
3107 2357 3281 2413 quam
3304 2344 3485 2400 devo-

1818 2428 1937 2482 tius
1971 2432 2219 2490 posscnt
2239 2432 2555 2483 exorarent
2579 2433 2869 2500 quatenus
2893 2431 2962 2485 ad
2988 2431 3267 2487 stultitias
3281 2447 3486 2488 eorum

1818 2517 1913 2572 vel
1944 2518 2343 2589 negligentias
2373 2534 2490 2572 non
2519 2518 2866 2590 respiceret,
2902 2521 3009 2575 sed
3041 2522 3331 2592 propitius
3366 2522 3487 2578 illis

1819 2609 2000 2676 esset,
2043 2622 2229 2678 seque
2289 2608 2360 2661 de
2418 2607 2516 2661 illo
2547 2608 2677 2662 loco
2709 2608 2781 2663 ad
2822 2609 3136 2676 civitatem,
3172 2610 3274 2666 ubi
3302 2611 3492 2666 archi-

1821 2695 2140 2765 episcopus
2166 2694 2375 2764 fuerat,
2410 2696 2719 2751 transferri
2751 2699 3130 2767 permitteret.
3165 2699 3329 2755 Tune
3360 2700 3491 2772 ipse

1821 2783 1938 2837 dux
1955 2784 2363 2853 primus,sieut
2385 2786 2618 2840 caeteris
2634 2787 3088 2857 praeceperat,in
3110 2787 3301 2844 laneis
3315 2791 3497 2847 vesti-

1822 2873 1935 2926 bus
1967 2877 2022 2926 et
2040 2873 2214 2927 nudis
2234 2874 2488 2943 pedibus
2507 2890 2697 2946 usque
2716 2874 2788 2929 ad
2810 2876 3007 2930 villam
3032 2877 3089 2931 in
3111 2893 3225 2948 qua
3243 2883 3492 2934 sanctus

1824 2960 2145 3015 Audoenus
2167 2966 2291 3015 erat
2313 2964 2603 3032 pervenit.
2637 2961 2762 3027 Quo
2794 2980 2924 3018 cum
2945 2967 3339 3038 pervenisset,
3354 2983 3493 3037 prec

1822 3050 1983 3103 tinus
2037 3066 2169 3103 cum
2220 3051 2375 3103 omni
2406 3066 2479 3121 po
2509 3051 2647 3121 pulo
2698 3052 2799 3122 qui
2831 3069 2963 3106 eum
2994 3069 3062 3108 eo
3107 3058 3251 3125 erat,
3293 3069 3496 3110 coram

1826 3138 2046 3193 feretro
2080 3138 2213 3209 ejus
2245 3141 2583 3208 prostratus
2614 3140 2743 3194 haec
2794 3141 3014 3195 orando
3067 3141 3245 3198 dixit:
3281 3143 3495 3200 Sancte

1829 3228 2130 3295 Audeone,
2166 3226 2319 3282 bene
2356 3228 2810 3299 archiepiscope
2842 3234 2897 3284 et
2927 3230 3210 3286 advocate
3269 3236 3493 3303 noster,

1830 3316 2141 3385 permittite
2154 3316 2274 3385 (aL,
2292 3317 2584 3387 permitte)
2604 3334 2821 3388 corpus
2835 3322 3099 3373 vestrum
3116 3321 3189 3374 ad
3203 3321 3499 3377 civitatem

1830 3405 2162 3473 transferri,
2188 3405 2284 3459 ubi
2306 3406 2586 3476 praesulis
2605 3405 2801 3462 officio
2833 3407 3073 3463 functus
3102 3408 3303 3464 fuistis
3322 3412 3379 3466 et
3397 3426 3500 3465 sa-

1833 3509 1966 3546 cras
2022 3493 2467 3548 benedictiones
2519 3495 2744 3565 sacpius
2814 3495 3063 3551 fecistis.
3127 3496 3199 3553 Et
3253 3513 3366 3570 ego
3424 3499 3501 3555 do

1835 3581 2108 3636 ecclesiae
2136 3585 2356 3636 vestrae
2389 3587 2444 3637 et
2467 3583 2639 3637 vobis
2670 3586 2887 3639 terram
2912 3589 3089 3640 totam
3118 3603 3252 3658 quae
3269 3587 3504 3660 adjacet

98 3682 235 3725 suum
260 3675 570 3739 redderet;
605 3674 761 3743 quod
794 3673 848 3728 si
875 3688 992 3728 non
1022 3674 1264 3743 faceret,
1306 3673 1513 3744 procul
1548 3672 1726 3726 dubio
1758 3692 1808 3751 Ο
1836 3672 1908 3725 ab
1941 3671 2053 3725 isto
2085 3670 2215 3725 loco
2246 3687 2436 3741 usque
2477 3672 2548 3725 ad
2584 3674 2799 3727 mcenia
2837 3674 3113 3730 civitatis.
3147 3676 3312 3731 Tune
3359 3692 3499 3732 con-

95 3759 241 3815 sciret
283 3764 435 3834 quod
478 3763 647 3818 nullo
696 3762 870 3817 modo
926 3778 1058 3817 cum
1119 3762 1214 3816 illo
1272 3777 1475 3832 pacem
1508 3761 1725 3815 habere

95 3853 280 3913 posset.
318 3852 445 3907 Rex
475 3854 677 3906 autem
709 3849 974 3905 Franciae
1005 3850 1216 3904 nolens
1243 3851 1297 3904 ei
1327 3851 1398 3905 de
1431 3851 1537 3904 hac
1571 3866 1634 3904 re
1654 3851 1731 3904 fa-

95 3948 202 3990 cere
250 3940 587 4009 nolestiam,
648 3939 902 3993 reddidit
958 3938 1011 3992 ei
1061 3939 1215 3993 sicut
1269 3938 1522 4009 petebat,
1556 3954 1731 3993 suum

92 4026 486 4097 presbyterum.
524 4029 660 4083 Dux
680 4043 821 4081 vero
851 4027 1132 4098 praecepit
1163 4031 1222 4081 ut
1251 4026 1387 4081 inde
1420 4027 1733 4083 reducere-

96 4114 168 4165 tur
192 4130 396 4187 corpus
420 4118 621 4173 sancti
657 4116 943 4185 Audoeni,
977 4132 1223 4186 suaeque
1255 4115 1601 4170 redderetur
1630 4131 1731 4169 ec-

93 4201 279 4273 clesiae,
312 4207 468 4261 unde
504 4206 701 4260 fuerat
729 4208 1114 4275 asportatum.
1152 4204 1424 4259 Monachi
1454 4220 1599 4276 ergo
1633 4204 1735 4274 qui

94 4295 337 4349 custodes
358 4296 498 4366 ejus
534 4294 794 4364 fuerunt,
829 4294 965 4348 dum
994 4293 1052 4347 in
1088 4293 1333 4347 Francia
1365 4293 1492 4355 fuit,
1528 4309 1737 4361 repor-

90 4380 326 4438 taverunt
356 4385 507 4439 illud
533 4399 726 4454 usque
776 4384 849 4437 ad
880 4382 1191 4453 quamdam
1221 4382 1426 4436 villam
1457 4382 1529 4435 ad
1563 4397 1733 4448 unam

96 4464 292 4538 leugam
324 4472 398 4526 ab
413 4473 569 4526 urbe
594 4469 1082 4541 Rothomagensi.
1106 4468 1270 4533 Quod
1290 4485 1420 4523 cum
1446 4468 1736 4539 pervinis-

92 4562 220 4627 sent,
252 4577 365 4616 non
396 4576 611 4631 parum
644 4560 715 4614 de
745 4560 839 4613 via
873 4558 1078 4613 lassati
1126 4562 1468 4612 manserunt
1522 4557 1737 4611 ibidem

92 4642 169 4697 illa
198 4653 380 4719 nocte,
416 4654 482 4704 ut
518 4663 688 4703 mane
719 4651 1060 4719 surgentes,
1096 4647 1148 4701 si
1176 4650 1442 4717 possent,
1469 4650 1738 4700 sanctum

91 4731 410 4792 Audoenum
442 4738 521 4791 ad
551 4752 725 4790 suum
748 4736 942 4791 locum
965 4739 1351 4806 reportarent.
1377 4734 1520 4789 Cum
1543 4735 1737 4805 itaque

92 4836 236 4878 mane
268 4828 621 4899 surgerent,
647 4841 901 4896 eumque
937 4825 1008 4878 ad
1039 4825 1330 4879 civitatem
1360 4828 1594 4894 portare
1611 4822 1739 4877 vel-

94 4906 212 4982 lent,
242 4915 405 4969 nullo
445 4914 627 4969 modo
675 4917 1007 4984 potuerunt.
1042 4914 1204 4968 'I‘unc
1237 4913 1440 4967 tristes
1471 4911 1740 4966 monachi

92 5000 430 5074 nimiumque
447 5004 722 5057 dolentes
740 5003 812 5057 de
831 5003 943 5057 hoc
956 5003 1111 5072 quod
1132 5002 1249 5056 illis
1266 5001 1558 5057 acciderat
1574 5016 1742 5054 man-

90 5084 353 5145 daverunt
375 5091 616 5145 civibus
645 5091 801 5162 quod
826 5091 1015 5145 sancti
1045 5090 1318 5145 Audoeni
1346 5106 1564 5160 corpus
1584 5089 1743 5144 nullo

91 5179 239 5233 modo
266 5185 548 5251 poterant
574 5195 812 5234 movere
834 5179 907 5233 de
940 5179 1071 5234 loco
1099 5180 1199 5234 illo
1229 5179 1329 5233 ubi
1351 5180 1619 5249 jacuerat
1650 5178 1746 5232 illa

91 5270 261 5321 nocte.
281 5268 457 5333 Quod
474 5285 604 5322 cum
620 5268 837 5336 comiti,
860 5269 960 5339 qui
982 5273 1119 5322 tunc
1140 5268 1293 5338 apud
1316 5268 1747 5339 Rothomagum

90 5360 215 5424 erat,
240 5357 464 5411 fuisset
496 5357 839 5427 nuntiatum,
875 5358 1183 5427 respondit
1215 5357 1351 5427 quia
1382 5357 1588 5411 merito
1620 5356 1749 5410 haec

90 5444 371 5500 tribulatio
404 5446 485 5500 de
517 5461 761 5516 corpore
793 5446 977 5500 sancti
999 5445 1266 5500 Audoeni
1293 5446 1382 5500 eis
1409 5446 1745 5515 accidisset,

91 5533 230 5602 quia,
265 5535 316 5589 si
342 5538 513 5589 recte
560 5536 943 5606 cogitassent,
980 5549 1344 5605 sensumque
1384 5538 1609 5588 rectum
1643 5534 1749 5587 lia-

90 5616 377 5693 buissent,
414 5639 550 5677 cum
566 5625 954 5694 processione
977 5626 1031 5677 et
1062 5638 1196 5677 cum
1216 5637 1429 5693 magna
1442 5622 1754 5677 devotione

92 5704 166 5764 lili
192 5710 447 5768 obviare
482 5711 844 5772 debuissent.
879 5713 1027 5770 Post
1076 5712 1206 5769 haec
1233 5712 1521 5784 praecepit
1549 5724 1753 5768 comes

1835 3761 1996 3814 tinuo
2017 3774 2217 3813 comes
2236 3763 2293 3813 et
2314 3760 2565 3829 pepulos
2590 3761 2912 3817 submissis
2944 3763 3208 3820 humeris
3224 3765 3505 3823 feretrum

1835 3850 1896 3903 in
1925 3863 2038 3918 quo
2061 3850 2330 3901 sanctum
2351 3864 2568 3917 corpus
2587 3853 2729 3919 erat,
2753 3849 3027 3906 facillime
3059 3852 3374 3923 deportare
3392 3871 3508 3911 coe-

1837 3939 2063 4007 perunt,
2092 3940 2146 3989 et
2161 3936 2248 3990 sic
2266 3952 2457 4006 usque
2478 3937 2549 3990 ad
2573 3938 2890 3993 ecclesiam
2921 3955 3090 3994 suam
3110 3943 3437 4013 gaudentes
3450 3947 3508 4000 et

1840 4026 2169 4080 exultantes
2183 4025 2657 4094 deportaverunt.
2692 4025 2781 4080 Ex
2796 4027 2979 4099 hujus
3010 4030 3092 4084 rei
3108 4034 3323 4087 eventu
3337 4032 3508 4088 dixe-

1840 4117 1974 4169 runt
2004 4113 2241 4183 quidam
2288 4113 2445 4166 illam
2494 4113 2755 4168 villulam
2795 4115 3066 4187 Longum
3115 4118 3400 4190 Peanum,
3437 4136 3506 4176 eo

1843 4201 2212 4274 quodcomes
2244 4201 2380 4256 illuc
2413 4204 2527 4255 tam
2556 4202 2802 4274 longum
2823 4204 2936 4259 iter
2966 4205 3226 4261 nudibus
3254 4208 3510 4277 pedibus

1842 4291 2104 4346 fecisset.
2139 4290 2199 4345 Si
2230 4291 2364 4362 quis
2395 4291 2507 4345 hoc
2541 4290 2760 4346 factum
2791 4309 2908 4347 non
2938 4310 3075 4349 esse
3106 4295 3345 4368 signum
3382 4312 3511 4352 ma-

1842 4396 1975 4452 gnae
2025 4379 2369 4433 humilitatis
2400 4380 2635 4450 asserit,
2688 4381 2971 4437 deeodici
3009 4385 3515 4457 veraeiterpotest

1842 4469 1999 4540 quod
2029 4468 2166 4539 quid
2190 4470 2266 4522 sit
2298 4484 2506 4539 magna
2550 4469 2849 4524 humilitas
2880 4473 3090 4527 nescit.

1911 4556 2194 4621 Quiddam
2212 4571 2357 4611 vero
2381 4557 2537 4611 aliud
2553 4558 2969 4615 dicitureidem
2995 4562 3191 4616 comiti
3209 4562 3514 4619 accidisse

1843 4661 1912 4701 eo
1934 4649 2198 4714 tempore
2248 4661 2364 4717 quo
2414 4647 2667 4716 primum
2695 4649 3040 4717 paciﬁcatus
3084 4654 3178 4705 est
3206 4667 3340 4706 cum
3371 4666 3516 4724 rege

1844 4734 2132 4788 Francite.
2149 4733 2407 4799 Quadam
2422 4735 2514 4790 die
2529 4736 2664 4790 dum
2680 4741 2841 4791 esset
2853 4737 3006 4792 idem
3020 4738 3141 4793 dux
3158 4739 3310 4809 apud
3325 4739 3517 4796 Rotho

1842 4838 2080 4893 magum
2092 4822 2163 4875 ad
2178 4837 2490 4892 vesperam
2503 4824 2692 4894 ipsius
2706 4825 2820 4880 diei
2835 4826 3068 4880 stabant
3091 4827 3326 4897 plurimi
3340 4828 3522 4882 homi-

1846 4928 1954 4966 nes
1967 4914 2098 4965 ante
2117 4911 2323 4965 domos
2340 4928 2504 4982 suas,
2522 4929 2654 4984 quae
2669 4913 2862 4985 erantj
2873 4918 3010 4969 uxta
3022 4914 3209 4986 ripam
3223 4914 3521 4988 Sequanae

1848 4999 1973 5054 Illic
2004 5014 2144 5053 vero
2187 5016 2318 5053 cum
2367 5004 2591 5072 essent,
2640 5002 3024 5074 eamdemque
3062 5020 3273 5075 aquam
3290 5005 3520 5076 aspice-

1849 5092 2001 5158 rent,
2045 5088 2320 5143 viderunt
2380 5106 2559 5143 unum
2609 5092 2871 5162 equitum
2901 5095 3071 5147 trans
3118 5095 3524 5150 transeuntem

1810 5170 1821 5177 ”
1853 5193 2037 5247 super
2067 5191 2280 5247 aquam
2312 5181 2368 5231 et
2419 5194 2610 5249 usque
2643 5179 2716 5233 ad
2747 5195 2852 5234 eos
2884 5182 3348 5250 pervenientem.
3398 5183 3525 5239 Hac

1854 5282 1998 5337 ergo
2031 5265 2102 5319 de
2137 5282 2198 5319 re
2230 5282 2346 5320 non
2404 5282 2609 5336 parum
2657 5267 3068 5338 obstupefacti,
3106 5286 3241 5326 cum
3271 5272 3343 5327 ad
3390 5287 3526 5327 eum

1854 5355 2251 5424 pervenisset,
2288 5358 2594 5425 coeperunt
2624 5355 2923 5427 inquirere
2955 5358 3026 5412 ab
3058 5374 3126 5413 eo
3172 5361 3307 5432 quis
3338 5364 3525 5432 esset,

1858 5442 1950 5495 vel
1981 5443 2133 5497 unde
2164 5442 2413 5497 veniret.
2446 5443 2547 5497 Ille
2603 5458 2745 5498 vero
2790 5448 3192 5515 respondens:
3221 5472 3243 5498 α
3295 5449 3523 5505 Videtis

1857 5530 2048 5601 inquit
2078 5531 2233 5602 quod
2257 5546 2370 5603 ego
2408 5547 2563 5586 unus
2596 5532 2771 5588 homo
2795 5550 2948 5589 sum.
2987 5535 3057 5590 Et
3078 5536 3253 5594 hodie
3283 5540 3530 5595 multum

1858 5635 2028 5675 mane
2052 5620 2312 5676 discessi
2343 5621 2415 5676 de
2441 5622 2648 5676 Retnis
2667 5621 2727 5677 in
2750 5622 3071 5693 Britannia,
3088 5627 3367 5682 Abrineis
3386 5643 3529 5683 vero

1860 5708 1934 5766 ad
1955 5711 2186 5766 sextam
2207 5709 2421 5768 horam
2443 5711 2694 5785 comedi,
2747 5712 2821 5770 ad
2856 5729 3168 5788 vesperam
3199 5716 3390 5772 autem
3412 5714 3527 5772 huc
