3940 6174
476 287 592 351 911
633 281 1074 346 WILLELMI
1123 278 1484 341 CALCULI
1518 274 1904 337 GEMMET.
1953 271 2374 337 MONACHI.
2430 305 2507 315 —
2538 267 2944 332 HISTORIA
2991 263 3694 329 NOBTHMANNORUM
3725 267 3810 330 912

476 504 687 558 usque,
714 482 1115 548 sieutvidetis,
1137 479 1399 550 perveni.
1426 476 1564 530 Etsi
1584 476 1864 530 mihinon
1897 473 2139 526 creditis
2167 456 2215 515 Α
2268 485 2412 524 norc
2469 467 2664 523 comiti
2706 467 3171 521 Northmanniae.
3211 464 3281 518 Et
3327 464 3462 518 nihil
3514 464 3644 518 aliud
3674 464 3818 518 differt

476 579 576 646 ite,
609 579 666 630 et
694 576 751 628 in
785 574 957 626 domo
977 571 1031 622 in
1047 586 1158 640 qua
1173 582 1430 638 pransus
1452 581 1603 634 sum,
1632 563 1928 617 cultellum
1946 577 2140 615 meum

453 681 650 737 quem
702 664 782 717 ibi
863 661 1201 732 ignoranter
1255 656 1472 723 dimisi,
1525 653 1915 707 invenietis.»
1977 651 2142 704 Tunc

473 754 902 809 mandaverunt
917 748 1130 812 comiti,
1153 746 1272 817 qui,
1291 746 1446 798 sicut
1468 743 1608 808 dixi,
1626 746 1764 796 tunc
1784 744 1907 794 crat
1929 741 1987 793 in
2006 739 2144 792 civi-

480 847 618 912 tate,
653 843 723 894 de
755 841 853 893 illo
886 837 1121 891 homine
1148 835 1248 905 qui
1278 833 1366 886 sic
1399 831 1711 886 transierat
1737 845 1919 898 super
1956 844 2144 898 aquas

482 931 618 986 sine
643 929 759 982 ulla
789 925 1053 980 laesione.
1087 923 1299 977 Comes
1336 935 1478 974 vero
1509 935 1630 972 rem
1655 918 1902 971 audiens
1938 915 2143 968 insue-

495 1023 634 1086 tam,
673 1015 971 1070 mandavit
1004 1013 1055 1066 ei
1101 1014 1163 1063 ut
1211 1010 1325 1062 sibi
1364 1009 1708 1078 loqueretur
1738 1007 2047 1074 antequam
2081 1017 2144 1055 re

480 1108 734 1163 cederet.
753 1105 916 1158 Tunc
935 1102 1030 1154 ille
1053 1098 1417 1153 remandavit
1437 1096 1630 1149 comiti
1651 1094 1787 1164 quia
1806 1093 1863 1146 in
1893 1091 2148 1146 crastino

481 1212 616 1252 eum
629 1209 822 1264 usque
836 1192 903 1245 ad
919 1190 1166 1260 primam
1183 1188 1556 1256 exspectaret
1568 1183 1804 1237 .Verum
1823 1183 1878 1235 in
1893 1179 2152 1234 crastino

480 1301 652 1339 mane
680 1297 941 1352 surgens
958 1279 1111 1332 viam
1146 1293 1314 1330 suam
1341 1275 1523 1329 tenuit
1557 1278 1611 1327 et
1633 1271 1776 1326 nihil
1809 1271 2042 1323 locutus
2065 1270 2156 1321 est

484 1373 717 1428 comiti.
742 1371 955 1424 Comes
988 1384 1130 1421 vero
1163 1371 1223 1419 ut
1256 1363 1655 1418 audivitillum
1689 1363 1762 1414 ita
1795 1358 2152 1423 recessisse,

480 1463 625 1516 dixit
647 1477 778 1514 cum
793 1459 1096 1512 mentitum
1121 1470 1278 1522 esse,
1305 1458 1360 1507 et.
1383 1453 1510 1506 ideo
1535 1454 1739 1521 putare
1760 1465 1890 1502 eum
1919 1444 2158 1516 aliquod

477 1550 765 1604 fantasma
783 1564 941 1614 esse,
959 1545 1113 1616 quod
1136 1544 1220 1596 sic
1237 1559 1340 1597 eos
1359 1541 1651 1594 voluisset
1669 1538 1968 1592 deludere.
1985 1535 2151 1588 Tunc

483 1640 757 1693 dixerunt
789 1635 1026 1706 quidam
1046 1634 1144 1702 qui
1170 1630 1482 1697 affuerunt,
1517 1629 1675 1699 quia,
1701 1628 1854 1681 sicut
1873 1627 1961 1680 eis
1995 1623 2160 1676 vide-

478 1727 674 1792 batur,
709 1741 826 1778 non
877 1725 928 1776 ei
960 1721 1237 1774 mentitus
1299 1723 1500 1785 esset;
1534 1717 1668 1787 quia
1712 1731 1828 1770 non
1861 1715 1932 1767 de
1972 1711 2154 1783 prima

2258 559 2483 627 (distat)
2515 557 2666 611 inter
2686 555 2935 622 eos,nisi
2968 554 3122 624 quod
3152 553 3592 623 homagiumnon
3616 552 3723 605 facit
3743 570 3818 606 rex

2261 647 2531 702 Francia:
2583 645 2782 698 comiti
2826 641 3286 711 Northmanniae,
3311 642 3457 694 sicut
3472 657 3646 694 comes
3661 641 3822 694 North-

2259 737 2506 790 mannize
2543 735 2668 806 regi
2700 732 2967 787 Franciae
3001 731 3158 785 facit.
3193 731 3354 784 Hanc
3383 730 3671 784 libertatem
3701 732 3823 799 aqui-

2263 845 2532 898 siverunt
2553 845 2690 894 tunc
2722 840 2865 892 Dani
2890 838 3232 908 parentibus
3263 837 3388 891 suis
3417 835 3694 889 comitibus
3717 835 3826 888 Nor-

2261 930 2600 986 thmanniae.

2334 1019 2417 1072 De
2473 1017 2766 1072 Richardo
2816 1017 2932 1072 filio
2989 1017 3162 1088 primi
3221 1013 3489 1068 Richardi
3518 1013 3698 1066 dicitur
3720 1012 3827 1081 quod

2265 1108 2458 1162 fuerat
2488 1111 2656 1176 pater
2685 1108 2892 1176 patriae
2923 1109 2979 1160 et
3008 1106 3262 1159 maxime
3312 1101 3708 1156 monachorum.
3733 1101 3831 1152 Toto

2266 1197 2419 1250 enim
2439 1201 2702 1266 tempore
2721 1195 2856 1266 ejus
2879 1195 3197 1250 abundavit
3214 1190 3617 1247 Northmannia
3631 1187 3832 1241 omnibus

2265 1283 2460 1354 bouis,
2487 1288 2542 1338 et
2585 1289 2739 1338 tanta
2779 1301 2893 1354 pax
2930 1284 3036 1338 fuit
3065 1285 3125 1336 in
3155 1280 3565 1337 Northmanuia
3591 1277 3702 1345 ejus
3737 1283 3832 1330 tem-

2267 1389 2430 1444 pore,
2464 1378 2730 1442 utneque
2761 1375 2934 1428 etiam
2966 1371 3294 1426 carrucarii
3327 1371 3396 1422 de
3427 1367 3630 1435 campis
3649 1366 3750 1418 suis
3771 1380 3833 1416 au-

2269 1463 2473 1516 derent
2508 1462 2858 1515 ferramenta
2889 1477 3082 1514 currae
3113 1459 3185 1512 ad
3217 1473 3361 1512 suas
3377 1457 3570 1509 domos
3591 1457 3831 1523 reportare.

2270 1551 2340 1604 Et
2370 1551 2420 1603 si
2451 1550 2625 1602 alicui
2647 1550 2832 1603 furata
2866 1549 3138 1614 fuissent,
3163 1549 3519 1616 praeceperat
3546 1557 3713 1596 comes
3735 1544 3776 1592 ut
3789 1540 3834 1590 ad

2270 1654 2403 1694 eum
2435 1639 2680 1706 veniret,
2708 1637 3059 1708 etquidquid
3075 1635 3226 1689 furto
3257 1633 3614 1704 perdidisset,
3635 1631 3737 1698 ipse
3783 1643 3834 1680 ex

2272 1729 2504 1798 integro
2521 1730 2698 1780 totum
2715 1727 3008 1781 redderet.
3025 1724 3257 1778 Accidit
3275 1738 3419 1793 ergo
3437 1719 3694 1792 quoddam
3705 1716 3834 1768 simile

480 1815 734 1881 οοῐῐιίίίεν
771 1813 877 1865 50d
910 1811 980 1864 de
1001 1810 1307 1878 sual’l'imu
1326 1805 1758 1861 eimandasset-
1781 1802 1982 1856 Prima
2004 1801 2158 1855 enim
2197 1825 2244 1886 Β
2273 1816 2332 1870 in
2363 1816 2522 1869 illius
2552 1819 2812 1884 tempore
2848 1813 3002 1867 facto
3044 1813 3279 1866 cuidam
3317 1810 3466 1862 atavi
3513 1807 3596 1860 sui
3627 1804 3834 1859 llollonis.

483 1903 618 1973 ejus
651 1903 832 1954 multo
867 1899 1040 1952 citius
1070 1898 1446 1965 fueratquam
1471 1895 1656 1964 prima
1673 1893 1926 1959 comitis,
1951 1890 2158 1944 etideo

483 2007 691 2045 verum
727 1990 832 2043 fuit
855 1987 1011 2058 quod
1043 1987 1204 2038 dixit.
1242 1985 1386 2038 Dum
1421 1989 1614 2036 tamen
1667 1982 1724 2034 in
1757 1981 1848 2032 illa
1887 1980 2058 2032 nocte
2092 1975 2163 2030 ad

482 2079 682 2134 focum
706 2077 959 2145 hospitis
995 2075 1088 2127 sui
1121 2074 1376 2138 sederet,
1413 2071 1577 2125 etille
1610 2070 1680 2123 de
1697 2069 1896 2122 multis
1921 2067 2162 2122 elimin-

485 2169 836 2237 terrogaret,
874 2168 928 2218 et
962 2163 1207 2216 maxime
1245 2161 1315 2214 de
1354 2160 1450 2213 illo
1494 2160 1726 2226 comite,
1765 2159 1818 2211 si
1850 2154 2161 2227 generatio

487 2257 587 2311 illa
627 2257 726 2310 diu
760 2257 1049 2317 maneret;
1091 2250 1394 2320 respondit
1436 2249 1588 2301 illam
1647 2247 1866 2300 diutius
1900 2258 2164 2312 manere,

489 2345 842 2414 illorumque
889 2343 1160 2394 ducatum
1197 2353 1388 2408 usque
1419 2337 1488 2390 ad
1529 2337 1835 2406 septimam
1864 2333 2167 2405 generatio

487 2449 620 2488 nem
657 2433 906 2486 viriliter
935 2431 1170 2484 durare.
1190 2428 1334 2481 Cum
1359 2428 1549 2497 itaque
1571 2426 1790 2494 hospes
1818 2423 2169 2494 inquisisset

490 2523 631 2595 quid
670 2523 809 2592 post
851 2521 1156 2588 septimam
1202 2517 1638 2588 generationem
1671 2515 1928 2568 futurum
1981 2515 2163 2576 esset,

490 2611 638 2668 nihil
687 2609 870 2664 voluit
928 2607 1330 2677 respondere;
1379 2604 1482 2658 sed
1515 2606 1586 2657 de
1619 2601 1978 2672 unolignulo
2013 2599 2169 2670 quod

493 2716 668 2754 manu
707 2697 960 2764 tenebat,
1000 2696 1175 2765 coepit
1215 2711 1319 2763 per
1353 2697 1584 2747 cineres
1629 2691 1744 2745 foci
1771 2690 1942 2760 quasi
1967 2690 2171 2743 sulcos

494 2789 714 2844 facere.
737 2786 806 2840 Et
833 2801 966 2838 cum
984 2785 1206 2852 hospes
1241 2799 1388 2836 suus
1413 2783 1793 2835 vehementer
1823 2779 2019 2833 abillo
2043 2778 2172 2832 exi-

494 2880 662 2950 geret
683 2875 822 2946 quid
846 2879 980 2944 post
1010 2874 1320 2942 septimam
1350 2869 1790 2942 generationem
1825 2867 2070 2935 veniret,
2099 2867 2170 2920 de

497 2966 598 3021 illo
628 2965 856 3036 lignulo
889 2963 1046 3034 quod
1071 2978 1242 3015 manu
1273 2961 1524 3027 tenebat,
1561 2958 1935 3012 commiscuit
1968 2957 2174 3010 sulcos

507 3071 658 3128 quos
690 3055 747 3109 in
790 3053 1092 3108 cineribus
1141 3051 1381 3105 fecerat.
1437 3048 1525 3101 Ex
1564 3063 1678 3118 quo
1727 3046 1991 3100 arbitrati
2037 3047 2178 3099 sunt

507 3143 667 3214 quod
699 3145 834 3212 post
865 3141 1173 3210 septimam
1211 3137 1646 3209 generationem
1669 3135 1763 3188 ille
1793 3135 2042 3187 ducatus
2078 3133 2177 3188 vel

503 3231 803 3298 deficeret,
837 3230 930 3284 vel
963 3244 1210 3300 magnas
1228 3229 1525 3296 pateretur
1542 3224 1956 3277 dissensiones
1987 3225 2042 3275 et
2074 3220 2178 3273 tri-

405 3377 414 3389 ,
501 3320 858 3376 bulationes.
895 3317 1058 3381 Quod
1082 3331 1192 3369 nos
1212 3314 1334 3384 jam
1367 3330 1438 3367 cx
1466 3329 1674 3384 magna
1694 3315 1858 3380 parte
1879 3309 2176 3378 impletum

502 3408 798 3476 videmus,
831 3406 930 3477 qui
965 3404 1220 3458 Henrico
1235 3400 1696 3473 regi,quihujus
1720 3399 2012 3468 prosapiae
2047 3399 2178 3452 loco

506 3497 796 3566 septimus
823 3495 1011 3548 fuisse
1025 3493 1480 3557 demonstratur,
1499 3488 1964 3558 superviximus.
2007 3487 2178 3541 Rollo

507 3585 664 3640 enim
724 3582 910 3652 hujus
961 3579 1332 3651 genealogis:
1393 3577 1620 3646 primus
1662 3576 1788 3630 fuit.
1841 3576 2180 3630 \N’illclmus

508 3673 892 3742 Longaspata
924 3669 1080 3722 ﬁlius
1123 3666 1278 3738 ejus,
1321 3667 1643 3720 secundus.
1679 3665 2016 3718 llichardus
2036 3680 2180 3720 vero

512 3759 696 3830 hujus
729 3758 1014 3812 \Villelmi
1047 3757 1224 3824 filius,
1272 3755 1501 3810 tertius.
1544 3753 1876 3808 llichardus
1909 3769 2048 3809 vero
2083 3754 2183 3808 lii-

515 3849 724 3903 chardi
775 3848 895 3901 filiu
915 3863 966 3916 s,
1019 3849 1287 3916 quartus.
1342 3844 1636 3898 Robertus
1683 3844 1840 3897 filius
1883 3843 2181 3912 llichardi,

518 3943 802 4010 quontus.
839 3935 1179 3990 \Villelmus
1220 3934 1376 3987 filius
1414 3933 1679 4002 Itiiberti,
1705 3933 1804 4003 qui
1835 3949 1952 3987 non
1993 3931 2184 3985 solum

515 4025 1024 4092 Northmanniam,
1069 4024 1174 4076 sed
1234 4023 1408 4076 etiam
1450 4023 1722 4093 Angliam
1779 4021 2070 4091 possedit,
2127 4019 2184 4073 in

517 4119 686 4171 sexto
711 4115 1027 4169 successit.
1046 4113 1188 4167 Post
1210 4112 1375 4165 illum
1395 4111 1451 4164 in
1475 4112 1724 4181 septimo
1744 4111 1935 4183 gradu
1953 4110 2188 4164 fuerunt

523 4205 625 4260 filii
679 4203 834 4275 ejus,
879 4219 952 4258 ex
991 4203 1208 4274 quibus
1259 4202 1425 4255 solus
1469 4201 1764 4254 Henricus
1810 4200 1880 4253 ad
1924 4198 2188 4252 ultimum

519 4293 1006 4350 Northmanniam
1020 4297 1074 4346 et
1089 4291 1359 4362 Angliam
1375 4289 1642 4359 possedit
1658 4303 1846 4358 usque
1860 4288 1933 4341 ad
1947 4291 2191 4355 mortem

590 4383 656 4437 In
715 4381 1031 4436 concordia
1091 4397 1223 4451 quae
1292 4379 1440 4432 facta
1487 4383 1577 4433 est
1633 4379 1784 4432 inter
1823 4377 2088 4430 Francos
2138 4379 2194 4430 et

523 4472 968 4527 Northmannos
983 4473 1242 4538 tempore
1258 4468 1426 4538 primi
1447 4467 1746 4535 Richardi,
1773 4481 1905 4519 cum
1925 4465 2193 4519 redditus

2273 1905 2418 1959 Cum
2449 1903 2604 1958 enim
2633 1901 3226 1972 audissctcujusdam
3249 1897 3560 1953 carrucarii
3580 1911 3702 1948 uxor
3718 1893 3837 1945 inter-

2275 1993 2492 2046 dictum
2525 1991 2714 2058 ducis,
2736 1991 2986 2060 quadam
3001 1990 3092 2043 die
3125 1988 3317 2042 furata
3350 1990 3436 2038 est
3468 1984 3686 2038 cultrum
3713 1985 3752 2033 et
3775 1995 3836 2032 γοι

2281 2097 2500 2135 merem
2531 2080 2740 2144 aratri;
2766 2079 3018 2148 probare
3058 2078 3271 2132 volens
3321 2074 3458 2146 quid
3487 2091 3556 2128 ex
3583 2073 3678 2126 hoc
3703 2083 3837 2123 comes

2283 2173 2502 2240 ageret.
2540 2169 2822 2222 llusticus
2851 2183 2992 2222 vero
3011 2167 3066 2219 in
3091 2165 3354 2220 crastino
3380 2163 3607 2217 veniens
3625 2159 3683 2212 ad
3700 2174 3838 2210 cari-.1-

2281 2275 2406 2312 eam
2433 2273 2620 2327 suam,
2645 2260 2701 2311 et
2717 2256 2993 2310 utensilia
3023 2271 3131 2309 sua
3162 2269 3283 2308 non
3315 2251 3629 2315 inveniens,
3667 2242 3836 2300 venitad

2282 2349 2574 2414 comitem,
2599 2345 2771 2414 eique
2802 2345 2998 2399 retulit
3027 2343 3182 2413 quod
3201 2343 3320 2396 sibi
3345 2336 3749 2394 accidisset.Cui
3766 2333 3840 2384 dux

2275 2435 2463 2506 jussit
2493 2435 2618 2488 dari
2648 2433 2923 2487 denarios
2945 2433 3101 2488 unde
3117 2433 3330 2501 posset
3348 2431 3604 2484 damnum
3627 2436 3837 2494 repaiars.

2282 2524 2382 2578 Ille
2413 2524 2608 2594 itaque
2640 2523 2875 2576 rediens
2910 2521 3168 2587 domum,
3222 2518 3423 2574 retulit
3449 2515 3603 2572 uxori
3633 2507 3838 2580 sumque-1

2283 2613 2334 2666 ei
2371 2627 2570 2665 comes
2596 2612 2952 2664 ferissetcui
2983 2610 3108 2662 illa:
3140 2629 3162 2658 ι
3191 2608 3368 2662 Modo
3408 2607 3609 2660 bonum
3633 2604 3723 2664 est,
3756 2597 3840 2666 quia

2284 2704 2340 2754 et
2371 2701 2496 2770 ipse
2527 2700 2802 2753 denarios
2837 2702 2891 2752 et
2919 2698 3076 2768 quod
3106 2697 3446 2767 perdiderat
3467 2696 3584 2764 ipsa
3611 2689 3837 2744 habere!»

2285 2788 2410 2852 Quo
2441 2789 2661 2857 audito,
2695 2803 2767 2842 ne
2798 2787 3112 2842 infideliter
3140 2789 3368 2856 ageret,
3390 2779 3679 2852 reportavit
3715 2771 3842 2828 comiti

2287 2877 2584 2930 deinarios
2603 2891 2754 2947 quos
2773 2876 2825 2930 ei
2842 2875 3102 2940 dederat,
3120 2875 3294 2944 eique
3309 2873 3500 2928 retulit
3519 2868 3641 2940 quid
3657 2881 3739 2919 sua
3749 2875 3844 2914 uxor

2287 2967 2550 3020 fecisset.
2575 2965 2787 3019 Comes
2819 2980 2960 3018 vero
2992 2964 3259 3018 retinens
3293 2961 3451 3015 illum
3482 2957 3734 3028 aliquanto
3755 2955 3846 3003 tem-
3884 3011 3885 3014 η

2286 3069 2451 3125 pore,
2487 3053 2647 3107 misit
2675 3057 2731 3106 et
2775 3052 3056 3122 praecepit
3112 3054 3174 3105 ut
3228 3050 3406 3105 uxori
3436 3048 3561 3119 ejus
3589 3041 3845 3100 cruerentut'

2243 3173 2263 3210 ς
2289 3124 2445 3198 eculi
2461 3145 2704 3212 propter
2722 3141 2939 3196 furtum
2953 3139 3110 3211 quod
3127 3139 3376 3194 fecerat.
3398 3137 3536 3192 Cum
3557 3135 3720 3203 itaque
3733 3124 3846 3181 rusti-

2290 3248 2397 3286 cus
2429 3231 2666 3285 domum
2699 3230 2935 3298 rediret,
2957 3229 3271 3284 inveniens
3296 3243 3529 3282 uxorem
3559 3214 3846 3277 suammerita

2289 3337 2462 3390 poena
2483 3321 2838 3388 mulctatam,
2870 3334 3004 3372 cum
3033 3317 3440 3388 indignatione
3454 3312 3586 3368 dixit
3611 3311 3677 3364 ei:
3703 3330 3719 3353 α
3761 3299 3847 3356 ΝοῘί

2288 3409 2540 3478 amplius
2572 3409 2776 3477 furari,
2801 3411 2858 3462 et
2886 3407 3094 3462 amodo
3127 3407 3297 3460 disce
3328 3405 3634 3460 observare
3665 3405 3846 3468 pmcep'

2289 3500 2344 3551 ta
2378 3497 2630 3552 comitis.
2666 3522 2687 3545 ιο

2363 3587 2473 3640 Hic
2503 3601 2704 3640 comes
2734 3584 2978 3640 multum
2994 3583 3296 3653 ampliavit
3315 3581 3491 3638 terris
3510 3581 3562 3636 et
3587 3566 3846 3633 ornamentis

2293 3675 2607 3730 ecclesiam
2631 3675 2928 3740 Fiscanni,
2945 3688 3118 3743 quam
3131 3675 3300 3742 pater
3326 3687 3471 3727 suus
3501 3668 3698 3739 primus
3713 3657 3846 3714 Richt-

2294 3765 2406 3819 dus
2441 3764 2850 3818 mdiﬁcaverat.
2886 3741 2979 3816 Ibi
3029 3741 3203 3816 etiam
3245 3765 3372 3815 erat
3400 3759 3599 3815 solitus
3627 3754 3724 3808 fere
3747 3741 3846 3800 οωηί

2293 3855 2557 3924 tempore
2588 3868 2756 3906 suam
2780 3851 3002 3904 curiam
3058 3851 3119 3903 in
3159 3849 3434 3904 Paschali
3464 3841 3772 3900 solemnitate
3793 3837 3844 3884 te-

2295 3957 2460 3997 nere.
2477 3941 2546 3994 Et
2574 3940 2888 4011 aliquando
2910 3940 2968 3992 in
2991 3939 3119 4008 ipsa
3143 3938 3509 3992 solemnitate
3531 3930 3846 4011 solebatunam

2297 4032 2472 4085 tinam
2495 4009 2722 4100 plenam
2741 4029 2935 4097 textis,
2957 4027 3367 4096 etthuribulis,
3401 4030 3454 4080 et
3485 4009 3849 4100 candelabrisﬁl

2299 4118 2651 4190 quibusdam
2671 4117 2803 4171 aliis
2835 4116 3214 4179 ornamentis,
3250 4119 3308 4169 et
3345 4113 3652 4182 coopertam
3679 4097 3848 4175 quodam

2298 4187 2518 4277 optimo
2541 4207 2738 4276 pallio,
2777 4205 2904 4275 ipse
2938 4207 2994 4258 et
3025 4220 3177 4258 uxor
3207 4220 3316 4257 sua
3364 4207 3490 4256 ante
3519 4199 3676 4252 altare
3702 4187 3846 4277 sentit

2301 4295 2602 4349 Trinitatis
2632 4298 2886 4364 portare,
2919 4293 3224 4362 ipsamque
3245 4308 3354 4361 pro
3379 4291 3502 4344 suis
3531 4280 3744 4357 peccatis
3777 4274 3850 4364 De?

2301 4385 2380 4438 ibi
2412 4382 2645 4438 offerre.
2671 4383 2805 4452 Ipsa
2833 4397 2974 4436 vero
3006 4382 3100 4435 die
3129 4385 3262 4450 post
3295 4381 3527 4444 missas,
3547 4376 3793 4440 antequam
3807 4355 3849 4409 ad

2303 4473 2524 4527 curiam
2576 4487 2744 4526 suam
2800 4472 2929 4538 iret,
2989 4474 3162 4540 atque
3193 4485 3327 4523 cum
3357 4464 3655 4522 baronibus
3674 4457 3770 4510 suis

523 4564 616 4616 est
648 4559 986 4613 Ludovicus
1043 4573 1149 4610 rex
1207 4556 1474 4610 Francim
1534 4555 1634 4626 qui
1664 4558 1870 4623 captus
1919 4553 2110 4608 fuorat
2161 4571 2192 4607 a
2216 4536 2280 4605 Β
2306 4561 2584 4628 maderet,
2615 4559 2886 4614 veniebat
2915 4534 3048 4613 imm
3066 4534 3308 4612 huobus
3339 4555 3472 4610 ﬁnis
3502 4551 3616 4606 suis
3647 4534 3852 4600 Richarth

521 4646 970 4715 Northmannis,
1025 4648 1313 4699 auxerunt
1381 4645 1524 4697 Dani
1575 4643 2061 4697 Northmanniam
2122 4644 2194 4697 ab

526 4753 678 4809 aqua
709 4752 841 4807 quae
870 4738 1116 4790 vocatur
1151 4733 1418 4799 Andella,
1455 4749 1643 4803 usque
1675 4733 1746 4785 ad
1778 4731 1948 4786 aliam
1981 4749 2194 4803 aquam

525 4841 658 4896 quae
688 4827 936 4878 vocatur
967 4822 1130 4892 Epta.
1165 4822 1280 4875 Alii
1309 4824 1503 4876 tamen
1521 4821 1810 4875 dieuntab
1837 4820 1982 4891 Epta
2003 4838 2195 4892 usque

527 4914 600 4968 ad
631 4914 900 4967 Ysaram.
933 4911 1324 4966 Constitutum
1353 4913 1445 4963 est
1474 4908 1646 4962 etiam
1669 4908 1839 4961 inilla
1857 4910 2198 4979 concordia,

537 5001 692 5074 quod
724 5017 925 5056 comes
959 4997 1422 5066 Northmannim,
1448 4997 1671 5051 nullum
1693 4997 1864 5051 faciet
1887 5000 2199 5052 servitium

528 5093 657 5162 regi
693 5091 956 5144 Franciae
989 5089 1060 5142 de
1085 5092 1235 5142 terra
1261 5085 1724 5153 Northmannize,
1755 5101 1946 5156 neque
1961 5087 2206 5146 eialiter

529 5179 806 5245 serviret,
841 5179 954 5231 nisi
989 5194 1093 5231 rex
1124 5176 1392 5230 Francim
1424 5175 1587 5228 daret
1620 5176 1672 5228 ei
1695 5174 1910 5230 fa3duin
1951 5177 2007 5230 in
2035 5179 2208 5238 Fran"

535 5267 644 5330 cia,
681 5267 832 5318 unde
875 5267 928 5320 ei
975 5267 1209 5320 servire
1267 5265 1526 5318 deberet.
1579 5263 1948 5333 Quapropter
2005 5283 2206 5325 comes

534 5353 980 5408 Northmanniae
1027 5355 1097 5408 de
1153 5352 1578 5407 Northmannia
1611 5354 2010 5409 tantummodo
2069 5357 2208 5414 facit

539 5441 863 5496 hominium
897 5446 954 5496 et
983 5443 1319 5497 fidelitatem
1351 5441 1479 5512 regi
1513 5440 1778 5496 Francia:
1795 5442 1865 5496 de
1889 5419 2008 5498 vita
2030 5449 2212 5502 suaet

537 5532 609 5586 de
642 5545 750 5584 suo
782 5532 1018 5584 terreno
1044 5531 1285 5586 honore.
1320 5530 1602 5584 Similiter
1625 5546 1729 5585 rex
1751 5529 2023 5587 Franciae
2069 5535 2210 5592 facit

537 5619 873 5682 fidelitatem
895 5621 952 5675 et
982 5619 1054 5675 de
1106 5621 1220 5676 vita
1252 5637 1361 5678 sua
1391 5622 1448 5676 et
1480 5619 1551 5674 de
1595 5635 1840 5674 suarum
1868 5635 2070 5682 rerum
2097 5625 2208 5688 ho-

2307 4655 2365 4706 et
2397 4619 2657 4703 lloberto
2679 4649 2738 4701 in
2761 4647 3138 4702 refectorium
3159 4645 3588 4706 monachorum,
3613 4619 3853 4702 etpraadit?li

2307 4737 2474 4810 pueri
2499 4734 2812 4790 afferentes
2834 4736 2905 4789 de
2925 4735 3180 4790 fenestra
3210 4733 3476 4804 coquinae
3497 4708 3856 4810 scuteltas,sicul

2311 4796 2578 4880 solebant
2609 4823 2880 4877 monachi
2911 4823 3127 4890 facere,
3157 4796 3529 4891 porrigebant
3554 4808 3679 4882 patri
3707 4814 3798 4856 suo.
3817 4796 3852 4891 εξ

2311 4913 2440 4983 ipse
2471 4928 2579 4982 per
2610 4927 2676 4965 se
2732 4911 2929 4982 ipsum
2959 4883 3398 4980 prium-ferenda
3443 4907 3565 4959 ante
3590 4895 3794 4983 abbatetn
3817 4883 3848 4983 εξ

2312 4971 2516 5072 postea
2543 5003 2675 5054 ante
2706 4971 3029 5054 m‘onachos
3079 4997 3350 5068 ponebat.
3382 4991 3538 5060 Quod
3567 4999 3675 5043 cum
3701 4971 3852 5072 egisse}

2315 5055 2448 5144 cum
2481 5105 2691 5160 magna
2721 5055 3367 5153 humilitate,‘veniebat
3393 5055 3520 5136 ante
3559 5072 3782 5160 abbatem:
3817 5055 3850 5160 εξ

2317 5180 2402 5234 sic
2433 5179 2505 5232 ab
2536 5139 2860 5246 egaccepta
2883 5139 3340 5243 lice'nt’ia,vlzetus
3354 5176 3408 5227 et
3437 5139 3847 5246 gaudensibalﬂtl

2315 5268 2539 5323 curiam
2561 5265 3086 5336 suam.Aliquando
3119 5278 3256 5317 vero
3269 5258 3518 5316 mittebat
3533 5253 3596 5308 de
3619 5241 3846 5336 suamt‘ﬂs“.i

2315 5357 2509 5410 abbati
2567 5328 2890 5409 scutellam-
2920 5356 3258 5424 argenteam
3311 5350 3528 5420 plenam
3567 5328 3842 5424 piscibustfl

2314 5443 2626 5498 mandabat
2657 5443 2708 5496 ei
2741 5445 2800 5496 ut
2830 5456 2959 5496 eam
2987 5441 3282 5508 retineret,
3307 5419 3471 5508 atque
3497 5427 3614 5485 inde
3630 5430 3757 5477 suam
3779 5419 3845 5458 νο·

2313 5535 2411 5588 lun
2421 5535 2596 5588 tatem
2615 5531 2852 5586 faceret.
3688 5591 3734 5602 __.

2386 5622 2498 5678 Hic
2527 5624 2720 5678 autem
2751 5617 3087 5676 Ricbardus
3099 5632 3218 5675 non
3231 5615 3417 5676 solum
3431 5603 3670 5671 ecclesia
3688 5592 3848 5651 Fiswl'
