3940 6174
67 430 164 492 913

1118 425 1429 488 VIC’I’OR
1470 427 1558 487 III
1606 427 1838 489 PAPA.
1885 463 1960 475 —
2002 427 2365 491 NOTITIA.

3343 434 3465 495 914

64 628 203 684 ncnsi
231 627 397 681 multa
417 626 595 695 dedit,
634 627 735 681 sed
760 627 931 680 etiam
955 627 1087 681 aliis
1110 628 1686 693 ecclesiis.Quadam
1716 613 1773 673 Α
1806 631 2056 701 unciam,
2091 632 2183 685 vel
2215 633 2431 702 aliquid
2478 633 2842 705 liujusmodi.
2877 634 3075 705 Itaque
3108 636 3462 690 invenerunt

63 718 187 772 enim
216 717 302 769 die
348 733 479 769 cum
530 717 795 769 venisset
842 716 1166 788 Gimegias,
1219 717 1435 770 ibidem
1484 719 1686 771 eadem

63 812 202 860 nocte
223 805 454 874 quievit.
475 804 648 858 Mane
674 821 814 858 vero
838 821 1120 875 surgens,
1147 806 1422 858 sicutsua
1447 822 1691 860 consue-

62 895 175 948 tudo
192 908 416 962 semper
436 896 584 959 erat,
607 893 864 962 perrexit
882 909 1055 947 orare
1078 894 1149 945 ad
1173 895 1613 963 monasterium,
1636 900 1690 949 et

63 988 165 1051 post
193 982 503 1035 orationem
536 997 722 1051 super
750 982 933 1035 altare
951 998 1127 1035 unum
1160 983 1445 1053 lignulum
1469 984 1687 1051 posuit.

68 1069 354 1124 ltccedente
387 1085 536 1123 vero
569 1070 689 1136 illo,
725 1073 1012 1124 venerunt
1040 1072 1351 1124 secretarii
1383 1071 1457 1125 ad
1486 1072 1685 1135 altare,

64 1162 296 1227 putantes
313 1173 377 1211 se
404 1157 487 1211 ibi
518 1174 660 1213 esse
682 1159 1030 1213 inventuros
1052 1159 1143 1212 vel
1159 1175 1413 1213 marcam
1428 1160 1574 1228 auri,
1598 1161 1691 1214 vel

94 1323 252 1335 Η

266 1323 590 1335 ‘—————_

1800 720 2085 790 lignulum
2120 720 2278 788 illud,
2314 725 2487 792 atque
2517 723 2656 792 quid
2688 723 3071 793 signiﬁcaret,
3108 740 3223 777 non
3254 741 3462 794 parum

1803 808 2002 861 mirari
2035 813 2357 879 coeperunt.
2394 811 2478 863 Ad
2502 812 2768 865 ultimum
2801 812 3101 881 inquirunt
3132 813 3204 865 ab
3237 830 3303 865 eo
3322 814 3464 883 quid

1800 896 1913 950 hoc
1946 902 2129 965 esset,
2164 901 2320 968 quod
2354 916 2536 970 super
2565 901 2744 954 altare
2777 901 2919 954 illud
2949 902 3273 969 posuisset.
3301 903 3465 956 Tunc

1801 987 2124 1055 respondit,
2190 988 2343 1056 quod
2396 994 2559 1043 esset
2608 990 3175 1058 Viumonasterium,
3236 991 3466 1046 scilicet

1800 1075 2093 1144 quoddam
2124 1077 2468 1146 manerium,
2506 1077 2660 1148 quod
2693 1079 2823 1147 ipse
2855 1078 2972 1131 illis
3003 1095 3108 1148 pro
3136 1080 3325 1132 anima
3357 1096 3467 1134 sua

1802 1163 1995 1217 dabat

1316 1457 1492 1499 ANNO
1537 1457 1763 1500 DOMINI
1807 1458 2122 1503 MLXXXVII
2134 1488 2145 1501 .

666 1627 1593 1800 VICTOB
1739 1634 2397 1803 PAPA
2549 1638 2822 1806 III

1008 2035 1599 2151 NOTITIA
1675 2038 2475 2155 HISTORICA.

784 2244 1132 2325 (CIACCONI,
1181 2243 1283 2304 De
1312 2244 1465 2305 vitis
1495 2244 1936 2305 Romanorum
1952 2245 2356 2327 pontiﬁcum,
2400 2248 2476 2321 II,
2510 2248 2671 2326 342.)

122 2504 695 2575 \‘ictorlllpapa,qui
720 2507 851 2558 ante
885 2505 1288 2575 pontificatum
1320 2505 1692 2576 Desiderius,
1729 2509 1780 2569 B

70 2592 115 2644 in
139 2594 334 2647 saeculo
364 2609 512 2647 vero
563 2594 881 2647 Dauferius
915 2594 1258 2663 vocabatur,
1293 2594 1608 2648 Beneventi
1639 2596 1697 2647 in

72 2682 280 2747 Samnio,
300 2688 464 2752 patre
485 2682 539 2753 cj
555 2698 629 2735 us
654 2682 907 2735 civitatis
934 2683 1219 2752 principe,
1241 2686 1412 2736 natus
1447 2687 1555 2737 est.
1581 2683 1700 2737 Cu-

68 2766 144 2834 jus
177 2770 381 2839 studio,
430 2769 633 2823 adhuc
675 2785 856 2838 puer,
901 2771 1129 2841 integre
1175 2770 1490 2839 educatus,
1534 2770 1700 2824 mirae

73 2862 417 2928 spectata:un
440 2858 760 2928 probitatis
793 2858 1147 2911 adolescens
1178 2859 1384 2911 evasit.
1414 2859 1524 2922 Qui
1556 2859 1703 2912 soli-

74 2946 200 2998 taria:
221 2947 341 3001 vitae
361 2948 779 3017 castitatisque
804 2948 1117 3001 servandae
1143 2947 1439 3001 desiderio
1460 2948 1698 3017 ductus,

76 3047 306 3101 sponsam
335 3035 530 3089 adhuc
570 3023 881 3105 virginem,
908 3050 1138 3088 summo
1164 3035 1291 3087 loco
1315 3039 1505 3087 natam
1527 3035 1703 3088 relin-

76 3137 241 3191 quens,
285 3126 549 3194 parentis
590 3124 820 3192 insciis,
855 3124 1004 3176 clam
1056 3138 1318 3177 eremum
1368 3124 1550 3192 petiit,
1586 3127 1640 3177 et
1672 3141 1704 3177 a

79 3211 281 3278 quodam
310 3218 517 3267 saneto
552 3212 863 3279 monacho,
898 3212 1134 3265 nomine
1168 3212 1519 3281 Hyacinthe,
1544 3212 1702 3266 haud

78 3301 238 3364 procul
265 3318 294 3354 a
324 3303 688 3370 Benevento,
724 3302 1109 3354 monasticam
1133 3301 1309 3353 vitam
1350 3302 1704 3370 assumpsit.

81 3385 163 3440 Diu
190 3390 238 3443 in
276 3390 655 3445 monasteriis
680 3390 740 3444 S.
775 3390 1076 3443 Trinitatis
1099 3388 1371 3456 Cavensi,
1389 3390 1446 3442 S.
1470 3388 1706 3458 Sephite

79 3490 219 3544 prope
236 3478 1015 3546 Beneventum,Tremitensi
1032 3478 1087 3531 in
1103 3478 1296 3531 insula
1311 3478 1490 3530 maris
1506 3477 1711 3530 Adria-

79 3564 166 3630 tici,
189 3571 231 3619 ct
253 3568 489 3622 demum
514 3569 573 3621 in
599 3570 767 3621 vasta
792 3565 1048 3638 Majollae
1068 3582 1285 3631 eremo,
1305 3566 1707 3619 sanctissimis

84 3654 196 3706 viris
214 3657 437 3726 referta,
467 3658 656 3711 vitam
689 3656 1026 3710 castissime
1049 3656 1186 3725 egit.
1212 3655 1453 3708 Litteris
1488 3655 1706 3709 Leonis

82 3739 136 3793 l.\'
162 3760 305 3814 papa:
337 3747 405 3800 ad
438 3746 706 3822 priorem
740 3745 922 3798 eremi
956 3743 1350 3814 Hyacinthum
1381 3744 1559 3811 datis,
1588 3744 1704 3797 De-

83 3830 293 3886 siderius
322 3836 523 3889 solum
558 3834 808 3905 Majollte
833 3837 1062 3887 vertere
1088 3834 1438 3900 coactus,ad
1472 3848 1705 3887 monas-

82 3919 246 3974 terium
278 3923 757 3978 Beneventanum
782 3921 971 3977 rediit.
993 3922 1179 3992 Cujus
1204 3922 1569 3991 probitatem,
1587 3922 1703 3973 vir-

80 4010 220 4063 tulem
246 4016 296 4065 et
327 4013 683 4085 religionem
716 4012 833 4065 Leo
865 4027 1041 4080 papa,
1076 4012 1175 4081 qui
1206 4014 1343 4065 tunc
1379 4010 1701 4064 Beneventi

84 4102 533 4168 commorabatur,
569 4115 968 4171 cognoscens,
1003 4100 1320 4172 agentibus
1352 4098 1702 4166 Humberto,

88 4187 319 4243 cardinali
352 4190 539 4245 Silvae
587 4189 865 4243 Candidas
914 4193 970 4243 et
999 4188 1299 4244 Friderico
1333 4187 1705 4255 cancellario,

87 4286 185 4325 eum
214 4277 520 4333 diaconum
540 4278 894 4331 cardinalem
920 4278 1199 4331 Romanae
1225 4276 1509 4330 Ecclesiae
1534 4290 1709 4328 cons-

87 4360 220 4416 tituit.
243 4365 362 4429 Quo
391 4371 648 4433 mortuo,
684 4366 853 4421 venia
885 4382 915 4419 a
950 4366 1181 4419 Victore
1214 4365 1261 4417 II
1294 4363 1710 4434 impetrata,ad

90 4448 313 4508 t‘asinate
343 4457 766 4510 monasterium
789 4455 901 4508 sub
925 4454 1134 4507 abbate
1156 4454 1329 4507 I’etro
1353 4468 1418 4506 se
1439 4452 1703 4521 contulit,

93 4535 166 4588 ubi
193 4555 310 4594 cum
344 4542 582 4597 caeteris
615 4542 919 4595 monachis
942 4542 1156 4595 divinae
1188 4540 1581 4611 philosophiae
1598 4556 1706 4592 va-

94 4638 196 4679 cme
224 4632 621 4685 constituerat.
670 4631 926 4700 Capuani
974 4630 1314 4683 monasterii
1350 4629 1706 4699 praepositus

96 4710 267 4785 factus,
296 4720 614 4773 maximum
645 4718 1031 4785 dexteritatis,
1054 4719 1377 4788 prudentiae
1397 4721 1449 4772 et
1474 4717 1713 4789 integri-

95 4802 195 4856 tatis
224 4811 515 4877 specimen
537 4808 734 4875 edidit,
770 4813 830 4863 ut
860 4810 933 4862 ab
964 4808 1259 4879 Stephano
1292 4808 1366 4859 l.\'
1395 4850 1407 4874 ,
1442 4806 1579 4862 olim
1611 4807 1709 4861 ab-

96 4885 198 4942 bate
238 4898 558 4967 Cassinate,
595 4914 665 4951 ca
695 4898 925 4951 abbatia
962 4898 1178 4967 dignus
1211 4896 1581 4950 existimatus
1612 4895 1708 4949 sit.

98 4974 193 5036 Quo
210 4989 402 5052 agente
426 5003 457 5039 a
483 4987 791 5040 monachis
816 4987 1185 5056 designatus,
1205 4986 1276 5038 ab
1298 4985 1501 5038 eodem
1525 4982 1711 5037 Cons-

97 5064 475 5142 tantinopolim,
513 5091 647 5128 cum
669 5075 966 5145 Stephano
990 5074 1339 5128 cardinaliet
1370 5072 1710 5142 Maynardo,

101 5160 266 5217 Postea
285 5164 559 5232 episcopo
579 5164 859 5217 cardinali
890 5164 1066 5217 Silvae
1083 5162 1381 5228 Candidas,
1408 5160 1713 5214 monachis

102 5242 461 5319 llasinatibus,
504 5268 609 5321 pro
656 5253 979 5321 apostolica
1022 5251 1163 5306 sede
1196 5251 1429 5321 legatus
1462 5252 1571 5303 est.
1605 5249 1715 5312 Qui

107 5326 282 5389 ltarum
312 5341 534 5409 Apulia:
566 5356 701 5395 cum
749 5341 1171 5406 accessissent,
1218 5339 1513 5409 pontificis
1551 5337 1715 5390 obitu

107 5419 283 5493 audito,
310 5429 582 5483 Casinum
616 5429 937 5483 redierunt.
971 5428 1053 5481 Ibi
1090 5427 1465 5487 Desiderius,
1504 5426 1716 5495 prmsi-

107 5503 338 5568 dentibus
371 5518 692 5572 Humberto
741 5518 917 5570 Silvaa
966 5516 1242 5570 Candida:
1274 5520 1328 5569 et
1361 5517 1532 5569 Petro
1566 5515 1716 5568 Tus-

110 5596 278 5652 culano
303 5606 613 5676 episcOpis,
634 5607 730 5676 qui
761 5607 961 5660 Romae
999 5605 1294 5657 Benedicti
1322 5605 1373 5657 Χ
1395 5602 1716 5656 ordinatio-

108 5693 211 5737 nem
237 5688 513 5766 fugerant,
546 5695 806 5750 omnium
837 5693 1263 5748 monachorum
1294 5690 1621 5763 suffragiis,
1657 5690 1718 5745 in

110 5767 297 5833 abbatis
336 5784 472 5841 sede
513 5784 727 5839 XXVII
781 5800 814 5838 a
860 5783 920 5838 S.
974 5781 1292 5838 Benedicto
1341 5780 1570 5836 locatus
1602 5782 1713 5849 est,

1810 2560 1962 2598 anno
1996 2544 2204 2598 salutis
2238 2544 2397 2599 1058.
2432 2546 2737 2600 Nicolaum
2785 2546 2833 2599 ΙΙ
2876 2546 3050 2601 Senis
3101 2550 3381 2618 creatum,
3416 2549 3477 2603 in

1814 2634 2093 2687 Picenum
2124 2638 2377 2704 euntem,
2418 2636 2749 2705 comitatus,
2781 2638 2854 2690 ab
2895 2653 2963 2690 eo
2996 2637 3251 2706 Auximi,
3287 2639 3477 2708 pridie

1813 2723 2015 2795 Nonas
2070 2724 2282 2789 Martii,
2315 2724 2569 2779 Sabbato
2601 2728 2863 2789 Quatuor
2892 2726 3267 2796 'l‘cmporum,
3303 2743 3477 2798 pres-

1811 2810 1980 2880 byter
2026 2812 2341 2865 cardinalis
2372 2813 2431 2866 S.
2468 2812 2722 2867 Caeciliae
2752 2816 2806 2867 et
2825 2814 3107 2882 postridie
3150 2815 3475 2884 Dominico,

1812 2900 1998 2953 abbas
2029 2902 2277 2954 Casinas
2311 2905 2716 2955 consecratus.
2753 2902 3032 2955 Casinum
3048 2904 3309 2971 rediens,
3346 2921 3475 2959 mo-

1813 2990 2154 3058 nasterium,
2183 2993 2237 3042 et
2269 2991 2603 3058 ecclesiam,
2627 2994 2914 3044 vetustate
2934 2992 3258 3045 deformem
3283 3010 3312 3045 a
3339 2993 3476 3048 fun-

1813 3078 2102 3131 damentis
2136 3083 2472 3132 renovatam
2496 3121 2508 3145 ,
2544 3094 2787 3148 eamque
2821 3080 2892 3132 ab
2926 3081 3262 3134 Alexandro
3294 3082 3339 3133 ll
3373 3097 3475 3135 so-

1815 3166 1989 3219 lemni
2019 3167 2133 3219 ritu
2158 3166 2437 3234 dedicari,
2460 3167 2760 3220 innumera
2780 3166 3083 3221 hominum
3105 3168 3473 3224 multitudine

1814 3254 1883 3308 ad
1919 3271 2045 3309 eam
2080 3256 2455 3309 festivitatem
2492 3256 2853 3324 confluente,
2896 3256 3052 3309 fecit.
3088 3256 3262 3310 Multa
3298 3274 3478 3311 orna-

1817 3349 2005 3398 menta
2039 3345 2293 3413 addidit;
2328 3345 2513 3398 libros
2544 3344 2829 3413 plurimos
2850 3345 3203 3400 scribendos
3227 3348 3473 3414 curavit,

1817 3435 2029 3503 Oppida
2074 3434 2294 3504 aliquot
2341 3438 2396 3488 et
2437 3434 2677 3488 castella
2726 3435 2797 3487 ad
2850 3435 3191 3488 monasterii
3239 3436 3477 3489 tutelam

1818 3523 2093 3577 condidit.
2129 3524 2304 3577 Multa
2337 3541 2367 3577 a
2391 3524 2647 3577 diversis
2670 3524 3037 3593 principibus
3053 3523 3242 3577 ablata
3273 3525 3478 3595 acqui—

1819 3613 1975 3681 sivit,
2010 3616 2066 3667 et
2101 3613 2290 3682 ipsius
2342 3614 2686 3667 monasterii
2735 3614 2991 3683 reditus,
3025 3612 3394 3683 majestatem
3427 3618 3485 3669 et

1819 3702 2002 3755 decus
2042 3701 2252 3755 mirum
2296 3702 2355 3755 in
2386 3704 2623 3756 modum
2664 3703 2844 3755 auxit.
2880 3700 3027 3772 Ejus
3063 3705 3270 3772 rogatu
3316 3702 3484 3756 multi

1741 3774 1789 3834 Ο
1821 3803 1894 3841 ex
1926 3788 2387 3859 congregatione
2410 3789 2721 3853 'monachi,
2756 3791 3116 3861 cardinales,
3150 3793 3485 3864 archiepis-

1824 3877 1975 3945 copi,
2010 3880 2065 3929 et
2095 3877 2360 3945 episcopi
2400 3894 2432 3929 a
2468 3878 2749 3931 Romanis
2780 3881 3159 3947 pontificibus
3192 3883 3284 3935 sui
3333 3885 3484 3935 tem-

1823 3965 1987 4035 poris
2020 3966 2319 4019 constituti
2352 3969 2507 4019 sunt.
2543 3967 2858 4021 Catholicae
2890 3971 3102 4037 partis,
3139 3971 3276 4023 dum
3306 3971 3483 4039 vixit,

1825 4053 2308 4107 studiosissimus
2366 4054 2510 4119 fuit;
2569 4055 2810 4109 Nicolao
2864 4056 2910 4109 Il
2954 4061 3157 4110 contra
3200 4058 3486 4113 Joannem

1828 4141 2124 4206 Mincium;
2150 4142 2482 4195 Alexandro
2515 4141 2561 4195 ΓΙ
2595 4147 2796 4197 contra
2826 4144 3172 4209 Gadaloum;
3209 4152 3263 4199 et
3286 4146 3486 4200 novis-

1827 4233 1976 4284 sime
2024 4230 2310 4301 Gregorio
2364 4230 2461 4284 VII
2506 4235 2708 4284 contra
2772 4232 3071 4286 Gibertum
3127 4235 3485 4287 constantis-

1828 4320 1976 4372 sime
1992 4319 2150 4372 favit.
2166 4318 2355 4383 Quare
2382 4335 2411 4371 a
2435 4319 2725 4391 Gregorio
2742 4321 2870 4389 ipso
2888 4321 3007 4387 Vll,
3030 4321 3201 4390 paulo
3221 4325 3354 4375 ante
3368 4321 3492 4375 obi-

1828 4411 1949 4461 tum
1983 4424 2181 4472 suum,
2232 4408 2603 4461 adstantibus
2637 4409 3055 4473 cardinalibus,
3092 4410 3217 4479 ipse
3250 4410 3350 4480 qui
3381 4410 3486 4463 de-

1829 4497 2056 4568 signari
2088 4497 2331 4550 deberet
2374 4499 2636 4566 pontifex
2665 4499 3014 4567 potissimus
3041 4498 3487 4568 propropositus

1832 4587 1956 4653 fuit,
1974 4585 2148 4656 cujus
2164 4586 2396 4655 virtute,
2414 4587 2674 4657 collapsa
2698 4587 3133 4641 lereteterrimo
3168 4588 3488 4642 schismate

1832 4678 2094 4730 ltomana
2124 4675 2301 4729 sedes
2336 4677 2567 4730 restitui
2597 4682 2822 4747 posset,
2849 4679 2904 4731 et
2936 4677 3005 4730 ad
3028 4677 3359 4747 pristimum
3390 4676 3487 4729 de-

1831 4782 1936 4819 cus
1971 4766 2258 4819 revocari.

1743 4841 1794 4901 D
1901 4874 2192 4946 Gregorio
2226 4873 2325 4926 VII
2357 4874 2466 4927 rite
2497 4874 3102 4944 sepulto,episcopiet
3132 4872 3487 4940 cardinales,

1831 4965 2147 5035 caaterique
2189 4964 2288 5034 qui
2329 4963 2674 5018 catholicam
2724 4971 2944 5032 partem
2992 4963 3324 5033 tuebantur,
3376 4979 3492 5017 una

1830 5057 2021 5107 mente
2056 5053 2125 5106 ad
2145 5069 2272 5107 eam
2304 5052 2657 5107 fulciendam
2681 5070 2782 5123 pro
2807 5052 3035 5105 viribus
3060 5052 3488 5121 incumbentes,

1830 5158 2003 5213 quam
2033 5142 2318 5212 plurimos
2350 5147 2662 5212 potuerunt
2710 5142 2781 5195 ad
2814 5141 3044 5194 comitia
3088 5141 3386 5210 pontificia
3418 5157 3495 5195 ex

1830 5231 2105 5284 omnibus
2148 5232 2411 5299 partibus
2454 5234 2793 5285 evocarunt.
2842 5230 2954 5283 Uhi
3002 5231 3267 5302 plerique
3308 5247 3489 5287 vene-

1830 5322 1983 5374 runt.
2010 5320 2353 5374 Desiderius
2384 5322 2515 5389 ipso
2546 5321 2637 5373 die
2668 5321 3492 5395 l”entecostes,omncs,quid

1830 5411 2160 5482 Gregorius
2192 5411 2261 5463 de
2294 5410 2614 5463 ordinanda
2642 5407 2907 5462 Ecclesia
2932 5411 3337 5479 praecepisset,
3356 5411 3495 5465 edo-

1834 5501 1971 5566 cuit;
1996 5499 2213 5568 pariter
2243 5515 2372 5552 cum
2407 5499 2493 5551 eis
2519 5497 2816 5567 principes
2848 5498 3005 5566 adiit,
3041 5501 3301 5570 atquead
3324 5514 3495 5569 opem

1836 5589 2120 5642 Ecclesiae
2154 5587 2494 5640 necessario
2546 5587 2794 5640 maxime
2841 5592 3100 5656 tempore
3136 5588 3497 5642 afferendam

1834 5677 2177 5732 exhortatus
2218 5680 2327 5730 est.
2382 5674 2464 5728 Ea
2514 5692 2577 5730 re
2620 5677 2886 5748 eognita,
2932 5679 3261 5731 cardinales
3318 5679 3494 5744 atque

1834 5766 2099 5838 episcopi
2128 5780 2333 5822 omnes
2352 5766 2413 5821 in
2435 5781 2614 5821 unum
2642 5765 3016 5825 Desiderium
3042 5765 3494 5824 consenserunt.
