3940 6174
419 348 538 411 915

1429 354 1702 416 GESTA
1743 356 2164 421 DESIDERII
2195 358 2552 424 ABBATIS
2583 362 2842 426 CASIN.

3664 378 3754 442 916

422 548 684 614 Quorum
714 548 811 604 ille
840 550 1142 619 repudiato
1170 549 1425 622 judicio,
1459 553 1532 606 ad
1561 556 1984 611 monasterium
2015 574 2081 614 se
2120 539 2180 601 Α
2209 564 2508 627 cuparent.
2542 561 2650 626 Qui
2681 577 2811 616 cum
2846 566 3057 617 caetera
3090 566 3214 620 loca
3243 569 3537 639 cepissent,
3558 575 3775 643 templum

420 638 640 708 retulit,
658 641 716 693 et
744 639 1044 693 Romanos
1074 655 1143 693 ac
1174 639 1542 695 Lombardos
1573 658 1963 716 quoscunque
1988 663 2092 717 po-

425 727 534 782 tuit
562 726 773 781 litteris
790 743 857 780 ac
875 728 1097 782 nuntiis
1129 729 1201 782 ad
1235 731 1735 799 complectendam
1761 733 2090 790 Ecclesiam

424 814 758 871 concitavit.
791 815 909 870 Ubi
947 832 1088 870 vero
1124 817 1357 871 calores
1390 819 1614 873 aestatis
1648 818 2088 892 deferbucrunt,

422 903 716 959 Jordanes
745 904 1024 974 princeps
1066 905 1440 960 Desiderium
1489 908 1735 962 Romam
1767 911 2092 979 perducere

425 994 671 1047 conatus
697 995 808 1064 est,
842 1009 913 1048 eo
942 994 1134 1049 animo
1166 998 1228 1049 ut
1257 996 1455 1066 ipsum
1498 999 1670 1052 etiam
1702 1000 2090 1056 reluctantem

423 1080 759 1150 pontiﬁcem
790 1081 1152 1153 declararet;
1172 1084 1329 1154 quod
1354 1086 1721 1154 persuadere
1743 1104 1861 1142 non
1883 1091 2088 1161 potuit,

423 1172 598 1240 atque
627 1169 704 1224 ita
751 1185 851 1224 res
883 1171 1181 1240 pontiﬁcia
1212 1172 1309 1227 illo
1353 1190 1504 1228 anno
1552 1191 1803 1244 prorsus
1834 1178 2086 1234 refrixit.

420 1257 617 1313 Pridie
646 1261 841 1313 autem
870 1259 1281 1331 Pentecostes,
1319 1263 1574 1318 comitiis
1608 1266 1932 1334 advocatis,
1960 1284 2088 1322 om-

422 1361 531 1401 nes
563 1347 763 1401 clerici
793 1351 849 1402 et
876 1347 1009 1402 laici
1047 1350 1351 1405 catholicas
1384 1354 1568 1421 patris
1600 1353 1862 1409 fautores
1895 1357 2089 1426 ipsum

425 1437 668 1491 orarunt
697 1440 760 1490 ut
794 1437 1122 1492 Romanum
1143 1440 1542 1509 pontificatum
1562 1443 1872 1513 suscipere
1891 1446 2086 1514 vellet,

424 1538 617 1596 neque
648 1523 978 1580 Ecclesiam
1001 1526 1106 1582 Dei
1133 1528 1205 1581 ab
1238 1529 1567 1585 adulterino
1599 1534 1783 1586 teneri
1817 1535 2090 1602 pontifice

422 1614 743 1682 pateretur.
789 1613 889 1668 Ille
934 1629 1112 1685 vero,
1160 1617 1364 1672 eadem
1405 1634 1519 1689 qua
1566 1624 1698 1674 ante
1740 1623 2085 1694 constantia,

422 1716 636 1772 preces
667 1717 870 1756 eorum
902 1704 1265 1776 repudiavit;
1310 1722 1494 1778 seque
1539 1710 1733 1764 omnia
1770 1726 2089 1780 passurum

421 1789 619 1860 potius
650 1805 824 1861 quam
854 1795 1074 1846 tantum
1107 1809 1259 1848 onus
1290 1796 1561 1866 accipere
1605 1800 1927 1868 respondit.
1962 1799 2087 1865 Qua

2206 649 2399 702 tamen
2451 650 2606 719 quod
2652 667 2684 705 a
2735 651 3091 707 Victorianis
3140 656 3449 724 tenebatur,
3480 658 3676 730 ingredi
3700 680 3779 718 ne-

2205 736 2539 807 quiverunt;
2564 739 2757 809 itaque
2775 738 3049 796 Clemens
3070 745 3308 799 meridie
3338 745 3396 800 in
3425 747 3538 801 aede
3556 748 3606 803 S.
3628 750 3778 807 Maria

2204 824 2262 878 in
2295 826 2561 880 turribus
2595 828 2936 885 celebravit.

2277 931 2383 986 His
2414 934 2595 989 rebus
2626 935 2801 1005 actis,
2836 937 3060 1007 Victor,
3094 941 3156 993 ut
3187 939 3611 997 Sarracenorum
3639 947 3718 1015 qui
3740 949 3782 1001 in

2201 1019 2403 1075 Africa
2435 1027 2621 1091 erant,
2655 1024 3029 1080 insolentiam
3076 1027 3402 1100 frangeret,
3443 1032 3661 1088 consilio
3685 1051 3782 1089 cum

2201 1110 2502 1180 episcopis
2526 1115 2582 1166 et
2600 1114 2999 1169 cardinalibus
3022 1117 3243 1186 habito,
3273 1118 3551 1189 ingentem
3575 1139 3634 1176 ex
3647 1127 3784 1178 omni-

2200 1197 2315 1251 bus
2349 1199 2529 1253 ltalize
2580 1202 2847 1271 partibus
2895 1206 3219 1259 exercitum
3262 1210 3599 1279 convocavit,
3629 1228 3681 1264 ac
3707 1229 3782 1267 ve-

2202 1287 2339 1340 xillo
2372 1289 2436 1342 B.
2470 1289 2629 1343 Petri
2669 1291 2900 1360 tradito,
2936 1297 2992 1346 et
3042 1294 3302 1363 plenaria
3335 1296 3659 1369 indulgentia
3684 1316 3782 1355 con-

2201 1389 2394 1444 cessa,
2429 1376 2486 1429 in
2522 1377 2781 1432 Africam
2814 1380 2992 1449 misit,
3026 1398 3093 1436 ac
3134 1400 3239 1453 per
3285 1400 3387 1439 eos
3417 1390 3624 1441 centum
3651 1390 3784 1442 millia
3878 1406 3879 1419 ξ

2200 1461 2460 1517 hostium
2493 1467 2725 1534 cecidit,
2759 1471 2815 1521 ct
2848 1469 3053 1523 urbem
3084 1487 3287 1525 eorum
3328 1476 3614 1529 maximam
3638 1479 3781 1546 cmpit.
3878 1480 3879 1493 ‘

2201 1550 2407 1622 Neque
2443 1554 2688 1608 victoria
2721 1556 2836 1610 ulla
2869 1559 3119 1627 perhch
3142 1565 3401 1631 tempora
3420 1563 3782 1636 fuitinsignior;
3878 1556 3879 1563 “

2201 1642 2416 1711 quippe
2448 1642 2653 1697 eodem
2674 1644 2767 1698 die
2786 1645 2845 1699 in
2876 1646 3034 1701 Italia
3055 1651 3318 1704 nuntiata
3341 1667 3451 1722 quo
3473 1656 3555 1707 est
3573 1654 3620 1706 in
3639 1654 3785 1709 Africa

2207 1736 2562 1800 comparata.
2619 1732 2916 1789 Henricus
2946 1736 3005 1790 in
3036 1736 3376 1809 Germania,
3409 1741 3627 1795 sinistro
3653 1748 3783 1797 made

2203 1833 2335 1872 cum
2382 1819 2717 1877 Saxonibus
2766 1823 3076 1896 dimicans,
3112 1831 3364 1898 quatuor
3411 1830 3573 1883 millia
3601 1832 3783 1885 militum

423 1892 572 1932 voce
615 1878 810 1932 audita
831 1920 845 1945 ,
890 1882 1028 1951 quia
1056 1896 1260 1936 serum
1291 1888 1417 1938 erat
1460 1885 1606 1953 diei,
1640 1902 1846 1943 omnes
1876 1889 1979 1944 don

2226 1908 2417 1977 imisit,
2454 1908 2573 1964 Deo
2604 1911 2836 1966 volente
2871 1928 2882 1967 :
2918 1878 3292 1970 utwtandem—
3312 1919 3606 1973 desisteret
3630 1919 3782 1973 Eccle-

368 2032 373 2039 η
424 1980 569 2021 suas
599 1966 888 2022 abierunt.
924 1969 1224 2024 Postridie
1247 1987 1408 2041 vero,
1443 1973 1794 2031 obsecratus
1825 1981 1887 2031 ut
1908 1994 2082 2049 quem

422 2056 701 2111 idoneum
723 2057 971 2112 maxime
994 2058 1297 2128 indicaret,
1322 2061 1695 2135 exprimeret,
1720 2066 1837 2135 ille,
1869 2083 1934 2122 re
1953 2084 2086 2124 cum

426 2141 631 2198 Cincio
665 2144 930 2199 Romano
980 2146 1225 2201 consule
1273 2152 1719 2220 communicata,
1754 2152 2087 2210 Ostiensem

425 2231 771 2303 episcopum
802 2234 1157 2305 nominavit;
1196 2236 1497 2308 plerisque
1546 2239 1603 2292 in
1634 2240 1970 2298 Ostiensem
2000 2246 2086 2300 in-

425 2319 804 2377 clinantibus.
837 2322 1000 2377 Tunc
1018 2340 1158 2379 vero
1182 2325 1498 2381 cardinalis
1529 2329 1762 2399 quidam
1785 2350 1795 2387 :
1820 2333 1908 2389 Ne
1928 2334 2085 2389 Deus

426 2409 653 2479 siverit,
685 2410 892 2482 inquit,
927 2413 1069 2484 quin
1100 2413 1472 2470 Desiderium
1503 2420 1838 2488 pontificem
1870 2422 2085 2479 habea-

423 2496 595 2556 musl
628 2499 753 2566 Qua
780 2516 926 2556 voce
959 2502 1143 2557 erecti
1172 2505 1372 2559 caeteri
1398 2506 1772 2563 Desiderium
1793 2526 1907 2566 uno
1939 2528 2084 2568 con-

422 2601 610 2642 sensu
638 2589 1100 2658 prehenderunt,
1136 2595 1192 2646 et
1221 2592 1291 2646 ad
1323 2594 1509 2648 aedem
1542 2596 1602 2650 S.
1633 2597 1832 2654 Luciae
1864 2602 2085 2670 perdu-

421 2678 655 2746 xerunt,
689 2680 747 2733 et
768 2677 877 2733 rite
907 2678 1177 2751 electum,
1196 2697 1262 2735 ac
1287 2682 1542 2739 Victoris
1561 2686 1631 2739 III
1655 2689 1889 2743 nomine
1912 2690 2084 2745 affec-

421 2766 564 2835 tum,
599 2765 904 2838 chlamyde
936 2770 1213 2823 coccinea
1259 2777 1618 2828 exornarunt
1650 2791 1662 2830 :
1696 2776 1887 2831 albam
1928 2780 2082 2834 enim

420 2868 539 2909 non
555 2856 870 2935 potuerunt
893 2858 1165 2912 renitenti
1189 2858 1510 2930 imponere.
1539 2864 1688 2919 Post
1708 2867 2083 2935 quatriduum

420 2942 643 3013 Victor,
691 2931 876 3000 Roma
926 2961 1252 3018 egressus,
1302 2949 1553 3005 Ardeam
1604 2956 1661 3007 et
1707 2954 2084 3012 Terracinam

422 3031 582 3103 adiit,
614 3032 817 3105 ibique
862 3035 1196 3105 pontificem
1230 3053 1367 3093 esse
1398 3040 1552 3096 nolle
1582 3041 1918 3116 professus,
1953 3062 2083 3101 cru-

421 3136 571 3193 cem,
623 3122 990 3195 chlamydem
1038 3128 1095 3181 et
1147 3131 1360 3182 caetera
1407 3131 1703 3199 pontiﬁcia
1743 3140 2083 3191 ornamenta

420 3211 714 3282 deposuit,
747 3216 806 3268 et
850 3213 1132 3270 Casinum
1164 3232 1448 3273 reversus
1468 3261 1482 3289 ,
1517 3235 1708 3291 neque
1739 3238 1773 3276 a
1803 3223 2079 3294 Jordane,
2115 3227 2166 3288 C
2195 3211 2485 3311 habitum:
2545 3249 2606 3299 ut

419 3316 612 3373 neque
653 3301 725 3357 ab
765 3302 1065 3374 episcopis
1113 3308 1211 3360 aut
1253 3308 1657 3364 cardinalibus
1696 3310 1814 3365 ulla
1857 3313 2082 3368 ratione

421 3389 671 3446 Romam
698 3391 902 3446 reduci
932 3393 1137 3462 potuit.
1177 3392 1517 3449 Conventus
1548 3398 1763 3469 Capuae
1795 3404 1963 3456 actus
1994 3405 2088 3456 est

415 3494 526 3549 per
553 3479 1070 3551 quadragesimam
1099 3498 1251 3537 anno
1278 3482 1432 3538 1087.
1459 3485 1541 3540 Eo
1559 3491 1816 3559 peracto,
1841 3495 2085 3560 repente

420 3565 625 3622 clerici
655 3569 713 3621 et
738 3567 875 3622 laici
905 3583 1112 3625 omnes
1143 3572 1318 3626 novis
1350 3572 1512 3628 illum
1548 3574 1868 3631 sollicitare
1900 3581 2087 3649 preci-

417 3654 535 3710 bus
546 3653 974 3727 institerunt,ut
994 3660 1351 3729 pontiﬁciam
1372 3662 1714 3735 dignitatem
1730 3674 2082 3724 resumeret.

416 3742 581 3810 Quos
599 3761 731 3800 cum
752 3761 860 3816 per
878 3746 1121 3802 biduum
1140 3750 1731 3822 sprevisset,demum
1750 3754 2085 3826 duce,prin-

421 3832 573 3904 cipe,
607 3833 910 3907 epis00pis
934 3840 989 3890 et
1021 3837 1422 3894 cardinalibus
1450 3841 1523 3895 ad
1546 3844 1731 3912 pedes
1756 3843 1886 3915 ejus
1911 3846 2083 3902 obse-

418 3923 621 3978 crandi
640 3939 819 3978 causa
839 3926 1364 3995 procumbentibus
1388 3931 1665 4000 cessit,ac
1692 3933 2084 3991 qualendas

417 4011 643 4082 Aprilis
664 4011 721 4066 in
748 4012 1266 4087 festoPalmarum,
1290 4019 1599 4088 superiora
1632 4023 1884 4093 comitia,
1910 4040 2085 4080 cruce

418 4102 477 4155 et
493 4100 800 4172 chlamyde
824 4106 1542 4176 resumpta,conﬁrmavit.
1560 4110 1849 4165 Paschate
1873 4112 2085 4169 deinde

411 4188 612 4244 Casini
642 4190 959 4263 celebrato,
981 4208 1115 4247 cum
1131 4193 1405 4264 Capuano
1433 4200 1489 4251 et
1516 4196 1883 4255 Salernitano
1920 4204 2082 4271 prin-

414 4278 648 4349 cipibus
670 4281 740 4335 ad
764 4281 969 4337 urbem
986 4298 1351 4355 pregressus
1383 4290 1547 4340 extra
1576 4289 1868 4357 porticum
1898 4291 2089 4345 sancti

411 4368 574 4423 Petri
597 4371 885 4439 consedit,
901 4374 1076 4443 atque
1095 4373 1281 4427 aedem
1312 4390 1486 4445 quam
1508 4373 1782 4432 Clemens
1813 4379 2086 4449 antipapa

412 4458 668 4525 tenebat,
712 4461 958 4531 egregia
990 4475 1235 4516 suorum
1280 4478 1457 4532 opera
1508 4480 1689 4534 usus,
1726 4469 1965 4538 recepit,
2001 4486 2082 4523 vn

2200 1996 2349 2050 siam
2378 2012 2547 2051 suam
2578 2002 2860 2070 persequi
2889 2006 2946 2055 et
2977 2004 3409 2061 calamitatibus
3443 2023 3652 2062 vexare.
3678 2008 3782 2063 Sunt

2197 2087 2299 2155 qui
2331 2086 2444 2141 hoc
2489 2091 2751 2158 tempore
2803 2091 2985 2145 multa
3032 2094 3307 2166 prodigia
3336 2099 3654 2165 apparuisse
3679 2100 3780 2151 scri-

2197 2172 2356 2244 bant,
2390 2178 2446 2229 et
2474 2193 2617 2231 aves
2650 2178 3013 2247 domesticae,
3059 2189 3121 2235 ut
3150 2187 3289 2253 puta
3329 2184 3568 2255 gallinae,
3598 2201 3782 2240 anseres
3878 2218 3879 2221 η

2197 2263 2474 2333 columbi,
2508 2282 2793 2335 pavones,
2846 2269 2919 2322 ad
2956 2270 3083 2324 loca
3134 2276 3410 2326 montana
3461 2274 3781 2345 confugerint,

2196 2351 2627 2424 silvestresque
2659 2355 2779 2410 sint
2826 2356 3019 2427 factae,
3054 2364 3111 2413 et
3152 2360 3359 2429 pisces
3406 2365 3521 2415 tum
3562 2363 3783 2430 ﬂuviales,
3878 2372 3879 2427 ξ

2193 2441 2316 2493 tum
2346 2443 2575 2512 marini,
2611 2459 2685 2498 ex
2715 2450 2883 2515 parte
2927 2448 3235 2516 perierint.
3268 2449 3467 2505 Terrae
3496 2454 3633 2505 motu
3661 2452 3783 2505 etiam
3878 2478 3879 2481 η

2192 2530 2462 2598 quaedam
2495 2532 2677 2586 urbes
2707 2535 2854 2587 adeo
2902 2551 3218 2592 concussae
3253 2543 3418 2609 sunt,
3454 2543 3511 2594 ut
3538 2539 3784 2611 Syracusis

2192 2634 2405 2690 magna
2436 2620 2683 2675 basilica
2728 2638 3053 2695 corruens,
3104 2626 3246 2681 dum
3289 2644 3548 2698 vesperae
3581 2629 3782 2683 celebra-
3878 2668 3879 2687 ξ

2190 2711 2410 2773 rentur,
2447 2724 2652 2764 omnes
2683 2714 2787 2783 qui
2842 2715 2901 2767 in
2948 2716 3165 2785 templo
3205 2717 3452 2771 aderant
3495 2717 3783 2781 contriverit,

2191 2795 2425 2851 duobus
2474 2801 2692 2854 tantum
2743 2802 3030 2857 divinitus
3089 2807 3546 2875 superstitibus,
3598 2807 3784 2877 diacono
3878 2840 3879 2875 ξ

2192 2885 2421 2941 scilicet
2452 2890 2508 2941 et
2539 2889 2921 2946 subdiacono.
2948 2892 3095 2947 Sunt
3116 2870 3220 2965 qui
3250 2870 3559 2949 dieanthoc
3582 2872 3783 2962 tempore
3878 2870 3879 2939 l

2193 2989 2410 3044 corpus
2442 2975 2501 3031 S.
2540 2978 2765 3033 Nicolai
2798 2996 2871 3034 ex
2905 2981 3101 3051 Myrea
3132 2984 3336 3053 Lyciae
3360 2985 3596 3051 civitate,
3627 2983 3785 3036 Barum

2194 3061 2374 3119 Italiae
2423 3066 2628 3120 urbem
2670 3070 3058 3139 translatum,
3108 3075 3427 3143 postquam
3482 3073 3670 3127 ibidem
3713 3070 3787 3122 745

2193 3167 2383 3208 annos
2448 3156 2767 3225 quieverit,
2838 3160 3211 3231 maximoque
3290 3163 3447 3216 cultu
3513 3166 3562 3216 et
3619 3162 3785 3214 honore
3878 3178 3879 3233 ξ

2647 3245 2946 3302 Marianus
2986 3248 3233 3320 Scotus,
3308 3251 3397 3304 vir
3444 3266 3650 3321 magna:
3681 3248 3787 3302 doc-
3878 3258 3879 3283 ξ

2190 3330 2361 3385 trinm
2414 3332 2857 3405 singularisque
2911 3337 3076 3405 vitae,
3116 3338 3189 3409 gin
3232 3355 3343 3394 sua
3386 3339 3623 3394 Historia
3656 3351 3787 3390 cons—
3878 3336 3879 3409 ξ

2192 3419 2387 3474 cribit.

2262 3524 2401 3581 Inde
2432 3527 2634 3583 Victor
2680 3530 2972 3586 adversus
3011 3532 3373 3590 Clementem
3418 3535 3785 3606 pseudopapam

2191 3617 2247 3668 et
2277 3614 2587 3672 factionem
2620 3618 2752 3689 ejus
2784 3635 3136 3691 conversus,
3172 3624 3444 3697 Augusto
3474 3639 3655 3679 mense
3676 3633 3786 3674 anno

2191 3702 2328 3758 1087
2359 3710 2712 3761 conventum
2731 3709 3133 3766 Beneventum
3154 3713 3385 3779 indixit,
3413 3714 3662 3768 omnibus
3677 3711 3784 3779 Apu-

2190 3791 2285 3847 liae
2316 3796 2372 3847 et
2401 3794 2688 3851 Calabriae
2719 3798 3020 3869 episcopis
3054 3800 3384 3857 advocatis.

2261 3899 2410 3954 Dum
2441 3904 2706 3972 synodus
2745 3905 3161 3962 Beneventana
3202 3910 3398 3964 adhuc
3442 3909 3780 3981 perageretur,
3878 3942 3879 3951 η

2187 3989 2450 4057 pontifex
2464 3992 2630 4061 gravi
2654 3992 3010 4063 dysenteriae
3033 3998 3241 4052 morbo
3266 3999 3535 4053 laborare
3554 3994 3784 4065 incipiens

2185 4076 2381 4132 triduo
2414 4084 2547 4147 post
2577 4079 2828 4136 festinus
2858 4083 2929 4137 ad
2961 4084 3290 4142 Casinense
3315 4103 3447 4142 cum
3469 4083 3726 4157 episcopis
3746 4083 3784 4132 et

2187 4167 2589 4223 cardinalibus
2623 4170 2833 4241 rediit;
2866 4174 3102 4244 quibus,
3126 4181 3375 4231 mortem
3398 4177 3507 4231 sibi
3539 4175 3781 4229 imminere
3878 4178 3879 4231 ἲ

2188 4257 2472 4326 sentiens,
2504 4258 2667 4328 petiit
2700 4263 2759 4313 ut
2783 4259 2951 4331 juxta
2981 4263 3254 4336 Gregorii
3286 4282 3451 4335 papm
3491 4264 3781 4318 voluntatem

2186 4344 2473 4401 Othonem
2533 4349 2878 4419 episcopum
2936 4353 3294 4408 cardinalem
3353 4354 3689 4419 Ostiensem,
3736 4362 3783 4400 se
3878 4344 3879 4419 ᾗ

2187 4437 2437 4505 mortuo,
2471 4452 2678 4507 papam
2706 4441 3162 4511 constituerent;
3183 4459 3358 4512 quem
3373 4441 3673 4496 astantibus
3697 4451 3786 4490 car-

410 4561 554 4601 vero
570 4523 711 4600 Idus
733 4523 892 4617 lilaii,
914 4548 970 4601 id
993 4551 1232 4619 estipsa
1263 4556 1397 4620 post
1417 4552 1851 4609 Ascensionem
1883 4558 2077 4612 Domi-
2102 4572 2159 4635 D
2189 4523 2897 4635 fitill'tjfliefflﬂsfép's
2930 4546 3100 4635 inm?"
3135 4530 3392 4635 offerens
3425 4535 3498 4584 δή
3531 4545 3543 4585 ³

410 4635 563 4707 nica,
590 4635 872 4691 Romanis
899 4637 957 4689 in
982 4638 1324 4693 Vaticanum
1346 4642 1637 4712 egressis,
1673 4644 1745 4698 ab
1776 4645 2075 4717 Ostiensc,

409 4724 770 4794 Tusculano,
810 4725 1144 4795 Portuensi,
1182 4731 1238 4781 et
1282 4728 1606 4784 Albanensi
1639 4732 1938 4804 episcopis
1970 4737 2080 4791 rite

409 4817 816 4884 consecratus,
842 4814 900 4868 in
924 4814 1249 4870 diaconiam
1269 4816 1329 4871 S.
1366 4819 1567 4874 Luciae
1598 4821 1668 4874 ad
1692 4821 2081 4892 Septisolium

407 4906 787 4976 atquesacra
818 4906 877 4959 in
910 4905 1052 4960 sede
1076 4904 1303 4960 locatus
1317 4909 1733 4965 est.Postocto
1759 4911 1889 4966 dies
1908 4912 2079 4967 Casi-

403 5008 545 5049 num
563 4999 931 5067 reversus,et
950 4994 1086 5050 inde
1108 4996 1181 5051 ad
1202 5011 1415 5066 preces
1438 4998 1735 5054 Mathildis
1761 5001 1970 5056 urbem
1990 5018 2073 5058 re-

405 5084 587 5155 petiit,
622 5085 725 5140 ubi
751 5085 1196 5140 officiosissime
1227 5090 1532 5156 exceptus,
1569 5105 1675 5158 per
1706 5095 1835 5143 octo
1869 5091 1999 5147 dies
2018 5092 2077 5147 in

406 5172 691 5227 Vaticano
713 5174 948 5245 mansit,
972 5176 1221 5245 atquein
1246 5176 1397 5229 festo
1412 5176 1471 5230 S.
1494 5177 1802 5248 Barnabas,
1836 5196 1959 5234 rem
1982 5181 2074 5235 di-

404 5262 603 5316 vinam
632 5262 692 5314 in
724 5263 849 5316 aede
880 5263 939 5317 S.
974 5264 1135 5318 Petri
1167 5264 1519 5336 fecit,atque
1542 5267 1746 5321 eodem
1780 5268 1871 5323 die
1904 5270 2075 5324 auxi-

401 5351 483 5407 lio
515 5350 814 5405 Mathildae
847 5350 1067 5407 Urbem
1097 5353 1352 5422 intravit,
1388 5357 1444 5408 et
1472 5356 1630 5424 apud
1656 5357 1908 5412 insulam
1939 5374 2072 5429 quas

392 5439 556 5512 juris
589 5439 684 5494 sui
715 5441 839 5493 erat
872 5439 1108 5495 insedit.
1143 5441 1338 5496 Pridie
1370 5459 1511 5497 vero
1544 5443 1802 5498 Natilitia
1826 5452 2070 5516 aposto-

399 5530 621 5599 larum,
652 5527 926 5583 Clemens
967 5529 1238 5600 autipapa
1275 5531 1520 5601 cupiens
1550 5532 1607 5585 in
1641 5533 1765 5587 {Dth
1814 5534 1873 5587 S.
1908 5535 2066 5589 Petri

402 5635 574 5675 sacra
602 5635 680 5675 ex
706 5632 873 5673 more
906 5619 1220 5689 conﬁcere,
1258 5620 1557 5675 Romanos
1588 5622 1874 5692 quosdam
1906 5624 2067 5679 indu-

397 5709 482 5771 xit
501 5712 566 5768 ut
595 5706 855 5767 Tiberim
885 5706 1090 5762 armati
1120 5706 1491 5779 trajicerent,
1529 5710 1924 5783 templumque
1960 5730 2062 5769 oc-

2187 4627 2341 4683 eum,
2375 4618 2431 4669 et
2462 4615 2520 4667 in
2552 4616 2815 4670 Romana
2854 4618 2995 4672 sede
3043 4619 3263 4686 locate,
3319 4633 3607 4688 meamque
3633 4615 3778 4666 vicem
3878 4618 3879 4621 ‘

2185 4702 2243 4755 in
2276 4703 2572 4772 omnibus,
2607 4705 2942 4775 quibusque
2982 4707 3037 4760 id
3073 4708 3266 4763 facere
3311 4708 3570 4778 possitis,
3600 4701 3780 4757 habete-

2182 4791 2408 4854 Quibus
2441 4791 2769 4863 dispositis,
2816 4795 3010 4850 triduo
3059 4800 3195 4866 post
3244 4797 3493 4851 feliciter
3528 4796 3583 4847 in
3624 4790 3781 4845 eodem

2182 4880 2451 4934 ccenobio
2483 4882 2761 4952 migravit
2800 4884 2871 4937 ad
2920 4882 3219 4939 Christum
3261 4903 3361 4939 xvx
3391 4882 3618 4939 Kalend.
3645 4877 3780 4930 Octo-

2178 4968 2326 5038 bris,
2362 4986 2513 5025 anno
2547 4971 2703 5024 1087.

2249 5076 2396 5131 Sunt
2426 5078 2528 5148 qui
2553 5079 2816 5134 scribent
2838 5094 2969 5134 eum
2985 5095 3234 5149 veneno,
3261 5081 3377 5134 sibi
3395 5082 3449 5133 in
3474 5078 3638 5131 calice
3657 5072 3773 5129 dato.

2177 5165 2314 5218 dum
2347 5181 2515 5220 sacra
2549 5166 2790 5235 faceret,
2828 5170 3202 5237 imperatoris
3232 5173 3288 5223 et
3318 5168 3684 5239 pseudopapm
3708 5159 3777 5252 iit-

2177 5254 2349 5308 sidiis
2382 5258 2694 5325 mortuum,
2729 5257 2886 5326 quod
2916 5258 3107 5327 ipsum
3144 5273 3260 5312 non
3288 5262 3381 5311 est
3412 5273 3443 5308 a
3480 5254 3775 5338 dysenteria?

2175 5343 2381 5396 morbo
2412 5343 2687 5397 alienum.
2709 5344 2875 5398 Unde
2904 5345 2959 5397 in
2994 5344 3387 5414 dysenteriam
3417 5354 3626 5396 veneno
3654 5333 3771 5428 petiti

2171 5434 2482 5485 vertuntur
2524 5432 2839 5499 interdum,
2894 5433 3189 5502 corruptis
3238 5439 3292 5486 et
3338 5427 3772 5514 labefactatis

2170 5521 2444 5574 testimis.
2483 5521 2723 5574 Vacavit
2755 5523 2873 5574 tum
2906 5521 3105 5589 sedes,
3132 5524 3371 5590 proiiter
3398 5513 3653 5587 temporis
3680 5503 3765 5560 dii-

2170 5609 2505 5678 ticultatem,
2543 5625 2783 5665 menses
2816 5611 3107 5681 quinque,
3145 5613 3200 5664 et
3230 5610 3357 5663 dies
3388 5605 3472 5661 9.2.

2238 5697 2468 5767 Corpus
2493 5697 2626 5770 ejus
2659 5698 2715 5750 in
2748 5698 3000 5768 capitulo
3013 5697 3299 5757 Casinate,
3323 5694 3492 5769 cujus
3515 5687 3761 5746 monaste-
