3988 6176
126 388 218 452 917

1151 380 1647 444 POSTMODUM
1682 380 2046 443 VICTORIS
2074 380 2158 442 Ill
2198 382 2286 445 PA
2301 381 2431 443 PZE

3401 385 3521 447 918

127 587 183 641 rii
206 586 320 638 ante
346 580 731 652 pontiﬁcatum
761 579 949 634 abbas
982 579 1175 634 fuerat
1205 580 1263 633 in
1283 578 1561 649 sepulcro
1578 594 1740 633 mar-
1766 566 1816 620 Α
1915 577 1990 631 Ut
2031 594 2183 632 nunc
2201 578 2509 649 aspicitur,
2533 578 2684 632 hunc
2696 593 2995 633 renovare
3020 579 3225 636 locum.

126 687 308 738 mereo,
336 671 440 724 hoc
469 669 658 739 elogio
682 668 900 736 addito,
933 669 1228 737 sepultum
1261 671 1371 723 est.

178 760 299 824 Quis
323 758 549 823 fuerim,
592 756 687 811 vel
716 756 872 829 quid,
901 756 1110 828 qualis,
1137 766 1503 829 quantusque
1516 757 1740 825 doceri,

178 850 235 902 Si
258 848 375 918 quis
395 845 547 899 forte
574 844 735 910 velit,
779 861 959 899 aurea
990 847 1214 916 scripta
1248 846 1477 900 docent.

122 935 431 1007 Stirpsmihi
450 940 797 1004 magnetem,
818 934 982 989 Bene
994 940 1203 989 ventus
1216 934 1437 1005 patria,
1464 950 1673 989 nomen

174 1025 269 1078 Est
295 1023 660 1091 Desiderius,
695 1028 886 1094 tuque,
928 1022 1164 1089 Casina,
1196 1023 1416 1077 decus:

120 1115 357 1169 Intactum
378 1126 664 1182 sponsam,
688 1117 956 1179 matrem,
983 1112 1372 1183 patriamque,
1386 1112 1746 1184 propinquos

170 1198 669 1272 Spernens[uxus1,
689 1198 991 1271 sternens]
1009 1200 1399 1271 hueprOpero,
1423 1200 1747 1255 monachus

1376 1287 1668 1361 [afﬁcior].

118 1378 285 1435 Abbas
318 1376 450 1431 dein
471 1375 684 1447 factus,
719 1376 920 1432 studui
943 1393 1055 1449 pro
1094 1383 1357 1449 tempore
1388 1383 1565 1432 totum

1838 666 2078 721 Interea
2101 662 2332 721 fuerum
2352 667 2609 721 Romana
2640 665 2841 720 clarus
2882 667 2943 719 in
2980 668 3127 723 urbe

1909 754 2255 827 Presbyter
2295 756 2604 826 Ecclesiae,
2632 759 2819 816 Petro
2856 756 3053 825 beate,
3102 765 3233 823 tuae,

1838 844 1961 900 Hoc
1977 845 2145 899 senis
2167 844 2383 899 lustris
2394 848 2589 901 minus
2609 865 2761 905 anno
2781 850 3020 905 functus
3039 851 3284 917 honore,

1924 932 2126 988 Victor
2153 935 2529 1005 apostolicum
2562 940 2781 993 scendo
2822 940 3039 995 dehinc
3068 937 3301 1009 solium,

1841 1022 2102 1087 Quatuor
2120 1028 2177 1077 et
2198 1024 2385 1078 semis
2424 1026 2525 1078 vix
2552 1028 2859 1081 mensibus
2890 1028 3030 1083 inde
3058 1026 3329 1098 peractis

1907 1112 2017 1165 Bis
2033 1127 2147 1166 sex
2160 1111 2349 1166 lustra
2362 1128 2628 1184 gerens,,
2652 1124 2915 1171 mortuus
2933 1117 3028 1170 hic
3062 1115 3334 1170 tumulor.

1837 1199 2005 1254 Dolis
2040 1200 2313 1272 virgineo
2344 1198 2541 1257 stabat
2572 1203 2676 1257 lux
2707 1205 2913 1259 ultima
2944 1206 3135 1276 signo,

1913 1289 2054 1345 Cum
2085 1304 2178 1343 me
2217 1288 2311 1344 sol
2344 1306 2524 1344 verus
2557 1292 2695 1346 hinc
2729 1292 2882 1365 tulit,
2917 1294 3045 1366 ipse
3077 1294 3254 1349 Deus.

1326 1754 1725 1838 NOTITIA
1822 1761 2250 1840 ALTERA.

1200 1952 1443 2024 (Mausx,
1482 1952 1704 2009 Concil.
1739 1958 1860 2011 tom
1892 1956 2021 2027 XX,
2056 1973 2192 2029 pag.
2226 1956 2378 2029 630.)

164 2187 355 2255 Victor,
372 2190 561 2258 patria
581 2192 1245 2261 Beneventanus,nobili
1270 2164 1576 2248 stemmate
1597 2210 1739 2265 pro-
1766 2179 1811 2232 Β
1832 2198 2092 2253 Africam
2122 2200 2345 2272 dirigit.
2389 2201 2625 2257 Christo
2649 2204 2843 2274 itaque
2876 2204 3024 2258 duce
3055 2205 3322 2274 ingressi
3353 2203 3520 2258 Afri-

116 2280 312 2345 gnatus,
343 2280 433 2332 cui
473 2295 715 2348 nomen,
748 2285 880 2335 ante
922 2281 1213 2335 Desidet-ii
1245 2282 1455 2352 fuerat,
1491 2284 1740 2339 consilio

109 2369 333 2442 Gregorii
385 2376 625 2444 septimi
665 2375 788 2446 jam
835 2377 1123 2443 morituri,
1176 2381 1308 2446 post
1340 2378 1742 2449 interregnum

108 2461 251 2514 unius
264 2461 407 2516 ferre
421 2465 586 2531 anni,
603 2480 675 2518 ex
691 2466 999 2534 monacho,
1025 2466 1374 2519 Cassinensi
1387 2470 1443 2520 et
1460 2467 1741 2538 episcopo

108 2548 321 2603 Ostiensi
353 2552 586 2607 electus
618 2558 709 2608 est
746 2554 1006 2624 pontifex
1049 2554 1184 2625 ejus
1218 2555 1473 2608 nominis
1506 2557 1738 2625 tertius,

106 2639 442 2694 annoChristi
461 2643 880 2712 Redemptoris
897 2642 1054 2696 1086.
1070 2644 1469 2699 Consecratus
1490 2647 1740 2715 septimo

109 2724 218 2779 ldus
246 2727 367 2780 Maii
407 2730 551 2783 anni
596 2732 1551 2801 sequentis,adversusimprobos
1570 2734 1739 2787 Sara-

109 2828 252 2869 cenos
271 2816 440 2871 Italia:
460 2820 661 2873 littora
679 2819 904 2891 jugiter
923 2820 1296 2889 infestantes,
1330 2820 1739 2876 Christianos-

108 2916 196 2969 que
242 2907 494 2974 captivos
554 2908 937 2977 abripientes,
975 2908 1283 2962 militarem
1307 2909 1740 2978 expeditionem

108 2997 366 3047 convertit.
427 2997 559 3060 Qua
618 2996 872 3065 fortuna,
923 3012 1112 3067 quave
1147 2994 1555 3066 prosperitate,
1622 3000 1739 3054 Leo

105 3078 354 3136 Ostiensis
386 3084 480 3138 his
518 3085 723 3139 verbis
770 3091 1001 3139 enarrat
1035 3101 1047 3139 :
1095 3086 1357 3140 Consilio
1381 3087 1574 3157 itaque
1607 3105 1740 3142 cum

108 3167 362 3239 episcopis
417 3177 475 3227 et
541 3174 942 3227 cardinalibus
976 3174 1172 3228 habile
1204 3190 1277 3227 ex
1308 3176 1584 3230 omnibus
1615 3177 1741 3231 fere

106 3254 248 3311 Italiae
271 3262 494 3330 populis
517 3263 843 3316 exercitum
872 3278 1271 3333 congregans,
1294 3263 1528 3334 illisque
1561 3266 1739 3319 vexil-

105 3342 197 3395 lum
239 3347 413 3404 beatri
463 3352 631 3404 Petri
656 3351 909 3421 apostoli
939 3351 1203 3416 tradens,
1242 3351 1354 3405 sub
1388 3354 1741 3408 remissione

104 3440 436 3499 peccatorum
489 3440 757 3495 omnium
790 3442 991 3494 contra
1023 3439 1292 3493 infideles
1321 3441 1650 3513 impiosque
1682 3446 1740 3497 in

1833 2303 1961 2340 eam
2021 2294 2253 2343 centum
2310 2290 2487 2343 millia
2530 2296 2921 2362 pugnatorum
2952 2293 3315 2361 occiderunt,
3351 2292 3497 2347 urbe

1832 2374 2068 2431 illorum
2118 2379 2414 2449 praecipua
2465 2383 2631 2449 capta
2676 2385 2732 2434 et
2789 2381 3008 2434 occisa.
3046 2381 3232 2434 Porro
3278 2396 3352 2434 ne
3374 2381 3511 2451 quis

1833 2467 1989 2519 amh1
2009 2469 2107 2539 gat
2130 2467 2239 2520 hoc
2263 2467 2367 2520 Dei
2392 2471 2551 2521 mutu
2569 2468 2917 2538 contigisse,
2944 2484 3052 2522 suo
3077 2469 3169 2522 die
3196 2468 3513 2524 Christiani

1836 2555 2092 2609 victores
2124 2571 2392 2623 evasere,
2429 2571 2497 2611 eo
2544 2558 2716 2610 etiam
2747 2557 2926 2611 Italim
2966 2558 3227 2611 nuntiata
3256 2558 3506 2612 victoria

1836 2644 1945 2696 est.
1979 2643 2115 2696 Post
2133 2642 2474 2698 Guibertum
2496 2646 2763 2715 aliosque
2791 2646 3208 2700 schismaticos
3235 2647 3508 2717 synodali

1836 2733 2124 2785 sententia
2140 2733 2558 2788 condemnatos
2578 2738 2631 2787 et
2650 2737 3206 2805 excommunicatos,
3232 2735 3502 2805 feliciter,

1832 2820 2021 2890 inquit
2053 2821 2204 2874 idem
2240 2822 2358 2876 Leo
2391 2822 2704 2890 Ostiensis,
2742 2824 3017 2894 migravit
3064 2825 3134 2878 ad
3194 2825 3508 2879 Dominum

1833 2925 1954 2961 xvu
2012 2909 2301 2964 Calendas
2360 2910 2651 2979 Octobris,
2685 2928 2839 2965 anno
2874 2913 3194 2967 Dominicae
3226 2914 3506 2967 Incarna-

1832 2997 2009 3050 tionis
2040 2998 2351 3053 millesimo
2386 3001 2749 3070 octogesimo
2795 3002 3065 3070 septimo.
3118 3002 3397 3070 Sepultus
3415 3003 3508 3055 est

1834 3084 1890 3137 in
1925 3085 2053 3154 ipsa
2090 3089 2325 3156 capituli
2358 3089 2585 3154 abside,
2621 3088 2719 3141 ubi
2749 3090 2939 3143 triduo
2971 3092 3103 3143 ante
3136 3090 3357 3144 obitum
3387 3090 3506 3144 sibi

1834 3175 2175 3243 sepulcrum
2244 3177 2564 3246 praeparari
2635 3178 3032 3232 mandaverat.
3109 3177 3500 3247 Epitaphium,

1833 3263 1987 3331 quod
2022 3264 2297 3334 sepulcro
2328 3264 2462 3334 ejus
2494 3265 2840 3333 inscriptum
2871 3268 3013 3335 erat,
3061 3267 3211 3334 apud
3246 3267 3505 3321 Leonem

1832 3350 2164 3406 Ostiensem
2189 3353 2488 3407 invenitur
2510 3353 2606 3406 his
2634 3355 2911 3408 versibus
2942 3358 3300 3408 contentum.
3325 3354 3506 3424 (Vide

1834 3458 2013 3515 supra
2046 3443 2107 3496 in
2149 3442 2359 3496 notitia
2385 3442 2622 3513 priori).

1244 3866 1642 3948 NOTITI/s.
1684 3866 2372 3947 DIPLOMATICA.

1044 4038 1274 4107 (durs,
1301 4036 1562 4107 Regesta
1594 4031 1981 4086 Romanorum
2004 4030 2365 4100 pontificum,
2397 4031 2543 4101 447).

102 4236 204 4291 Una
222 4255 346 4310 quae
378 4244 668 4312 superest
708 4240 966 4295 Victoris
986 4238 1064 4292 III
1095 4238 1277 4308 bulla,
1299 4239 1428 4292 data
1461 4240 2013 4363 esZpbelqoithaeiéqi}.i..
2040 4230 2384 4303 Signiensis
2416 4229 2691 4301 episcOpi,
2727 4233 2996 4284 Romanae
3043 4247 3182 4286 vero
3214 4232 3505 4289 Ecclesiae

114 4502 3491 4529 W

1131 4672 1305 4761 DE
1361 4667 1833 4760 GESTIS
1915 4666 2610 4755 DESIEBERI!

680 4829 1000 4885 ABBATIS
1044 4826 1326 4881 MONTIS
1353 4824 1663 4887 CASSINI,
1706 4818 2170 4877 POSTMODUM
2204 4818 2553 4874 VICTORIS
2585 4820 2659 4874 III
2692 4819 2924 4873 ΡΑΡΑΕ

1294 4973 1569 5043 (Manum.
1603 4971 1754 5024 Acta
1784 4968 2009 5039 Bened,
2042 4985 2120 5037 1x,
2144 4966 2290 5037 585).

156 5201 507 5258 Desiderius
538 5204 829 5274 Stephani
859 5202 1098 5257 abbatis
1157 5201 1509 5257 Casinensis
1556 5202 1750 5254 morte

92 5287 298 5355 plenum
312 5292 856 5362 abbatiaercgimen
876 5292 1121 5361 adeptus
1155 5297 1266 5345 est.
1298 5290 1754 5356 Quartusmona-

92 5380 244 5431 sterii
276 5380 560 5434 fundator
589 5397 620 5433 a
644 5381 836 5435 Leone
855 5380 1198 5433 Marsicano
1216 5378 1565 5450 appellatur,
1585 5377 1751 5449 cujus

102 5466 252 5519 vitam
292 5475 350 5521 et
382 5468 679 5539 price/are
708 5477 875 5539 gesta
904 5485 1030 5521 cum
1060 5485 1164 5521 suo
1194 5469 1601 5521 continuatore
1617 5465 1747 5519 fuse

90 5558 449 5626 prosequitur
490 5557 551 5609 in
581 5557 736 5610 libro
760 5557 1045 5611 Chroniei
1089 5555 1565 5625 Casinensis,qui
1588 5560 1745 5608 totus

1920 5217 1942 5247 α
1991 5196 2171 5251 Gesta
2190 5192 2410 5248 Deside
2421 5192 2495 5245 "ii
2509 5207 2587 5244 ex
2604 5190 2895 5245 Chronico
2911 5189 3111 5245 Casia.
3137 5220 3203 5252 -τ
3229 5189 3513 5245 Auctoris

1845 5284 2012 5340 fides.
2042 5284 2403 5348 Desiderius,
2428 5281 2614 5335 abbas
2637 5278 2775 5350 ujus
2806 5279 3147 5333 monasterii
3172 5279 3514 5334 tricesimus

1844 5376 2150 5444 septimus,
2203 5376 2257 5426 et
2302 5374 2547 5441 quartus
2581 5369 2761 5439 hujus
2794 5368 2907 5422 loci
2939 5372 3302 5422 restaurator
3332 5384 3399 5423 ac
3421 5385 3517 5425 re-

1841 5468 2106 5529 novator,
2178 5461 2330 5515 sedit
2385 5460 2555 5512 anuis
2632 5458 2843 5528 viginti
2914 5473 3148 5526 novem,
3200 5458 3513 5513 mensibus

1839 5554 2117 5623 quinque.
2155 5551 2387 5603 Primus
2441 5547 2735 5617 siquidem
2782 5547 3127 5601 monasterii
3158 5546 3341 5618 huius
3374 5547 3514 5602 fun-

1837 5643 1999 5694 dator
2050 5644 2221 5709 atque
2273 5640 2643 5691 constructor
2695 5635 2801 5689 fuit
2857 5637 3032 5689 Pater
3088 5636 3527 5691 sanctissimus

1837 5729 2212 5797 Benedictus,
2258 5728 2558 5781 Petronax
2598 5725 3521 5797 secundus,tertiusAligernus.f

1847 5817 2199 5874 Desiderius
2221 5816 2317 5871 hic
2337 5817 2544 5871 noster
2576 5815 2800 5870 exstitit
2821 5818 3099 5886 quartus;
3123 5814 3183 5868 in
3204 5827 3321 5884 quo
3354 5812 3515 5865 vide-

96 5649 167 5691 t-st
196 5644 265 5696 de
289 5644 513 5698 abbate
540 5644 871 5698 Desiderio.
895 5645 1078 5697 Vitam
1093 5642 1737 5709 exiudemutuahimur,

94 5731 365 5785 omisisiis
385 5748 517 5804 quae
529 5733 599 5787 ad
630 5749 755 5788 rem
780 5738 1041 5788 nostram
1076 5734 1317 5786 minime
1326 5730 1736 5803 pertinebunt,

96 5818 168 5871 sic
194 5819 389 5893 itaque
419 5821 542 5876 Leo
564 5822 863 5896 prologum
896 5821 1209 5878 exorditur
1234 5837 1246 5876 :
