3940 6174
393 308 514 383 91,9

439 308 531 408 (1,9,
1400 308 1672 369 essm
1716 307 2144 371 DESIDERII
2173 306 2540 385 ABBATIS
2583 307 2839 375 CASIN.
3690 314 3786 374 920

397 506 537 563 licet
591 507 963 578 omnipotens
1019 506 1179 562 Deus
1203 508 1407 562 nostro
1438 506 1553 562 hoc
1605 509 1864 576 tempore
1894 506 2066 559 etiam
2100 495 2143 556 Α
2188 522 2338 574 rum,
2373 507 2570 576 utpote
2597 506 2697 577 qui
2727 522 2818 561 me
2850 505 3101 576 simplici
3133 506 3428 561 intellectu
3469 507 3672 578 legisse
3696 526 3789 563 me-

402 597 787 667 corporaliter
803 596 1205 667 evangelicam
1228 594 1383 649 illam
1402 595 1876 665 pollicitationem
1894 596 2063 649 visus

403 687 497 740 est
553 683 894 751 adimplere,
957 699 1071 753 qua
1120 684 1358 737 dicit-ur:
1401 706 1421 729 «
1472 687 1657 738 Amen
1698 685 1829 738 dico
1870 684 2064 750 vobis,

404 773 563 844 quod
593 772 785 826 omnis
836 772 936 842 qui
984 772 1223 842 reliquit
1272 773 1509 826 domum
1567 773 1661 828 vel
1699 773 1932 841 fratres,
1973 775 2071 825 aut

406 874 672 929 sorores,
704 863 803 914 aut
831 862 1075 930 patrem,
1125 866 1222 913 aut
1254 864 1519 928 matrem,
1556 865 1654 916 aut
1683 877 1929 915 uxorem
1973 863 2071 914 aut

404 948 583 1017 ﬁlios,
618 949 717 1001 aut
762 963 941 1018 agros
976 952 1217 1018 propter
1248 965 1461 1003 nomen
1493 966 1707 1019 meum,
1733 949 2071 1019 centuplum

406 1037 677 1107 accipiet,
709 1039 766 1091 et
795 1036 972 1090 vitam
1003 1041 1281 1091 aeternam
1304 1039 1635 1107 possidebit
1665 1040 1881 1109 (Matth
1905 1046 2026 1106 xxx)
2047 1058 2067 1085 υ

408 1124 609 1196 Hujus
630 1125 800 1195 plane
831 1125 1195 1179 admirabilis
1226 1130 1281 1180 et
1318 1127 1642 1199 singularis
1673 1144 1812 1184 vere
1847 1130 1941 1182 sui
1976 1144 2076 1182 or-

416 1214 572 1270 dinis
602 1214 716 1267 viri
742 1216 860 1269 tam
911 1214 1100 1282 dives,
1134 1219 1247 1269 tam
1308 1217 1629 1286 multiplex,
1664 1222 1778 1272 tam
1825 1219 2077 1288 denique

412 1303 654 1374 cepiosa
673 1305 764 1358 est
785 1306 1091 1375 gestorum
1115 1305 1375 1370 materia,
1405 1310 1463 1358 ut
1486 1306 1596 1375 ipsi
1616 1307 1996 1377 Hieronymo,
2023 1308 2075 1360 si

411 1393 672 1460 adesset,
708 1391 798 1445 vel
830 1391 1091 1461 Sulpicio
1122 1409 1237 1447 non
1264 1400 1469 1464 posset
1499 1395 1689 1449 videri
1721 1396 1790 1448 ad
1811 1396 1951 1449 scril
1972 1412 2078 1449 en-

413 1481 554 1536 dum
582 1480 845 1552 indigna,
874 1480 1001 1553 Ego
1032 1487 1247 1550 tamen,
1302 1484 1571 1554 quamvis
1605 1486 1867 1537 omnium
1900 1485 2079 1554 impe—

414 1570 764 1639 ritissimus,
787 1572 1013 1625 ettanto
1036 1571 1148 1625 sim
1169 1573 1714 1642 operinequaquam
1748 1571 2078 1643 sufﬁciens,

415 1660 540 1713 tum
570 1673 676 1728 pro
717 1657 965 1728 imperio
1006 1660 1372 1714 sanctissimi
1414 1660 1689 1730 Oderisii,
1733 1661 1787 1714 is
1816 1667 1907 1715 est
1954 1662 2083 1731 ipse

419 1749 517 1820 qui
542 1746 865 1801 Desiderio
888 1748 951 1800 in
978 1749 1332 1802 monasterii
1343 1749 1637 1819 regimine
1652 1750 1961 1815 successit,
1986 1751 2090 1803 mi-

418 1836 575 1891 nime
589 1836 1164 1902 contemnendo,tum
1178 1852 1281 1905 pro
1297 1838 1546 1901 maxima
1562 1854 1735 1908 quam
1750 1838 1903 1892 idem
1915 1839 2088 1893 Pater

421 1924 772 1979 Desiderius
803 1923 863 1977 in
894 1939 986 1977 me
1025 1925 1097 1979 ab
1144 1926 1273 1994 ipsa
1305 1926 1429 1980 fere
1462 1928 1701 1981 infantia
1753 1929 1971 1982 habere
2003 1930 2087 1983 di-

422 2014 640 2085 gnatus
676 2014 769 2066 est
801 2012 1153 2082 dilectione;
1201 2030 1333 2068 cum
1364 2031 1456 2070 me
1487 2016 1726 2070 vixdum
1759 2021 2011 2087 quatuor
2034 2022 2090 2072 et

425 2102 632 2157 decem
679 2115 869 2155 annos
923 2117 1239 2172 egressum
1268 2105 1328 2158 in
1378 2103 1489 2157 hoc
1520 2107 1723 2159 sancto
1754 2105 1883 2159 loco
1916 2103 2089 2175 quam

425 2189 685 2244 libenter
717 2191 1002 2261 suscepit,
1062 2191 1359 2261 instruxit,
1413 2194 1650 2246 eauti-iit
1700 2209 1767 2246 ac
1797 2193 2086 2263 provexit.

426 2277 695 2334 Cernens
717 2278 966 2349 insuper
997 2285 1053 2334 et
1083 2280 1291 2336 dolens
1323 2298 1457 2335 cum
1473 2282 1614 2336 tanti
1633 2283 1876 2336 utilitate
1895 2284 2091 2352 operis

427 2368 772 2422 memoriam
790 2383 1025 2439 quoque
1045 2370 1186 2423 tanti
1208 2370 1315 2424 viri
1349 2372 1708 2441 scriptorum
1733 2371 2093 2443 negligentia

428 2456 708 2528 paulatim
736 2457 796 2510 in
816 2457 1195 2527 oblivionem,
1220 2475 1287 2513 ac
1318 2476 1424 2529 per
1454 2460 1564 2514 hoc
1605 2460 1665 2513 in
1697 2464 2092 2531 contemptum

431 2545 562 2602 fore
584 2547 917 2611 venturam;
940 2547 1075 2601 licet
1098 2563 1212 2601 non
1236 2548 1536 2617 decenter,
1563 2549 1701 2603 licet
1720 2566 1835 2603 non
1857 2551 2097 2621 elegan-

430 2626 542 2706 ter,
575 2633 714 2688 licet
728 2633 980 2705 denique
994 2650 1111 2689 non
1138 2635 1505 2690 sufﬁcienter
1526 2637 1749 2691 valeam
1769 2637 1903 2708 ejus
1918 2654 2097 2707 opera

433 2738 509 2780 ex
540 2724 659 2778 toto
678 2722 1006 2791 complecti,
1038 2724 1582 2795 aggrediartamen,
1606 2726 1869 2779 conﬁsus
1892 2726 1963 2779 de
1996 2742 2095 2778 au-

433 2811 579 2867 xilio
610 2810 735 2877 Dei,
765 2825 1000 2881 quoque
1031 2812 1318 2866 modoilla
1339 2814 1764 2885 perstringere,
1798 2816 1853 2868 et
1882 2814 1950 2867 ad
1972 2813 2098 2885 glo-

435 2898 584 2955 riam
614 2898 721 2954 Dei
746 2899 1006 2970 tantique
1038 2901 1149 2955 viri
1180 2905 1442 2956 sanctam
1475 2903 1832 2972 memoriam.
1868 2919 2100 2957 necnon

437 2987 510 3043 ad
529 2988 805 3044 solatium
818 2987 1072 3044 ﬁliorum
1089 2988 1243 3060 ejus,
1260 2990 1503 3045 fratrum
1519 2996 1796 3046 nostroru
1807 2993 2098 3060 m,1itteris

435 3068 737 3153 utcunque
755 3078 1052 3148 mandare;
1072 3079 1302 3150 aequius
1316 3079 1545 3151 utiquej
1556 3080 1800 3136 udicans
1817 3098 1948 3136 cum
1962 3082 2103 3136 obe-

437 3166 655 3222 dientia
686 3169 743 3222 et
772 3166 1084 3222 devotione
1115 3168 1367 3224 inscitiae
1381 3172 1576 3224 notam
1591 3170 1813 3238 subire,
1838 3188 2012 3241 quam
2029 3170 2100 3224 de

439 3257 557 3312 tam
584 3254 848 3326 pretiosa
890 3256 1134 3311 materia
1177 3272 1251 3311 ex
1306 3260 1426 3312 toto
1456 3258 1654 3328 silere,
1700 3263 1756 3313 et
1787 3229 2095 3330 indignum
2135 3229 2183 3291 Ο

439 3358 695 3417 prorsus
729 3359 868 3399 esse
898 3344 1228 3399 decernens
1255 3349 1335 3415 ut,
1357 3347 1477 3400 etsi
1510 3347 1703 3401 omnia
1734 3363 1983 3418 nequeo,
2009 3347 2101 3400 vel

439 3431 738 3504 aliquanta
765 3446 883 3486 non
933 3433 1201 3487 studeam
1249 3434 1320 3488 de
1350 3436 1431 3488 tot
1485 3435 1781 3506 tantisque
1821 3436 2102 3506 operibus

441 3519 579 3592 ejus
598 3520 843 3588 referre,
874 3521 1336 3590 prudentissimo
1354 3523 1554 3594 utique
1581 3539 1746 3577 more
1769 3524 2103 3578 venantium

441 3609 858 3665 insectantium
874 3606 1055 3674 feras,
1077 3610 1177 3681 qui
1200 3614 1255 3664 et
1268 3611 1321 3664 si
1334 3627 1539 3667 omnes
1559 3627 1767 3682 capere
1786 3615 2104 3683 nequeunt,

444 3713 817 3770 nequaquam
846 3701 1039 3752 tamen
1072 3702 1356 3770 quotquot
1383 3705 1637 3770 possunt
1669 3716 1879 3771 capere
1908 3701 2103 3772 negli-

444 3789 611 3861 gunt.
637 3786 709 3841 Et
724 3786 1000 3858 quoniam
1023 3789 1272 3858 plurima
1294 3805 1547 3860 prorsus
1577 3793 1633 3844 et
1657 3788 1779 3844 fere
1802 3789 2107 3844 innumera

446 3876 592 3932 tanti
618 3875 734 3930 viri
756 3877 896 3932 sunt
924 3892 1125 3947 opera,
1159 3877 1337 3932 multa
1372 3894 1463 3933 me
1496 3894 1567 3932 ex
1597 3878 1746 3949 ipsis
1779 3880 1952 3933 etiam
1975 3895 2107 3949 quae

447 3966 576 4021 scio
596 3964 1144 4035 praetermissurum
1192 3967 1497 4037 conﬁteor,
1532 3968 1810 4039 quoniam
1843 3968 2111 4022 scribere

447 4055 502 4111 si
530 4053 724 4109 omnia
744 4053 1091 4123 voluissem,
1115 4055 1400 4125 prolixam
1432 4059 1589 4111 certe
1611 4061 1666 4111 et
1684 4072 1983 4125 enormem
2003 4056 2110 4109 Hi-

448 4146 694 4202 storiam
725 4144 1127 4200 condidissem
1150 4163 1164 4211 ;
1199 4145 1470 4217 quamvis
1493 4144 1566 4199 ob
1590 4145 1701 4199 hoc
1720 4162 1751 4198 a
1777 4144 1975 4198 multis
1998 4160 2108 4198 no-

448 4239 730 4305 strorum,
752 4235 1114 4307 quimecum,
1132 4234 1349 4305 pariter
1371 4234 1468 4288 illa
1491 4235 1775 4302 recolunt,
1807 4249 1897 4286 me
1912 4233 2113 4287 redar-

447 4325 749 4398 guendum
793 4325 919 4379 fore
952 4340 1068 4379 non
1120 4324 1399 4379 dubitem.
1459 4322 1574 4378 Sed
1645 4339 1757 4393 ego
1824 4321 2113 4376 lectorum

448 4414 687 4485 fastidio
714 4415 952 4470 utuliter
991 4414 1331 4483 consulens,
1358 4414 1411 4468 si
1438 4428 1505 4467 ea
1535 4415 1756 4466 tantum
1771 4428 1903 4483 quae
1927 4411 2116 4465 relatu

450 4507 658 4561 essent
688 4503 1043 4574 dignissima
1080 4503 1491 4556 scriberentur
1519 4500 1799 4554 sufﬁcere
1821 4498 2110 4569 judicavi.

450 4595 600 4649 Nam
623 4608 736 4664 qua
768 4592 963 4647 minus
995 4591 1218 4646 nostris
1247 4590 1462 4644 litteiis
1486 4588 1877 4658 reperiuntur,
1900 4587 1956 4640 in
1980 4586 2116 4656 ejus
2142 4593 2190 4653 ι)

451 4683 734 4755 Operibus
756 4682 889 4736 luce
918 4680 1136 4755 clarius
1158 4676 1826 4748 conspiciuntur.Ilujus
1842 4691 1985 4729 sane
2008 4674 2120 4728 viri

448 4752 798 4846 primordia,
823 4752 1122 4843 quoniam,
1157 4769 1478 4839 opitulante
1509 4768 1767 4833 Christo,
1794 4766 1931 4819 hinc
1947 4780 2120 4819 exor-

451 4863 612 4918 dium
628 4876 862 4919 sumere
893 4859 1106 4931 gestio,
1141 4859 1213 4912 ab
1246 4858 1341 4912 his
1360 4858 1459 4927 qui
1490 4855 1625 4927 ejus
1639 4855 1710 4908 ab
1741 4853 2117 4908 incunabulis

451 4952 734 5008 exstitere
767 4950 1026 5017 sodales,
1053 4946 1325 5001 addidici.
1360 4946 1539 4999 Multa
1558 4949 1840 5014 praeterea
1873 4958 1946 4996 ex
1967 4940 2124 5012 ejus-

452 5042 587 5098 dem
643 5056 746 5096 ore
804 5039 1090 5107 veridico,
1124 5054 1257 5092 cum
1288 5051 1380 5090 me
1414 5035 1755 5105 frequenter
1795 5031 1913 5086 sibi
1943 5029 2119 5084 nimia

450 5131 712 5195 bonitate
727 5128 952 5184 faceret
982 5127 1311 5192 adhierere,
1348 5122 1588 5195 percepi
1615 5138 1628 5185 ;
1651 5120 1928 5175 nonnulla
1948 5119 2120 5173 etiam

453 5218 844 5291 a_prioribus
876 5216 1233 5289 quibusdam
1277 5214 1505 5282 audivi;
1556 5214 1770 5265 caetera
1821 5211 2119 5279 postremo

453 5288 617 5379 illius
646 5311 703 5362 et
732 5306 922 5363 oculis
956 5306 1212 5376 propriis
1257 5303 1508 5374 plurima
1541 5299 1682 5366 vidi,
1731 5303 1786 5353 et
1819 5295 2118 5350 universis

455 5398 584 5472 fere
614 5410 807 5467 usque
835 5394 909 5449 ad
939 5394 1161 5449 obitum
1197 5392 1330 5464 ejus
1354 5388 1615 5446 interfui.
1647 5387 1816 5442 Unde
1844 5385 2127 5439 lectorem

458 5501 658 5555 meum
704 5484 954 5540 reddere
1004 5482 1405 5537 certissimum
1436 5479 1572 5535 volo
1619 5476 1778 5531 nulla
1809 5489 1902 5528 me
1928 5474 1987 5526 in
2013 5472 2128 5526 hoc

457 5574 747 5653 opusculo
777 5574 1155 5631 extrinsecus
1180 5571 1573 5625 additamenta
1621 5567 1932 5629 facturum,
1970 5560 2126 5614 nulla

453 5650 705 5741 prorsus
736 5666 809 5724 de
864 5663 984 5734 illo,
1028 5662 1145 5717 nis:
1183 5661 1473 5717 veraciter
1503 5658 1819 5727 comperta,
1873 5650 2123 5720 scriptu-

2189 595 2488 649 minerim:
2528 617 2549 645 α
2586 595 2827 662 Perdes,
2865 594 3129 662 Domine,
3164 610 3371 649 omnes
3403 596 3497 664 qui
3528 596 3795 665 loquuntur

2194 684 2559 737 mendacium
2591 684 2779 751 (PsaI.
2806 701 2861 750 v,
2893 684 2947 752 '7)
2968 683 3171 737 »εείκό
3205 684 3404 753 utique
3427 683 3797 739 intellectualio

2194 790 2309 844 quo
2360 774 2576 827 dictum
2609 773 2664 827 id
2714 773 2785 827 de
2842 772 3139 826 haereticis
3181 771 3525 825 afﬁrmatur.
3580 773 3722 835 Quod
3760 775 3801 826 si

2196 862 2343 917 forte
2377 862 2612 933 aliquis,
2659 860 2975 914 invidentia
3026 876 3134 915 seu
3167 860 3384 915 malitia
3416 861 3634 929 ductus,
3665 862 3803 916 ﬁdem

2197 949 2290 1004 his
2323 950 2769 1004 accommodare
2801 949 3072 1017 noluerit,
3114 952 3170 1003 et
3200 949 3425 1003 favoris
3448 948 3631 1018 potius
3654 952 3803 1020 gratia

2196 1038 2334 1092 huic
2356 1039 2438 1092 rei
2466 1053 2555 1091 me
2587 1053 2826 1107 operam
2857 1037 3098 1090 dedisse
3131 1038 3464 1106 putaverit;
3498 1038 3621 1105 huc,
3642 1037 3687 1090 si
3706 1039 3805 1107 pla-

2172 1129 2403 1197 'cuerit,
2440 1143 2762 1197 properans
2795 1127 3017 1196 aperiat
3040 1127 3211 1179 visus
3226 1130 3285 1179 et
3316 1126 3540 1189 videat;
3573 1142 3633 1179 ac
3661 1142 3809 1194 perea

2200 1233 2331 1287 qum
2364 1217 2655 1283 videntur,
2691 1215 2785 1268 illa
2807 1230 3041 1285 quoque
3064 1230 3197 1285 quae
3220 1215 3414 1267 videri
3444 1230 3556 1267 non
3585 1218 3808 1284 possunt,

2202 1309 2428 1358 semoto
2492 1305 2677 1358 livore
2721 1303 3112 1357 considerans
3168 1303 3497 1356 admiretur
3549 1306 3599 1355 et
3620 1302 3814 1367 credat;

2204 1394 2596 1463 credensque,
2657 1393 2947 1446 bonorum
2994 1392 3252 1446 omnium
3306 1390 3594 1462 Largitori
3647 1390 3811 1444 laudes

2204 1497 2388 1551 super
2418 1481 2527 1534 hoc
2562 1483 2618 1535 et
2649 1481 2868 1552 gratias
2900 1480 3135 1548 referat,
3172 1481 3383 1550 sicque
3406 1479 3628 1533 tandem
3660 1494 3735 1532 me
3760 1479 3813 1531 de

2206 1570 2405 1624 multis
2439 1570 2598 1623 illius
2638 1586 2845 1640 pauca,
2897 1570 3086 1639 deque
3126 1569 3406 1622 maximis
3437 1568 3659 1621 minima
3687 1582 3815 1636 pror-

2209 1674 2316 1713 sus
2347 1658 2672 1729 scripsisse
2704 1660 3049 1729 cognoscat.

2282 1765 2593 1819 Desiderii
2606 1764 3031 1836 genusAdlmc
3038 1764 3215 1834 pueri
3228 1761 3815 1834 pietas—Desiderius

2121 1869 2164 1929 Β
2211 1854 2413 1924 igitur,
2450 1871 2522 1908 ex
2543 1853 2915 1907 nobilissima
2956 1854 3508 1907 Beneventanorum
3540 1851 3814 1920 principum

2214 1943 2443 2014 origine
2503 1942 2815 2013 sanguinis
2863 1942 3073 1995 lineam
3114 1942 3379 2008 ducens;
3416 1941 3617 2009 spiritu
3667 1939 3816 2007 potius

2213 2048 2385 2103 quam
2420 2048 2595 2085 carne
2626 2031 2843 2084 nobilis
2878 2045 3016 2084 esse
3047 2031 3121 2084 ab
3153 2031 3306 2099 ipsis
3331 2029 3662 2083 rudimentis
3684 2027 3819 2079 infan-

2214 2123 2311 2177 tiae
2345 2120 2539 2191 ccepit,
2574 2124 2629 2173 et
2662 2119 2764 2173 Dei
2792 2119 2983 2189 magis
3012 2119 3258 2173 servitio
3291 2134 3467 2187 quam
3489 2116 3678 2170 saeculi
3699 2113 3816 2165 vani-

2215 2210 2436 2265 tatibus
2460 2224 2697 2278 operam
2728 2209 2868 2261 dare
2898 2209 2970 2262 ab
2992 2207 3162 2276 ipsis,
3195 2208 3351 2261 utita
3365 2207 3569 2273 dicam,
3590 2204 3815 2258 uberibus

2219 2300 2423 2355 matris
2482 2300 2680 2370 elegit.
2742 2297 3024 2351 Studebat
3054 2313 3311 2367 namque
3359 2295 3631 2366 puerulus
3671 2292 3817 2345 adhuc

2224 2388 2593 2460 frequentare
2625 2386 2959 2452 ecclesiam,
3003 2386 3233 2439 divinas
3267 2385 3552 2439 lectiones
3578 2387 3629 2438 et
3656 2382 3809 2435 audire

2221 2478 2475 2531 libenter
2506 2482 2561 2530 et
2587 2476 2807 2547 legere,
2842 2491 2975 2529 cum
3002 2475 3362 2545 quibusdam
3396 2475 3561 2526 etiam
3577 2470 3818 2541 religiosis

2224 2582 2385 2637 sape
2416 2566 2488 2620 de
2520 2565 2614 2619 his
2647 2580 2957 2619 sermones
2989 2565 3311 2631 innectere,
3331 2568 3385 2617 et
3416 2576 3649 2633 quaeque
3674 2559 3733 2612 ali
3757 2559 3818 2610 eis

2225 2658 2297 2711 de
2328 2656 2503 2710 bonis
2531 2655 2797 2709 moribus
2827 2653 3135 2707 addiscere
3167 2655 3417 2723 poterat,
3469 2652 3523 2703 in
3561 2648 3819 2715 semetipso

2228 2747 2537 2817 satagebat
2592 2744 2943 2813 exprimere.
2978 2743 3051 2796 At
3079 2747 3247 2812 pater
3297 2742 3458 2794 illius
3497 2736 3819 2793 saecularibus

2226 2852 2360 2890 eum
2390 2834 2646 2907 negotiis
2679 2833 2923 2902 cupiens
2956 2831 3279 2901 implicare,
3301 2834 3378 2897 et,
3404 2833 3590 2899 utpote
3617 2827 3818 2887 unicum,

2227 2926 2399 2981 unice
2457 2923 2735 2994 diligens,
2795 2936 2903 2990 per
2949 2919 3489 2990 posteritatisillius
3519 2917 3705 2969 lineam
3726 2927 3818 2965 suae

2227 3013 2548 3069 nobilitatis
2580 3026 2792 3066 nomen
2815 3010 3155 3080 disponeret
3184 3023 3533 3079 propagare,
3563 2999 3821 3074 puellamei

2228 3103 2473 3172 adaeque
2533 3100 2810 3165 nobilem,
2863 3114 2995 3154 cum
3030 3097 3158 3168 jam
3201 3098 3491 3166 inciperet
3520 3092 3818 3149 adolescere,

2230 3191 2452 3247 studuit
2490 3191 2875 3259 desponsare,
2910 3192 3085 3258 utque
3100 3186 3400 3256 parentela
3430 3183 3619 3238 eadem
3645 3176 3821 3232 adinvi-

2231 3297 2361 3335 cem
2390 3280 2726 3333 ﬁrmaretur
2755 3277 2946 3331 modis
2978 3275 3252 3330 omnibus
3274 3268 3697 3328 maturareb'ed
3712 3280 3820 3335 quo-

2232 3373 2386 3425 niam
2422 3371 2527 3424 Dei
2558 3368 2813 3437 Spiritus
2844 3382 2953 3419 suo
2985 3366 3123 3436 igne
3138 3381 3241 3417 cor
3273 3360 3564 3417 Desiderii
3590 3357 3654 3411 ad
3673 3350 3822 3409 mundi

2235 3442 2629 3527 contemptum
2679 3455 3044 3522 accenderat,
3080 3470 3111 3507 e
3156 3452 3453 3506 contrario
3501 3450 3658 3518 longe
3698 3442 3823 3495 aliter

2237 3564 2411 3620 quam
2440 3551 2607 3617 pater
2634 3545 3007 3614 disposuerat
3037 3557 3217 3613 agere
3249 3556 3400 3609 puer
3428 3535 3687 3610 egregius
3720 3530 3821 3583 des-

2234 3638 2472 3704 tinabat,
2527 3649 2710 3703 seque
2759 3633 2954 3701 potius
3011 3645 3272 3684 eremum
3319 3644 3490 3700 quam
3524 3621 3725 3692 nuptias
3748 3632 3822 3683 ap-

2234 3729 2437 3796 petere
2462 3703 2721 3776 secretis
2753 3720 2970 3789 quibus
3000 3720 3226 3787 poterat
3255 3715 3525 3787 gestibus
3572 3703 3819 3796 indicabat,

2235 3794 2290 3869 et
2323 3812 2567 3866 fecisset
2589 3810 2718 3863 suis
2750 3806 3045 3862 desideris
3069 3806 3236 3873 satis,
3271 3805 3387 3858 nisi
3435 3800 3581 3872 quod
3627 3794 3822 3862 diligens

2234 3901 2541 3975 parentum
2570 3896 2839 3952 custodia
2859 3893 3248 3965 etsingularis
3280 3907 3444 3946 amor
3470 3904 3535 3943 ac
3560 3875 3823 3940 sollicitudo

2237 3991 2451 4063 ingens
2473 3985 2844 4057 impediebat.

2311 4098 2493 4167 Fugit
2514 4096 2576 4149 in
2610 4108 2887 4147 eremum.
2936 4090 3107 4145 Veste
3135 4090 3459 4143 monastica
3500 4080 3748 4138 induitur.
3779 4096 3827 4107 -

2242 4189 2375 4243 Non
2404 4187 2541 4257 post
2570 4182 2787 4237 multos
2820 4181 2968 4248 dies,
3003 4179 3108 4234 Dei
3120 4178 3349 4248 judicio
3369 4178 3523 4247 patre
3553 4188 3581 4224 a
3609 4169 3825 4222 Norman-

2240 4279 2334 4333 nis
2364 4276 2688 4346 perempto,
2724 4269 3092 4337 Desiderius,
3128 4264 3499 4337 aliquomodo
3542 4261 3718 4313 nactus
3751 4264 3824 4346 ec:

2242 4340 2543 4421 casionem
2572 4340 2763 4431 quam
2795 4358 3014 4411 dudum
3062 4359 3383 4425 optaverat,
3419 4349 3668 4407 omnibus
3693 4340 3821 4431 coepit

2242 4453 2455 4519 modis,
2510 4421 2657 4504 clain
2706 4448 2860 4513 licet,
2915 4421 3186 4515 satagere
3230 4446 3288 4495 ut
3341 4421 3821 4519 desiderium,thd

2243 4542 2502 4614 cogitatu
2523 4537 2895 4605 conceperat,
2922 4547 3098 4601 opere
3114 4532 3445 4601 parturiret.
3461 4523 3673 4581 Quidam
3690 4515 3822 4614 igitur

2242 4605 2531 4686 monacho
2560 4628 2711 4681 bene
2739 4622 2854 4678 sibi
2886 4626 3045 4690 noto,
3070 4620 3344 4690 prudenti
3359 4616 3564 4673 satisin
3582 4605 3822 4664 saeculari-

2242 4723 2356 4777 bus
2390 4720 2540 4785 viro,
2577 4714 2810 4769 nomine
2828 4711 3124 4781 Jaquinto,
3154 4708 3330 4779 cujus
3358 4708 3466 4761 hoc
3487 4717 3588 4774 ego
3606 4693 3819 4785 relatione

2243 4807 2504 4880 percepi,
2530 4784 2533 4785 ν
2561 4802 2872 4858 consilium
2902 4804 3085 4854 totum
3118 4796 3521 4859 communicat,
3553 4784 3722 4880 ριιῐῖά-ίί
3751 4790 3819 4880 ξό·

2245 4867 2389 4966 tum,
2409 4867 2769 4950 voluntatem
2793 4888 3068 4957 ostendit,
3093 4890 3149 4941 et
3179 4890 3237 4939 ut
3255 4887 3307 4940 ei
3326 4899 3499 4952 super
3518 4880 3615 4933 hoc
3632 4867 3819 4966 ﬁdcutct‘

2246 4956 2650 5051 auxiliaretur,
2673 4980 2825 5034 ﬁdeli
2850 4993 3027 5047 prece
3046 4974 3339 5046 deposcit.
3360 4972 3489 5025 Erat
3506 4973 3623 5021 tunc
3643 4956 3817 5051 circith

2247 5069 2791 5142 annorumviginti:
2827 5065 3018 5133 Nosti,
3053 5064 3348 5134 inquiens,
3382 5060 3455 5114 mi
3493 5059 3651 5126 pater,
3679 5039 3816 5142 quali:

2247 5170 2340 5222 ter
2370 5179 2461 5218 me
2494 5160 2717 5216 sweulo
2749 5156 2886 5211 liuic
2918 5155 3138 5208 misero
3171 5148 3476 5222 propinqui
3506 5130 3814 5222 innexuertnt;

2253 5218 2360 5310 sed
2403 5250 2699 5323 quoniam,
2734 5251 2795 5300 ut
2852 5260 2994 5298 vere
3044 5242 3147 5295 tibi
3173 5218 3381 5307 fateor,
3402 5218 3815 5323 jamdudum???

2252 5312 2486 5406 vacare,
2522 5335 2782 5402 decrevi,
2828 5348 2936 5402 per
2964 5332 3156 5400 ipsum
3182 5332 3237 5382 te
3275 5327 3526 5381 obtestor
3551 5321 3599 5406 et
3626 5312 3809 5406 obses-'0

2250 5433 2332 5500 ut,
2358 5390 2524 5500 juxta
2550 5422 2706 5496 quod
2738 5420 2860 5475 scis
2879 5421 2935 5472 et
2964 5421 3153 5486 potes,
3182 5416 3273 5468 his
3291 5428 3380 5467 me
3394 5404 3618 5500 vinculis
3634 5390 3818 5500 exstitit;

2254 5474 2399 5585 tu’ni’,
2433 5474 2834 5570 Deojliberius
2857 5506 3218 5562 serviturum
3251 5504 3394 5557 clam
3415 5492 3653 5585 omnibus

2251 5560 2425 5681 quam
2460 5600 2920 5659 remotissimam
2966 5593 3342 5649 solitudinem
3373 5582 3676 5643 transferas.
3708 5559 3810 5631 Ουιά
