3940 6174
111 352 201 412 924

1093 345 1621 408 POSTMODUM
1666 346 2056 410 VICTORIS
2096 349 2183 412 III
2226 349 2481 413 PAPIE

3402 357 3525 422 922

106 548 306 604 multa?
332 547 634 616 pollicetur
662 547 719 600 in
758 546 1034 607 omnibus
1065 544 1380 616 Jaquintus
1427 545 1733 615 auxilium,
1769 535 2020 616 Agrum
2051 545 2164 599 sub
2197 545 2419 617 ingenti
2450 547 2719 602 custodia
2750 549 2808 603 in
2839 550 3012 606 domo
3050 552 3280 622 matris,
3318 553 3517 611 habitu

108 637 194 691 sed
222 650 421 689 cavere
444 635 684 703 imperat
716 650 787 688 ne
822 634 972 688 forte
1002 633 1079 687 sit
1110 634 1236 687 haec
1271 632 1586 703 suggestio
1620 632 1736 686 dee-

105 739 332 779 monum.
387 723 597 776 Verum
640 738 771 776 cum
821 722 954 793 ejus
1007 738 1112 791 per
1156 723 1350 775 omnia
1397 721 1628 775 firmum
1680 722 1738 774 in

107 814 315 867 Christo
345 814 551 880 pectus
581 811 841 881 agnovit,
886 814 941 864 et
974 810 1185 864 iterum
1221 812 1550 880 iterumque
1581 810 1741 863 illum

106 899 503 971 frequentando
527 902 864 969 pertentans
887 900 1040 953 idem
1065 914 1308 968 semper
1337 898 1493 969 quod
1516 898 1739 967 pridem

102 989 312 1055 invenit,
364 988 612 1057 quadam
644 988 758 1057 die,
795 987 920 1057 jam
963 989 1124 1041 circa
1155 1003 1489 1056 vesperam,
1522 988 1741 1056 pariter

103 1076 345 1131 ascensis
403 1077 596 1146 equis,
657 1078 828 1146 quasi
878 1076 1172 1146 spatiandi
1208 1077 1393 1147 gratia
1448 1075 1742 1129 civitatem

101 1166 323 1235 egressi,
357 1165 861 1235 consequentibus
880 1164 1103 1236 aliquot
1134 1165 1389 1233 famulis,
1426 1165 1743 1217 ecclesiam

108 1254 243 1307 Beati
276 1253 448 1322 Petri,
503 1256 897 1324 cognomento
931 1253 1195 1324 Majoris,
1232 1270 1363 1324 quae
1388 1255 1557 1325 juxta
1589 1268 1742 1305 eam-

108 1342 217 1394 dem
261 1341 551 1395 civitatcm
603 1344 695 1396 est
736 1343 869 1410 sita,
901 1343 1295 1412 perveniunt;
1342 1342 1539 1412 ibique
1571 1341 1743 1412 quasi

104 1446 259 1483 causa
272 1430 558 1483 orationis
576 1431 864 1502 ingressi,
887 1447 1073 1502 equos
1087 1437 1143 1485 et
1158 1431 1436 1503 gladium,
1455 1447 1570 1501 quo
1588 1430 1741 1483 idem

104 1519 421 1573 Desiderius
473 1524 614 1573 tunc
645 1523 768 1574 erat
810 1520 1131 1588 accinctus,
1179 1520 1477 1590 praedictis
1510 1518 1745 1572 famulis

102 1623 192 1676 pro
241 1606 467 1661 foribus
522 1608 704 1662 veluti
746 1610 1035 1663 servanda
1069 1610 1425 1679 relinquunt.
1460 1608 1598 1661 Inde
1622 1607 1746 1677 jam

104 1711 217 1749 sero
237 1710 338 1765 per
350 1697 664 1767 quamdam
688 1696 846 1751 illius
862 1697 1135 1752 ecclesiae
1151 1698 1513 1767 posterulam
1538 1696 1747 1750 vaden-

100 1787 189 1849 tes,
212 1783 314 1837 iter
344 1785 798 1855 aggrediuntur,
836 1788 1038 1840 etcum
1062 1803 1095 1839 n
1117 1803 1191 1841 on
1214 1786 1348 1856 plus
1381 1789 1511 1839 octo
1541 1785 1747 1838 millia-

99 1871 186 1924 riis
204 1872 270 1926 ab
297 1872 432 1927 inde
469 1874 642 1927 locus
666 1874 763 1928 ille
797 1874 1049 1929 distaret
1081 1876 1150 1929 ad
1186 1891 1362 1946 quem
1393 1888 1642 1946 pergere
1672 1873 1752 1927 di-
1788 1901 1832 1960 Β

103 1966 444 2031 sposuerant,
474 1962 675 2016 noctis
709 1978 916 2017 errore
949 1964 1123 2017 simul
1154 1980 1221 2018 ac
1252 1978 1467 2032 pavore
1490 1962 1746 2033 confusi,

105 2048 185 2101 vix
212 2048 338 2101 illuc
370 2050 624 2105 alterius
655 2051 770 2105 diei
806 2068 972 2107 mane
1022 2055 1389 2121 perveniunt.
1423 2050 1582 2116 Quos
1617 2067 1750 2104 cum

104 2137 175 2188 vir
208 2138 323 2205 Dei,
355 2139 454 2208 qui
489 2140 817 2193 solitariam
850 2140 990 2195 inibi
1016 2142 1194 2195 vitam
1225 2142 1493 2210 ducebat,
1516 2140 1747 2194 Santari

101 2226 319 2297 nomine,
349 2228 792 2298 conspexisset,
828 2230 998 2284 valde
1030 2232 1280 2285 miratus
1312 2235 1486 2301 atque
1513 2231 1748 2284 laetatus

101 2317 173 2368 est
196 2331 206 2381 ;
238 2316 791 2386 moxqueinducens
816 2317 949 2373 illos
972 2319 1031 2372 in
1057 2319 1263 2374 cellam
1287 2335 1474 2388 suam,
1502 2335 1568 2373 ac
1589 2319 1753 2373 Desi'

97 2401 290 2457 derium
334 2404 684 2477 frequenter
713 2408 1098 2477 exosculans,
1139 2410 1317 2478 coepit
1360 2409 1613 2463 solerter
1643 2423 1749 2461 ex-

100 2492 301 2561 quirere
324 2510 429 2549 cur
459 2496 548 2549 ita
575 2496 901 2550 venissent.
937 2496 1185 2567 Cognita
1216 2497 1412 2567 itaque
1449 2490 1751 2551 De‘side‘rii

102 2581 380 2652 voluntate,
416 2584 804 2639 vehementer
826 2586 1126 2655 obstupuit
1157 2586 1312 2656 quod
1337 2601 1481 2655 puer
1497 2589 1611 2639 tam
1647 2602 1747 2641 no-

105 2669 237 2739 bilis,
261 2678 367 2726 tam
393 2674 713 2742 delicatus,
752 2677 866 2727 tam
899 2675 1088 2744 dives,
1124 2678 1180 2729 et
1208 2677 1506 2745 praecipue
1536 2691 1748 2744 paren-

105 2761 236 2814 tibus
276 2762 628 2832 singularis,
675 2767 789 2816 tam
848 2763 1145 2818 ferventer
1191 2765 1491 2818 universis
1541 2764 1750 2817 saeculi

106 2851 303 2919 pompis
352 2867 417 2905 ac
479 2851 845 2905 vanitatibus
890 2852 1130 2922 spretis,
1168 2853 1281 2906 sub
1335 2857 1448 2906 tam
1481 2853 1747 2907 districto

105 2940 371 3007 proposito
398 2940 742 2994 serviturus
774 2940 1018 2994 Domino
1043 2941 1427 2995 accessisset.
1462 2941 1579 2994 Sed
1610 2958 1750 3011 quo-

107 3026 381 3082 niamnihil
406 3029 539 3083 Deo
558 3028 798 3083 difﬁcile
823 3032 918 3084 aut
942 3030 1310 3099 impossibile
1332 3046 1469 3083 esse
1496 3030 1743 3098 sciebat,

107 3115 280 3169 laudes
310 3118 388 3170 illi
412 3122 468 3172 et
488 3118 718 3188 gratias
743 3118 1030 3171 maximas
1052 3117 1343 3185 referens,
1367 3122 1629 3172 veterem
1653 3119 1751 3173 ho-

109 3204 289 3258 minem
319 3223 449 3260 cum
478 3206 717 3260 actibus
751 3206 886 3277 ejus
914 3207 1307 3274 Desiderium,
1341 3207 1472 3276 ipso
1505 3208 1597 3260 vel
1628 3223 1748 3261 ma-

109 3293 234 3348 xime
257 3295 596 3364 insistente,
622 3296 892 3364 protinus
916 3296 1098 3363 exuit,
1119 3299 1175 3349 et
1193 3311 1434 3362 novum,
1456 3296 1747 3365 quireno-

108 3384 314 3437 vaturin
335 3385 441 3438 Dei
468 3385 896 3457 cognitionem,
921 3385 1085 3439 illum
1111 3388 1547 3454 consequenter
1567 3386 1749 3438 vesti-

106 3470 185 3536 vit,
231 3476 299 3540 et,
332 3472 617 3544 Jaquinto
649 3472 708 3525 in
740 3488 848 3526 sua
898 3473 1187 3527 maturius
1234 3472 1536 3542 redeunte,
1581 3474 1748 3528 solus

106 3556 417 3616 Desiderius
451 3577 594 3616 cum
625 3560 855 3615 Santari
889 3562 1019 3615 solo
1052 3563 1356 3617 remansit.

173 3647 694 3705 Vestismonastica
729 3650 786 3703 ei
823 3651 880 3703 vi
907 3650 1277 3705 aufertur.—
1308 3651 1533 3706 Famuli
1564 3649 1751 3722 igitur

108 3734 236 3804 ejus,
260 3743 315 3791 ut
337 3755 526 3809 supra
550 3739 769 3793 dictum
792 3741 880 3793 est
905 3756 1036 3792 cum
1067 3741 1238 3809 equis
1266 3745 1322 3795 et
1346 3741 1528 3795 armis
1558 3741 1749 3810 ipsius

108 3821 294 3880 frustra
315 3827 478 3882 illum
496 3842 605 3896 pro
620 3826 849 3881 foribus
865 3828 1137 3882 ecclesiae
1162 3829 1596 3898 praestolantes,
1616 3845 1747 3882 cum

114 3911 421 3970 discessum
444 3916 614 3969 illius
638 3917 871 3970 tandem
894 3917 1206 3987 aliquando
1222 3919 1750 3989 cognovissentvi-

106 4003 339 4074 cinajam
352 4008 531 4059 nocte
545 4004 616 4057 ad
633 4004 927 4059 civitatem
942 4006 1229 4060 maturius
1246 4002 1624 4061 revertuntur
1643 4023 1750 4059 ma-

107 4091 271 4161 trique
299 4110 364 4147 ac
394 4093 751 4163 propinquis
805 4094 945 4164 quid
988 4095 1313 4149 accidisset
1353 4096 1750 4165 pavitantibus

110 4180 290 4235 animis
322 4182 616 4239 referunt.
643 4181 887 4237 Noctem
919 4183 1080 4236 illam
1099 4187 1282 4237 mater
1304 4184 1663 4238 continuavit
1693 4184 1751 4236 in

109 4266 710 4341 lacrymis,propinqui
725 4285 864 4326 vero
878 4272 1156 4327 etafﬁnes
1179 4273 1369 4342 ipsius
1384 4288 1553 4326 mane
1575 4272 1748 4340 facto,

112 4358 958 4429 equisascensis,perdiversas
973 4361 1221 4415 vicinias
1236 4361 1575 4433 requirendi
1588 4361 1751 4414 illum

113 4447 273 4513 gratia
317 4449 766 4519 disperguntur,
815 4464 883 4502 ac
931 4450 1162 4504 tandem
1203 4451 1360 4521 quod
1409 4454 1533 4504 erat
1582 4450 1641 4503 in
1689 4465 1752 4503 re

114 4536 462 4604 suspicantes
487 4537 841 4605 probitatum
873 4538 1006 4608 ejus
1037 4540 1255 4593 indicio
1277 4540 1349 4592 ad
1382 4538 1610 4593 Santari
1643 4537 1755 4592 cel-

1781 3259 1832 3321 C

1844 634 2243 688 tantummodo
2276 636 2608 703 saecularis,
2634 640 2914 692 caeterum
2940 642 3130 694 mente
3144 641 3362 695 caelebs
3379 658 3517 697 exe-

1846 722 1962 792 git;
1996 723 2313 792 nullusque
2345 724 2426 777 illi
2461 740 2650 795 neque
2667 726 2736 779 de
2752 727 3200 798 nuptiis,neque
3222 730 3293 783 de
3314 730 3510 802 aliquo

1848 814 1979 863 actu
2029 812 2303 865 saeculari
2348 814 2712 881 persuadere
2758 816 3130 886 aliquatenus
3178 819 3384 885 potuit.
3435 819 3516 872 Ita

1853 914 2026 968 quem
2059 900 2289 954 ﬁdelem
2322 916 2389 954 ac
2424 904 2730 957 strenuum
2764 904 2964 958 domui
2995 920 3120 958 suae
3153 904 3519 973 dispensato-

1852 1002 1977 1041 rem
2010 989 2367 1043 constituere
2392 990 2678 1045 Dominus
2701 992 3069 1062 disponebat,
3103 992 3176 1046 ab
3208 994 3517 1048 omnieum

1855 1077 2113 1131 carnalis
2146 1079 2402 1149 contagii
2433 1080 2658 1133 macula
2690 1097 2904 1150 purum
2922 1082 3357 1151 immunemque
3381 1098 3518 1137 ser-

1854 1165 2043 1234 vavit;
2077 1167 2230 1220 unde
2261 1183 2377 1220 non
2422 1167 2711 1222 immerito
2742 1185 2774 1221 a
2806 1169 3036 1223 cunctis
3069 1169 3301 1223 civibus
3340 1164 3484 1224 mira
3515 1204 3523 1213 η

1856 1252 1995 1307 bilis
2028 1271 2094 1307 ac
2128 1254 2542 1310 desiderabilis
2567 1256 2913 1311 habebatur.

1929 1341 2107 1413 Fugit
2139 1343 2374 1397 iterum.
2398 1374 2468 1383 —
2491 1344 2606 1399 Sed
2637 1361 2768 1398 cum
2793 1344 2915 1415 jam
2948 1345 3106 1398 nulla
3138 1346 3297 1416 fugas
3329 1346 3520 1415 ipsius

1860 1430 2123 1500 suspicio
2152 1436 2399 1486 matrem
2430 1437 2674 1504 teneret,
2705 1449 2976 1504 eumque,
2998 1435 3273 1504 quoniam
3307 1434 3520 1505 conju-

1857 1521 2059 1589 gatum
2089 1534 2207 1573 non
2238 1523 2463 1589 poterat
2484 1522 2737 1575 retinere
2769 1537 2994 1591 secum,
3013 1522 3109 1575 vel
3136 1522 3416 1576 clericum
3434 1523 3523 1576 ni-

1858 1609 2096 1676 teretur,
2123 1608 2201 1660 ad‘
2221 1609 2608 1678 episcopium,
2642 1610 2799 1680 quod
2830 1610 3030 1663 domui
3071 1626 3197 1664 suae
3221 1612 3368 1665 satis
3397 1616 3523 1665 erat

1861 1696 2222 1767 contiguum,
2255 1698 2443 1766 primo
2472 1699 2707 1767 quidem
2723 1714 2837 1752 non
2853 1699 2983 1752 sine
2998 1699 3286 1768 custodia,
3304 1699 3519 1753 dehinc

1860 1785 2175 1838 securitate
2199 1790 2505 1840 crescente
2537 1787 2728 1841 solum
2747 1788 2970 1857 saepius
2997 1787 3083 1841 ire
3106 1787 3357 1842 sinebat.
3382 1786 3523 1841 Erat

1860 1875 1998 1926 tunc
2028 1874 2085 1926 in
2110 1875 2467 1928 monasterio
2495 1874 2725 1930 Sanctae
2747 1875 2982 1945 Sophia:
2999 1877 3384 1945 praepositus,
3408 1892 3520 1929 no-

1861 1961 2015 2015 mine
2047 1960 2408 2033 Siconolfus,
2443 1963 2541 2033 qui
2575 1964 2864 2018 Desiderii
2894 1964 3255 2019 desiderium
3272 1964 3524 2034 pleniter

1860 2064 2141 2118 noscens,
2176 2050 2449 2120 quoniam
2476 2066 2582 2120 per
2601 2051 2774 2119 diem,
2808 2066 2881 2104 ne
2914 2050 3178 2121 suspicio
3194 2051 3524 2105 revivisce-

1861 2139 1972 2206 ret,
2007 2153 2123 2191 non
2153 2139 2572 2208 praesumebat,
2609 2144 2778 2193 nocte
2827 2156 2958 2192 cum
2989 2154 3059 2194 eo
3090 2139 3244 2211 apud
3284 2140 3523 2209 episco-

1859 2226 2021 2295 pium
2050 2226 2390 2296 saepissime
2420 2227 2789 2298 loquebatur.
2824 2229 2968 2282 Post
2995 2243 3113 2281 non
3142 2228 3361 2282 multos
3391 2228 3521 2282 dies

1861 2319 2058 2383 noctu,
2093 2315 2267 2369 sicuti
2318 2319 2727 2385 consueverat,
2769 2316 2841 2370 ad
2879 2330 3013 2370 eum
3046 2331 3178 2369 cum
3209 2316 3383 2385 equis
3426 2330 3526 2369 ve-

1860 2403 2050 2468 niens,
2084 2404 2313 2458 cuculla
2344 2404 2608 2458 indutum
2631 2404 2779 2457 clam
2800 2403 3108 2458 Salernum
3136 2404 3430 2473 perduxit,
3453 2419 3523 2457 ac

1861 2492 2261 2547 Beneventum
2305 2493 2623 2563 perniciter
2650 2493 2841 2547 rediit.
2890 2492 3026 2547 Mox
3058 2493 3403 2548 Desiderius
3450 2491 3525 2546 ad

1860 2580 2185 2652 principem
2231 2580 2646 2651 Guaimarium,
2682 2581 3192 2653 consanguinitate
3225 2581 3341 2635 sibi
3383 2595 3520 2651 pro-

1861 2670 2165 2740 pinquum,
2197 2671 2444 2740 accedit,
2474 2670 2763 2726 adventus
2798 2685 3037 2724 causam
3086 2670 3361 2739 ostendit,
3396 2670 3524 2723 orat

1863 2763 1943 2828 ut,
1994 2759 2271 2830 quoniam
2315 2759 2374 2812 in
2404 2761 2590 2829 patria
2622 2760 2821 2813 vivere
2855 2758 3181 2813 monachus
3213 2761 3522 2829 parentum

1860 2848 2181 2917 pertinacia
2212 2864 2329 2902 non
2360 2849 2622 2916 auderet,
2657 2849 2851 2919 quiete
2884 2848 3036 2917 apud
3069 2847 3233 2901 illum
3257 2848 3373 2902 Deo
3408 2848 3526 2901 sibi

1861 2938 2092 2991 servire
2107 2936 2399 2991 liceret.Si
2416 2936 2526 2990 hoc
2541 2942 2867 2991 mereretur
2880 2937 3215 3005 impetrare,
3232 2951 3526 3006 nusquam

1860 3024 1993 3079 inde
2025 3026 2404 3097 procederet;
2438 3027 2490 3079 si
2540 3040 2681 3079 vero
2712 3025 3025 3095 aliquando
3079 3024 3241 3078 illum
3274 3023 3525 3077 reddere

1862 3114 2213 3185 propinquis
2229 3114 2488 3183 deberet,
2516 3113 2688 3168 modo
2704 3115 2898 3183 potius
2922 3112 3037 3166 sibi
3051 3112 3347 3166 licentiam
3361 3112 3526 3165 daret

1859 3203 1972 3257 alio
2004 3202 2374 3273 pr0perandi.
2399 3202 2595 3272 Hujus
2623 3201 2808 3273 igitur
2829 3201 3083 3255 adventu
3105 3200 3283 3254 nimis
3305 3199 3527 3253 exhila-

1859 3295 2024 3347 ratus
2055 3293 2429 3347 Guaimarius
2460 3298 2515 3346 et
2541 3292 2923 3346 vehementer
2950 3291 3274 3344 admiratus
3301 3292 3524 3344 tantum

1859 3382 1919 3437 in
1968 3384 2125 3435 tanto
2173 3381 2547 3436 adolescente
2580 3380 2896 3451 fervorem,
2938 3380 3142 3434 annuit
3170 3378 3522 3449 postulatis;

1862 3486 2113 3541 cumque
2128 3486 2330 3524 secum
2355 3485 2460 3539 per
2490 3470 2619 3523 dies
2636 3469 2858 3540 aliquot
2873 3470 3159 3538 retinens,
3181 3468 3441 3537 nullique
3456 3481 3525 3521 se

1862 3563 2065 3613 contra
2103 3563 2303 3614 votum
2341 3557 2706 3613 reddendum
2738 3557 3024 3611 fidissime
3074 3556 3383 3625 pollicens,
3421 3555 3526 3608 de-
3611 3558 3617 3566 '

1861 3664 2018 3701 mum
2052 3648 2122 3701 ad
2150 3648 2573 3701 monasterium
2622 3650 2843 3700 sanctae
2885 3645 3208 3715 Trinitatis,
3252 3643 3409 3715 quod
3453 3643 3527 3696 ad

1861 3737 2079 3797 (lavem
2113 3739 2505 3805 nuncupatur,
2525 3751 2600 3789 no
2616 3752 2654 3788 n
2681 3748 2857 3807 longe
2878 3750 2910 3787 a
2935 3733 3180 3788 Salerno
3199 3733 3396 3797 situm,
3432 3748 3528 3787 eo-

1862 3826 1993 3880 dem
2014 3828 2247 3894 petente
2272 3824 2619 3878 transmisit.
2646 3821 2810 3886 Quod
2831 3823 3146 3893 propinqui
3166 3836 3530 3892 persequen-

1862 3917 1952 3967 tes
2007 3912 2129 3982 (al.,
2164 3912 2660 3982 praesentientes),
2703 3911 2935 3982 magnis
2992 3910 3060 3964 ac
3114 3909 3527 3981 frequentibus

1862 4000 2142 4071 precibus
2175 4000 2552 4054 Desiderium
2583 3999 2697 4052 sibi
2731 3999 2897 4053 reddi
2929 3998 3327 4053 Guaimarium
3352 3999 3533 4052 inter-

1862 4088 2112 4159 pellant;
2149 4088 2276 4158 sed,
2311 4089 2573 4157 principe
2604 4087 2663 4140 in
2702 4088 3100 4156 promissione
3141 4103 3319 4157 quam
3350 4086 3526 4141 Desi-

1864 4178 2025 4231 derio
2048 4177 2287 4245 faceret,
2307 4179 2706 4246 permanente,
2739 4190 2844 4245 per
2864 4174 3251 4243 semetipsum
3272 4174 3528 4228 Landul-

1862 4265 1957 4320 fus
1971 4266 2426 4320 Deneventanus
2442 4265 2740 4335 princeps,
2751 4264 2952 4316 matris
2967 4278 3036 4316 ac
3049 4263 3518 4332 propinquorum

1857 4355 2186 4409 rationibus
2242 4353 2543 4425 fatigatus,
2590 4352 2908 4406 Salernum
2952 4351 3132 4419 venit,
3168 4352 3225 4403 et
3256 4349 3507 4404 Deside-

1862 4444 2015 4499 rium
2048 4443 2329 4497 aftinibus
2362 4441 2528 4495 reddi
2559 4440 2846 4511 deposcit.
2882 4439 3076 4493 Porro
3105 4437 3527 4492 monasterium

1864 4532 2099 4587 Sanctae
2123 4531 2357 4602 Sep/liae
2380 4535 2511 4584 erat
2532 4529 2687 4583 haud
2701 4527 2912 4600 procul
2933 4544 2964 4581 a
2987 4528 3175 4581 muris
3210 4527 3525 4582 Beneven-

114 4621 206 4676 lam
272 4626 613 4680 deveniunt.
670 4626 855 4690 Quam
914 4629 1110 4682 statim
1164 4628 1452 4682 violenter
1491 4625 1755 4699 ingressi
1782 4618 1830 4677 D
1867 4625 2018 4675 tanaa
2052 4620 2221 4675 urbis
2249 4621 2448 4688 situm,
2474 4617 2547 4673 ab
2570 4617 2787 4671 Arichi
2809 4616 3236 4671 Beneventano
3256 4616 3402 4670 duce
3420 4631 3530 4686 pro

110 4716 249 4766 veste
278 4714 437 4768 illum
473 4716 797 4769 monastica
822 4718 1098 4771 vestitum
1118 4717 1439 4786 reperiunt,
1473 4730 1542 4769 ac
1572 4717 1751 4769 vehe-

112 4808 308 4857 menter
364 4802 501 4856 irati
563 4803 873 4872 praefatum
922 4805 1025 4859 Dei
1087 4820 1326 4859 servum
1378 4804 1751 4859 contumeliis

116 4893 320 4961 magnis
351 4897 408 4946 et
441 4892 730 4946 conviciis
762 4892 962 4947 multis
983 4894 1349 4961 adoriuntur,
1370 4896 1425 4947 et
1445 4893 1754 4948 inhoneste

111 4983 234 5035 satis
253 5002 483 5042 sacram
500 4984 725 5037 vestem
753 4982 1127 5038 Desiderium
1142 4984 1449 5048 exuentes,
1477 4982 1753 5036 manibus

109 5084 215 5125 eam
243 5076 495 5145 propriis
535 5074 835 5142 scindunt,
873 5087 1124 5142 eumque
1156 5071 1342 5141 priori
1373 5074 1541 5125 veste
1573 5086 1749 5125 reve-

114 5161 291 5231 stiunt,
324 5165 571 5218 invitum
604 5165 740 5217 licet
771 5178 835 5216 ac
869 5164 1318 5232 repugnantem;
1353 5176 1421 5213 ac
1452 5162 1754 5229 postremo

116 5246 254 5302 illum
276 5267 426 5323 equo
458 5252 817 5322 impositum,
853 5250 1003 5320 ipsis
1037 5250 1161 5303 lora
1191 5248 1548 5316 tenentibus,
1583 5248 1754 5318 quasi

116 5339 401 5392 maximam
423 5344 553 5394 ante
586 5356 652 5395 se
675 5339 934 5410 praedam
961 5341 1229 5409 agentes,
1266 5337 1338 5390 ad
1365 5337 1576 5392 urbem
1596 5352 1755 5391 more

117 5424 569 5495 triumphantium
601 5431 999 5483 revertuntur.
1040 5427 1146 5480 llic
1170 5426 1294 5497 jam
1327 5426 1530 5479 matris
1561 5425 1755 5495 lacry-

117 5525 226 5566 mas
256 5520 308 5569 et
335 5518 631 5587 querelas,
661 5517 836 5571 simul
859 5532 927 5570 ac
957 5515 1235 5570 suadelas
1268 5514 1486 5568 frustra
1506 5515 1571 5568 in
1589 5514 1757 5568 Desi-

114 5598 320 5656 derium
342 5606 553 5674 jactus,
590 5607 1075 5676 prOpinquorum,
1098 5604 1210 5657 imo
1237 5603 1417 5657 totius
1454 5602 1619 5657 urbis
1645 5602 1750 5656 tri-

114 5689 332 5754 pudium
371 5694 502 5764 quis
531 5695 756 5751 referre
789 5693 1146 5750 contendat?
1176 5693 1409 5748 Annum
1438 5690 1561 5745 fere
1601 5690 1753 5747 inte-
1788 5698 1793 5702 '

1866 4708 2417 4764 sanctimoniaIibus
2448 4707 2765 4776 conditum,
2802 4711 2861 4760 ut
2897 4706 3091 4760 fusius
3122 4705 3361 4776 exponit
3400 4705 3529 4774 ipse

1868 4799 1986 4853 Leo
2002 4800 2062 4853 in
2081 4798 2364 4852 Clu'onici
2382 4796 2541 4851 libro
2560 4796 2588 4849 1
2603 4837 2617 4865 ,
2648 4812 2771 4866 cap.
2789 4795 2849 4864 9;
2861 4800 3067 4865 postea
3084 4793 3160 4848 ad
3181 4794 3528 4847 virostran-

1867 4888 1991 4956 siit,
2017 4888 2489 4958 monasteriaque
2520 4883 2983 4939 Cassinensidiu
2997 4882 3110 4936 fuit
3124 4881 3444 4949 subditum,
3469 4887 3527 4933 ut

1867 4976 2046 5032 habet
2068 4975 2225 5030 idem
2239 4980 2461 5029 auctor.
2485 4973 2630 5044 Ejus
2644 4970 2993 5026 monasterii
3009 4969 3323 5023 Chonicum
3339 4967 3528 5023 edidit

1875 5064 2161 5137 Ugliellus
2204 5063 2279 5117 ad
2309 5062 2548 5129 calcem,
2590 5068 2723 5115 tom.
2760 5059 2885 5112 VIII
2914 5057 3104 5112 Italiae
3136 5072 3342 5123 sacrae,
3380 5056 3531 5128 quod

1871 5154 2104 5209 tandem
2121 5156 2254 5224 post
2292 5151 2490 5205 varias
2512 5150 2782 5205 fortunas
2807 5148 3027 5201 unitum
3050 5152 3141 5200 est
3165 5162 3195 5200 a
3226 5144 3529 5201 Clemente

1867 5236 2019 5312 VIII,
2041 5257 2191 5296 anno
2218 5240 2406 5307 1590,
2431 5236 2883 5310 congregationi
2905 5235 3315 5290 canonicorum
3347 5251 3528 5307 regu-

1865 5333 2053 5388 arium
2067 5330 2260 5384 sancti
2276 5328 2613 5383 Salvatoris
2631 5325 3045 5394 Bononiensis,
3070 5331 3126 5378 ut
3141 5331 3335 5380 monet
3359 5324 3532 5379 Lubi-

1868 5438 1978 5476 nus
2006 5421 2069 5473 in
2100 5418 2330 5474 Notitia
2380 5416 2752 5470 abbatiarum
2792 5412 2999 5467 Italiae.
3035 5412 3123 5468 De
3172 5414 3531 5468 monasterio

1870 5510 1949 5567 Ca
1963 5509 2128 5565 vensi
2157 5506 2416 5561 inferius
2445 5509 2764 5559 memorato
2787 5503 3009 5575 passim
3023 5504 3240 5574 jagitur
3261 5503 3320 5556 in
3342 5502 3450 5557 hoc
3472 5508 3530 5557 et

1866 5596 2167 5671 superiori
2198 5601 2364 5649 tome.
3238 5652 3241 5655 _

1938 5686 2164 5743 Redire
2196 5684 2446 5741 coditur.
2468 5681 2535 5737 In
2552 5690 2801 5737 monast.
2834 5681 2899 5736 S.
2927 5681 3163 5754 SOphitB
3183 5677 3526 5749 suscipitur.
