3988 6176
422 353 545 417 923

1411 356 1683 418 GESTA
1727 355 2146 420 DESIDERII
2185 353 2551 415 ABBATIS
2597 352 2838 414 CASIN

3668 352 3767 421 924

396 587 463 596 —
493 556 617 610 Tali
646 557 829 628 igitur
864 557 1096 611 tandem
1141 557 1451 628 aliquando
1480 557 1810 612 conditione
1839 557 1910 611 ad
1942 556 2060 611 Be-
2084 542 2129 601 Α
2170 556 2348 611 Silvae
2383 556 2657 612 Candidas
2700 556 2977 628 episcopo
3008 557 3282 629 cognitus
3311 559 3366 612 et
3393 558 3558 612 nimis
3586 556 3769 611 charus

396 649 711 700 neventum
740 645 939 699 redeat
970 647 1334 715 impetratur,
1372 651 1429 699 ut
1449 648 1587 701 sine
1609 646 1861 717 alicujus
1881 646 2052 716 impe-

396 732 653 788 dimento
676 734 768 787 vel
804 734 1265 788 contradictione
1286 735 1437 805 apud
1472 736 1889 788 monasterium
1918 734 2060 789 San-

397 826 506 876 cta:
539 821 775 892 Sephiae
809 822 919 876 sub
943 823 1267 876 monastica
1291 823 1664 891 professione
1688 824 1801 876 sibi
1826 838 2062 877 manere

395 909 618 964 liceret.
656 912 975 980 Postquam
1002 916 1236 964 ventum
1272 916 1363 965 est
1397 912 1813 978 Beneventum,
1837 912 2065 965 univer-

395 997 484 1052 sis
516 998 794 1052 afﬁnibus
828 999 941 1053 sibi
976 1000 1205 1052 obviam
1230 1000 1403 1053 simul
1437 1016 1567 1053 cum
1592 1000 2061 1054 civitateruenti-

394 1085 531 1155 bus,
568 1103 696 1141 cum
732 1088 887 1140 omni
919 1088 1139 1156 pariter
1170 1090 1443 1142 comitatu
1476 1090 1754 1159 princeps
1796 1090 1957 1142 illum
1988 1088 2062 1142 ad

396 1177 817 1229 monasterium
861 1180 949 1229 est
987 1180 1357 1244 prosecutus.
1403 1178 1749 1249 Gregorius,
1795 1182 1933 1232 tunc
1973 1177 2064 1230 vir

392 1263 562 1317 valde
594 1264 852 1332 prudens
884 1268 939 1318 et
972 1268 1275 1333 strenuus,
1311 1266 1500 1319 eidem
1523 1267 1882 1320 monasterio
1901 1282 2059 1336 prae-

394 1355 517 1405 erat
565 1353 623 1405 in
654 1353 945 1420 abbatem,
996 1355 1095 1423 qui
1147 1354 1517 1407 Desiderium
1562 1355 1739 1408 multa
1775 1356 2062 1409 hilaritate

392 1439 711 1509 recipiens,
744 1455 849 1507 pro
877 1455 947 1493 eo
971 1441 1126 1510 quod
1157 1441 1457 1494 universis
1478 1442 1892 1495 desiderabilis
1916 1446 2059 1512 erat,

392 1529 531 1579 tunc
562 1528 837 1597 primum,
874 1533 1093 1582 mutato
1117 1528 1250 1599 ejus
1282 1530 1537 1598 nomine,
1575 1530 1948 1585 Desiderium
1971 1547 2064 1600 ap-

392 1616 596 1684 pellari
618 1617 915 1686 prmeipit;
935 1632 1069 1670 nam
1100 1633 1292 1687 usque
1314 1618 1385 1671 ad
1408 1618 1462 1671 id
1487 1621 1723 1688 tempus
1746 1618 2062 1673 Danferius

393 1705 738 1759 vocabatur.

470 1792 709 1847 Transit
724 1793 783 1845 in
798 1794 1220 1847 monasterium
1244 1794 1662 1849 Tremittense.
1687 1795 1823 1849 Tum
1842 1797 1902 1850 in
1930 1812 2063 1851 ere-

2174 646 2496 714 exstiterat,
2532 650 2646 700 tam
2682 662 2789 714 per
2817 646 2975 699 illum
3010 661 3181 716 quam
3212 648 3268 699 et
3303 661 3406 715 per
3451 644 3771 699 Fridericum

2173 738 2307 788 tunc
2324 734 2758 803 cancellarium,
2784 734 2973 788 eidem
2990 750 3157 804 papae
3188 737 3359 788 notus
3388 738 3443 788 et
3468 734 3623 787 valde
3643 733 3777 786 fami-

2168 822 2333 877 liaris
2392 823 2665 891 efﬁcitur,
2714 823 2857 877 adeo
2907 826 2967 875 ut
3022 823 3107 876 illi
3146 822 3477 892 frequenter
3524 822 3577 874 in
3606 821 3775 875 altaris

2172 911 2368 965 ofﬁcio
2392 912 2719 965 adhaereret
2751 915 2806 966 et
2838 911 3220 982 Evangelium
3241 911 3311 964 ad
3334 910 3464 979 ejus
3480 910 3777 964 missassse-

2171 1000 2304 1069 pius
2348 999 2592 1070 legeret.
2643 1002 2758 1054 Per
2788 1000 2940 1054 idem
2973 1005 3203 1069 tempus
3254 998 3526 1069 praefatus
3553 998 3777 1066 pontifex

2172 1088 2478 1142 descendit
2498 1090 2552 1141 in
2587 1089 2856 1159 Apuliam
2886 1104 3019 1141 cum
3045 1088 3398 1142 Normannis
3416 1087 3779 1155 dimicaturus;

2170 1177 2277 1231 sed
2308 1177 2410 1231 Dei
2437 1177 2661 1248 judicio
2707 1178 2779 1231 ab
2816 1178 2910 1231 his
2955 1182 3292 1246 superatus,
3326 1191 3393 1228 ac
3424 1176 3777 1228 Beneventum

2168 1280 2513 1336 regressus,
2548 1266 2815 1321 ordinato
2850 1266 3158 1320 Vodelrico
3179 1264 3612 1333 archiepiscopo
3638 1278 3782 1334 quem

2169 1369 2372 1407 secum
2394 1354 2736 1422 adduxerat,
2771 1357 2904 1424 post
2934 1368 3145 1407 novem
3177 1353 3414 1406 circiter
3442 1366 3661 1404 menses
3691 1351 3781 1404 Ro-

2171 1458 2320 1495 mam
2342 1457 2625 1497 reversus
2647 1445 2819 1513 atque
2852 1441 3166 1495 defunctus
3198 1444 3310 1494 est.
3342 1440 3563 1493 Interea
3581 1436 3784 1492 Deside-

2169 1530 2316 1598 rius,
2351 1531 2424 1585 ob
2456 1531 2692 1584 nimiam
2716 1531 3129 1585 abstinentiam
3161 1530 3489 1599 multasque
3509 1527 3721 1598 vigilias
3740 1526 3785 1580 in

2166 1618 2514 1692 languorem
2546 1635 2664 1675 non
2695 1620 2989 1681 modicum
3021 1618 3323 1685 decidens,
3356 1615 3611 1670 medendi
3632 1614 3787 1687 gratia

2168 1707 2478 1764 Salernum
2500 1708 2781 1779 perrexit.
2807 1708 2891 1762 lbi
2914 1708 3110 1778 itaque
3146 1706 3247 1761 illo
3270 1704 3598 1776 aliquandiu
3626 1718 3788 1756 remo-

2165 1800 2349 1852 rante.
2397 1797 2663 1862 Alfenus,
2709 1798 2809 1868 qui
2858 1796 3233 1867 postmodum
3266 1793 3534 1865 ejusdem
3571 1790 3785 1845 civitatis

390 1898 563 1936 mum.
584 1880 831 1951 Cogitur
850 1881 1085 1935 redire.
1116 1911 1184 1920 —
1206 1882 1291 1936 Ibi
1324 1898 1470 1954 ergo
1497 1884 1595 1937 illo
1627 1900 1733 1952 per
1753 1900 1940 1939 annos
1958 1885 2063 1938 ali-
2085 1914 2131 1975 Β
2164 1886 2740 1956 archiepiscopatum
2755 1885 3000 1955 adeptus
3020 1888 3130 1952 est,
3147 1882 3788 1975 prudentissima-setae-

391 1972 533 2039 quot
564 1970 677 2023 sub
706 1970 827 2023 vita
850 1970 1309 2041 religiosissima
1354 1977 1771 2043 commorante,
1804 1977 1860 2028 et
1900 1990 2062 2043 saepe

399 2073 603 2112 secum
623 2061 925 2127 reputante
946 2060 1299 2113 monachum
1324 2061 1382 2114 in
1411 2076 1515 2114 sua
1536 2064 1719 2131 patria
1740 2062 2063 2131 perfectum

399 2162 537 2201 esse
568 2162 682 2200 non
716 2163 919 2217 posse,
952 2149 1220 2217 pervenit
1252 2150 1482 2203 interim
1517 2151 1583 2203 ad
1611 2152 1868 2204 notitiam
1902 2153 2061 2206 illius

400 2235 553 2288 fama
610 2237 953 2290 monasterii
996 2237 1425 2305 Tremittensis,
1477 2240 1631 2309 quod
1683 2240 1953 2294 videlicet
2003 2242 2062 2295 in

398 2325 699 2378 Adriatico
732 2325 878 2377 mari
924 2326 1076 2394 apud
1108 2326 1382 2394 insulam,
1437 2328 1738 2382 Diomedis
1768 2330 2062 2400 quondam

397 2414 634 2467 nomine
665 2414 996 2481 vocitatam,
1031 2416 1270 2485 triginta
1304 2417 1542 2471 circiter
1581 2419 1817 2471 milibus
1846 2436 1875 2471 a
1907 2423 2063 2473 terra

399 2502 649 2570 distans,
702 2504 877 2557 situm
913 2518 1050 2557 esse
1097 2506 1486 2575 dignoscitur.
1523 2506 1590 2560 Et
1630 2509 1905 2576 quoniam
1941 2509 2064 2579 jam

400 2591 618 2659 dudum
667 2593 818 2661 apud
868 2593 1265 2646 Beneventum
1324 2594 1772 2648 familiaritatem
1831 2597 2062 2651 abbatis

400 2680 665 2749 praedicti
696 2681 807 2735 loci
832 2682 1079 2750 adeptus
1104 2683 1312 2749 fuerat,
1347 2684 1463 2751 vix,
1498 2684 1635 2737 licet
1658 2684 1961 2754 impetrata
1995 2686 2062 2738 li-

401 2769 613 2838 centia,
649 2769 785 2823 illuc
810 2772 1098 2839 perrexit;
1134 2771 1333 2840 ibique
1366 2773 1512 2825 satis
1546 2777 1798 2827 austerae
1823 2790 2063 2829 conver-

402 2858 615 2911 sationi
649 2874 715 2911 se
747 2860 1007 2923 tradens,
1033 2876 1149 2914 non
1184 2876 1426 2930 parvum
1452 2864 1682 2931 tempus
1706 2864 1921 2934 exegit.
1948 2865 2061 2919 Sed

401 2961 535 3000 cum
567 2946 638 2999 ab
672 2948 877 3001 eodem
898 2948 1107 3003 abbate
1147 2949 1291 3003 adeo
1325 2950 1668 3023 diligeretur
1700 2956 1760 3005 ut
1799 2953 2063 3007 eamdem

400 3035 453 3088 ei
485 3035 795 3105 abbatiam,
818 3053 882 3090 se
903 3053 1137 3108 quoque
1156 3040 1407 3105 vivente,
1435 3041 1777 3095 conti-adero
1797 3046 2058 3112 cuperet,

398 3123 495 3177 ille
512 3140 648 3178 vero
670 3124 1025 3195 subjectioni
1048 3127 1243 3195 potius
1263 3144 1437 3198 quam
1461 3129 1787 3198 praelationi
1809 3135 2061 3183 mentem

396 3214 886 3277 accommodaret,
922 3231 989 3268 ac
1020 3219 1328 3286 prepterea
1350 3216 1676 3271 cedendum
1708 3217 1836 3271 loco
1870 3218 2064 3273 illide-

399 3306 688 3369 cerneret,
723 3304 975 3373 quodam
1004 3307 1269 3373 tempore
1296 3306 1449 3358 idem
1482 3306 1666 3359 abbas
1699 3306 1769 3359 ad
1802 3322 1901 3361 res
1934 3324 2061 3362 mo-

399 3390 640 3443 nasterii
667 3390 1085 3460 disquirendas
1100 3393 1440 3464 egrediens,
1466 3394 1730 3447 eumdem
1761 3396 2063 3450 Desideri-

398 3492 494 3531 um
510 3493 715 3532 secum
728 3478 811 3532 ire
825 3480 1075 3551 rogavit.
1093 3480 1274 3544 Quam
1291 3482 1385 3535 ille
1401 3484 1771 3553 egressionis
1787 3491 2062 3554 opportu-

398 3571 638 3626 nitatem
687 3572 941 3627 libenter
992 3576 1323 3644 amplexus,
1385 3577 1621 3630 minime
1682 3577 2062 3633 differendam

396 3660 636 3729 putavit.
683 3659 945 3732 Cumque
995 3663 1214 3732 pariter
1255 3664 1326 3716 ad
1369 3664 1771 3719 Transmundi
1804 3669 2057 3737 comitis,

398 3748 675 3819 quoniam
693 3764 791 3803 res
806 3750 880 3803 ita
905 3751 1206 3821 poscebat,
1224 3752 1446 3806 curiam
1471 3755 1897 3826 perrexissent,
1915 3773 2065 3811 uxor

399 3834 667 3907 ejusdem
705 3839 935 3893 comitis
968 3855 1149 3909 super
1180 3841 1433 3895 adventu
1477 3843 1787 3912 Desiderii,
1826 3850 2064 3915 propter

397 3925 554 3995 quod
576 3925 709 3997 ejus
730 3927 928 3981 afﬁnis
952 3934 1133 3997 esset,
1169 3929 1337 3983 valde
1360 3930 1701 4001 exhilarata,
1737 3950 1768 3986 a
1801 3934 1928 3988 viro
1951 3951 2062 3991 suo

397 4016 460 4067 ut
504 4029 708 4069 secum
762 4016 925 4070 illum
954 4017 1294 4088 aliquandiu
1340 4020 1641 4089 retineret,
1675 4022 1847 4076 etiam
1879 4024 2062 4079 invito

398 4102 630 4170 abbate,
666 4103 948 4175 obtinuit;
981 4107 1155 4176 cujus
1189 4108 1463 4162 videlicet
1483 4110 1828 4164 retentionis
1860 4117 2066 4167 auctor

394 4192 665 4261 ipsemet,
712 4196 774 4247 ut
805 4194 963 4264 dicit,
1014 4197 1255 4249 exstitit.
1306 4198 1568 4251 Audiens
1600 4202 1794 4253 autem
1828 4201 2062 4256 celebre

396 4282 533 4334 tunc
576 4296 790 4336 nomen
822 4284 1195 4337 eremitarum
1242 4284 1494 4356 Majellae
1526 4287 1887 4358 degentium,
1922 4289 2062 4344 illuc

396 4385 713 4440 preperare
732 4387 798 4424 ac
824 4371 944 4425 Deo
963 4373 1255 4427 secretius
1270 4376 1500 4428 servire
1524 4375 1892 4445 desiderans,
1911 4394 2060 4447 prae-

398 4457 614 4512 dictum
646 4460 919 4513 comitem
955 4464 1016 4513 ut
1055 4460 1272 4514 ibidem
1311 4465 1810 4519 transmitteretur
1840 4468 2059 4536 oravit;

397 4547 553 4616 quod
587 4549 643 4601 et
673 4547 889 4601 factum
921 4553 1030 4602 est.
1056 4549 1169 4602 Ubi
1203 4565 1336 4602 cum
1365 4551 1559 4605 tribus
1590 4552 1831 4607 circiter
1848 4556 2063 4608 mensi-

2165 1974 2499 2029 bilissimus
2553 1974 2829 2042 clericus,
2875 1973 3126 2027 maxima
3171 1972 3255 2025 illi
3305 1974 3399 2025 est
3446 1968 3789 2023 familiaritate

2167 2062 2542 2134 conjunctae,
2566 2061 2742 2134 cujus
2771 2062 3024 2115 animam
3055 2058 3465 2132 frequentibus
3494 2056 3710 2111 monitis
3733 2052 3791 2107 ad

2167 2151 2372 2205 mundi
2403 2154 2800 2220 contemptum
2831 2150 3175 2217 exhortans,
3222 2149 3315 2201 sic
3356 2146 3586 2200 tandem
3625 2142 3790 2196 abillo

2170 2242 2370 2312 exegit
2399 2244 2460 2294 ut
2491 2240 2818 2294 monachus
2848 2240 3046 2309 ﬁeret,
3098 2239 3153 2292 si
3183 2238 3374 2308 prius,
3409 2240 3469 2290 ut
3491 2232 3793 2306 jamdudum

2172 2334 2363 2383 mente
2387 2332 2756 2398 conceperat,
2788 2328 3216 2398 Jerosolymam
3241 2326 3330 2379 ire
3343 2324 3664 2394 permissus
3681 2321 3794 2373 fuis-

2172 2422 2280 2472 set.
2316 2419 2440 2471 Hac
2471 2419 2621 2471 inter
2651 2417 2784 2471 illos
2815 2416 3137 2486 sponsione
3156 2416 3405 2479 ﬁrmata,
3431 2412 3789 2465 Beneventum

2170 2522 2453 2561 reversus
2485 2506 2831 2560 Desiderius
2864 2507 2975 2573 est,
3010 2508 3183 2574 atque
3198 2506 3464 2571 postnon
3478 2498 3792 2553 multosdies

2172 2596 2403 2650 mandat
2426 2596 2614 2650 eidem
2637 2594 2848 2648 Alfano
2873 2597 2933 2647 ut
2965 2594 3038 2646 ad
3073 2608 3140 2646 se
3159 2591 3376 2645 veniat.
3406 2591 3690 2644 Benuente
3716 2585 3792 2638 illo

2168 2701 2238 2738 ac
2269 2685 2462 2754 potius
2494 2684 2787 2754 pavitante
2818 2682 3128 2737 Salernum
3160 2680 3391 2752 egredi,
3424 2681 3624 2732 iterum
3652 2674 3793 2729 Desi-

2170 2773 2370 2827 derius
2403 2772 2473 2825 ad
2506 2773 2668 2826 illum
2692 2772 2850 2839 abiit,
2876 2786 3149 2842 eumque,
3183 2773 3429 2840 propter
3456 2763 3795 2838 quorumdam

2170 2862 2593 2915 inimicantium
2642 2860 2723 2913 illi
2779 2862 3069 2930 timorem,
3128 2860 3362 2913 cuculla
3411 2872 3518 2911 sua
3571 2854 3796 2907 indutum

2170 2955 2346 3004 noctu
2395 2951 2466 3003 de
2498 2950 2730 3003 civitate
2761 2948 3043 3013 educens,
3079 2963 3282 3003 secum
3317 2947 3699 3000 Beneventum
3723 2938 3799 2992 ad-

2170 3040 2354 3093 duxit.
2385 3038 2530 3092 Cum
2553 3054 2695 3092 vero
2719 3039 3044 3108 coepissent
3069 3036 3344 3089 Alfenum
3364 3033 3592 3087 nobiles
3612 3030 3796 3100 quique

2169 3128 2280 3181 viri
2331 3143 2400 3181 ac
2448 3126 2648 3181 clerici
2688 3125 3086 3195 frequentare,
3130 3137 3387 3193 eumque
3425 3122 3498 3175 ob
3529 3119 3798 3173 maximam

2167 3213 2303 3284 ejus
2335 3213 2703 3283 prudentiam
2737 3212 3012 3265 decenter
3044 3209 3335 3274 excolere,
3360 3206 3706 3277 prepositum
3722 3218 3801 3256 au-

2170 3308 2284 3357 tem
2306 3302 2816 3372 Jcrosolymitanae
2834 3301 2944 3353 viae
2958 3298 3232 3368 paulatim
3257 3297 3544 3367 coepisset
3566 3291 3799 3361 etinejus

2169 3396 2360 3446 mente
2413 3394 2741 3461 tepescere,
2795 3402 2979 3459 seque
3024 3404 3057 3441 a
3103 3386 3399 3441 Desiderii
3450 3385 3623 3438 latere
3665 3379 3797 3435 nullo

2170 3496 2427 3551 unquam
2475 3479 2673 3547 modo,
2732 3478 2892 3531 nullo
2941 3491 3197 3547 unquam
3228 3480 3495 3545 tempore
3535 3470 3799 3525 assereret

2171 3569 2323 3623 velle
2355 3568 2638 3636 dividere,
2672 3569 2903 3635 tempus
2925 3565 2997 3619 ab
3023 3564 3117 3618 his
3148 3564 3513 3635 aliquantum
3539 3559 3682 3631 apud
3707 3571 3803 3611 mo-

2173 3657 2499 3711 nasterium
2523 3655 2754 3711 Sancta;
2784 3653 3020 3723 Sophiae
3051 3657 3324 3709 exactum
3356 3654 3468 3705 est.

2256 3746 2547 3800 Victorem
2562 3760 2770 3816 papam
2801 3745 2862 3797 in
2875 3745 3035 3811 visit,
3072 3748 3130 3797 et
3162 3740 3475 3796 Cassinum
3505 3737 3803 3795 secedit.—

2171 3834 2318 3889 Cum
2362 3849 2501 3888 ecce
2545 3833 2698 3887 fama
2746 3832 3123 3902 percrebruit
3168 3831 3471 3885 Victorem
3514 3842 3708 3900 papam
3743 3823 3801 3877 ab

2170 3922 2620 3990 ultramontanis
2646 3922 2912 3991 partibus
2937 3922 3179 3975 Romam
3201 3921 3468 3988 venisse,
3494 3930 3728 3986 eumque
3746 3911 3803 3965 ad

2171 4017 2371 4083 partes
2422 4012 2569 4066 istas
2609 4012 2669 4065 in
2714 4010 2981 4080 proximo
3024 4012 3337 4063 venturum
3386 4009 3530 4062 fore.
3571 4004 3804 4060 Territus

2174 4101 2425 4155 Alfanus
2444 4100 2789 4171 hujusmodi
2813 4100 3038 4168 nuntio,
3070 4098 3227 4168 quod
3260 4097 3478 4151 fratres
3496 4110 3636 4150 suos
3653 4105 3805 4161 super

2173 4190 2491 4245 Guaimarii
2521 4188 2807 4259 principis
2840 4187 3140 4242 occisione
3167 4185 3602 4241 insimulandos
3633 4177 3803 4253 procul

2175 4279 2353 4333 dubio
2404 4282 2631 4346 nosset,
2700 4291 3122 4347 praeoccupare
3180 4275 3387 4329 statuit
3433 4272 3803 4345 apostolicum,

2174 4382 2497 4438 secumque
2530 4366 2615 4421 ire
2645 4368 2771 4421 erat
2791 4365 3139 4435 suppliciter
3170 4364 3567 4419 Desiderium.
3600 4360 3663 4415 Et
3691 4371 3802 4429 quo-

2173 4459 2330 4510 niam
2374 4455 2583 4509 miram
2629 4454 2897 4508 cantandi
2946 4452 3213 4523 peritiam
3245 4456 3299 4506 et
3348 4452 3649 4506 medicinae
3680 4445 3801 4500 artis

2174 4546 2481 4600 scientiam
2510 4559 2627 4597 non
2645 4558 2884 4612 parvam
2936 4542 3231 4610 habebat,,
3268 4540 3653 4611 ejusdemque
3682 4533 3802 4588 artis

396 4636 530 4705 bus,
551 4635 890 4705 aprincipio
912 4637 1186 4691 videlicet
1218 4637 1734 4710 Februariiusque
1755 4642 1813 4694 in
1837 4644 2062 4697 tertiam
2094 4624 2144 4686 ο
2173 4635 2411 4689 codices
2444 4632 2763 4688 nonnullos
2792 4646 2996 4685 secum
3034 4647 3065 4685 a
3092 4632 3266 4684 domo
3296 4629 3604 4693 detulerat,
3636 4622 3803 4693 magni

396 4728 532 4794 post
568 4724 802 4778 Pascha
849 4726 1229 4794 Dominicam,
1280 4727 1393 4780 sub
1445 4728 1669 4799 ingenti
1708 4731 2065 4786 continentia

396 4817 729 4868 remoratus
759 4813 994 4883 fuisset,
1027 4815 1424 4869 transmissus
1455 4820 1547 4870 est
1577 4817 1715 4871 illuc
1746 4834 1925 4889 supra
1955 4836 2064 4874 no-

397 4902 654 4957 minatus
700 4903 1015 4974 Jaquintus
1055 4920 1187 4958 cum
1219 4904 1429 4958 litteris
1460 4920 1530 4959 ex
1562 4909 1725 4975 parte
1757 4908 2067 4977 apostolici

397 4990 469 5044 ad
498 4992 682 5047 eremi
707 4993 903 5062 ipsius
936 4992 1225 5062 Priorem,
1251 5009 1499 5064 quarum
1522 4998 1723 5049 tenore
1742 4996 1923 5065 priori
1953 4998 2065 5052 sub

397 5078 864 5135 interminatione
906 5080 1157 5151 jubebat
1199 5098 1271 5136 ne
1322 5082 1483 5137 illum
1514 5084 1767 5153 amplius
1808 5085 2067 5140 retinere

407 5173 830 5237 prmsumeret;
866 5173 923 5225 et
959 5171 1044 5224 illi
1074 5171 1456 5226 nihilominus
1487 5174 1723 5226 mandat
1750 5188 1823 5227 ne
1852 5174 1947 5228 vel
1976 5175 2072 5227 alf-

396 5258 646 5325 quantas
675 5256 819 5310 inibi
855 5274 1055 5312 moras
1080 5259 1378 5314 innectere
1412 5262 1671 5314 auderet.
1706 5262 1786 5314 Ita
1815 5278 2058 5333 regres-

398 5359 505 5398 sus
528 5342 599 5396 ad
631 5342 859 5398 Sanctae
893 5346 1131 5415 Sephiae
1167 5349 1586 5403 monasterium
1617 5354 1726 5403 est.

471 5431 655 5485 Leoni
697 5432 873 5503 Papw
920 5432 986 5485 Iit
1040 5442 1228 5490 notus.
1271 5436 1488 5491 All‘ano
1515 5437 1779 5508 junctus.
1822 5469 1889 5476 —
1930 5439 2062 5493 Non

374 5523 530 5592 .post
559 5520 774 5574 multos
809 5520 958 5589 dies,
983 5522 1256 5578 dominus
1285 5526 1404 5579 Leo
1425 5541 1573 5595 papa
1596 5526 2065 5581 sanctissimusa

398 5607 664 5679 partibus
684 5607 1131 5662 ultramontanis
1156 5627 1474 5682 regressus
1496 5613 1893 5667 Beneventum
1914 5614 2063 5667 intra

396 5698 497 5770 vit,
528 5699 603 5769 et,
639 5696 914 5772 quoniam
962 5697 1309 5754 Desiderius
1333 5700 1689 5772 jamdudum
1743 5701 2065 5757 Humberto

2172 4724 2392 4795 aliquid
2424 4739 2490 4776 se
2517 4721 2848 4775 habendum
2885 4720 2938 4772 in
2977 4721 3190 4773 summi
3210 4718 3509 4789 pontiﬁcis
3533 4715 3683 4770 curia
3703 4726 3801 4766 om-

2173 4812 2425 4867 nimodis
2461 4811 2809 4865 conﬁdebat.
2859 4808 3157 4863 Confectis
3204 4809 3391 4880 igitur
3426 4811 3597 4878 atque
3624 4798 3802 4872 aptatis

2174 4903 2461 4973 quotquot
2492 4900 2675 4969 potuit
2705 4897 3216 4964 medicaminibus,
3256 4913 3373 4951 una
3422 4911 3554 4949 cum
3583 4886 3802 4985 civitatis

2178 4991 2368 5061 ipsius
2422 4989 2872 5058 archiepiscopo
2911 4985 2985 5039 ad
3045 4986 3370 5039 Romanum
3413 4983 3728 5053 pontiﬁcem
3754 4983 3803 5027 in

2176 5079 2453 5133 Tusciam
2481 5077 2957 5147 proﬁciscuntur,
2990 5089 3241 5145 eumque
3276 5074 3431 5143 apud
3482 5066 3801 5125 Florentium

2177 5170 2567 5221 remorantem
2617 5164 2936 5234 reperiunt.
2987 5164 3051 5216 In
3092 5163 3259 5217 brevi
3300 5164 3495 5231 itaque
3526 5157 3801 5213 maximam

2175 5256 2328 5325 apud
2351 5256 2511 5308 illum
2531 5254 2979 5308 familiaritatem
2998 5252 3211 5322 adepti,
3246 5257 3301 5306 et
3332 5251 3481 5304 satis
3512 5241 3802 5302 honoriﬁce

2176 5344 2358 5398 habiti
2397 5350 2556 5397 sunt.
2612 5344 2722 5396 See
2763 5358 2895 5396 cum
2935 5341 3013 5394 ibi
3055 5356 3161 5409 per
3207 5344 3439 5408 tempus
3477 5335 3801 5406 aliquantum

2178 5433 2474 5497 remorati,
2500 5449 2609 5502 pro
2640 5435 2798 5486 certe
2833 5429 3179 5485 Desiderius
3212 5427 3597 5497 comperisset
3625 5431 3803 5491 papam

2176 5525 2415 5578 minime
2464 5523 2533 5575 ad
2589 5526 2787 5591 partes
2820 5521 2969 5574 istas
3020 5522 3345 5584 venturum,
3384 5518 3623 5584 insuper
3650 5508 3797 5563 etiam

2177 5614 2326 5669 ultra
2352 5614 2580 5667 montes
2602 5610 2868 5680 proxime
2890 5607 3306 5679 profecturum,
3347 5603 3633 5672 simulque
3655 5593 3797 5649 valde

2174 5703 2436 5757 inutilem
2459 5716 2598 5756 esse
2618 5699 2921 5772 proposito
2943 5712 3054 5753 suo
3073 5697 3458 5752 considerans
3481 5694 3536 5747 in
3555 5685 3793 5760 ejusdem
