3940 6174
147 366 244 426 925
1107 358 1635 423 POSTMODUM
1681 359 2079 421 VICTORIS
2122 361 2208 425 ΙΙΙ
2256 363 2531 423 PAPZE.

3427 361 3548 424 926

147 562 402 635 pontiﬁcis
431 560 587 615 curia
627 560 1159 628 conversationem,
1209 560 1383 629 coepit
1406 559 1760 614 omnimodis
1786 550 1845 614 Α
1879 565 1936 613 et
1960 560 2085 631 ejus
2111 561 2360 631 scriptis
2388 561 2741 615 observavit
2775 562 2983 616 Marus
3021 564 3082 617 in
3114 564 3270 617 notis
3287 563 3363 618 ad
3389 563 3544 617 hune

146 655 333 706 instare
364 650 562 703 Alfano
599 653 659 702 ut
685 648 806 718 jam
832 648 1071 718 jamque
1116 653 1339 718 peteret
1367 648 1439 702 ab
1479 663 1548 701 eo
1580 649 1763 701 licen-

141 742 253 794 tiam
283 738 618 792 revertendi.
662 738 877 791 Petrus
909 741 1039 791 ante
1070 753 1186 791 non
1214 738 1428 790 multos
1466 738 1592 791 dies
1624 737 1760 791 huic

144 828 455 882 monasterio
486 827 705 879 electus
747 826 936 880 fuerat
987 841 1019 878 a
1072 826 1353 881 fratribus
1375 827 1433 880 in
1464 826 1755 893 abbatem,

144 917 225 987 qui
249 932 345 985 pro
366 931 468 968 sua
490 915 615 984 ipsa
635 915 1001 968 ordinatione
1026 915 1377 969 insinuanda
1395 916 1544 969 duos
1576 914 1757 985 hujus

137 1006 227 1059 loci
253 1003 315 1056 ad
344 1019 539 1072 papam
571 1008 708 1057 tunc
734 1003 947 1056 fratres
970 1005 1402 1058 transmiserat.
1439 1003 1622 1074 Igitur
1652 1004 1760 1057 De-

136 1092 358 1147 siderius
404 1095 591 1161 Optata
626 1092 976 1162 jamdudum
1020 1093 1454 1162 opportunitate
1500 1095 1754 1162 reperta,

137 1181 327 1234 accedit
356 1181 568 1250 pariter
597 1197 728 1234 cum
782 1181 992 1235 Alfano
1044 1181 1116 1234 ad
1164 1182 1491 1235 Romanum
1535 1180 1760 1249 pontifi-

132 1285 251 1337 cem,
293 1268 571 1339 simulque
607 1270 861 1339 pedibus
894 1270 1052 1324 illius
1082 1272 1549 1339 prosternentes,
1586 1270 1757 1323 orant

132 1358 403 1411 recedendi
433 1358 750 1426 licentiam,
798 1358 1132 1428 adduntque
1176 1361 1443 1428 petentes
1476 1362 1537 1411 ut
1566 1358 1758 1429 gratia

136 1445 432 1517 religiosius
454 1447 710 1515 vivendi,
735 1448 1181 1518 permonachos
1203 1448 1303 1518 qui
1322 1447 1393 1500 ad
1415 1463 1547 1501 cum
1566 1463 1597 1500 a
1615 1447 1756 1501 Cas-

136 1535 359 1588 sinensis
377 1535 731 1590 monasterio
757 1539 1053 1603 venerant,
1076 1537 1211 1590 illuc
1231 1552 1336 1590 eos
1361 1537 1756 1590 transmittere

130 1624 340 1693 suisque
370 1623 577 1677 litteris
606 1624 739 1677 illos
770 1624 965 1677 abbati
998 1625 1341 1696 dignaretur
1368 1641 1437 1678 ac
1474 1626 1756 1679 fratribus

131 1712 515 1766 commendare.
555 1712 777 1767 Annuit
815 1714 1202 1782 apostolicus,
1244 1719 1419 1784 atque
1463 1714 1562 1781 ita,
1604 1715 1757 1768 sicut

135 1804 502 1870 poposcerant,
534 1817 672 1855 cum
709 1801 987 1856 fratribus
1010 1802 1128 1855 illis
1160 1802 1231 1855 ad
1264 1802 1375 1856 hoc
1421 1804 1757 1857 coenobium

129 1889 423 1943 transmissi
454 1892 610 1943 sunt.
652 1890 1014 1960 Receptique
1045 1891 1324 1945 decenter
1340 1891 1411 1944 ab
1444 1892 1676 1959 abbate,
1701 1899 1756 1948 et

132 1975 377 2030 fratribus
405 1979 632 2046 sociati,
671 1979 919 2032 honeste
952 1979 1128 2033 nimis
1158 1984 1331 2049 atque
1363 1980 1757 2034 humiliterin-

130 2068 202 2118 ter
226 2065 347 2120 illos
375 2066 713 2137 aliquandiu
733 2068 1067 2121 conversati
1087 2072 1245 2137 sunt,
1271 2072 1327 2122 et
1355 2069 1427 2122 ab
1455 2070 1755 2123 universis

128 2153 177 2205 in
199 2153 481 2209 dilectione
510 2156 765 2224 plurima
798 2155 999 2223 habiti,
1035 2172 1263 2211 necnon
1286 2159 1343 2211 et
1372 2158 1756 2212 monasticam

126 2242 183 2295 ab
207 2243 391 2297 eodem
418 2244 627 2299 abbate
649 2246 1159 2299 consecrationem
1199 2246 1411 2315 adepti,
1447 2246 1754 2301 Friderico

132 2345 282 2400 super
331 2348 530 2387 eorum
577 2333 838 2388 adventu
878 2333 1191 2405 plusquam
1232 2336 1380 2389 satis
1415 2337 1508 2389 est
1549 2339 1753 2407 gratu-

126 2418 265 2473 lante.

195 2508 347 2563 Visio.
391 2511 764 2566 Monasterio
806 2511 1015 2583 Capuae
1052 2512 1440 2583 praeponitur.
1473 2511 1748 2567 Alienus.

131 2597 423 2653 —Viderat
462 2616 567 2670 per
589 2600 706 2654 hos
747 2600 875 2655 dies
907 2601 1256 2655 Desiderius
1304 2601 1595 2656 visionem
1636 2618 1752 2656 non

125 2690 582 2755 contemnendam,
614 2704 793 2758 quam
832 2690 979 2744 satis
1025 2691 1288 2760 proxime
1329 2690 1415 2744 rei
1456 2706 1749 2745 commen-

122 2774 248 2827 davit
266 2776 515 2832 effectus.
541 2778 838 2833 Cernebat
859 2779 1155 2849 siquidem
1174 2795 1239 2834 se
1260 2796 1372 2833 una
1386 2795 1518 2833 cum
1539 2780 1748 2834 Alfano

122 2862 164 2913 in
183 2866 401 2933 quadam
427 2868 673 2921 excelsa
704 2883 771 2921 ac
797 2868 964 2922 valde
982 2868 1379 2937 pulcherrima
1409 2870 1591 2937 turre,
1617 2885 1748 2939 quas

114 2949 251 3020 juxta
290 2955 604 3024 capitulum
648 2955 894 3011 fratrum
924 2957 1039 3010 sita
1079 2961 1260 3025 esset,
1303 2957 1653 3025 consistere,
1690 2957 1749 3010 in

116 3055 204 3108 qua
229 3042 484 3098 nimirum
518 3044 698 3098 Pater
726 3044 1085 3099 Benedictus
1118 3045 1427 3099 videbatur
1469 3046 1612 3100 sede
1640 3047 1750 3101 de-

117 3130 412 3185 centissima
460 3133 757 3187 residere.
816 3132 1079 3205 Cumque
1135 3135 1207 3188 ad
1249 3135 1409 3188 illius
1456 3136 1749 3190 visionem

118 3219 383 3287 stupefacti
400 3225 713 3291 paverent,
735 3226 790 3276 et
813 3223 1095 3277 accedere
1112 3224 1356 3294 propius
1378 3240 1748 3295 aequequam

114 3315 515 3379 praesumerent,
538 3311 760 3365 beatus
782 3311 1140 3366 Benedictus
1161 3312 1467 3367 Desiderio
1484 3314 1749 3368 hilariter

116 3393 370 3466 innuebat,
421 3414 683 3470 eumque
706 3399 877 3470 juxta
900 3416 967 3455 se
1014 3401 1224 3456 sedere
1257 3417 1432 3455 manu
1475 3405 1748 3471 porrecta

114 3480 337 3550 jubebat.
371 3488 628 3542 Alfenus
661 3503 823 3557 vero,
857 3490 1135 3559 quoniam
1166 3495 1410 3544 vocatus
1450 3491 1605 3546 abeo
1633 3508 1749 3545 non

119 3568 292 3641 fuerat,
320 3577 483 3646 quasi
535 3576 785 3647 indigne
813 3575 1035 3644 ferens,
1081 3578 1152 3631 de
1187 3578 1360 3632 domo
1394 3579 1488 3631 illa
1520 3580 1746 3643 exibat;

116 3673 222 3727 quae
248 3664 510 3718 nimirum
542 3665 702 3719 visio
728 3665 1212 3720 manifestissime
1233 3667 1585 3735 portendere
1617 3668 1749 3722 visa

120 3753 190 3801 est
212 3753 261 3804 et
286 3753 557 3807 Alfanum
590 3755 650 3807 in
673 3754 803 3809 loco
835 3755 948 3809 hoc
970 3771 1086 3809 non
1109 3755 1208 3809 diu
1239 3759 1673 3810 remoraturum
1696 3759 1751 3809 et

117 3834 445 3895 Desiderium
476 3843 786 3896 Benedicti
807 3844 992 3913 patris
1016 3845 1205 3899 vicem
1232 3845 1289 3898 in
1314 3845 1426 3898 hoc
1451 3848 1750 3898 monaste»

118 3924 189 3977 rio
215 3934 641 4000 suscepturum.
696 3932 829 3984 Non
870 3934 1047 3987 multo
1073 3938 1207 4002 post
1240 3934 1421 4004 igitur
1457 3950 1487 3985 a
1519 3932 1750 3987 Gisulfo

116 4014 343 4086 principe
361 4020 613 4074 Alfanus
628 4020 1054 4089 expostulatus,
1071 4022 1259 4090 primo
1273 4021 1424 4091 apud
1441 4022 1750 4075 Salernum

117 4100 168 4153 in
195 4109 533 4162 monasterio
569 4106 768 4162 Sancti
795 4108 1092 4163 Benedicti
1115 4110 1300 4164 abbas
1345 4109 1610 4178 effectus,
1644 4108 1751 4164 de-

112 4186 221 4243 hinc
261 4194 522 4265 ejusdem
568 4197 822 4251 civitatis
854 4198 1425 4267 archiepiscopatum
1476 4198 1750 4267 indeptus

112 4285 212 4348 cst;
242 4283 581 4341 Desiderius
598 4302 739 4339 vero
756 4287 827 4339 ad
850 4287 1188 4356 Capuanum
1208 4288 1629 4342 monasterium
1662 4290 1753 4341 est

110 4364 470 4431 transmissus
501 4378 883 4447 praepositus.
920 4377 1252 4431 Richardus
1276 4381 1414 4431 tunc
1444 4376 1754 4430 Versanus

120 4454 469 4537 [Aversanus]
500 4481 705 4519 comes
736 4464 991 4534 Capuam
1019 4467 1430 4537 expugnabat;
1455 4465 1581 4533 sed,
1616 4481 1751 4519 cum

119 4543 626 4624 Pandulfus,ipsius
641 4554 894 4607 civitatis
908 4556 1208 4624 princeps,
1226 4556 1463 4627 indigna
1478 4555 1747 4626 quaedam

1874 648 2053 702 Petri
2080 650 2317 704 diaconi
2346 650 2549 704 locum.
2574 651 2862 705 Eumdem
2885 650 3123 705 laudant
3159 652 3538 721 Trithemius,

1872 737 2099 791 Baroni
2105 754 2186 801 us,
2222 738 2477 809 Vossius,
2498 745 2553 792 et
2570 738 2675 792 alii
2679 740 2925 809 passim.
2945 740 3098 810 Ejus
3116 755 3253 793 vero
3266 738 3541 793 nonnulla

1873 826 2142 896 opuscula
2175 827 2423 881 edidere
2454 827 2917 897 Martinengius,
2962 827 3267 898 Ugliellus,
3304 828 3539 895 Surius,

1872 917 1982 968 etc.
2003 914 2099 968 Ab
2116 915 2382 969 Arno/do
2410 917 2619 971 Wione
2642 916 2864 969 dicitur
2880 916 3045 969 inter
3062 922 3300 970 sanctos
3315 915 3545 969 relatus

1870 1003 1981 1057 sed
2002 1003 2131 1073 ejus
2153 1020 2359 1057 nomen
2384 1006 2443 1056 in
2460 1004 2597 1057 ullis
2618 1003 2798 1057 fastis
2815 1006 3010 1058 sacris
3037 1005 3315 1075 reperire
3333 1020 3445 1058 non
3466 1004 3541 1057 1i-

1873 1092 2010 1145 cuit.
2031 1092 2320 1146 Caeterum
2334 1092 2689 1147 Desiderius
2702 1093 3011 1147 ecclesiam
3027 1093 3233 1147 Sancti
3260 1092 3546 1147 Benedic-

1874 1181 1919 1232 ti
1950 1182 2109 1234 intra
2147 1181 2398 1252 Capuam
2449 1182 2786 1250 renovavit,
2832 1187 2891 1235 ut
2929 1182 3151 1236 dicitur
3187 1183 3250 1235 in
3292 1181 3450 1235 libro
3484 1197 3543 1233 IV

1874 1267 2174 1339 Chronici,
2197 1287 2320 1340 cap.
2341 1268 2430 1339 33,
2448 1287 2613 1341 quam
2632 1269 2741 1324 sub
2761 1269 3038 1324 Oderisio
3056 1269 3272 1323 abbate
3289 1269 3542 1322 Pascha-

1868 1356 1948 1410 lis
1969 1376 2008 1410 η
2024 1375 2174 1429 papa
2197 1374 2478 1412 eonseera
2492 1359 2592 1412 vit.
2634 1358 2772 1412 Haae
2796 1357 3036 1412 abbatia
3059 1358 3170 1411 sub
3190 1359 3386 1411 Leone
3407 1357 3468 1410 X
3478 1358 3539 1410 in

1871 1446 2178 1518 collegium
2215 1448 2619 1503 canonicorum
2653 1453 2871 1501 mutata
2910 1452 3021 1516 est,
3072 1447 3166 1500 cui
3201 1444 3541 1517 aliquandiu

1863 1536 2109 1606 praefuit
2123 1536 2310 1590 abbas
2333 1536 2660 1591 saecularis.
2683 1536 2902 1591 Postea
2948 1536 3223 1590 Clemens
3249 1535 3384 1588 VIII
3410 1550 3536 1588 eam

1870 1626 2164 1679 eardinali
2204 1625 2571 1680 Bellarmino
2624 1623 3345 1696 archiepiscopoCapuano
3381 1639 3539 1677 com-

1866 1713 2191 1767 mandavit.
2221 1712 2340 1777 Quo
2361 1714 2594 1768 tandem
2610 1721 2843 1785 agente,
2870 1719 2928 1767 et
2947 1719 3241 1767 annuente
3257 1711 3445 1766 Paulo
3472 1710 3536 1780 V,

1868 1802 1944 1856 ad
1956 1802 2218 1857 Jesuitas
2241 1803 2505 1871 transiit,
2530 1809 2589 1856 ut
2604 1809 2812 1856 narrat
2830 1802 3097 1856 Michael
3130 1801 3448 1856 monachus
3476 1801 3538 1854 iu

1789 1923 1844 1987 Β
1869 1891 2222 1946 Sanctum-io
2259 1891 2546 1962 Capuano,
2575 1892 2671 1962 qui
2712 1893 2795 1945 ait
2826 1906 2951 1945 eam
2993 1890 3323 1957 ecclesiam,
3376 1894 3540 1942 ante-

1868 1996 2033 2051 quam
2065 1980 2140 2035 ad
2169 1980 2388 2034 Patres
2417 1980 2736 2037 Societatis
2748 1980 3127 2050 perveniret,
3162 1977 3420 2049 picturis
3440 1992 3540 2030 an-

1869 2070 2048 2139 tiquis
2065 2075 2122 2123 et
2145 2070 2395 2123 musivis
2416 2075 2680 2123 ornatam
2699 2068 2927 2137 fuisse;
2958 2068 3020 2121 in
3054 2067 3221 2138 cujus
3238 2066 3448 2121 abside
3477 2066 3543 2119 hi

1869 2163 1996 2212 tres
2033 2173 2244 2212 versus
2260 2158 2639 2228 legebantur.

1864 2246 1987 2300 Hoc
2015 2247 2390 2312 Desiderius,
2427 2247 2525 2317 qui
2555 2252 2613 2300 et
2651 2245 2865 2308 Victor,
2902 2244 3129 2315 praesul
3154 2250 3214 2298 et
3251 2244 3461 2312 abbas,

1868 2334 2057 2405 Coepit
2088 2351 2247 2405 opus,
2283 2335 2442 2407 quod.
2485 2334 2811 2389 Oderesius
2855 2335 3108 2403 Optimus
3136 2332 3325 2386 abbas

1867 2423 2215 2494 Cmnplevit,
2242 2423 2591 2491 Benedicta,
2624 2429 2778 2476 tuum
2811 2423 3103 2477 decorans
3135 2421 3210 2474 ad
3230 2420 3533 2474 honorem.

1935 2513 2271 2583 Stephanus
2330 2512 2391 2566 X
2434 2527 2602 2582 papa.
2656 2510 3011 2565 Desiderius
3046 2509 3234 2563 abbas
3293 2507 3537 2563 Cassini

1867 2601 2185 2672 eligitur.A
2198 2616 2349 2671 papa
2366 2598 3016 2653 mittiturCP.Moritur
3034 2597 3534 2669 papa—Dehinc,
3608 2603 3620 2612 '

1866 2705 1997 2743 cum
2039 2689 2361 2758 praedictus
2397 2688 2759 2755 Fridericus,
2790 2687 2848 2740 in
2888 2686 3159 2740 abbatem
3206 2684 3389 2756 hujus
3422 2684 3536 2738 loci

1866 2769 2110 2847 electus,
2145 2778 2379 2832 demum
2404 2793 2541 2831 vero
2566 2778 2622 2829 in
2656 2778 2981 2830 Romanum
3013 2774 3351 2844 pontiﬁcem
3384 2772 3537 2827 ordi-

1865 2869 2037 2921 natus
2058 2868 2291 2936 fuisset,
2323 2866 2566 2921 Romam
2595 2867 2665 2919 ad
2699 2866 2863 2920 illum
2885 2880 3088 2919 mense
3108 2865 3379 2935 Augusto
3401 2877 3536 2916 cum

1865 2956 2174 3011 duodecim
2206 2956 2338 3009 aliis
2371 2957 2483 3010 loci
2516 2955 2697 3026 hujus
2743 2955 3046 3022 fratribus,
3088 2953 3429 3007 nominatim
3462 2951 3533 3005 ab

1863 3045 1992 3114 ipso
2023 3049 2291 3112 vocatus,
2330 3045 2612 3114 perrexit,
2641 3044 2842 3114 ibique
2895 3044 3158 3095 Romana
3197 3041 3361 3094 febre
3391 3054 3532 3108 per—

1864 3135 2092 3200 culsus,
2152 3137 2285 3202 post
2313 3148 2534 3202 paucos
2585 3132 2711 3185 dies
2762 3131 2877 3184 huc
2924 3130 3114 3183 rediit.
3159 3128 3302 3181 Cum
3339 3132 3532 3181 autem

1864 3223 2015 3276 idem
2047 3223 2412 3291 apostolicus
2440 3222 2511 3275 ad
2535 3220 2957 3274 monasterium
2989 3219 3102 3272 hoc
3120 3219 3255 3287 post
3281 3219 3533 3287 quatuor

1864 3270 2015 3276 “““““““
2049 3270 2409 3291 “ι“*““---ν--
2443 3270 2511 3275 ““”“
2535 3270 2725 3274 """"‘
2752 3270 2823 3273 "'
2869 3270 2955 3273 ’νηί
2991 3270 3055 3272 "‘
3084 3270 3093 3271 ί
3120 3270 3139 3287 ι
3174 3270 3219 3271 "
3299 3270 3317 3287 ι

1781 3270 1837 3341 c
1863 3312 2098 3365 circiter
2118 3326 2357 3364 menses
2379 3311 2664 3378 venisset,
2700 3325 2815 3363 non
2838 3308 3020 3361 multo
3055 3309 3190 3375 post
3211 3305 3381 3375 gravi
3410 3304 3532 3357 lan-

1863 3416 2049 3472 guore
2095 3400 2387 3466 detentus,
2427 3402 2601 3469 atque
2640 3398 2712 3451 ad
2754 3401 3015 3451 extrema
3053 3396 3177 3450 fere
3211 3393 3533 3464 perductus

1862 3494 1971 3543 est.
1998 3489 2324 3543 Accersitis
2349 3488 2543 3558 itaque
2577 3486 2832 3541 coenobii
2863 3484 3045 3555 hujus
3087 3483 3410 3554 prioribus,
3436 3481 3534 3535 dat

1868 3580 2159 3648 Optionem
2209 3578 2326 3631 illis
2362 3578 2420 3630 in
2459 3577 2728 3631 abbatem
2770 3574 3028 3646 eligendi
3078 3588 3254 3644 quem
3291 3570 3530 3625 vellent.

1866 3667 2134 3731 Quicum
2183 3667 2381 3721 habito
2412 3666 2484 3720 ad
2521 3666 2773 3720 invicem
2819 3664 3091 3732 consilio,
3120 3677 3296 3730 nunc,
3345 3659 3531 3728 illum,

1862 3772 2017 3809 nunc
2038 3756 2236 3825 alium,
2261 3760 2323 3810 ut
2344 3757 2403 3809 in
2423 3756 2639 3809 talibus
2664 3753 3030 3809 consuetudo
3053 3755 3164 3821 est,
3192 3749 3535 3821 eligendum

1864 3848 2197 3911 censerent,
2233 3844 2563 3897 communis
2586 3843 2820 3897 tandem
2839 3842 3255 3896 universorum
3279 3850 3534 3893 consen-

1864 3948 1971 3985 sus
2003 3932 2061 3986 in
2087 3932 2461 3987 Desiderium
2497 3930 2886 4000 expetendum
2931 3930 3172 3999 aspirat,
3209 3930 3266 3981 et
3295 3929 3359 3979 ut
3403 3925 3534 3994 ipse

1862 4020 1979 4074 illis
2012 4020 2070 4073 in
2100 4021 2335 4074 Patrem
2358 4019 2782 4073 concederetur
2808 4016 3221 4072 communibus
3257 4014 3410 4068 votis
3434 4028 3532 4081 pa-

1864 4125 1994 4177 pam
2031 4112 2295 4162 exorant.
2342 4107 2604 4177 Cumque
2650 4107 2795 4160 satis
2837 4106 2953 4159 sibi
2988 4106 3224 4174 placere
3266 4101 3533 4157 eamdem

1864 4196 2208 4251 electionem
2241 4196 2603 4265 apostolicus
2655 4194 3039 4259 asseruisset,
3076 4207 3210 4245 nam
3242 4196 3298 4245 et
3327 4192 3465 4245 olim
3497 4205 3529 4241 a

1862 4287 2125 4354 tempore
2157 4284 2374 4338 Leonis
2406 4300 2570 4353 papae
2603 4284 2816 4352 optime
2839 4281 2923 4334 illi
2946 4280 3098 4349 apud
3126 4279 3530 4333 Beneventum

1863 4379 2039 4427 notus
2071 4374 2394 4443 exstiterat,
2431 4376 2486 4427 et
2507 4389 2581 4427 ex
2610 4388 2725 4442 quo
2765 4372 2981 4424 Petrus
3028 4369 3213 4422 abbas
3260 4360 3531 4422 eumdem

1864 4463 2237 4517 Desiderium
2267 4466 2398 4516 ante
2429 4478 2546 4516 non
2587 4461 2822 4531 plenum
2867 4458 3169 4514 biennium
3200 4460 3528 4526 receperat,

1863 4553 2039 4606 multa
2072 4568 2137 4606 se
2169 4552 2249 4605 illi
2279 4550 2667 4605 familiaritate
2698 4549 3065 4618 devinxerat,
3095 4548 3172 4600 ita
3198 4546 3434 4617 quidem
3468 4548 3537 4600 ut

108 4636 153 4686 ει
173 4642 468 4709 superflua,
506 4642 677 4714 juxta
708 4642 968 4713 priorum
998 4646 1325 4715 temporum
1369 4644 1751 4698 consuctudi-
1782 4619 1920 4695 Din
1958 4657 2188 4695 camera
2246 4644 2387 4704 erat,
2442 4639 2690 4693 fratrum
2734 4638 3080 4691 electionem
3133 4634 3525 4703 confirmavit,

116 4737 243 4796 nem,
276 4728 582 4785 Desiderio
632 4732 804 4787 vellet
834 4732 1170 4804 injungerc,
1204 4734 1299 4786 illc
1346 4735 1655 4801 constanti,
1692 4739 1751 4787 ut

120 4817 236 4882 erat,
266 4822 495 4885 pectore
541 4835 908 4890 nequaquam
939 4822 996 4874 in
1030 4822 1123 4874 his
1158 4824 1211 4875 ei
1261 4838 1587 4891 congruum
1638 4824 1749 4877 du-

118 4907 249 4957 ceret
289 4908 585 4975 assentiri,
640 4910 896 4979 Capuam
934 4926 1223 4981 egressus
1267 4912 1335 4964 ad
1387 4913 1749 4966 liichardum

116 4995 356 5061 accessit,
386 5000 441 5050 et
473 4999 733 5051 omnium
765 5013 896 5067 quae
920 5002 1084 5053 extra
1108 4999 1399 5052 civitatem
1433 5005 1597 5054 erant
1628 5017 1749 5054 mo-

120 5082 346 5135 nasterio
376 5084 790 5152 pertinentium
833 5085 911 5138 ab
939 5101 1008 5140 eo
1042 5087 1357 5141 securitate
1403 5091 1657 5157 accepta,
1695 5092 1751 5143 et

116 5168 335 5223 maxima
365 5172 609 5243 insuper
637 5173 718 5226 illi
752 5190 826 5227 ex
854 5176 991 5229 tunc
1024 5175 1352 5230 foederatus
1381 5177 1656 5246 amicitia,
1691 5177 1749 5231 in

111 5251 430 5313 obedientiis
453 5261 723 5331 ejusdem
754 5265 1097 5318 monasterii
1127 5264 1464 5335 aliquandiu
1488 5280 1747 5319 remora-

116 5342 194 5393 tus
215 5348 317 5413 est,
341 5349 720 5415 paucissimis
740 5352 797 5404 in
818 5353 1179 5407 monasterio
1198 5353 1418 5407 relictis
1439 5353 1742 5422 fratribus,

116 5433 159 5480 ct
186 5436 406 5489 caeteris
437 5437 509 5490 ad
538 5454 603 5493 se
633 5441 964 5495 accersntis.
993 5441 1250 5496 Alfanus
1275 5443 1372 5496 hic
1393 5450 1751 5497 memoratus

118 5518 352 5576 celebris
382 5531 472 5578 est
501 5528 662 5581 inter
693 5535 967 5582 auctores
997 5530 1537 5598 ecclesiasticos,ob
1584 5534 1746 5585 varia

113 5611 376 5681 opuscula,
402 5631 522 5684 qua)
552 5616 776 5671 Petrus
802 5618 1084 5673 diaconus
1104 5626 1383 5673 recenset
1400 5621 1460 5673 in
1490 5620 1645 5675 libro
1657 5621 1744 5676 De

119 5696 250 5747 Vll‘lS
270 5698 604 5757 illustribus
628 5704 1080 5777 Casinensibus,
1097 5723 1221 5779 cap.
1260 5707 1346 5762 19.
1374 5708 1561 5763 Plura
1584 5710 1657 5765 de
1681 5728 1746 5765 eo

1863 4731 2067 4784 dicens
2100 4731 2275 4800 quod,
2304 4729 2808 4801 quamvis’plures
2834 4741 2904 4781 eo
2926 4729 3191 4794 tempore
3208 4723 3528 4793 religiosos

1861 4836 1928 4873 ac
1957 4819 2296 4888 spirituales
2327 4819 2510 4884 viros,
2546 4817 2844 4887 multaque
2866 4816 3174 4869 honestate
3197 4815 3253 4867 et
3275 4810 3527 4880 pruden-

1860 4908 1937 4961 tia
1970 4907 2273 4977 praeditos,
2316 4906 2737 4961 monasterium
2781 4904 2894 4958 hoc
2925 4903 3188 4967 haberet,
3231 4899 3528 4953 neminem

1858 5000 2050 5049 tamen
2081 4997 2272 5066 magis
2293 4996 2568 5049 idoneum
2591 4994 2811 5064 eligere
2842 4992 2915 5045 ad
2946 4990 3003 5043 id
3037 4988 3300 5042 ofﬁcium
3322 4987 3393 5041 de
3415 5002 3525 5041 suo

1860 5085 2112 5155 collegio
2125 5085 2478 5155 potuissent.
2496 5081 2871 5152 thuoniam,
2897 5079 3034 5133 dum
3052 5075 3523 5147 ipsezadviveret,

1858 5175 2001 5229 nulli
2047 5190 2111 5229 se
2153 5174 2482 5227 mortalium
2528 5171 2793 5224 eamdem
2836 5168 3128 5222 abbatiam
3173 5165 3525 5220 traditurum

1859 5265 2219 5323 decreverat,
2258 5260 2629 5315 Desiderium
2662 5273 2802 5312 vero
2835 5257 2906 5311 ad
2937 5254 3532 5324 Constantinopolita-

1857 5368 1993 5406 num
2016 5353 2428 5420 imperatorem
2443 5349 2786 5420 jamdudum
2807 5348 3087 5401 Romanae
3106 5344 3269 5398 sedis
3296 5343 3528 5412 apocri-

1856 5442 2098 5495 siarium
2139 5440 2332 5494 facere
2365 5440 2776 5507 disposuerat;
2829 5435 3131 5489 constituit
3174 5438 3253 5500 ut,
3291 5435 3343 5488 si
3367 5434 3522 5487 idem

1855 5516 2202 5583 Desiderius
2228 5543 2293 5580 se
2321 5527 2640 5596 superstite
2660 5528 3076 5592 reverteretur,
3097 5524 3224 5593 ipse
3244 5522 3325 5575 illi
3351 5521 3526 5575 vellet

1854 5618 2145 5672 abbatiam
2176 5617 2554 5679 contrudere;
2589 5616 2641 5669 si
2673 5631 2815 5670 vero
2852 5617 2982 5669 ante
3019 5613 3177 5668 illius
3221 5610 3521 5665 reversiov

1854 5724 1983 5763 nem
2019 5706 2333 5761 defunctus
2356 5701 2589 5774 fuisset,
2628 5704 2964 5758 rrdrur‘c'a
2992 5702 3152 5757 illum
3177 5701 3403 5769 absque
3420 5693 3522 5750 ali-
