3940 6174
370 359 488 429 927

1335 361 1607 423 GESTA
1650 362 2074 423 DESIDERII
2119 359 2488 421 ABBATIS
2535 359 2840 436 CASIN.,

3630 361 3724 428 928

372 579 486 636 qua
509 566 967 620 contradictione
986 566 1041 618 in
1059 566 1327 619 abbatem
1346 564 1728 635 congregatio
1749 564 2026 615 universa
2057 578 2114 653 At
2143 563 2198 613 et
2213 562 2335 613 tres
2357 559 2664 614 Desiderio
2685 574 2891 630 equos,
2908 558 3124 629 quibus
3146 559 3333 614 adhuc
3358 561 3736 633 indigebat,lar-

371 653 680 724 reciperet.
701 654 1059 723 Stephanum
1084 654 1276 724 itaque
1296 655 1667 717 rardinalem,
1696 658 1751 706 et
1776 652 2029 704 Mainar-

372 742 532 809 dum,
558 744 929 812 postmodum
957 743 1131 797 Silva:
1154 743 1428 796 Candida:
1453 744 1812 812 episcopum,
1835 742 1914 794 illi
1937 755 2033 793 so-

375 830 501 882 cios
530 831 763 884 itineris
794 831 1039 899 donans,
1067 837 1119 885 et
1155 832 1209 883 in
1234 833 1501 901 epistolis
1526 848 1675 901 quas
1700 829 2035 899 imperatori

374 918 688 971 mandabat
718 918 1099 973 Cassincnsis
1132 922 1379 974 abbatiac
1412 920 1572 973 illum
1605 921 1857 973 electum
1885 931 2037 970 rom-

374 1021 732 1072 memorans,
765 1009 959 1062 emisit
990 1026 1019 1061 a
1044 1025 1129 1077 se,
1156 1011 1507 1079 praecipiens
1534 1012 1592 1062 ut
1614 1009 1847 1077 expleta
1878 1007 2038 1076 lega-

372 1095 532 1149 tione
561 1098 775 1150 reverti
804 1114 975 1167 quam
1000 1103 1202 1167 posset
1223 1099 1395 1151 citius
1424 1098 1748 1151 festinaret.
1786 1094 2035 1149 Deside-

374 1183 500 1237 rius
533 1184 728 1255 igitur,
764 1186 1089 1255 injunctum
1124 1188 1235 1239 sibi
1272 1187 1527 1240 officium
1561 1186 1843 1255 perficere
1876 1188 2034 1237 sata-

375 1285 545 1341 gens,
581 1275 904 1342 assumptis
935 1291 1184 1345 quaeque
1211 1277 1586 1329 cssenttanto
1617 1273 1807 1327 itineri
1830 1287 2037 1326 neces-

376 1360 576 1428 sariis,
601 1361 772 1414 simul
799 1377 929 1415 cum
959 1363 1071 1415 sibi
1093 1364 1319 1416 traditis
1344 1364 1525 1417 sociis
1551 1365 1656 1416 iter
1680 1377 2033 1434 aggressus,

376 1448 448 1502 ad
494 1451 914 1504 monasterium
965 1454 1150 1505 sancti
1196 1454 1461 1520 Joannis,
1514 1452 1669 1522 qtlud
1715 1452 2039 1521 appellatur

374 1537 437 1591 in
466 1537 737 1607 Veneris,
763 1544 822 1592 ut
851 1539 931 1593 ibi
958 1557 1114 1594 mare
1140 1542 1569 1612 ingrederetur,
1593 1540 1891 1609 profectus
1924 1543 2035 1593 est.

374 1624 520 1680 Cum
550 1631 741 1680 autem
772 1644 879 1697 per
923 1629 1050 1682 dies
1082 1631 1299 1700 aliquot
1331 1631 1410 1682 ibi
1442 1631 1663 1683 frustra
1706 1633 2037 1683 remoratus

375 1714 610 1785 fuisset,
644 1722 698 1771 et
720 1722 958 1787 propter
987 1720 1143 1772 aeris
1167 1720 1595 1773 inclementiam
1620 1735 1778 1773 mare
1809 1719 2040 1789 ingredi

376 1819 747 1874 nequaquam
767 1811 1177 1875 praesumeret,
1214 1807 1518 1876 Sipontum
1551 1808 1682 1860 inde.
1709 1807 2037 1869 contendit;

378 1891 462 1945 ibi
510 1908 739 1961 navem,
788 1910 901 1963 qua
937 1896 1128 1948 Barim
1172 1895 1497 1966 navigaret,
1545 1896 1882 1966 ingressus,
1936 1911 2042 1964 per

380 1981 689 2049 quemdam
720 1983 1082 2052 episcopum,
1117 1985 1215 2053 qui
1250 1984 1533 2038 orationis
1567 1985 1751 2055 gratia
1786 1989 2042 2037 montem

377 2068 715 2139 Garganum
747 2070 988 2137 adierat,
1025 2072 1306 2125 fratribus
1332 2089 1396 2127 se
1431 2075 1827 2127 commendari
1858 2089 2042 2143 seque

379 2174 541 2212 mare
574 2158 915 2229 ingressum
950 2161 1065 2214 illis
1107 2162 1429 2233 significari
1474 2163 1735 2233 rogavit;
1771 2163 1876 2215 sed
1911 2178 2042 2214 cum

381 2246 535 2316 apud
569 2247 764 2300 Barim
809 2264 1042 2319 quoque
1083 2266 1258 2304 causa
1310 2252 1675 2320 tempestatis
1705 2252 2045 2321 aliquandiu

382 2336 722 2403 restitisset,
745 2337 920 2391 alium
943 2339 1076 2392 item
1098 2341 1364 2393 nuntium
1387 2341 1499 2394 huc
1520 2341 1775 2412 dirigere
1799 2342 2041 2411 studuit,

381 2438 489 2493 per
515 2440 690 2494 quem
716 2425 989 2480 videlicet
1020 2428 1408 2499 signiﬁcando
1440 2430 1769 2497 mandabat,
1802 2431 1876 2485 ob
1908 2435 2047 2484 tem-

381 2514 546 2582 poris
576 2514 979 2584 intemperiem
1008 2533 1195 2587 usque
1218 2519 1285 2571 ad
1323 2520 1473 2572 illam
1495 2520 1646 2573 diem
1674 2520 1823 2589 apud
1851 2521 2044 2573 Barim

383 2602 623 2655 morari.
671 2601 927 2674 Contigit
974 2608 1165 2659 autem
1222 2607 1608 2676 dispositione
1665 2609 1858 2661 divina
1913 2624 2045 2678 quae

383 2689 547 2743 illum
582 2690 653 2743 ad
686 2692 795 2744 loci
819 2692 999 2762 hujus
1022 2694 1419 2763 recipiendum
1446 2696 1727 2751 honorem
1759 2698 2045 2750 hactenus

384 2778 804 2847 retardaverat,
839 2786 900 2833 ut
930 2796 999 2833 eo
1021 2782 1113 2834 die
1137 2798 1251 2851 quo
1285 2783 1434 2836 idem
1468 2786 1709 2837 nuntius
1730 2786 1841 2837 huc
1866 2784 2046 2853 appli-

385 2866 524 2931 cuit,
559 2882 628 2919 co
659 2882 893 2937 quoque
944 2869 1035 2922 die
1086 2870 1298 2924 fratres
1330 2872 1536 2937 nostri,
1589 2873 1688 2943 qui
1735 2888 1868 2926 cum
1901 2889 2047 2942 papa

382 2955 633 3026 profecti
664 2956 913 3025 fuerant,
948 2958 1047 3011 illo
1080 2959 1231 3027 apud
1265 2960 1616 3015 Florentiam
1647 2962 1924 3015 defuncto
1957 2967 2046 3015 at-

385 3059 499 3115 que
529 3044 782 3115 sepulto,
816 3046 1154 3102 rediissent.
1191 3049 1325 3102 Mox
1356 3050 1550 3120 itaque
1583 3052 1768 3104 nostri
1799 3050 2048 3104 consilio

384 3133 605 3203 habito,
631 3134 779 3188 duos
812 3136 1046 3204 fratres,
1079 3137 1176 3207 qui
1202 3138 1571 3192 Desiderium
1604 3155 1884 3194 revocare
1904 3130 2050 3193 nun-

383 3223 523 3276 tiata
554 3224 861 3292 apostolici
894 3229 1079 3281 morte
1124 3228 1426 3298 deberent,
1474 3229 1822 3282 festinanter
1851 3232 2051 3281 trans-

384 3311 638 3365 mittunt.

442 3398 1084 3472 Mortu0papa,infccto
1096 3405 1317 3458 itinere
1334 3405 1642 3459 Cassinum
1657 3406 2053 3461 reditu/tbbas

388 3489 789 3544 constituitur.
810 3521 879 3530 —
900 3491 1028 3545 Jam
1058 3494 1290 3547 tandem
1316 3494 1550 3547 Desidet
1568 3495 1660 3548 ius
1685 3494 2053 3549 sufficienter

386 3578 727 3631 necessaria
750 3595 1000 3648 quaeque
1018 3580 1211 3635 itineri
1237 3586 1425 3650 coepto
1446 3583 2053 3653 paraverat,jamjam-

387 3680 503 3735 que
518 3665 691 3719 simul
711 3681 843 3720 eum
863 3668 1079 3738 Argiro
1100 3669 1447 3723 Barensium
1470 3673 1753 3742 magistro
1770 3672 2051 3742 navigare

389 3754 757 3824 disponebat,
776 3770 907 3808 cum
925 3771 1063 3809 ecce
1080 3757 1207 3825 ipso
1222 3758 1556 3811 Palinurum
1578 3759 1880 3814 Dominieo
1896 3761 2052 3813 eirea

387 3856 699 3911 vesperam
719 3844 958 3897 eosdem
978 3846 1214 3899 nuntios
1233 3863 1265 3900 a
1287 3848 1507 3901 nostris
1528 3848 1783 3901 directos
1805 3851 2050 3919 accepit,

388 3930 729 3986 defunctum
760 3934 1168 4002 apostolicum,
1195 3939 1250 3988 et
1280 3952 1345 3989 se
1374 3937 1445 3989 ad
1474 3938 1869 3991 revocandum
1894 3939 2055 3991 illum

389 4018 740 4073 festinanter
757 4023 1146 4078 transmissos
1169 4026 1240 4078 ab
1265 4027 1566 4079 universis
1586 4027 1873 4081 fratribus
1897 4042 2058 4081 asse-

389 4110 612 4177 rentes;
645 4109 861 4164 rediret
888 4127 1029 4181 ergo
1061 4115 1432 4183 quantocius,
1471 4120 1526 4169 et
1559 4118 1823 4187 regimen
1856 4131 2056 4169 mona-

392 4198 579 4270 sterii,
614 4206 787 4270 prout
816 4200 1104 4255 Dominus
1127 4203 1518 4274 ordinaverat,
1554 4207 1875 4260 cunctis'se
1908 4205 2061 4261 desi-

389 4291 730 4351 derabiliter
759 4296 1261 4366 praestolantibus,
1290 4302 1573 4353 sumeret.
1597 4299 1867 4371 Obriguit
1898 4298 2059 4351 Desi-

389 4383 721 4439 deriustam
737 4386 929 4439 subita
944 4387 1254 4456 apostolici
1271 4391 1455 4441 morte
1472 4388 1790 4455 perculsus
1804 4403 2059 4456 moxque

388 4473 575 4527 sociis
626 4474 948 4542 advocatis,
986 4477 1213 4543 aperuit
1262 4477 1401 4545 quid
1451 4477 1636 4529 nuntii
1669 4477 2055 4545 detulissent;

390 4565 813 4632 coeperuntque
843 4564 1060 4632 pariter
1082 4578 1216 4616 eum
1242 4565 1456 4635 Argiro
1484 4568 1759 4635 satagere
1783 4564 2055 4635 qualiter,

2142 650 2300 720 gitus
2324 652 2432 703 est.
2462 648 2562 701 Ita.
2590 650 2710 702 Deo
2733 649 2792 701 in
2813 648 3087 702 omnibus
3116 655 3507 719 prosperante,
3530 652 3641 706 sine
3658 652 3736 704 ali-

2142 754 2256 808 quo
2276 737 2688 806 impedimento
2708 737 2958 804 reversi,
2984 736 3116 806 ipso
3131 737 3386 806 paschali
3406 738 3738 810 Sabbatojam

2141 826 2499 881 tardiuscule
2530 826 2601 878 ad
2634 825 2926 878 civitatem
2965 825 3162 879 Sancti
3193 825 3462 880 Germani
3490 827 3741 896 applicue-

2143 919 2294 968 runt.
2333 915 2632 968 Dominica
2675 930 2816 968 vero
2851 916 3038 967 sancti
3073 915 3315 969 Paschze
3346 916 3507 969 valde
3549 917 3741 971 diliculo

2144 1004 2257 1057 huc
2304 1004 2715 1071 ascendentes,
2767 1003 2839 1058 de
2887 1019 3050 1058 more
3100 1005 3435 1058 monasterii
3481 1005 3743 1075 capitulum

2144 1093 2391 1146 fratrum
2448 1094 2712 1163 ingressi
2761 1095 2917 1160 sunt,
2968 1093 3424 1161 praesidentibus
3474 1094 3745 1149 Humberto

2143 1181 2374 1235 Sanctae
2402 1182 2651 1249 Rufinae,
2678 1184 2734 1235 et
2752 1183 2927 1235 Petro
2950 1182 3383 1235 Tusculanensi
3405 1183 3686 1252 episcopis,
3706 1188 3749 1235 et

2142 1268 2438 1339 Stephano
2478 1271 2780 1338 cardinali,
2815 1286 2882 1323 ac
2924 1271 3223 1325 Mainardo
3267 1271 3545 1325 Dcsiderii
3583 1272 3747 1325 sociis.

2146 1358 2293 1411 Nam
2338 1359 2603 1427 praedicti
2642 1360 2924 1427 episcopi,
2971 1359 3333 1413 Humbertus
3373 1364 3427 1413 et
3468 1360 3671 1425 Petrus,
3704 1364 3751 1411 ut

2145 1446 2456 1517 longejam
2477 1463 2658 1516 supra
2682 1447 2992 1501 retulimus
3016 1447 3144 1516 (lib.
3169 1465 3230 1514 ιι,
3259 1464 3381 1519 cap.
3404 1448 3537 1517 101),
3558 1444 3752 1502 εθιῆοῐιιε

2144 1541 2282 1592 tunc
2330 1536 2525 1588 Mincii
2577 1536 2999 1591 ordinationem
3044 1536 3361 1607 fugientes,
3412 1537 3753 1590 Beneventum

2153 1623 2385 1677 Pascha
2417 1623 2771 1677 celebraturi
2800 1624 3144 1695 pergebant;
3180 1625 3310 1692 sed,
3348 1625 3463 1678 Deo
3482 1624 3751 1688 ordinante,

2154 1713 2339 1784 gratia
2366 1715 2540 1766 tantae
2572 1712 2906 1768 festivitatis
2937 1729 2967 1765 a
2998 1714 3223 1767 nostris
3253 1714 3547 1782 prioribus
3576 1713 3754 1765 invitati

2152 1806 2325 1872 atque
2375 1801 2582 1855 retenti
2612 1800 2861 1855 fuerant.
2913 1802 3058 1856 Post
3104 1802 3430 1856 solemnem
3475 1802 3645 1871 itaque
3671 1800 3755 1853 diei

2108 1891 2293 1960 ,,tanti
2326 1905 2681 1960 sermonem,
2713 1905 2851 1944 mox
2883 1890 3249 1945 Humbertus
3269 1891 3448 1945 totius
3478 1891 3620 1944 illius
3646 1888 3760 1943 ordi-

2156 1979 2409 2033 nationis
2467 1979 2681 2048 optime
2748 1979 3049 2048 conscius,
3112 1980 3483 2034 Desiderium
3542 1979 3758 2045 advocat,

2154 2068 2345 2138 eique,
2362 2067 2852 2138 quemadmodum
2870 2068 3004 2121 olim
3025 2068 3215 2122 fuerat
3236 2085 3268 2122 a
3282 2085 3427 2139 papa
3443 2068 3762 2137 dispositum,

2157 2156 2546 2210 obedientiam
2574 2156 2824 2209 abbatiae
2855 2156 3119 2225 recipere
3144 2173 3216 2210 ex
3238 2163 3403 2228 parte
3426 2156 3647 2210 fratrum
3665 2170 3760 2207 om-

2158 2246 2319 2298 nium
2350 2245 2615 2315 imperat.
2641 2244 2815 2299 Nulla
2843 2245 2901 2299 in
2931 2246 3189 2300 medium
3220 2262 3408 2315 mora,
3432 2245 3576 2300 nulla
3604 2258 3761 2312 exspe-

2158 2335 2331 2388 ctatio
2380 2334 2809 2403 responsionis,
2863 2335 3132 2404 protinus
3180 2335 3452 2390 universi
3500 2334 3761 2404 surgentes

2158 2422 2427 2476 eumdem
2462 2423 2833 2477 Desiderium
2864 2428 3239 2493 acceperunt,
3272 2429 3445 2495 atque
3473 2439 3594 2477 cum
3618 2420 3763 2474 maxi-

2158 2513 2271 2568 mis
2286 2511 2559 2565 laudibus
2578 2511 2648 2563 ad
2668 2512 2982 2566 ecclesiam
3003 2513 3405 2583 deportantes,
3426 2514 3481 2565 in
3503 2509 3765 2564 sedeillum

2157 2602 2387 2656 abbatis
2420 2600 2741 2655 honorifice
2773 2601 3137 2670 locaverunt,
3181 2602 3501 2667 universis,
3531 2602 3635 2653 tum
3662 2613 3765 2668 pro-

2158 2690 2527 2744 solemnitate
2575 2689 2861 2757 paschali,
2894 2694 3015 2744 tum
3048 2707 3152 2759 pro
3190 2690 3388 2759 ipsius
3439 2688 3765 2751 ordinatione,

2159 2780 2444 2833 immensa
2459 2778 2659 2832 lmtitia
2673 2780 2729 2831 et
2737 2778 2761 2848 j
2771 2779 3105 2833 oeunditate
3134 2779 3398 2849 repletis.
3415 2780 3571 2832 Anno
3591 2775 3767 2830 scilicet

2163 2868 2483 2923 Dominicae
2517 2868 2944 2921 lncarnationis
2979 2868 3135 2921 1058.

2231 2957 2593 3011 Monasterii
2614 2956 2867 3010 aedilicia
2890 2962 3150 3027 reparat.
3178 2986 3248 2996 —
3270 2958 3457 3028 Igitur
3475 2953 3678 3008 abbatia
3694 2946 3768 3003 su-

2162 3049 2363 3115 scepta
2424 3044 2768 3099 Desiderius
2817 3047 2991 3115 erepit
3023 3045 3213 3099 modis
3268 3045 3535 3100 omnibus
3579 3040 3767 3096 studere

2162 3139 2337 3205 atque
2359 3136 2632 3204 satagere
2650 3137 2709 3187 ut
2727 3133 2883 3203 quod
2907 3134 3381 3202 dicebatur,.diei
3394 3132 3658 3187 veraciter
3672 3141 3770 3198 pos-

2122 3228 2275 3307 ,‘set.
2307 3223 2572 3276 Cernens
2622 3222 2814 3293 itaque
2846 3223 3026 3275 totius
3057 3222 3405 3277 monasterii
3456 3220 3694 3275 officinas
3730 3218 3770 3267 et

2083 3299 2450 3382 C‘angustas
2464 3311 2680 3365 ambitu
2699 3314 2755 3365 et
2769 3311 2954 3365 forma
2979 3310 3303 3380 deformes,
3321 3315 3376 3366 et
3398 3326 3524 3363 eum
3536 3306 3769 3361 vetustate

2163 3408 2285 3455 tum
2311 3400 2517 3455 inertia
2542 3401 2838 3467 ruinosas,
2855 3400 3002 3454 adeo
3029 3403 3088 3453 ut
3112 3403 3168 3454 et
3191 3400 3469 3471 contiguo
3493 3395 3771 3449 viderentur

2165 3504 2371 3543 omnes
2386 3489 2613 3542 domate
2629 3492 2943 3558 coopertae,
2960 3492 3015 3542 et
3029 3504 3324 3559 egressus
3340 3489 3510 3543 unius
3526 3478 3771 3555 ingressui

2167 3592 2473 3632 connexus
2504 3580 2667 3631 esset
2697 3577 2959 3644 alterius,
2988 3577 3344 3631 incitabatur
3375 3576 3596 3647 quidem
3622 3570 3771 3624 animo

2166 3667 2298 3720 illas
2323 3666 2570 3737 aggredi
2586 3666 2655 3719 ad
2678 3665 3102 3729 renovandum;
3120 3665 3225 3719 sed
3245 3665 3568 3735 angebatur
3584 3661 3770 3721 iterum,

2169 3756 2324 3826 quia,
2378 3759 2437 3808 ut
2476 3759 2591 3808 tam
2650 3756 2896 3808 arduum
2957 3756 3238 3824 inciperet
3280 3769 3449 3823 opus,
3506 3749 3634 3804 nihil
3682 3745 3772 3798 fere

2169 3843 2340 3914 pensi
2364 3844 2633 3898 habebat.
2659 3843 2857 3897 Primo
2878 3844 3070 3914 itaque
3093 3843 3263 3912 quasi
3289 3839 3533 3912 experiri
3556 3834 3771 3905 cupiens,

2172 3932 2394 4003 siquid
2438 3932 2682 3999 valeret,
2716 3932 3013 4001 palatium,
3047 3931 3203 4001 quod
3252 3931 3467 3985 dudum
3516 3923 3773 3981 Ricberius

2170 4022 2356 4075 abbas
2402 4021 2475 4075 ab
2509 4021 2775 4076 orientali
2806 4026 2972 4090 parte
3021 4020 3366 4073 monasterii
3393 4017 3695 4071 inchoatum
3722 4007 3772 4061 ad

2175 4110 2456 4164 solarium
2505 4124 2697 4180 usque
2737 4109 3113 4179 perduxerat,
3166 4123 3348 4178 opere
3397 4107 3535 4160 satis
3577 4101 3773 4156 decente

2173 4199 2439 4270 perfecit,
2450 4198 2732 4268 justeque
2746 4198 2939 4267 ipsum
2951 4212 3167 4251 versus
3182 4197 3510 4262 ecclesiam,
3525 4188 3773 4262 parvulam

2175 4289 2431 4360 quidem,
2464 4287 2570 4339 sed
2605 4289 3028 4355 competentem
3060 4286 3250 4353 plane,
3308 4286 3365 4337 in
3414 4299 3519 4353 qua
3547 4277 3663 4333 libri
3703 4288 3775 4327 re—

2174 4377 2588 4443 condereutur,
2625 4373 2933 4428 aediculam
2971 4374 3303 4428 fabricavit.
3344 4371 3503 4437 Quod
3539 4383 3653 4422 cum
3685 4360 3774 4416 sibi

2170 4479 2459 4535 prospero
2498 4465 2710 4517 eventu
2735 4466 3001 4516 cerneret
3043 4463 3384 4530 obvenisse,
3406 4461 3621 4513 domum
3641 4451 3773 4505 etiam

2171 4555 2229 4608 in
2263 4570 2377 4624 qua
2417 4552 2660 4606 abbates
2694 4567 2929 4605 manere
2969 4554 3418 4614 consueverant,
3459 4562 3579 4618 qua:
3608 4536 3774 4594 videli-

389 4655 703 4722 antequam
726 4667 886 4705 mors
905 4667 1073 4720 papae
1092 4630 1515 4723 divulgarctur,
1537 4654 1753 4707 reverti
1774 4653 2055 4707 valerent.
2087 4631 2264 4721 [γὀθι
2302 4658 2335 4695 8
2380 4640 2827 4710 septentrionali
2868 4643 3031 4709 parte
3076 4640 3389 4693 adhaerens
3434 4631 3697 4723 ecclesiwi
3733 4625 3774 4723 ξεί

389 4739 523 4795 Non
554 4742 689 4795 enin
720 4740 1063 4795 dubitabant
1094 4757 1183 4808 se,
1219 4742 1458 4813 cognito
1476 4742 1611 4812 ejus
1632 4742 1812 4811 obitu,
1849 4760 1879 4795 a
1910 4742 2059 4797 Nor-

390 4829 623 4883 mannis
655 4829 748 4884 vel
779 4829 1100 4900 capiendos
1126 4831 1218 4883 vel
1245 4831 1685 4886 disturbandos.
1714 4832 2059 4901 Redemptis

390 4916 572 4987 igitur
600 4920 891 4988 protinus,
928 4935 1035 4973 seu
1066 4919 1376 4990 acquisitis
1408 4936 1513 4990 pro
1547 4936 1613 4974 se
1642 4936 1710 4973 ae
1733 4920 1917 4974 sociis
1951 4921 2060 4974 ali-

393 5008 536 5073 quot
555 5008 771 5075 quibus
789 5008 1465 5079 veherenturjumentis,
1483 5009 1743 5063 secunda
1761 5009 1907 5063 feria
1927 5012 2063 5079 post

390 5091 626 5146 Palmas
673 5095 787 5149 iter
815 5097 1255 5167 aggredientes,
1298 5102 1585 5151 venerunt
1613 5097 1684 5151 ad
1736 5098 2058 5151 llobertum

395 5178 771 5250 Viscardum,
833 5187 969 5238 tunc
1028 5186 1264 5255 quidem
1319 5186 1790 5240 Normannorum
1841 5189 2060 5239 tantum

394 5264 624 5335 Apuliae
664 5270 951 5340 comitem,
978 5274 1351 5341 postmodum
1375 5290 1515 5328 vero
1536 5274 1717 5328 totius
1748 5274 1974 5344 Apuliaa
2008 5277 2065 5329 et

399 5353 688 5409 Calabriae
720 5360 892 5428 atque
924 5362 1141 5416 Siciliae
1172 5363 1401 5431 ducem,
1444 5366 1726 5434 rogantes
1759 5367 1818 5416 ut
1849 5378 2062 5416 secure

396 5444 515 5499 illis
549 5459 651 5513 per
679 5447 897 5501 terram
928 5449 1117 5518 ipsius
1159 5453 1417 5507 transire
1447 5452 1667 5505 liceret.
1702 5450 1831 5519 Qui,
1868 5464 1927 5504 ut
1959 5451 2065 5506 fuit

395 5535 492 5590 vir
542 5535 810 5590 maximas
858 5536 1156 5607 bonitatis,
1191 5540 1325 5594 licet
1369 5539 1491 5609 jam
1542 5554 1706 5608 papae
1754 5539 2065 5592 transitum

401 5628 765 5702 compertum
794 5624 1056 5696 haberet,
1086 5629 1142 5682 et
1169 5628 1547 5685 securitatem
1586 5628 1704 5683 illis
1746 5627 2064 5697 concessit,

2174 4731 2487 4785 vilissimis
2505 4730 2650 4802 ligni
2678 4729 2927 4784 furculis
2949 4729 3021 4782 ab
3044 4728 3311 4784 inferiori
3328 4728 3483 4797 parte
3506 4713 3771 4775 sustentata

2175 4824 2230 4874 et
2261 4820 2579 4873 viminibus
2604 4835 2672 4872 ex
2691 4823 2855 4888 parte
2874 4818 3124 4872 maxima
3142 4817 3447 4871 videbatur
3468 4805 3766 4866 constructa.

2177 4926 2205 4961 a
2237 4907 2633 4961 fundamentis
2666 4907 2959 4961 aediﬁcare
2987 4907 3257 4972 instituit,
3281 4903 3544 4975 adjuncto
3561 4895 3631 4950 illi
3658 4889 3772 4960 pala-

2179 4996 2258 5050 tio
2289 5011 2422 5050 eum
2447 4995 2674 5065 absida,
2707 4996 2861 5066 quod
2897 5000 3127 5050 veteres
3167 4994 3509 5048 Todericum
3535 4979 3770 5054 appellare

2183 5086 2470 5140 solebant.
2507 5083 2749 5152 Dehinc,
2796 5083 3120 5152 inspirante
3153 5097 3221 5135 ac
3265 5075 3623 5151 prosperante
3662 5066 3767 5157 Περ,

2181 5175 2548 5229 mansionem
2580 5173 2753 5227 etiam
2780 5171 2937 5225 illam
2962 5187 3093 5241 quae
3114 5171 3330 5224 fratres
3360 5149 3771 5249 quiescentes

2181 5264 2377 5318 versis
2409 5279 2530 5333 prae
2564 5262 2657 5316 sui
2683 5262 3002 5332 exiguitate
3033 5259 3272 5314 solariis
3296 5237 3767 5338 continebat

2182 5354 2429 5424 segnius
2477 5366 2764 5405 renovare
2808 5365 3141 5422 aggressus
3174 5351 3284 5415 est,
3310 5348 3364 5400 in
3392 5345 3556 5398 latere
3590 5326 3768 5424 scilicet

2182 5444 2396 5513 prioris
2448 5459 2479 5496 a
2527 5441 2870 5509 meridiano,
2918 5455 3092 5510 quam
3143 5437 3401 5491 funditus
3446 5428 3675 5519 evertere
3697 5412 3764 5519 .ol)

2180 5532 2419 5587 claustri
2461 5531 2713 5601 spatium
2764 5529 3131 5600 disponebat.
3181 5526 3327 5579 Nam
3367 5522 3581 5593 propter
3618 5514 3763 5601 ipsius

2140 5640 2144 5645 τ
2180 5622 2394 5677 montis
2426 5596 2707 5676 verticem
2738 5618 2832 5673 cui
2862 5596 3022 5672 nulla
3052 5616 3176 5672 fere
3201 5610 3490 5670 constabat
3527 5596 3759 5673 planities,
