3940 6174
173 282 271 347 9‘29

1116 267 1639 330 POSTMODUM
1683 264 2077 327 VICTORIS
2122 264 2210 325 ΙΙΙ
2258 263 2509 327 PAPIE

3401 264 3538 348 eeo

169 482 249 537 vix
274 481 324 533 in
346 472 1183 546 hoclocoparvissimiclaustri
1206 471 1643 542 speciemjuxta
1666 471 1764 525 ab»
1795 458 1852 523 Α
1882 470 1968 524 rio
1990 470 2221 524 Sanctae
2247 471 2446 525 Maria)
2483 472 2539 524 in
2577 474 2787 527 Calena
2820 491 2951 528 eum
2982 476 3350 544 pertinentiis
3383 477 3533 531 suis.

172 570 327 624 sidam
347 566 599 621 ecclesiae
621 565 846 633 priores
873 561 1208 616 effecerant.
1249 561 1515 615 Perfecta
1538 564 1629 614 est
1652 560 1766 631 igi-

165 657 423 713 turcadem
438 654 639 707 domus
654 651 1088 722 inlongitudine
1106 650 1436 704 cubitorum
1451 651 1764 719 sexaginta

161 747 434 810 etcentum,
449 742 502 795 in
514 741 809 794 latitudine
825 755 966 792 vero
982 739 1305 792 cubitorum
1335 737 1543 808 viginti
1557 741 1610 789 et
1625 753 1767 806 qua-

161 837 284 901 tuor,
329 833 381 885 in
419 829 711 883 altitudine
754 832 964 890 autem,
1008 830 1252 897 prOpter
1303 825 1495 895 ipsius
1550 825 1765 879 montis

162 920 583 992 inaequalitatem,
600 916 938 988 quantitatis
969 916 1244 981 diversm,
1265 915 1535 968 maximae
1551 916 1762 977 tamen;

161 1024 367 1080 eamque
383 1007 645 1062 abietinis
667 1005 934 1059 trabibus
958 1004 1105 1058 satis
1125 1003 1368 1073 pulchre
1391 1004 1762 1072 contignans,

156 1098 398 1152 lateribus
413 1093 1111 1165 cooperuit,diversisque
1127 1092 1428 1146 coloribus
1444 1091 1763 1145 decoravit.

160 1186 393 1254 Nihilque
420 1186 698 1251 moratus,
733 1183 858 1252 pari
880 1186 1083 1236 tenore
1117 1184 1287 1235 vetus
1301 1180 1614 1250 capitulum
1631 1179 1766 1233 fun-

155 1276 284 1331 ditus
319 1274 572 1342 diruens,
613 1272 942 1338 renovavit,
987 1270 1249 1340 illudque
1280 1285 1503 1340 gypsea
1535 1284 1679 1322 urna
1711 1267 1768 1320 in

156 1379 297 1436 gyro,
349 1361 662 1430 vitreisque
720 1355 1024 1427 fenestris,
1079 1374 1146 1411 ac
1192 1358 1439 1428 pulchro
1473 1357 1768 1410 variorum

155 1466 466 1506 marmorum
481 1449 811 1518 pavimento
827 1448 1137 1508 decorans.
1158 1447 1374 1517 tegulis
1389 1445 1771 1500 nihilominus

156 1540 433 1610 cooperuit,
470 1543 524 1593 et
560 1538 737 1591 nimis
772 1538 1022 1591 venusta
1053 1536 1314 1590 colorum
1350 1536 1634 1589 varietate
1666 1534 1769 1587 de—

154 1630 328 1701 pinxit.

213 1752 505 1807 Castellum
544 1767 756 1806 novum
799 1749 1027 1805 fundat.
1059 1780 1129 1789 —
1174 1749 1295 1803 Hoc
1327 1750 1387 1803 in
1417 1750 1610 1820 capite
1654 1747 1774 1801 Dc-

155 1842 381 1895 siderius
397 1841 615 1895 dicitur
628 1839 935 1894 castellum
953 1855 1181 1908 novum,
1219 1837 1489 1891 Adenulii
1513 1836 1775 1906 Cajetani
1813 1832 1855 1889 Β

154 1930 293 1983 ducis
314 1945 411 2001 ope
426 1929 840 1983 construxisse
867 1928 941 1982 ad
952 1943 1161 1981 versus
1174 1926 1499 1996 oppidanos
1514 1925 1775 1979 Frattcn-

153 2034 254 2088 ses,
284 2020 374 2091 qui
401 2018 911 2072 Minturnensibus
943 2022 1003 2070 et
1051 2016 1267 2069 vicinis
1316 2015 1546 2085 oppidis
1586 2013 1780 2068 Cassi-

158 2109 333 2161 nensis
356 2108 598 2161 ditionis
626 2106 846 2160 infesti
875 2110 1069 2173 erant,
1104 2120 1230 2157 eum
1262 2103 1491 2157 frustra
1541 2118 1646 2156 eos
1679 2118 1777 2155 ra-

152 2195 374 2250 tionibus
396 2211 460 2250 ac
487 2195 800 2250 beneﬁciis
834 2194 1045 2248 sedare
1073 2199 1383 2248 tentasset.

212 2319 299 2371 Fit
347 2318 672 2373 cardinalis
695 2317 1059 2390 presbyter;
1096 2318 1359 2371 vicarius
1396 2316 1562 2371 sedis
1592 2321 1776 2387 apost.

158 2407 343 2462 Concil.
361 2406 912 2462 Mel/itanem—De
926 2405 1160 2460 Nico/ai
1165 2422 1351 2476 papae,
1371 2405 1468 2476 qui
1482 2405 1782 2475 Stephano

159 2496 532 2566 successerat,|
560 2496 940 2551 ordinatione
971 2496 1114 2567 agit.
1148 2495 1255 2548 Ille
1296 2501 1487 2549 autem
1510 2492 1786 2565 pontifex

156 2585 355 2639 mandat
392 2586 462 2638 ad
503 2586 617 2640 hoc
657 2584 1104 2652 monasterium,
1146 2585 1231 2638 uti
1258 2585 1642 2654 prosequitur
1668 2583 1786 2637 Leo

157 2677 408 2743 quatenus
455 2675 671 2729 domus
719 2675 905 2728 abbas
950 2673 1065 2727 sibi
1096 2673 1154 2726 in
1186 2672 1507 2726 marchiam
1554 2671 1785 2741 proﬁci-

154 2762 310 2815 scenti
349 2778 519 2833 quam
569 2763 748 2816 cilius
802 2765 995 2832 potest
1045 2764 1333 2826 occurrat,
1394 2761 1666 2815 videlicet
1724 2764 1787 2814 ut

155 2851 384 2919 proximo
405 2852 592 2905 Martii
611 2853 839 2906 mensis
856 2850 1108 2921 jejunio,
1126 2850 1522 2921 etpresbyteri
1540 2849 1787 2920 gradum

156 2941 201 2992 et
214 2940 587 2996 cardinalatus
606 2941 830 3010 pariter
847 2939 1105 2994 ofﬁcium
1124 2939 1388 3009 recipere
1413 2938 1640 2992 debeat.
1666 2938 1787 2991 Do-

156 3028 337 3083 minica
356 3030 534 3101 igitur
550 3029 742 3100 prima
757 3028 1261 3100 Quadragesimae,
1276 3027 1498 3097 paratis
1514 3026 1788 3080 omnibus

154 3119 499 3188 necessariis,
526 3120 645 3172 iter
672 3118 986 3188 arripiens,
1007 3118 1159 3187 apud
1191 3117 1478 3170 Farfense
1495 3117 1791 3170 monaste-

153 3205 280 3259 rium
309 3208 633 3276 apostolico
663 3223 728 3261 se
761 3206 1086 3278 conjunxit,
1121 3206 1220 3260 ubi
1244 3206 1419 3259 nimis
1448 3205 1520 3259 ab
1553 3220 1621 3258 eo
1652 3204 1793 3257 ami-
1825 3188 1872 3247 Ο

156 3294 391 3350 cabiliter
434 3296 884 3366 honoriﬁceque
917 3299 1213 3364 receptus,
1273 3294 1586 3348 Auximum
1616 3291 1793 3346 simul

157 3396 267 3436 cum
287 3383 408 3453 ipso
430 3385 741 3455 profectus
764 3386 873 3437 est.
900 3383 1121 3437 Ibidem
1144 3382 1337 3453 itaque
1361 3381 1622 3436 secundo
1644 3381 1795 3445 Qua-

157 3469 480 3542 dragesimae
498 3473 783 3540 Sabbato,
807 3472 967 3542 quod
992 3476 1128 3525 tunc
1149 3470 1338 3542 pridie
1370 3470 1572 3524 Nonas
1606 3469 1797 3523 Martii

157 3561 344 3632 evenit,
390 3561 713 3616 cardinalis
763 3561 1075 3632 presbyter
1118 3561 1190 3613 ab
1233 3560 1439 3614 eodem
1471 3559 1796 3628 apostolico

158 3648 449 3719 ordinatus,
483 3654 541 3705 et
569 3650 838 3720 sequenti
872 3649 1175 3704 Dominica
1205 3648 1455 3702 abbatiae
1486 3663 1797 3702 consecra-

156 3734 346 3792 tionem
365 3740 638 3810 adeptus,
658 3737 1035 3809 privilegium
1053 3737 1123 3791 ab
1136 3750 1207 3792 eo
1222 3737 1369 3791 satis
1387 3736 1797 3804 honorificum,

153 3821 297 3893 juxta
318 3827 806 3883 consuetudinem
840 3826 1354 3896 prwdccessorum
1372 3841 1615 3880 suorum
1630 3840 1800 3880 rece-

159 3913 245 3981 pit.
259 3913 373 3979 Quo
388 3916 654 3986 insuper,
673 3915 742 3968 ad
759 3914 1155 3969 cardinalatus
1172 3914 1443 3968 videlicet
1457 3914 1590 3985 ejus
1604 3914 1801 3984 digni-

160 4002 310 4057 tatem
322 4004 897 4060 ethonorificentiam
913 4004 1106 4057 Patris
1131 4003 1496 4057 sanctissimi
1512 4002 1800 4058 Benedic-

161 4090 213 4155 ti,
248 4107 343 4159 per
370 4096 547 4147 totam
580 4093 955 4162 Campaniam
988 4096 1044 4145 et
1072 4092 1489 4162 Principatum,
1533 4089 1801 4160 Apuliam

160 4193 367 4251 quoque
401 4186 575 4254 atque
618 4180 967 4250 Calabriam,
1014 4180 1086 4234 ab
1128 4181 1259 4250 ipso
1302 4180 1480 4234 fluvio
1512 4177 1795 4247 Piscaria,

163 4266 298 4321 sicut
340 4270 461 4325 ﬂuit
504 4273 567 4325 in
616 4285 795 4337 mare,
831 4270 1023 4323 vicem
1054 4285 1222 4323 suam
1255 4268 1407 4323 idem
1440 4268 1804 4338 apostolicus

164 4352 232 4407 illi
257 4360 569 4414 concessit.
604 4360 750 4413 Post
785 4358 934 4427 haec,
956 4360 1192 4427 accepta
1218 4357 1453 4412 licentia
1484 4355 1804 4423 remeandi,

165 4442 387 4501 Romam
410 4448 680 4515 veniens,
706 4447 972 4518 proxima
1005 4446 1309 4500 Dominica
1331 4446 1640 4500 mediantis
1657 4444 1807 4510 Qua-

166 4530 500 4605 dragesimaa
532 4536 685 4606 apud
716 4534 1031 4590 ecclesiam
1055 4535 1210 4589 beati
1251 4535 1409 4589 Petri
1439 4536 1684 4589 missam
1713 4549 1809 4588 so-

166 4618 414 4679 lemniter
445 4624 789 4694 celebravit,
816 4627 989 4694 atque
1014 4624 1411 4679 Romanorum
1441 4623 1613 4677 turba
1643 4623 1811 4676 innu-

167 4723 308 4765 mera
338 4716 646 4768 comitatus
697 4714 769 4767 ad
817 4713 1046 4767 titulum
1085 4713 1317 4766 Sanctae
1353 4712 1609 4768 Cmciliae
1648 4715 1813 4766 trans

168 4793 402 4854 Tiberim
428 4803 682 4855 maxima
706 4816 838 4854 cum
860 4800 1031 4855 laude
1051 4800 1339 4854 deductus
1360 4803 1484 4870 est;
1512 4801 1719 4872 sicque
1742 4802 1815 4857 ad

169 4880 267 4938 hoc
296 4891 715 4944 monasterium
754 4890 813 4942 in
849 4889 1005 4943 beati
1045 4889 1346 4943 Benedicti
1378 4893 1468 4943 est
1498 4888 1816 4944 festivitate

171 4987 455 5034 reversus.
490 4978 561 5032 Et
586 4980 862 5050 quoniam
894 4978 965 5032 ab
997 4978 1200 5033 eodem
1219 4977 1494 5047 pontifice
1516 4978 1816 5047 paschalis

171 5057 490 5121 festivitatis
514 5068 702 5139 gratia
720 5068 999 5121 invitatus
1020 5067 1228 5135 fuerat,
1254 5068 1496 5121 Romam
1512 5081 1816 5135 reversus,

170 5156 292 5216 post
321 5154 531 5210 festum
574 5156 793 5210 Urbem
814 5156 1153 5227 egrediens,
1180 5155 1428 5210 Melﬁam
1458 5155 1684 5224 Apuliae
1717 5172 1819 5210 ur-

172 5235 292 5295 bem
327 5246 600 5314 perrexit,
635 5245 735 5299 ubi
761 5248 899 5299 tunc
930 5245 1083 5299 idem
1116 5244 1480 5314 apostolicus
1509 5245 1819 5299 concilium

176 5327 463 5388 celebrare
502 5334 910 5403 disposuerat;
942 5334 999 5387 in
1033 5349 1147 5404 qua
1177 5334 1349 5386 etiam
1381 5333 1631 5404 synodo,
1685 5334 1821 5389 dum

176 5413 493 5476 Ilichardus
514 5422 837 5493 Capuanus
868 5421 1148 5491 princeps
1182 5438 1315 5476 cum
1344 5422 1478 5476 aliis
1509 5424 1823 5494 quamplu-

178 5502 332 5561 ribus
349 5507 735 5580 interfuisset,
758 5525 789 5563 a
808 5509 1148 5581 supradicto
1179 5525 1326 5581 papa
1348 5509 1593 5565 Nicolao
1615 5511 1822 5568 admo-

177 5591 342 5669 nitus,
371 5600 727 5674 praeceptum
740 5597 879 5656 fecit
897 5598 1071 5656 beato
1088 5597 1405 5656 Benedicto
1432 5598 1505 5656 de
1528 5603 1822 5659 monaste-

1881 559 2251 629 Prevceptum
2266 561 2361 613 llic
2376 561 2669 614 laudatum
2688 563 2928 617 exhibet
2943 564 2991 617 Α
3005 564 3208 634 age/ns
3221 565 3466 620 dequce
3476 566 3539 619 in

1883 647 2058 715 notis,
2096 647 2293 701 datum
2316 667 2371 701 x.
2411 648 2538 702 Kal.
2573 649 2958 718 Septembris,
2994 669 3143 707 anno
3176 655 3538 724 principatus

1885 736 2160 789 lticliardi
2203 738 2485 791 secundo.
2521 738 2671 791 Illud
2711 756 2893 808 porro
2928 744 3345 795 monasterium
3363 745 3540 813 juxta

1896 824 2149 877 Vestiam
2181 826 2485 879 civitatem
2508 828 2687 880 situm
2709 828 3017 899 Engenius
3046 829 3075 881 Ι
3093 830 3148 897 V,
3174 847 3324 885 anno
3348 832 3538 902 1446,

1886 912 2284 967 Lateranensi
2297 916 2706 970 canonicorum
2721 916 2926 987 regula
2935 918 3085 971 rium
3099 922 3546 990 congregationi

1887 1001 2098 1064 univit,
2131 1008 2189 1055 ut
2221 1002 2504 1057 observat
2536 1005 2802 1059 Lubinus
2832 1005 2893 1058 in
2926 1008 3134 1061 notitia
3165 1007 3541 1063 abbatiarum

1888 1088 2092 1144 Italiae.

1956 1179 2324 1234 Monasteria
2361 1180 2622 1235 Salerni.
2666 1213 2733 1221 —-
2768 1184 2931 1237 Tunc
2961 1186 3245 1255 temporis
3275 1186 3546 1241 Gisulfus

1887 1266 2274 1321 Salernitatus
2307 1270 2604 1339 princeps,
2632 1271 2942 1325 Desiderio
2960 1289 3143 1342 super
3166 1274 3276 1328 hoc
3298 1290 3552 1345 conque-

1887 1359 2056 1424 renti,
2092 1357 2360 1426 reddidit,
2387 1358 2520 1412 huic
2544 1364 2747 1413 sancto
2772 1361 2900 1415 loco
2921 1362 3127 1415 cellam
3149 1362 3343 1416 Sancti
3363 1364 3548 1418 Bene-

1888 1444 2023 1497 dicti
2063 1446 2133 1498 de
2156 1444 2421 1515 Salerno,
2447 1448 2600 1517 quod
2625 1464 2657 1501 a
2681 1448 2821 1518 jure
2844 1452 3031 1503 nostri
3067 1452 3319 1506 coenobii
3350 1452 3550 1506 Saler-

1884 1533 2220 1587 nitanorum
2251 1538 2496 1589 eatenus
2535 1537 2811 1591 violentia
2840 1539 3236 1594 subtraxerat.
3269 1540 3384 1595 Sed
3415 1557 3550 1594 cum

1887 1621 2098 1675 exinde
2156 1622 2447 1678 subducto
2505 1625 2733 1692 abbate,
2796 1629 3181 1697 praepositum
3238 1630 3318 1683 ibi
3374 1629 3546 1700 juxta

1890 1726 2109 1764 morem
2124 1711 2384 1765 cellarun
2401 1717 2736 1768 nostrarum
2753 1717 3552 1789 constituisset,salernitani,

1890 1799 2065 1852 nimis
2099 1800 2482 1872 haecindigne
2508 1801 2786 1874 ferentes,
2821 1805 3011 1858 eidem
3042 1807 3293 1877 principi
3324 1807 3548 1863 instare

1893 1892 2199 1956 coeperunt
2244 1894 2306 1942 ut
2345 1892 2766 1945 monasterium
2823 1893 2964 1946 illud
3015 1895 3344 1949 ordinatum
3398 1897 3569 1951 sicut

1894 1979 2061 2030 antea
2092 1977 2283 2030 fuerat
2312 1995 2448 2032 esse
2472 1983 2850 2050 permitteret.
2886 1983 3139 2037 Coactus
3170 1984 3366 2055 itaque
3388 1985 3555 2055 prin-

1897 2081 2038 2134 ceps
2067 2065 2298 2120 illorum
2323 2072 2551 2139 rogatu,
2577 2072 2997 2124 monasterium
3018 2071 3213 2126 Sancti
3236 2074 3555 2145 Laurentii,

1897 2153 2047 2207 intra
2105 2156 2395 2210 civitatem
2454 2158 2881 2213 Salernitanam
2942 2166 3369 2229 constructum,
3442 2164 3558 2218 sibi

1898 2242 2267 2297 haereditario
2316 2244 2453 2314 jure
2492 2247 2900 2316 pertinentem,
2936 2249 2995 2301 in
3032 2249 3143 2303 hoc
3191 2252 3555 2306 monasterio

1898 2345 1970 2384 ex
2002 2331 2234 2402 integro
2267 2334 2492 2403 obtulit,
2528 2351 2637 2388 nec
2672 2338 2865 2389 tamen
2896 2338 3347 2407 restitutionem,
3383 2355 3560 2409 quam

1897 2424 2065 2473 antea
2104 2420 2175 2475 de
2194 2422 2532 2491 supradicta
2556 2423 2703 2477 cella
2736 2425 2974 2493 fecerat,
3003 2425 3225 2479 irritam
3258 2427 3415 2496 fecit,
3445 2430 3556 2482 etc.

1897 2508 2084 2563 Multa
2100 2512 2483 2583 prosequitur
2497 2512 2569 2566 de
2582 2512 2810 2566 chartis
2823 2518 3167 2569 monasterii
3186 2514 3561 2570 Salernitani

1899 2598 1974 2652 ad
2008 2597 2402 2653 Cassinenscs
2417 2602 2883 2671 pertinentibus,
2912 2620 3035 2675 qum
3041 2604 3295 2675 primum
3319 2604 3560 2660 abscon-

1902 2688 1965 2743 di
1971 2693 2043 2742 tte
2056 2704 2123 2741 ac
2138 2689 2371 2743 tandem
2386 2690 2659 2744 discissae
2672 2691 2929 2746 fuerant.
2947 2693 3374 2748 Monasterium
3389 2694 3566 2749 Sanc-

1905 2776 1952 2830 ti
1967 2776 2298 2843 Benedicti,
2312 2785 2446 2849 post
2466 2779 2961 2851 variasfortunas,
2991 2782 3186 2836 datum
3204 2783 3438 2838 tandem
3452 2783 3567 2838 fuit

1903 2882 1934 2920 a
1970 2865 2273 2920 Clemente
2317 2867 2467 2936 VIII,
2503 2884 2654 2923 anno
2688 2869 2841 2937 1591,
2875 2873 3178 2926 monachis
3211 2871 3564 2927 Olivetanis.

1971 2955 2249 3009 Monac/2i
2260 2955 2334 3009 ad
2345 2955 2677 3025 dignitates
2689 2975 2720 3012 e
2735 2959 2905 3013 vecti.
2931 2959 3227 3013 Robcrtus
3241 2967 3298 3014 et
3315 2961 3569 3014 Richar-

1905 3043 2016 3098 dus
2041 3044 2353 3114 principes
2398 3046 2592 3098 amici.
2635 3077 2704 3085 —
2752 3047 3030 3117 Sequenti
3064 3051 3323 3117 tempore
3354 3064 3567 3118 supra-

1905 3132 2097 3186 dictus
2146 3133 2405 3202 pontifex
2454 3133 2661 3188 iterum
2710 3136 2783 3188 ad
2829 3135 2936 3189 has
2968 3140 3169 3205 partes
3213 3136 3559 3206 deveniens,

1906 3222 2180 3275 domuum
2225 3220 2578 3290 Oderisium,
2620 3222 2895 3291 Oderisii,
2930 3225 3262 3279 Marsorum
3311 3226 3568 3294 comitis,

1907 3311 2111 3379 filium,
2145 3315 2201 3365 et
2233 3310 2343 3365 loci
2376 3310 2558 3381 hujus
2589 3329 2619 3364 a
2644 3327 2826 3381 puero
2855 3313 3226 3385 monachum,
3260 3314 3571 3369 diaconum

1907 3400 1968 3453 in
1999 3400 2386 3453 Lateranensi
2416 3400 2668 3454 ecclesia
2700 3401 2851 3470 apud
2880 3404 3133 3455 Acerras
3164 3403 3395 3471 positus
3422 3402 3574 3457 ordi-

1908 3489 2085 3544 navit.
2130 3488 2509 3543 Postmodum
2568 3493 2761 3544 autem
2806 3491 2864 3543 in
2918 3491 3242 3561 Aquinensi
3297 3491 3557 3559 civitate,

1913 3578 2180 3649 deposito
2203 3578 2505 3647 episcopo,
2530 3579 2764 3633 nomine
2780 3579 3030 3650 Angelo.
3054 3595 3122 3634 eo
3142 3580 3297 3650 quod
3317 3580 3577 3650 neophy-

1912 3671 2008 3721 tus
2042 3671 2099 3721 et
2128 3683 2324 3721 rerum
2355 3667 2892 3722 ecclesiasticarum
2938 3670 3083 3722 male
3122 3670 3409 3741 prodigus
3455 3670 3579 3722 erat

1912 3772 2143 3810 necnon
2167 3759 2223 3809 et
2243 3756 2598 3826 quibusdam
2621 3756 2901 3827 nequitiis
2925 3759 3053 3811 suis
3074 3775 3105 3811 a
3128 3760 3348 3812 sanctae
3364 3772 3581 3811 memo-

1912 3846 2017 3899 riae
2031 3860 2177 3914 papa
2197 3844 2562 3913 Leoncjamd
2573 3844 2748 3897 udum
2767 3847 3310 3901 excommunicatus
3332 3846 3580 3901 exstite-

1912 3937 2021 4003 rat,
2055 3934 2333 3987 domnum
2365 3934 2696 4003 Martinum,
2731 3932 3133 3990 Florentinum
3170 3951 3412 4007 genere,
3435 3935 3579 3989 reli-

1915 4023 2152 4092 giosum
2169 4022 2337 4091 plane
2368 4024 2540 4091 atque
2560 4022 2908 4091 prudentem
2938 4024 3009 4076 de
3030 4023 3212 4094 hujus
3234 4025 3347 4079 loci
3370 4023 3581 4094 priori-

1914 4112 2028 4165 bus
2080 4110 2448 4172 monachum,
2510 4111 2856 4179 episcopum
2916 4113 3309 4166 consecravit.
3364 4114 3579 4167 Petrus

1916 4201 2086 4256 etiam
2116 4198 2463 4252 Benefranse
2496 4201 2552 4251 et
2592 4198 3000 4252 Hiserniensis
3033 4200 3195 4253 sedis
3230 4202 3575 4270 episcopus,

1920 4291 2234 4344 Ravennas
2258 4287 2515 4353 natione,
2552 4289 2758 4340 noster
2789 4287 3422 4356 monachus,tempore
3448 4288 3582 4356 ipso

1920 4380 2192 4433 sacratus
2207 4379 2317 4430 est.
2334 4375 2550 4429 Iisdem
2564 4390 2799 4445 quoque
2814 4374 3024 4429 diebus
3039 4378 3094 4428 et
3110 4375 3405 4430 Richardo
3417 4376 3584 4446 prin-

1922 4467 2174 4536 cipatum
2208 4465 2568 4534 Capuanum,
2601 4468 2657 4518 et
2689 4465 2947 4519 Roberto
2980 4464 3254 4519 ducatum
3281 4464 3510 4536 Apuliae
3532 4466 3589 4520 ot

1919 4554 2209 4610 Calabriae
2224 4552 2618 4623 atqueSiciliae
2633 4553 3021 4623 conﬁrmavit,
3041 4570 3171 4607 cum
3190 4556 3585 4621 sacramento,

1922 4645 2199 4699 fidelitate
2243 4643 2526 4696 Romanae
2558 4641 2844 4698 Ecclesiae
2876 4642 2947 4697 ab
2994 4643 3080 4698 eis
3108 4643 3296 4713 primo
3328 4645 3584 4713 recepta,

1925 4748 2154 4788 necnon
2203 4731 2576 4785 investitione
2608 4747 2827 4786 census
2867 4748 2972 4801 per
3002 4732 3275 4804 singulos
3305 4748 3585 4787 annos...

1925 4822 2043 4876 Sed
2088 4820 2364 4891 quoniam
2394 4819 2607 4874 horum
2640 4820 2886 4874 duorum
2919 4822 3298 4892 magnatium,
3345 4820 3590 4875 Roberti

1930 4908 2159 4964 scilicet
2187 4910 2358 4978 atque
2384 4906 2685 4977 Richardi,
2711 4908 2954 4978 quiprae
3002 4908 3216 4962 ceteris
3246 4908 3338 4962 sui
3363 4912 3590 4979 tempo-

1932 4998 2019 5052 ris
2048 4996 2394 5051 mortalibus
2420 4996 2613 5050 locum
2633 4995 2789 5049 hunc
2803 4997 3151 5066 dilexerunt,
3168 4997 3501 5052 ditaverunt
3524 5013 3592 5051 ac

1932 5088 2331 5156 protexerunt,
2362 5086 2578 5155 quique
2611 5085 2748 5139 huic
2784 5089 2996 5139 nostro
3012 5085 3319 5141 Desiderio
3350 5087 3595 5141 nimium

1929 5175 2145 5243 devoti,
2167 5173 2371 5228 fideles
2395 5178 2445 5227 et
2466 5174 2810 5229 amicissimi
2834 5175 2891 5228 in
2909 5176 3067 5228 omni
3083 5175 3196 5229 vita
3220 5178 3591 5247 exstiterunt,

1930 5264 2254 5319 decurrens
2273 5262 2519 5317 historia
2537 5262 2722 5316 attulit
2744 5263 3127 5333 mentionem;
3160 5265 3405 5337 dignum
3432 5265 3596 5320 vide-

1929 5355 2026 5407 tur
2056 5352 2306 5423 qualiter
2338 5352 2415 5404 sit
2445 5356 2691 5421 uterque
2721 5350 2795 5404 ad
2824 5367 2950 5406 suae
2982 5352 3286 5424 dignitatis
3309 5353 3595 5408 honorem

1931 5444 2269 5513 provectus,
2313 5440 2404 5494 vel
2440 5439 2701 5494 breviter
2755 5440 3041 5511 opusculo
3084 5441 3187 5497 isti
3227 5443 3492 5498 inserere
3540 5443 3599 5495 et

1935 5529 2271 5587 Richardus
2328 5528 2493 5583 venit
2535 5528 2607 5582 ad
2657 5528 2769 5584 hoc
2818 5532 3262 5600 monasterium,
3314 5529 3598 5600 recipitur

1934 5619 2257 5679 honorifice
2285 5617 2462 5676 nimis
2486 5633 2619 5675 cum
2647 5620 3036 5696 processione
3066 5620 3346 5692 solemni;
3366 5618 3600 5692 placent
