3940 6174
335 244 445 306 931

1328 227 1598 293 GESTA
1643 224 2060 288 DESIDERII
2106 220 2468 283 ABBATIS
2515 221 2758 283 CASIN

3632 216 3730 284 932

340 441 532 497 omnia
572 437 763 505 valde;
795 437 1043 505 rogatus
1091 448 1123 484 a
1171 429 1514 485 senioribus
1555 426 1627 479 de
1656 425 1771 478 loci
1801 424 2009 491 tutela,
2032 408 2085 470 Α
2120 419 2259 474 fecit
2284 422 2340 473 et
2363 419 2433 473 de
2472 416 2962 472 Sacramentariis
2995 415 3212 473 altariis
3249 429 3367 468 uno
3405 416 3458 468 et
3485 415 3662 483 altero,
3690 421 3736 472 et

337 527 720 584 devotissime
768 523 1054 595 promittit
1106 536 1170 574 se
1212 520 1397 573 totius
1433 513 1775 570 monasterii
1809 517 2011 566 contra

341 634 547 672 omnes
562 632 713 687 quos
736 616 960 683 posset,
978 608 1387 663 ﬁdelissimum
1406 607 1477 659 de
1496 606 1709 657 caetero
1729 601 2009 654 defenso-

340 722 465 761 rem
484 709 595 760 etc.
619 704 682 757 In
715 702 992 757 omnibus
1019 702 1211 751 autem
1246 696 1340 748 his
1370 690 1866 763 prosperitatibus
1892 689 2008 741 Deo

342 801 399 851 et
433 795 585 850 Patri
610 792 931 846 Benedicto
965 784 1440 856 sempergralias
1464 780 1775 841 referebat,
1796 776 1929 847 ejus
1944 792 2009 829 se

345 885 570 938 meritis
602 878 894 951 adjuvari,
922 877 1054 946 ejus
1079 873 1445 929 orationibus
1471 868 1653 923 attolli
1677 866 2011 920 certissime

346 972 656 1043 proﬁtens.
692 970 821 1022 Jam
850 982 990 1019 vero
1013 964 1291 1018 domnum
1318 960 1608 1024 abbatem,
1629 958 1766 1010 licet
1795 954 2013 1043 dudum

346 1041 497 1131 apud
529 1058 784 1127 Capuam
819 1054 1254 1124 praesidentem,
1290 1053 1350 1102 ut
1380 1062 1559 1116 supra
1581 1044 1859 1109 diximus,
1897 1041 2015 1096 sibi

348 1148 778 1203 amicissimum
830 1142 1053 1205 fecerit,
1098 1156 1172 1194 ex
1201 1155 1269 1192 eo
1298 1141 1493 1191 tamen
1520 1134 1681 1188 illum
1720 1149 1787 1185 ae
1820 1132 1869 1185 si
1908 1146 2015 1199 pa—

348 1242 515 1306 trem,
560 1234 750 1288 modis
789 1232 1063 1286 omnibus
1112 1227 1405 1294 venerari,
1454 1240 1589 1295 ejus
1637 1220 1907 1276 consiliis
1947 1233 2014 1272 se

349 1325 733 1391 committere,
775 1321 910 1390 ipsi,
944 1318 1113 1389 quasi
1146 1316 1380 1371 domino
1412 1314 1664 1368 libenter
1710 1310 2015 1376 obtempe-

352 1429 506 1468 rare.

420 1540 792 1608 Praeceptum
810 1542 960 1604 ,acta
994 1539 1051 1588 et
1069 1532 1416 1586 donationes
1430 1529 1789 1583 monasterio
1806 1526 2017 1583 Cassi—

353 1627 543 1695 nensi,
563 1626 659 1679 hic
672 1620 1403 1679 solummodoindicantur.
1435 1618 1632 1671 Primo
1666 1617 1847 1688 igitur
1866 1633 2017 1672 anno

351 1731 465 1787 quo
496 1714 779 1784 princeps
820 1711 993 1765 simul
1030 1725 1163 1763 cum
1211 1707 1467 1761 Jordane
1509 1707 1626 1760 ﬁlio
1659 1706 1852 1760 factus
1903 1710 2015 1775 est,

348 1804 512 1875 juxta
556 1816 779 1877 morem
812 1800 1074 1868 priorum
1106 1797 1458 1867 principum,
1486 1794 1759 1866 generale
1790 1812 2020 1864 praeee-
2052 1780 2098 1839 Β

352 1896 515 1962 ptum
554 1891 690 1944 fecit
738 1889 875 1943 huic
910 1886 1288 1955 monasterio,
1326 1889 1436 1952 etc,
1482 1890 1708 1953 narrat,
1760 1885 1913 1937 sicut
1963 1893 2021 1938 et

355 1981 547 2051 capite
585 1978 877 2049 sequenti,
911 1976 1091 2030 multa
1124 1992 1247 2046 quae
1281 1975 1342 2026 in
1379 1973 1645 2027 favorem
1676 1973 2025 2027 monasterii

358 2068 741 2122 Cassinensis
765 2065 1102 2119 liiclzardus
1116 2064 1256 2135 egit.
1283 2063 1345 2115 In
1363 2061 1557 2133 capite
1587 2068 1776 2115 autem
1806 2061 1891 2131 19,
1930 2078 2022 2115 va-

355 2159 483 2212 rias
496 2157 885 2212 donationesa
900 2154 1209 2225 Gregorio,
1233 2152 1475 2206 consule
1496 2152 1782 2220 Romano,
1798 2150 2029 2204 Baldoi-

355 2263 449 2315 no,
467 2246 677 2300 comite
692 2245 761 2297 de
778 2243 940 2297 Valle
960 2242 1206 2310 Sorana,
1230 2240 1539 2309 Pandulfo,
1557 2238 1890 2293 Venafrano
1924 2255 2025 2293 co-

355 2333 816 2401 mite,Landulfo
848 2331 1058 2385 comite
1090 2329 1553 2397 Miniauensi,ad
1570 2329 2023 2383 conversionem

356 2426 648 2492 veniente,
699 2428 756 2476 et
796 2420 934 2474 aliis
981 2420 1131 2473 viris
1166 2420 1290 2490 piis
1337 2425 1393 2472 et
1434 2418 1775 2471 illustribus
1814 2417 2026 2485 factas,

358 2528 501 2584 quas
532 2512 629 2565 hic
658 2509 1010 2580 singillatim
1035 2524 1359 2563 recensere
1392 2507 1545 2560 niliit
1564 2507 1750 2578 juvat.

430 2634 726 2689 Ecclesiae
754 2638 1098 2687 ornamenta
1116 2632 1369 2686 confert.
1386 2662 1453 2670 —
1466 2631 1785 2685 AEstuabat
1809 2631 2033 2685 interea

359 2724 584 2795 ingenti
617 2722 915 2777 desiderio
947 2721 1295 2775 Desiderius
1317 2721 1727 2774 ecclesiastica
1744 2721 1915 2774 etiam
1940 2735 2033 2773 or-

360 2815 653 2881 namenta,
674 2811 744 2865 de
770 2810 987 2881 quibus
1021 2824 1212 2879 usque
1241 2809 1312 2863 ad
1336 2809 1396 2862 id
1426 2809 1709 2879 temporis
1739 2823 2032 2879 pauperes

361 2900 677 2955 admodum
706 2899 1072 2968 videbamur,
1108 2898 1499 2969 undecunque
1520 2899 1900 2968 conquirere;
1927 2897 2035 2951 sed

360 2991 579 3045 bonum
600 2988 984 3055 desiderium,
1009 2988 1264 3041 donante
1285 2988 1427 3056 Deo,
1458 3003 1575 3041 non
1593 2988 1779 3057 potuit
1799 2988 1857 3039 in
1876 2989 2034 3040 tanto

362 3079 596 3133 homine
615 3078 894 3133 inefﬁcax
917 3092 1077 3146 esse,
1112 3076 1268 3130 sicut
1289 3093 1348 3130 in
1362 3076 1752 3146 sequentibus
1771 3076 2037 3146 pervide-

361 3169 542 3223 bitur.
596 3167 814 3221 Partim
844 3168 1042 3237 itaque
1087 3166 1159 3220 de
1211 3166 1464 3235 propriis
1496 3166 1792 3234 deferens,
1827 3165 2036 3235 partim

364 3273 504 3311 vero
534 3273 567 3310 a
603 3256 885 3311 Romanis
934 3254 1316 3309 amicissimis
1355 3258 1648 3323 mutuans,
1701 3257 1933 3307 centum
1983 3257 2039 3308 et

365 3347 661 3417 octoginta
679 3345 961 3399 librarum
982 3344 1168 3413 pretio
1189 3347 1496 3413 congesto,
1514 3344 1707 3396 omnia
1722 3342 1847 3397 fere
1867 3358 2036 3396 orna-

365 3439 557 3488 menta
582 3450 748 3503 papae
770 3433 1048 3499 Victoris,
1093 3448 1226 3501 quae
1249 3431 1359 3484 hac
1395 3431 1646 3501 illacque
1678 3447 1783 3500 per
1813 3431 2037 3501 Urbem

366 3523 926 3592 fuerantpignorata
950 3521 1216 3589 redemit,
1248 3536 1381 3590 quae
1405 3520 1676 3573 videlicet
1709 3523 1847 3574 sunt
1868 3520 1996 3573 haec
2022 3536 2033 3574 :

366 3610 630 3665 Pluviale
663 3609 1048 3663 diarodanum
1080 3624 1379 3679 magnum,
1402 3613 1583 3662 totum
1607 3608 1864 3678 undique
1895 3624 2038 3663 auro

370 3702 727 3764 contextum,
765 3712 897 3750 cum
917 3697 1171 3751 ﬁmbriis
1194 3697 1577 3751 nihilominus
1595 3698 1795 3751 aureis
1818 3697 2044 3767 ;plane-

368 3793 485 3842 tam
503 3786 868 3840 diaeitriuam
907 3802 1198 3856 magnam,
1235 3786 1431 3840 aureis
1464 3787 1618 3840 listis
1652 3786 1909 3857 undique
1936 3787 2040 3841 de-

370 3880 574 3931 center
603 3878 902 3944 ornatam;
936 3874 1109 3927 aliam
1141 3890 1374 3945 quoque
1408 3880 1755 3945 exametam,
1790 3875 1938 3929 friso
1957 3874 2042 3928 ni-

369 3964 691 4019 hilominus
715 3964 772 4016 in
797 3979 942 4034 gyro
966 3964 1414 4032 circumdatam;
1435 3963 1805 4018 dalmatieam
1834 3963 2041 4018 simili-

369 4056 460 4107 ter
481 4056 827 4121 exametam,
855 4053 1194 4107 auroetalb.
1217 4054 1451 4122 acapite
1466 4058 1522 4107 et
1545 4053 1796 4123 pedibus
1824 4070 1891 4107 ac
1922 4068 2043 4106 ma-

370 4142 547 4196 nibus
576 4141 919 4212 insignitam
945 4157 956 4196 :
985 4141 1240 4195 tunicam
1264 4142 1557 4212 diapystin
1588 4158 1718 4195 cum
1754 4157 1899 4194 urna
1923 4156 2042 4193 am-

369 4231 659 4300 plissima,
695 4246 727 4283 a
757 4230 1007 4299 pedibus
1040 4234 1095 4284 et
1129 4230 1402 4283 manibus
1426 4246 1494 4284 ac
1526 4231 1788 4300 scapulis
1824 4245 2001 4284 aurea
2028 4245 2041 4299 ;

373 4322 557 4375 stolas
605 4336 749 4374 auro
802 4323 992 4372 textas
1023 4335 1157 4372 cum
1201 4319 1538 4388 manipulis,
1573 4324 1627 4372 et
1658 4319 2045 4373 semicinctiis

370 4425 620 4463 numero
666 4423 928 4463 novem:
972 4423 1231 4477 pannum
1287 4408 1669 4461 diarodanum
1717 4424 1849 4462 cum
1889 4408 2045 4461 listis

2067 3138 2116 3195 C

2120 509 2352 563 duobus
2385 508 2769 561 nihilominus
2792 505 3154 576 Evangeliis,
3189 509 3244 558 et
3261 503 3599 573 Epistolario
3620 520 3732 558 uno.

2121 598 2268 650 Nam
2291 613 2478 667 usque
2512 597 2581 649 ad
2616 596 2757 649 illud
2781 599 3010 663 tempus
3033 595 3094 647 in
3124 593 3385 662 plenario
3416 592 3622 645 Missali
3649 597 3741 646 tam

2122 687 2443 757 Evangelia
2474 701 2648 756 quam
2682 683 2966 753 Epistolm
3008 683 3383 753 legebantur;
3415 682 3561 751 quod
3599 698 3742 751 quam

2122 780 2286 830 esset
2356 780 2494 828 tune
2556 773 2973 841 inhonestum,
3023 772 3195 825 modo
3242 771 3391 824 satis
3440 770 3743 824 advertitur.

2124 864 2385 933 Idipsum
2433 863 2570 917 fecit
2588 862 2730 916 etde
2750 861 2860 914 alio
2892 860 3089 913 libello
3112 860 3169 912 in
3188 875 3302 929 quo
3322 860 3456 911 sunt
3486 858 3745 912 orationes

2123 950 2625 1021 processiouales.
2662 950 2822 1004 Fecit
2844 953 2898 1003 et
2915 948 3176 1003 libellum
3195 947 3265 1000 ad
3287 947 3619 1000 cantandum
3636 949 3744 999 ante

2123 1042 2325 1108 altare,
2351 1040 2480 1093 sive
2499 1040 2557 1091 in
2582 1039 2791 1109 gradu,
2820 1053 3071 1108 eumque
3084 1036 3304 1090 tabulis
3323 1035 3589 1089 eburneis
3614 1036 3750 1087 miri-

2124 1130 2234 1183 ﬁce
2269 1128 2519 1196 sculptis
2552 1132 2607 1180 et
2636 1130 2884 1198 argento
2918 1125 3142 1179 ornatis
3180 1123 3474 1177 annexuit.
3515 1122 3751 1176 Codicem

2126 1230 2360 1287 quoque
2393 1216 2464 1268 de
2495 1215 2612 1268 vita
2643 1216 2829 1268 sancti
2864 1212 3165 1267 Benedicti
3197 1216 3251 1266 et
3280 1211 3468 1265 sancti
3502 1211 3684 1279 Mauri,
3708 1217 3751 1264 et

2128 1310 2349 1358 sanctae
2364 1303 2751 1357 Scholasticae
2775 1302 3035 1356 describi
3050 1301 3490 1354 studiosissime
3505 1299 3644 1353 fecit.
3660 1299 3749 1353 Fe-

2128 1392 2565 1463 citetportellas
2595 1395 2911 1462 argenteas
2925 1391 2999 1443 ad
3038 1390 3390 1462 ingressum
3420 1387 3577 1442 chori
3602 1387 3745 1442 libra-

2124 1498 2256 1536 rum
2271 1480 2509 1535 circiter
2521 1479 2951 1551 triginta.Feeit
2965 1483 3020 1532 ct
3034 1477 3243 1532 sedilia
3255 1478 3454 1547 lignea
3466 1477 3522 1530 in
3534 1477 3747 1530 circuitu

2127 1571 2295 1626 chori
2339 1585 2471 1623 eum
2516 1568 2859 1622 dossalibus
2899 1582 3127 1635 eorum,
3177 1566 3485 1635 sculptura
3525 1564 3676 1618 simul
3715 1569 3757 1618 et

2125 1660 2351 1731 pictura
2383 1660 2767 1728 praestantes;
2804 1656 2910 1710 sed
2942 1660 2997 1709 et
3028 1656 3281 1726 gradum
3312 1653 3673 1707 nihilominus
3699 1654 3756 1706 li-

2130 1763 2347 1820 gneum
2381 1745 2654 1817 ejusdem
2684 1744 2886 1813 operis
2918 1748 3083 1797 extra
3114 1744 3386 1812 chorum,
3420 1742 3477 1795 in
3506 1741 3750 1795 ammonis

2131 1833 2447 1908 [ambonis]
2478 1834 2737 1902 modum,
2764 1832 2913 1887 satis
2934 1832 3254 1902 pulchrum
3274 1832 3587 1900 constituit,
3604 1831 3656 1883 in
3668 1845 3757 1900 quo

2131 1925 2405 1979 videlicet
2422 1928 2537 1977 tam
2559 1923 2848 1976 lectiones
2883 1923 2943 1976 in
2962 1924 3134 1975 nocte
3169 1937 3351 1992 quam
3371 1920 3539 1975 etiam
3568 1919 3759 1988 Epistol-

2134 2015 2207 2069 lze
2233 2017 2288 2067 et
2306 2012 2628 2083 Evangelia
2645 2012 2715 2065 ad
2734 2011 2956 2065 missas
2970 2011 3409 2081 prmcipuarum
3426 2009 3756 2063 festivitatum

2136 2105 2496 2175 legerentur.
2531 2102 2647 2155 Per
2676 2116 2781 2155 eos
2813 2101 2987 2154 etiam
3030 2100 3181 2166 dies,
3218 2115 3355 2153 cum
3387 2113 3579 2152 rumor
3604 2098 3759 2149 incre-

2134 2194 2366 2248 buisset
2382 2207 2583 2262 regem
2596 2190 2667 2243 ad
2687 2190 2904 2243 italiam
2917 2194 3241 2242 venturum.
3256 2202 3614 2258 nequaquam
3626 2185 3759 2239 senis

2137 2281 2258 2353 [al.,
2287 2277 2517 2351 segnis]
2536 2277 3108 2348 perrexitAmalﬁm;
3132 2277 3337 2346 ibique
3358 2274 3561 2346 viginti
3577 2285 3760 2342 pannos

2141 2371 2391 2435 sericos,
2423 2384 2573 2439 quos
2608 2368 2875 2422 triblatos
2905 2369 3139 2436 vocant,
3182 2367 3418 2435 coemit,
3455 2369 3528 2425 ut.
3563 2364 3608 2417 si
3643 2362 3759 2416 forte

2140 2460 2551 2515 necessarium
2566 2460 2748 2525 esset,
2774 2457 3018 2510 haberet
3036 2459 3193 2510 certe
3211 2456 3374 2526 quod
3396 2454 3522 2525 regi
3542 2454 3758 2507 donaret.

2138 2564 2249 2620 pro
2269 2547 2444 2601 tutela
2464 2546 2740 2600 videlicet
2761 2549 2817 2599 et
2847 2545 3072 2599 honore
3095 2543 3445 2599 monasterii
3466 2542 3650 2613 hujus.
3670 2539 3761 2608 Hy—

2142 2638 2331 2691 driam
2380 2650 2616 2706 quoque
2648 2637 2986 2705 argenteam
3019 2634 3310 2687 librarum
3344 2637 3559 2703 septem
3590 2628 3760 2682 ibidem

2141 2732 2281 2781 tunc
2315 2724 2651 2794 acquisivit,
2676 2739 2851 2793 Quam
2885 2722 2954 2775 ad
2988 2722 3386 2791 ministerium
3418 2736 3575 2791 aqua:
3591 2716 3761 2771 sancti-

2143 2816 2332 2869 ﬁcatae
2350 2816 2404 2866 in
2421 2813 2807 2883 processione
2822 2812 3051 2866 dierum
3067 2811 3525 2878 Dominicarum,
3549 2824 3663 2862 eum
3678 2806 3762 2859 alia

2144 2904 2419 2975 ejusdem
2443 2902 2657 2955 metalli
2678 2906 2734 2956 et
2755 2901 3097 2971 quantitatis
3118 2900 3329 2971 hydria
3342 2897 3682 2970 postmodum
3701 2893 3763 2946 illi

2143 2993 2382 3061 donata,
2415 3006 2553 3045 esse
2588 2991 2911 3045 constituit.
2948 2991 3031 3044 De
3061 2989 3319 3043 triblatis
3349 3004 3487 3042 vero
3506 2984 3757 3047 omnibus,

2144 3082 2419 3152 quoniam
2453 3096 2559 3134 rex
2580 3080 2651 3133 de
2674 3080 2767 3133 via
2788 3094 3073 3133 reversus
3094 3079 3309 3146 fuerat,
3330 3076 3604 3147 pluviales
3623 3069 3762 3143 proti-

2144 3186 2257 3224 nus
2273 3168 2430 3239 ﬁerij
2443 3169 2615 3223 ussit.
2640 3168 2863 3221 Videns
2880 3171 3070 3221 autem
3098 3170 3236 3221 tunc
3252 3172 3456 3236 portas
3470 3178 3641 3218 aereas
3664 3158 3762 3227 epi-

2147 3258 2337 3328 sc0pii
2353 3256 2707 3325 Amalﬁtani,
2726 3272 2857 3309 cum
2892 3255 3037 3308 satis
3056 3255 3423 3324 placuissent
3449 3250 3622 3306 oculis
3641 3246 3761 3316 ejus,

2147 3364 2285 3402 mox
2308 3362 2647 3401 mensuram
2667 3349 2963 3414 portarum
2990 3344 3210 3398 veteris
3234 3342 3505 3397 ecclesiae
3523 3339 3761 3393 Constan-

2145 3433 2865 3505 tin0p0lim,misit,ibique
2883 3433 3013 3486 illas
3029 3433 3196 3486 valde
3213 3431 3494 3501 pulchras
3510 3427 3624 3481 ﬁeri
3638 3423 3761 3478 fecit.

2150 3526 2295 3579 Nam
2316 3524 2573 3578 nondum
2594 3523 2973 3592 disposuerat
2994 3522 3311 3575 ecclesiam
3337 3531 3622 3585 renovare,
3648 3514 3693 3566 et
3707 3509 3761 3564 ob

2149 3615 2298 3669 hanc
2341 3629 2578 3667 causam
2610 3616 2795 3681 portae
2844 3612 2993 3680 ipsae
3027 3610 3115 3665 sic
3145 3611 3365 3665 breves
3397 3606 3606 3663 eﬁ‘eetze
3634 3602 3760 3667 sunt,

2152 3705 2305 3759 sicut
2334 3703 2621 3756 hactenus
2652 3703 3016 3770 permanent.

2221 3792 2455 3847 Electio
2485 3794 2543 3844 et
2566 3790 2824 3843 sclzisma
2857 3788 3099 3843 Cadaloi
3132 3794 3356 3841 tantum
3387 3784 3763 3839 indicantur.—

2153 3882 2379 3935 Interea
2422 3878 2700 3932 defuncto
2737 3877 2892 3947 apud
2934 3876 3292 3931 Florentiam
3332 3872 3652 3943 apostolico,
3674 3871 3762 3920 etc.

2154 3971 2279 4041 agit
2293 3970 2365 4023 de
2380 3971 2427 4022 Α
2438 3967 2716 4023 lexandri
2730 3966 2791 4019 II
2799 3966 3087 4021 electione
3102 3973 3159 4020 et
3172 3966 3490 4019 schismate
3515 3953 3735 4015 Cadaloi.

2227 4064 2414 4114 Sacer
2451 4073 2619 4111 mons
2649 4055 2894 4110 fulmine
2926 4057 3100 4109 ictus.
3132 4085 3202 4093 —-
3230 4054 3501 4119 Quintum
3524 4050 3634 4119 jam
3671 4043 3764 4096 fere

2155 4145 2543 4202 ordinationis
2558 4160 2685 4198 sua:
2703 4143 3032 4211 complebat
3050 4141 3399 4195 Desiderius
3418 4152 3631 4197 annum,
3659 4142 3761 4184 cum

2151 4236 2475 4291 terribilius
2511 4232 2705 4302 solito,
2738 4232 3133 4301 permissione
3170 4231 3389 4299 divina,
3420 4225 3639 4281 fulmine
3664 4231 3755 4271 mo-

2152 4324 2478 4378 nasterium
2512 4322 2667 4375 istud
2698 4324 2975 4374 attactum
3006 4325 3114 4375 est.
3149 4320 3295 4375 Cum
3326 4318 3478 4372 enim
3509 4314 3692 4367 fratres
3717 4305 3758 4356 in

2154 4413 2412 4468 ecclesia
2447 4412 2541 4464 die
2563 4410 2815 4481 quodam
2847 4410 2916 4463 de
2942 4425 3104 4463 more
3125 4410 3331 4479 primae
3354 4407 3509 4461 hora:
3530 4391 3762 4455 solemnia

372 4498 572 4552 aureis
623 4514 728 4567 pro
762 4496 1110 4550 faldistorio.
1146 4497 1317 4550 Libet
1352 4500 1639 4565 praeterea
1680 4496 1792 4551 hoc
1828 4498 1885 4549 in
1917 4493 2119 4554 locoD
2152 4506 2421 4573 agerent,
2453 4500 2650 4554 subito
2684 4500 2917 4552 coalitus
2932 4498 3150 4552 fulmen
3170 4497 3432 4567 elapsum
3456 4495 3628 4562 ipsum
3653 4480 3760 4538 heb-

375 4586 697 4657 designare
745 4585 979 4656 singula
1032 4600 1185 4654 quae,
1238 4600 1310 4638 ex
1355 4600 1424 4639 eo
1457 4601 1572 4654 quo
1621 4585 1925 4639 ordinatus
1958 4589 2050 4639 est

375 4680 645 4744 tempore
676 4690 869 4745 usque
900 4675 971 4727 ad
1008 4674 1450 4728 renovationem
1482 4673 1747 4727 basilicae
1780 4673 2045 4743 majoris,

376 4763 436 4817 in
451 4764 723 4819 ecclesiae
740 4764 1132 4817 ustensilibus
1154 4763 1283 4816 sive
1300 4762 1503 4817 fecerit
1519 4763 1647 4817 sive
1671 4762 2047 4833 acquisierit;

380 4868 513 4906 nam
546 4855 761 4907 caetera
780 4852 1064 4921 deinceps
1083 4850 1317 4920 plenius
1333 4866 1750 4921 exsequemur.
1780 4851 2051 4905 Pastora-

373 4940 488 4994 lcm
521 4943 748 5013 virgam
783 4944 1030 5013 argento
1057 4940 1723 5011 vestivitetdeauravit;
1758 4941 1896 4996 fecit
1920 4945 2053 4994 ante

375 5028 586 5083 faciem
601 5031 800 5085 altaris
819 5031 1074 5084 tabulam
1089 5045 1327 5084 auream
1348 5046 1479 5083 cum
1496 5031 1752 5102 gemmis
1766 5030 2052 5085 librarum

376 5118 615 5172 circiter
646 5121 870 5187 decem,
905 5135 1135 5174 necnon
1166 5122 1222 5173 et
1255 5119 1616 5173 thuribulum
1651 5119 1721 5172 de
1752 5135 1894 5173 auro
1919 5133 2049 5171 cum

379 5209 631 5277 gemmis
665 5214 721 5263 et
751 5210 996 5262 smaldis
1028 5209 1310 5262 librarum
1343 5208 1609 5261 duarum.
1633 5208 1876 5261 Librum
1909 5223 2053 5277 quo-

376 5312 492 5368 que
517 5296 912 5366 Epistolarum
933 5298 1002 5348 ad
1036 5298 1281 5350 missam
1296 5297 1815 5359 deseribifaeicns,
1836 5296 2053 5350 tabulis

376 5400 555 5441 aurea
574 5403 708 5454 una,
732 5386 914 5438 altera
940 5400 1082 5438 vero
1101 5389 1400 5456 argentea,
1429 5385 1751 5440 decoravit.
1777 5386 2055 5439 Codiccm

377 5475 552 5531 etiam
591 5473 815 5545 regulae
845 5472 999 5526 beati
1032 5473 1332 5528 Benedicti
1366 5475 1617 5544 pulchro
1660 5474 1837 5528 nimis
1873 5490 2052 5543 opere

378 5562 614 5627 deintus
633 5564 948 5633 comptum,
983 5578 1016 5616 a
1045 5560 1194 5619 foris
1212 5566 1462 5638 argento
1486 5563 1765 5636 vestivit;
1789 5563 2064 5619 similiter

2154 4589 2559 4645 domadarium
2582 4586 3072 4656 sacerdotem,cui
3090 4586 3298 4639 Manno
3313 4586 3434 4639 erat
3448 4573 3758 4635 vocabulum,

2154 4680 2421 4733 honestae
2467 4678 2639 4730 famae
2699 4676 2914 4743 virum,
2960 4677 3020 4729 in
3067 4675 3250 4729 choro
3302 4674 3539 4729 stantem
3584 4663 3758 4719 feriens

2156 4767 2471 4835 exstinxit;
2505 4769 2756 4819 caeteros
2789 4780 2930 4818 vero
2964 4765 3413 4818 circumstantes
3435 4759 3579 4813 velut
3604 4744 3761 4806 exani-

2158 4872 2285 4910 mes
2334 4855 2406 4908 ad
2454 4860 2674 4908 terram
2707 4854 3057 4923 prostravit;
3090 4853 3371 4906 novitium
3409 4848 3564 4902 etiam
3592 4850 3753 4911 quem-

2163 4945 2295 4998 dam
2327 4949 2489 4998 extra
2549 4943 2795 4997 chorum
2827 4944 3099 5011 stantem,
3144 4943 3275 4995 ante
3320 4941 3498 5010 ipsam
3525 4929 3755 5011 majm‘el“

2165 5048 2422 5100 erucem,
2457 5031 2796 5101 percutiens
2817 5030 3060 5098 occidit;
3084 5031 3143 5083 in
3168 5029 3415 5100 capitulo
3437 5021 3636 5079 tabulas
3655 5009 3755 5067 ofﬁ-

2164 5122 2344 5174 ciales
2369 5119 2607 5187 excidit,
2646 5119 2958 5189 ipsumque
2988 5118 3337 5171 tabularium
3368 5131 3428 5167 ac
3453 5114 3499 5166 si
3520 5108 3753 5189 mortuum

2162 5209 2443 5277 reddidit;
2465 5208 2691 5262 vultum
2710 5207 2986 5278 imaginis
3007 5207 3237 5261 abbatis
3264 5201 3506 5260 Richerii
3525 5198 3573 5250 in
3594 5188 3753 5246 eodem

2165 5298 2415 5368 capitulo
2452 5297 2508 5349 in
2542 5296 2755 5351 tabella
2778 5296 3073 5365 depictum
3102 5295 3278 5349 scidit
3308 5292 3508 5364 pariter
3535 5300 3591 5338 ac
3616 5284 3751 5370 portio

2162 5387 2253 5457 dej
2267 5387 2400 5454 ecit,
2434 5389 2490 5439 et
2521 5386 2578 5438 in
2610 5385 2913 5455 plerisque
2945 5383 3286 5438 monasterii
3323 5380 3462 5436 locis
3490 5362 3749 5457 percussit-

2162 5448 2296 5530 Fuit
2337 5448 2531 5529 autem
2564 5448 2694 5528 dies
2724 5448 2854 5527 haec
2890 5473 3091 5545 quinto
3144 5472 3367 5527 decimo
3404 5460 3643 5521 Kalendae
3670 5448 3749 5545 ΕΘ·

2163 5564 2410 5624 bruarii.
2445 5562 2836 5631 Quamobrem
2881 5541 3130 5619 consilio
3162 5577 3295 5618 eum
3322 5553 3578 5615 fratribus
3613 5541 3749 5600 Ρειίθτ
