3940 6174
162 284 256 349 933

1116 276 1656 339 POSTMODUM
1705 272 2099 336 VICTORIS
2142 276 2228 338 III
2274 274 2524 337 PAP/E

3418 278 3536 340 934

148 478 459 536 venerabilis
495 477 705 544 habito,
743 476 817 530 ad
846 476 995 529 iram
1023 475 1125 529 Dei
1152 475 1518 545 placandam,
1553 473 1755 528 statuit
1780 450 1840 513 Α
1866 473 2233 544 porrigente,
2270 473 2538 542 protinus
2588 474 2898 529 induisset.
2930 477 3074 530 Post
3115 476 3244 530 haec
3286 476 3534 530 incensa

151 575 263 624 tunc
289 584 385 637 per
407 582 601 620 omnes
624 580 859 619 menses
873 564 1120 634 primam
1136 567 1363 618 sextam
1384 564 1588 617 feriam
1609 579 1763 617 com-

150 658 364 711 muniter
378 655 446 709 ab
465 654 729 708 omnibus
758 654 815 709 in
847 653 1201 707 abstinentia
1224 653 1522 722 peragi,ac
1554 651 1763 705 discal-

145 746 297 801 ceatis
336 744 574 814 pedibus
616 742 987 811 procedendo
1024 741 1270 795 missam
1318 740 1565 810 proinde
1617 755 1760 810 spe-

148 834 338 887 cialiter
375 831 676 899 celebrari,
726 846 956 884 necnon
978 830 1049 899 ςθι
1079 831 1352 883 omnibus
1393 844 1498 899 per
1541 845 1756 883 annum

143 920 454 992 quotidianis
486 920 694 973 diebus
735 918 1057 973 orationem
1091 934 1196 988 pro
1236 917 1469 989 fulgure
1496 918 1569 971 ad
1614 918 1755 971 mis-

144 1024 248 1062 sam
272 1008 546 1078 publicam
576 1012 631 1061 et
651 1007 720 1061 ad
752 1006 1017 1076 psalmos
1049 1006 1341 1077 speciales
1374 1006 1545 1060 edici.
1574 1007 1757 1059 Porro

141 1102 303 1150 autem
339 1097 601 1150 dominus
643 1096 857 1149 Petrus
898 1094 1161 1148 Damiani
1196 1094 1266 1147 ad
1314 1094 1426 1147 hoc
1472 1098 1759 1148 monaste-

144 1185 266 1238 rium
301 1185 555 1248 veniens,
605 1200 737 1237 cum
786 1183 971 1237 verbo
1021 1183 1239 1253 pariter
1275 1186 1330 1236 et
1389 1182 1655 1252 exemplo
1687 1182 1759 1235 ad

141 1273 225 1327 Dei
244 1274 531 1327 servitium
561 1272 815 1326 ferventi
841 1272 964 1325 zelo
998 1286 1388 1342 quoscunque
1420 1276 1628 1341 posset
1653 1286 1755 1324 ac-

140 1362 393 1429 cenderet,
446 1361 676 1414 tandem
719 1360 1113 1429 permissione
1156 1359 1375 1414 domini
1413 1360 1667 1429 abbatis,
1725 1375 1757 1412 a

138 1454 311 1504 cuncta
362 1448 819 1520 congregatione
858 1448 1187 1502 voluntaria
1220 1447 1512 1501 oblatione
1560 1449 1619 1501 in
1661 1464 1758 1503 re-

136 1538 439 1592 missionem
486 1539 747 1593 omnium
795 1540 1172 1607 peccatorum
1237 1537 1488 1592 obtinuit
1542 1541 1604 1590 ut
1652 1553 1758 1607 per

134 1627 282 1681 totius
308 1627 437 1679 anni
468 1630 673 1681 sextas
705 1626 883 1680 ferias
913 1641 1064 1694 pane
1096 1629 1318 1679 tantum
1350 1627 1406 1679 et
1436 1641 1586 1695 aqua
1610 1642 1755 1680 con-

131 1715 485 1783 tentiessent,
524 1731 592 1769 ac
644 1731 751 1785 per
802 1714 1074 1785 singulas
1126 1714 1346 1786 singuli
1407 1714 1754 1784 disciplinas

133 1804 239 1857 data
286 1803 659 1859 confessione
720 1804 1081 1872 reciperent;
1133 1804 1378 1873 insuper
1418 1806 1473 1857 et
1529 1804 1754 1857 tridua-

132 1909 243 1946 num
264 1892 545 1963 jejunium
578 1896 639 1945 in
682 1894 859 1961 caput
886 1891 1370 1962 Quadragesimm
1428 1907 1535 1961 per
1566 1907 1753 1946 annos

132 1980 366 2051 singulos
395 1985 662 2053 agerent.
696 1980 994 2034 Multoties
1036 1995 1180 2033 vero
1222 1980 1554 2049 Desiderio,
1585 1980 1754 2049 cogi-

131 2069 246 2123 tanti
275 2073 326 2123 et
366 2069 620 2124 revelari
664 2069 781 2124 sibi
828 2068 1015 2123 oranti
1068 2068 1344 2139 quidnam
1392 2084 1531 2124 esse
1582 2070 1787 2123 vellet.

131 2158 259 2227 quod
287 2159 368 2211 sic
399 2159 743 2230 frequenter
773 2158 929 2211 hunc
959 2158 1152 2211 locum
1184 2158 1530 2227 praedictum
1556 2158 1756 2228 flagel-

128 2245 227 2300 lum
251 2249 531 2313 attereret,
568 2246 822 2317 quadam
854 2248 1026 2300 nocte
1048 2261 1153 2315 per
1183 2246 1375 2300 visum
1405 2246 1755 2299 Benedictus

129 2335 273 2388 Pater
299 2336 578 2405 apparuit,
614 2335 784 2405 eique
807 2335 958 2389 inter
980 2334 1090 2387 alia
1109 2334 1180 2389 de
1205 2334 1317 2388 hoc
1340 2334 1592 2389 sollicite
1624 2350 1756 2403 per-

130 2426 350 2478 contanti
370 2424 514 2477 nihil
532 2424 695 2478 aliud
721 2440 896 2494 quam
918 2422 1242 2477 diabolicas
1274 2422 1523 2477 insidias
1543 2423 1757 2477 etanti-

129 2528 271 2580 quam
283 2529 381 2582 pro
398 2513 527 2567 loco
551 2512 834 2566 invidiam
849 2527 987 2566 esse
1006 2512 1330 2581 perdocuit.
1354 2511 1754 2582 Egometipse,

129 2601 430 2655 cumadhuc
485 2602 545 2655 in
602 2598 806 2655 schola
853 2601 1192 2655 monasterii
1234 2601 1536 2672 degerem,
1579 2600 1757 2654 remi-

130 2690 303 2744 niscor
320 2706 431 2744 una
453 2693 633 2745 nocte
661 2688 731 2743 ad
751 2689 1079 2744 secundum
1105 2689 1383 2743 duntaxat
1413 2692 1762 2743 nocturnum

136 2780 307 2833 sexies
335 2781 392 2833 in
431 2779 695 2834 ecclesia
727 2782 783 2833 et
823 2779 1197 2848 campanario
1231 2778 1451 2833 fulmen
1507 2794 1762 2848 percus-

131 2868 284 2936 sisse,
315 2872 421 2924 etc.

1865 562 2018 625 navi,
2043 566 2097 614 et
2121 564 2468 615 vestimenta
2494 563 2861 617 solummodo
2879 565 3103 617 nostris
3126 565 3530 633 restituentcs,

1865 649 2098 702 caeteris
2116 650 2390 704 omnibus
2407 651 2603 704 onusti
2626 656 2681 704 et
2712 652 2932 705 hilares
2967 653 3033 704 ad
3060 654 3532 723 prepriarcmea-

1865 741 2016 791 runt.
2047 738 2303 791 Nostros
2334 744 2526 792 autem
2552 756 2657 809 per
2679 741 2914 795 diversa
2946 741 3016 794 ab
3042 742 3129 794 eis
3154 742 3280 794 loca
3304 741 3532 810 disper-

1864 842 1968 879 sos
2002 825 2215 879 fratres
2236 828 2425 881 nostri
2455 828 2524 881 de
2548 830 2907 882 monasterio
2931 830 3187 883 Lucensi
3220 830 3315 898 pio
3338 830 3532 883 studio

1862 914 2264 984 disquirentes
2297 918 2615 985 reperiunt,
2639 932 2984 987 omnesque,
3020 919 3235 986 praeter
3252 920 3531 986 quatuor,

1862 1003 1959 1072 qui
1992 1002 2120 1072 jam
2158 1002 2455 1057 Christum
2504 1005 2928 1075 migraverunt,
2986 1005 3058 1057 ad
3102 1006 3531 1059 monasterium

1862 1105 2035 1144 suum
2052 1091 2360 1145 conductis
2385 1092 2674 1146 vehiculis
2691 1094 2978 1148 revehunt
3003 1115 3015 1162 ,
3045 1093 3263 1163 quique
3281 1098 3536 1163 postmo-

1863 1178 2021 1248 dum,
2056 1178 2192 1232 licet
2211 1179 2467 1234 diversis
2493 1183 2878 1250 temporibus,
2902 1182 3107 1235 eodem
3138 1184 3333 1235 tamen
3356 1197 3531 1249 anno,

1861 1267 1933 1320 ad
1964 1284 2076 1321 nos
2103 1267 2365 1321 universi
2391 1269 2513 1323 fere
2532 1270 2759 1323 reversi
2784 1273 2938 1337 sunt,
2966 1274 3077 1325 etc.
3102 1271 3315 1324 Piratze
3352 1270 3537 1341 igitur

1863 1355 1944 1409 illi
1977 1359 2173 1409 cetera
2204 1356 2393 1410 omnia
2422 1358 2570 1411 inter
2599 1374 2666 1411 se
2699 1359 3029 1413 dividentes
3078 1358 3364 1412 scrinium
3393 1358 3534 1412 reli-

1864 1444 2132 1514 quiarum
2156 1444 2384 1498 cuidam
2413 1461 2612 1500 eorum
2640 1447 3055 1502 contradunt...
3082 1448 3179 1519 qui
3200 1446 3533 1519 aliquando,

1864 1534 1925 1586 in
1950 1532 2275 1587 cubiculum
2304 1534 2366 1587 in
2386 1549 2493 1605 quo
2517 1542 2689 1589 erant
2718 1536 3059 1607 ingressus,
3092 1535 3288 1591 subito
3314 1536 3536 1590 corruit

1866 1625 1923 1675 et
1968 1622 2276 1692 expiravit.
2329 1623 2494 1687 Quod
2537 1624 2633 1677 ubi
2676 1624 2968 1693 innotuit,
3021 1641 3273 1697 magnus
3324 1624 3537 1679 horror

1867 1712 2136 1779 protinus
2155 1712 2471 1766 universos
2497 1712 2733 1780 invasit,
2769 1719 2823 1767 et
2846 1714 2939 1768 dic
2961 1714 3138 1768 altera
3160 1713 3535 1767 discalceatis

1867 1799 2119 1869 pedibus
2136 1800 2459 1868 venientes,
2482 1802 2853 1873 cumingenti
2881 1803 3212 1857 reverentia
3236 1806 3290 1855 et
3311 1802 3536 1856 honore

1869 1888 2148 1957 praefatae
2168 1888 2447 1960 reliquias
2466 1890 2675 1944 exinde
2691 1890 3080 1961 abstulerunt,
3099 1894 3273 1961 atque
3303 1890 3376 1943 ad
3404 1889 3532 1959 epi-

1872 1977 2106 2044 copium
2147 1992 2279 2030 cum
2322 1978 2555 2049 magnis
2599 1979 2704 2032 Dei
2764 1979 3038 2033 laudibus
3088 1979 3536 2047 transferentes,

1871 2065 2089 2119 ibidem
2138 2065 2272 2120 illas
2319 2066 2513 2121 debita
2555 2068 2890 2122 tractandas
2932 2068 3380 2123 honorificentia
3431 2082 3538 2138 po-

1875 2169 2075 2207 suere.

1943 2242 2312 2297 Monasteria
2353 2244 2414 2297 in
2437 2244 2720 2299 Sardinia
2753 2251 3050 2300 erecta.-—
3088 2245 3408 2301 Sardorum
3454 2244 3540 2298 in-

1874 2333 2033 2385 terea
2080 2347 2204 2399 rex,
2241 2332 2417 2403 digna
2451 2348 2557 2402 pro
2588 2333 2765 2387 tantis
2798 2333 3035 2403 injuriis
3070 2333 3475 2387 satisfactione
3507 2349 3539 2385 a

1870 2420 2107 2473 Pisanis
2138 2425 2393 2490 recepta,
2429 2436 2561 2475 cum
2608 2437 2820 2476 rursus
2864 2423 2936 2475 ad
2971 2422 3081 2476 hoc
3118 2422 3540 2476 monasterium

1871 2508 2212 2562 mandasset
2242 2524 2307 2563 se
2334 2510 2571 2580 quidem
2600 2510 2781 2565 multo
2803 2511 3106 2566 ardentius
3138 2512 3197 2564 in
3226 2510 3410 2580 priori
3440 2510 3541 2565 de-

1873 2598 2107 2652 votione
2138 2598 2479 2667 persistere,
2517 2614 2626 2653 nos
2649 2615 2790 2653 vero
2820 2602 3061 2670 propter
3077 2601 3131 2653 id
3147 2600 3302 2671 quod
3328 2614 3542 2653 evene-

1873 2690 1963 2739 rat
1982 2701 2354 2757 nequaquam
2377 2686 2593 2742 debere
2616 2689 2945 2761 negligere,
2971 2690 3122 2744 duos
3141 2688 3372 2743 tandem
3400 2688 3541 2743 illuc

1874 2774 2109 2844 fratres,
2136 2775 2262 2846 jam
2299 2779 2436 2845 post
2465 2776 2768 2831 biennium
2799 2777 2922 2832 fere
2968 2778 3386 2846 transmissos,
3436 2792 3543 2831 rex

1873 2862 2028 2917 idem
2050 2864 2321 2918 alacriter
2338 2865 2513 2918 nimis
2532 2866 2772 2935 recepit,
2795 2867 3001 2937 eisque
3015 2866 3333 2921 ecclesiam
3348 2866 3542 2920 Beatae

182 2956 375 3011 Missio
403 2958 464 3011 in
494 2954 843 3011 Sardiniam
868 2956 1169 3027 impedita,
1202 2986 1271 2995 —
1301 2957 1418 3011 Per
1439 2956 1592 3010 idem
1625 2960 1763 3010 tem-
1796 2939 1846 3000 Ο
1874 2951 2075 3006 Mariae
2109 2954 2165 3006 in
2188 2952 2317 3007 loco
2349 2953 2447 3023 qui
2479 2954 2692 3008 dicitur
2732 2955 2994 3024 Bubalis,
3026 2971 3255 3009 necnon
3286 2958 3344 3009 et
3390 2954 3543 3008 San-

129 3060 218 3114 pus
244 3045 408 3117 legati
428 3062 501 3101 ex
521 3048 692 3116 parte
714 3045 1035 3099 Baresonis
1059 3045 1223 3115 regis
1243 3045 1530 3100 Sardinia:
1549 3046 1621 3099 ad
1651 3045 1763 3099 hoc

129 3148 310 3187 venere
337 3135 697 3202 emnobium,
739 3149 847 3203 per
876 3149 1028 3204 quos
1074 3133 1245 3188 beato
1299 3135 1614 3189 Benedicto
1648 3134 1762 3189 duo

126 3236 306 3292 magna
343 3227 396 3277 et
421 3224 639 3293 optima
675 3222 845 3291 pallia
868 3239 975 3276 rex
996 3223 1149 3277 idem
1189 3224 1613 3292 transmittens,
1638 3225 1767 3277 orat

126 3309 219 3362 sibi
246 3312 455 3382 aliquot
477 3327 557 3366 ex
590 3316 792 3365 nostra
821 3312 1282 3382 congregatione
1306 3311 1519 3365 fratres
1538 3312 1609 3365 ad
1640 3327 1763 3365 mo-

123 3400 411 3454 nasterium
456 3394 938 3454 constituendum
979 3400 1318 3467 transmitti,
1362 3400 1666 3469 spondens
1711 3404 1766 3454 ct

126 3487 378 3553 pollicens
392 3489 793 3542 maximumin
807 3504 994 3560 regno
1027 3503 1137 3542 suo
1161 3489 1385 3543 nostris
1414 3488 1764 3542 utilitatibus

125 3572 449 3632 honoremet
463 3576 840 3632 commodum
856 3582 1310 3645 proventurum,
1339 3577 1391 3630 si
1423 3576 1766 3630 monasticae

123 3664 398 3735 religionis
420 3666 707 3733 studium,
732 3665 1022 3719 hactenus
1061 3665 1328 3735 partibus
1357 3665 1474 3719 illis
1492 3665 1764 3737 incogni-

123 3753 247 3821 tum,
268 3755 514 3824 qualiter
535 3753 691 3823 apud
715 3769 827 3808 nos
844 3755 983 3808 tunc
1007 3754 1209 3825 vigere
1230 3757 1590 3823 perceperat,
1612 3754 1763 3823 apud

124 3853 211 3893 eos
227 3841 503 3913 deinceps
518 3842 695 3897 nobis
713 3842 1087 3897 studentibus
1105 3846 1502 3897 assuesceret.
1525 3842 1660 3897 Mox
1675 3857 1766 3895 ve-

124 3928 376 3985 nerabilis
409 3932 623 4000 Pater,
656 3929 975 3985 deliberata
1009 3931 1279 3999 consilio,
1332 3931 1643 3985 duodecim
1694 3931 1764 3985 de

124 4016 442 4073 melioribus
473 4018 661 4090 hujus
714 4019 966 4074 ccenobii
998 4019 1281 4073 fratribus
1300 4020 1509 4090 elegit,
1559 4020 1767 4089 eisque

122 4104 221 4157 tam
249 4106 577 4162 divinarum
600 4106 1043 4176 Scripturarum
1067 4108 1325 4175 codices,
1351 4124 1484 4161 cum
1506 4108 1765 4162 diveI'SlS

1873 3044 2030 3094 etum
2055 3040 2238 3094 Eliam
2262 3041 2332 3095 de
2347 3042 2542 3096 Monte
2564 3042 2780 3097 Sancto
2798 3060 2928 3097 cum
2945 3044 3175 3114 integro
3200 3044 3330 3113 ipso
3349 3045 3544 3096 monte

1872 3128 1944 3183 ad
1962 3130 2382 3183 monasterium
2414 3132 2886 3187 constituendum
2903 3149 3007 3202 per
3028 3135 3386 3202 prmceptum
3411 3147 3545 3185 con-

1874 3218 2059 3272 cessit
2091 3233 2222 3271 cum
2260 3219 2488 3272 colonis
2520 3221 2792 3275 etservis
2837 3221 3287 3291 quamplurimis
3320 3224 3376 3274 et
3406 3236 3540 3274 cum

1878 3307 2232 3361 substantiis
2249 3323 2315 3360 ae
2332 3308 2823 3377 possessionibus
2842 3310 3093 3382 magnis.
3124 3310 3289 3363 llunc
3314 3307 3546 3362 temule-

1877 3399 1974 3449 tus
2004 3395 2076 3449 ab
2110 3396 2326 3449 bonum
2364 3397 2509 3450 alter
2540 3413 2646 3451 rex
2678 3398 2913 3468 ejudem
2944 3398 3254 3467 Sardinia),
3305 3397 3541 3453 nomine

1876 3484 2466 3555 Torchytorius,fecit
2486 3490 2542 3540 et
2563 3487 2691 3555 ipse
2715 3487 3037 3542 chartulam
3058 3487 3371 3542 oblationis
3394 3502 3542 3555 suae,

1876 3576 1932 3626 et
1954 3572 2282 3627 transmisit
2299 3574 2369 3628 ad
2397 3573 2508 3629 hoc
2531 3577 3070 3647 monasterium,'de
3090 3576 3303 3631 Sancto
3319 3576 3549 3631 scilicet

1875 3661 2182 3716 Vincentio
2231 3662 2302 3717 de
2362 3663 2652 3733 Taberna,
2713 3668 2823 3719 etc.
2868 3666 2941 3719 ad
2998 3666 3424 3721 monasterium
3468 3680 3546 3718 ex

1876 3751 1963 3805 eis
1980 3752 2522 3807 constituendum...
2553 3753 2640 3807 Ad
2660 3755 2913 3808 Pisanos
2928 3758 3214 3826 praeterea
3228 3754 3459 3825 legatus
3472 3753 3544 3806 ab

1875 3840 2210 3895 Alexandro
2229 3857 2377 3911 papa
2399 3842 2575 3896 simul
2595 3858 2727 3897 cum
2746 3845 3031 3898 monacho
3052 3848 3256 3899 nostro
3280 3844 3543 3897 directus

1876 3932 1987 3998 est,
2012 3932 2092 3997 ut,
2126 3929 2243 3982 nisi
2266 3930 2576 3985 anathema
2605 3932 2820 3986 vellent
2851 3933 3238 4003 apostolicum
3269 3933 3546 4001 protinus

1875 4017 2153 4086 experiri,
2200 4032 2440 4072 causam
2482 4020 2631 4073 beati
2663 4020 3002 4092 {Benedicth
3048 4036 3222 4091 quam
3269 4020 3551 4091 nequiter

1876 4105 2280 4176 abripuerant,
2323 4123 2395 4161 ex
2430 4108 2660 4180 integro
2710 4110 3095 4165 redderent...
3143 4110 3241 4181 qui
3292 4108 3541 4163 satisfa-

121 4192 492 4250 ecclesiastici
536 4196 854 4251 ministerii
900 4198 1275 4267 apparatibus
1316 4213 1382 4250 ac
1426 4200 1763 4251 sanctorum
1793 4204 1845 4264 ι)
1877 4195 2168 4249 cientes...
2204 4196 2264 4248 in
2289 4196 2599 4250 Desiderii
2626 4201 2884 4270 gratiam
2908 4198 3247 4252 redierunt.

120 4284 437 4347 patrociniis
459 4284 758 4354 plurimis,
787 4301 958 4355 quam
984 4288 1039 4339 et
1059 4286 1433 4339 diversarum
1452 4300 1650 4339 rerum
1674 4301 1767 4339 su-

120 4369 443 4436 pellectilem
456 4372 826 4427 abundanter
845 4374 1380 4443 praebens,necnon
1404 4377 1461 4428 et
1474 4374 1764 4442 abbatem,

122 4456 204 4523 qui
227 4456 337 4512 illis
359 4474 631 4527 praeesse
663 4458 921 4523 deberet,
955 4460 1294 4527 instituens,
1322 4461 1498 4514 nimis
1529 4476 1632 4514 eos
1656 4459 1767 4513 ho-

122 4544 340 4599 noriflce
378 4547 519 4601 illuc
552 4563 684 4601 cum
714 4547 1130 4618 Gajetanorum
1174 4565 1323 4603 nave
1356 4549 1594 4603 direxit.
1648 4547 1767 4603 Ve-

119 4636 424 4689 rumtamen
464 4636 587 4690 Deo
618 4637 1006 4707 permittente,
1042 4639 1097 4691 et
1139 4636 1352 4691 Satana
1384 4637 1762 4707 impediente,

118 4733 202 4772 res
242 4723 445 4777 eadem
489 4724 697 4778 eodem
729 4728 988 4794 tempore
1030 4725 1103 4779 ad
1135 4725 1405 4780 effectum
1456 4726 1768 4796 pervenire

122 4822 222 4862 non
250 4812 453 4880 potuit.
490 4812 691 4867 Pisani
721 4813 1016 4885 siquidem
1046 4816 1301 4868 maxima
1324 4815 1646 4869 Sardorum
1676 4816 1769 4869 in-

120 4894 257 4951 vidia
282 4900 460 4970 ducti,
484 4918 615 4956 cum
633 4902 757 4973 jam
779 4902 971 4957 nostri
991 4904 1062 4957 ad
1094 4904 1348 4958 insulam
1393 4921 1525 4974 quae
1556 4904 1769 4957 Lilium

118 4989 343 5042 vocatur
372 5005 662 5061 prospero
704 4992 851 5046 satis
882 4996 1097 5047 eventu
1132 4993 1510 5062 transissent,
1547 4995 1602 5046 et
1630 5008 1769 5045 sca-

115 5071 234 5138 phis
255 5079 494 5148 egressi
513 5082 908 5149 opportunum
923 5081 1322 5152 navigationis
1342 5085 1573 5150 tempus
1594 5083 1770 5133 atten-

120 5157 325 5233 derent,
350 5181 427 5219 ex
459 5167 785 5236 improviso
817 5184 1001 5238 super
1024 5169 1157 5222 illos
1182 5184 1315 5223 cum
1336 5168 1576 5222 armatis
1601 5167 1770 5222 navi-

122 5247 224 5315 giis
253 5255 512 5324 veniunt,
548 5258 622 5321 et,
655 5259 767 5309 tam
801 5260 1041 5311 nostros
1072 5273 1247 5326 quam
1280 5260 1532 5311 caeteros
1564 5270 1771 5310 omnes

122 5332 424 5395 indiscrete
450 5343 700 5397 simulet
731 5344 908 5398 nimis
932 5344 1222 5416 injuriose
1258 5348 1595 5410 tractantes,
1634 5344 1771 5399 uni-

120 5436 279 5481 versa
310 5429 623 5499 diripiunt;
658 5433 905 5503 insuper
921 5433 1091 5488 etiam
1119 5434 1419 5504 przedictae
1452 5433 1770 5504 legationis

120 5513 845 5593 principempatibulojam
881 5522 1164 5594 parabant
1185 5523 1458 5579 crudeles
1497 5522 1771 5595 affigere,

125 5600 231 5659 nisi
262 5608 655 5667 monasticam
703 5610 989 5685 habitum,
1023 5612 1277 5688 quodam
1306 5627 1379 5670 ex
1419 5611 1648 5669 nostris
1692 5611 1777 5668 illi

1961 4290 2089 4345 Viri
2118 4283 2389 4343 ilIustres
2423 4287 2911 4342 Cassinenscs.—
2930 4286 3045 4340 Sed
3078 4301 3208 4339 cum
3231 4285 3551 4354 prmdictus

1879 4379 2241 4449 apostolicus
2259 4393 2489 4449 magnae
2507 4375 2818 4429 admodum
2834 4375 2988 4429 circa
3005 4374 3115 4427 hoc
3131 4373 3551 4427 monasterium

1880 4469 2211 4523 devotionis
2241 4468 2525 4522 existeret
2546 4467 2909 4536 suggerente
2932 4464 3149 4534 pariter
3163 4462 3552 4533 etinstigante

1883 4558 2287 4612 Hildebrando
2352 4554 2790 4623 archidiacono,
2836 4553 2887 4607 si
2937 4568 3088 4624 quos
3123 4569 3197 4608 ex
3226 4552 3336 4606 hac
3380 4551 3552 4605 domo

1881 4646 2101 4701 fratres
2135 4662 2165 4699 a
2198 4647 2409 4700 domno
2452 4644 2660 4698 abbate
2693 4643 3000 4714 acquirere
3031 4645 3277 4713 poterat,
3314 4640 3407 4695 vel
3440 4655 3551 4694 suo

1881 4736 2048 4791 lateri
2080 4735 2148 4789 ad
2185 4733 2659 4789 ecclesiasticum
2698 4732 3091 4786 ministerium
3139 4730 3422 4797 soeiabat,
3457 4730 3550 4784 vel

1884 4828 2041 4880 certe
2073 4825 2133 4878 in
2156 4824 2470 4894 episcopos
2496 4823 2624 4876 sive
2644 4822 2885 4877 abbates
2909 4819 3232 4875 honoriﬁce
3250 4833 3557 4889 promoveo

1881 4915 2000 4969 bat.
2017 4913 2304 4968 Todinum
2321 4912 2503 4983 igitur
2521 4910 2762 4964 Berardi
2778 4909 3107 4963 Marsorum
3122 4906 3353 4961 comitis
3371 4906 3554 4959 filium

1887 5006 2133 5057 Romam
2165 5002 2235 5055 ad
2268 5017 2333 5056 se
2372 5000 2747 5065 accersitum,
2783 4999 2839 5051 in
2874 4995 3259 5051 Laterancnsi
3301 4995 3554 5065 patriar-

1886 5093 2018 5148 chio
2051 5092 2286 5146 levitam
2313 5090 2652 5158 constituit;
2686 5086 3081 5141 Aldemarium
3096 5099 3331 5155 quoque
3363 5083 3554 5137 felicis

1886 5181 2207 5248 memoriae,
2264 5180 2555 5249 Capuanae
2615 5176 2870 5230 civitatis
2902 5174 3429 5245 prudentissimum
3486 5188 3556 5227 ac

1887 5271 2144 5325 nobilem
2176 5270 2477 5335 clericum,
2512 5273 2567 5321 ct
2600 5264 2880 5319 Richardi
2909 5263 3198 5333 principis
3231 5263 3369 5318 olim
3400 5265 3558 5317 nota-

1884 5360 2057 5429 I.ium,
2090 5358 2190 5429 qui
2222 5373 2391 5412 meus
2415 5358 2473 5410 in
2505 5354 2896 5409 conversione
2925 5353 3209 5425 magister
3228 5352 3549 5419 exstiterat,

1887 5448 2103 5519 quique
2153 5448 2211 5501 in
2244 5447 2513 5501 abbatem
2545 5443 2828 5498 fratribus
2877 5443 2936 5497 in
2984 5442 3317 5497 Sardiniam
3350 5440 3555 5495 missis

1885 5537 2109 5592 dudum
2141 5536 2331 5591 fuerat
2391 5534 2717 5602 ordinatus,
2769 5535 3083 5605 postquam
3140 5546 3429 5587 reversus
3483 5528 3556 5582 ad

1884 5625 2311 5689 monasterium
2343 5628 2454 5698 est,
2488 5623 2549 5680 in
2562 5622 2818 5682 ecclesia
2847 5623 3046 5681 Sancti
3078 5619 3398 5690 Laurentii,
3421 5631 3553 5690 qua
