3940 6174
406 284 528 349 935

1394 284 1665 348 GESTA
1696 283 2124 346 DESIDERII
2172 285 2563 363 ABBATIS,
2599 286 2867 348 CASIN.
3684 293 3783 357 936

408 489 735 559 appellatur
766 486 1169 550 Forismuros,
1206 485 1561 539 cardinalem
1597 484 1772 539 simul
1806 486 1863 538 et
1891 484 2077 538 abba-
2101 468 2151 528 Α
2187 485 3247 556 eamsustineturventurus,acjuxta
3272 488 3790 557 culpaemodumscu-

409 583 524 633 tem
573 578 862 645 sacravit;
911 576 1015 630 sed
1049 579 1103 629 et
1137 575 1519 628 Ambrosium
1549 574 2068 642 Mediolanensem,

410 668 758 738 prudentem
775 666 1155 719 nihilominus
1174 668 1229 717 et
1256 664 1549 717 eruditum
1563 679 1678 716 non
1692 663 2068 717 mediocriter

409 756 725 817 hominem,
752 755 810 807 in
833 753 1251 808 Terracinensi
1272 752 1542 806 Ecclesia
1564 753 1910 822 episcopum
1926 751 2074 805 ordi-

410 845 588 898 navit.
640 843 954 897 Geraldum
1011 843 1185 895 etiam
1246 842 1656 896 doctissimum
1724 857 1831 910 per
1879 840 2075 894 omnia

410 932 710 1001 clericum,
767 931 1151 985 Teutonicum
1200 946 1438 1001 genere,
1475 930 1532 982 in
1556 928 2073 999 archiepiscopum

410 1020 698 1074 Ecclesiae
729 1020 1050 1089 Sipontinae
1071 1019 1355 1088 prmfecit.
1372 1020 1486 1072 Per
1508 1019 1658 1072 idem
1681 1033 1916 1088 quoque
1932 1020 2075 1071 tem-

408 1126 522 1179 pus
575 1114 630 1163 et
680 1109 835 1175 Milo,
887 1108 1143 1177 Capuani
1198 1108 1537 1161 monasterii
1594 1106 1973 1177 praepositus,
2015 1106 2075 1159 in

409 1199 711 1253 Suessana
738 1198 1003 1251 Ecclesia
1030 1197 1349 1267 episcopus
1383 1197 1573 1249 factus
1598 1200 1718 1264 est;
1753 1199 1808 1249 et
1841 1196 2071 1263 Petrus,

409 1288 507 1358 qui
533 1287 837 1341 dicebatur
866 1284 1183 1354 Athenulﬁ,
1218 1285 1399 1355 patris
1432 1285 1765 1356 agnomina,
1801 1284 1872 1337 de
1903 1283 2074 1336 nobi—

410 1376 566 1429 libus
595 1374 909 1445 Capuanis,
946 1376 1044 1444 qui
1079 1374 1453 1444 postmodum
1489 1374 1691 1426 Romae
1741 1371 1933 1425 factus
1984 1375 2073 1426 est

409 1463 749 1530 cardinalis,
776 1464 846 1517 ad
867 1463 1161 1517 abbatiam
1185 1462 1383 1517 Sancti
1405 1461 1706 1516 Benedicti
1727 1460 2072 1527 deSalerno,

408 1552 718 1625 cujusjam
749 1568 929 1621 supra
964 1551 1213 1605 fecimus
1241 1552 1612 1619 mentionem,
1638 1554 1851 1620 rogatu
1883 1548 2076 1602 Saler-

407 1642 588 1696 nitani
631 1641 915 1711 principis
965 1644 1055 1694 est
1105 1640 1518 1693 transmissus.
1554 1638 1775 1692 Eodem
1812 1641 2075 1707 tempore

410 1731 674 1784 solemne
708 1729 1015 1784 Desiderio
1064 1727 1441 1799 privilegium
1472 1727 1624 1780 idem
1669 1726 2033 1795 apostolicus
2059 1766 2073 1794 ,

2186 575 2421 627 tentiam
2457 579 2815 643 excepturus
2850 591 2862 628 :
2899 590 3074 645 quem
3107 592 3235 629 cum
3271 577 3545 643 venisset,
3570 579 3617 631 in
3645 581 3788 634 totius

2188 664 2535 716 monasterii
2565 667 2856 717 conventu
2886 680 3094 733 aspera
3115 665 3287 718 nimis
3319 670 3372 719 et
3402 666 3567 735 digna
3587 669 3790 741 castiga-

2190 753 2346 806 tione
2381 755 2713 822 correptum
2745 753 3005 824 graviori
3034 754 3387 822 poenitentiae
3410 754 3796 824 subdidit,eum-

2193 856 2305 911 que
2334 841 2472 894 illuc
2494 857 2756 896 remeare
2775 842 3021 896 ulterius
3052 858 3168 896 non
3188 844 3468 912 permisit.
3491 843 3793 899 Hildebran-

2193 931 2304 983 dus
2360 933 2552 984 autem
2605 930 3058 985 archidiaconus
3110 947 3175 985 ea
3225 948 3359 1002 quae
3401 931 3794 989 Transmundus

2194 1023 2395 1089 egerat
2426 1019 2780 1073 omnimodis
2812 1020 3172 1089 approbans,
3206 1025 3262 1073 et
3291 1036 3639 1091 nequaquam
3668 1022 3796 1075 illum

2193 1107 2304 1161 hoc
2338 1107 2674 1174 crudeliter,
2701 1108 2806 1161 sed
2830 1112 3071 1163 strenue
3094 1125 3159 1161 ac
3174 1109 3353 1179 digne
3370 1110 3429 1162 in
3446 1110 3708 1182 malignos
3724 1111 3798 1164 hc«

2193 1196 2381 1248 mines
2415 1196 2633 1249 fecisse
2667 1198 3044 1263 confirmans,
3072 1198 3328 1251 nondum
3352 1215 3499 1251 anno
3538 1200 3795 1267 completo,

2190 1299 2321 1337 eum
2353 1300 2384 1337 a
2428 1285 2640 1338 domno
2671 1285 2880 1339 abbate
2905 1286 3218 1355 aliquando
3248 1287 3560 1340 difﬁculter
3577 1290 3795 1351 extorsit,

2188 1378 2361 1442 atque
2380 1374 2671 1427 abhatiam
2690 1373 2885 1428 Sancti
2905 1375 3222 1428 Clementis
3244 1376 3314 1429 de
3333 1376 3524 1428 Insula
3538 1377 3798 1430 Balvensis

2188 1460 2310 1533 [3].,
2343 1460 2699 1534 Pennensis]
2733 1463 3044 1517 comitatus
3088 1464 3280 1533 primo
3326 1465 3407 1517 illi
3448 1466 3796 1535 committens,

2188 1550 2361 1621 paulo
2394 1554 2527 1620 post
2557 1551 2747 1605 eidem
2779 1552 3091 1606 Balvensis
3124 1554 3503 1623 episc0patus
3525 1553 3717 1608 addidit
3737 1556 3800 1608 di-

2191 1640 2492 1711 gnitatem,
2524 1643 2633 1694 etc.

2262 1728 2489 1782 Novam
2508 1728 2815 1783 basilicam
2839 1729 3117 1784 mdiﬁcat.
3151 1730 3304 1800 Ejus
3336 1730 3661 1802 descriptio.
3683 1733 3799 1786 —ln

407 1823 625 1889 praeter
695 1822 930 1885 caetera,
980 1832 1161 1885 super
1208 1816 1542 1869 omnimoda
1590 1815 1773 1885 hujus
1822 1814 2076 1869 ccenohii
2107 1841 2153 1899 Β
2193 1818 2348 1870 omni
2398 1818 2579 1888 igitur
2622 1818 2806 1872 abbas
2846 1819 3206 1874 venerabilis
3258 1822 3636 1889 prosperitate
3668 1823 3800 1891 atque

411 1909 679 1963 libertate
704 1906 1023 1974 concessit,
1060 1922 1131 1958 ne
1151 1904 1648 1973 videlicetaliquis
1673 1903 1928 1974 alicujus
1961 1903 2075 1956 Ec-

414 1996 614 2050 clesiae
647 1997 985 2064 episcopus,
1009 1998 1225 2063 praeter
1248 1994 1573 2046 Romanum
1597 1992 2078 2060 pontiﬁcem,non

415 2086 607 2139 solum
629 2085 687 2137 in
710 2088 912 2137 nostra
945 2100 1011 2136 ac
1036 2081 1342 2151 principali
1373 2082 1646 2150 ecclesia,
1677 2097 1881 2135 verum
1905 2081 2077 2135 etiam

412 2174 473 2227 in
522 2174 795 2229 omnibus
851 2172 1066 2242 ubique
1117 2172 1379 2225 locorum
1433 2170 1607 2224 nobis
1646 2170 2076 2240 pertinentibus

414 2263 581 2318 cellis
615 2261 934 2333 quamlibet
966 2260 1247 2314 ditionem
1287 2276 1579 2329 usurpare
1614 2259 1876 2331 quolibet
1906 2258 2077 2312 modo

411 2355 821 2422 praesumeret,
848 2350 1192 2403 auctoritate
1207 2348 1529 2419 apostolica
1554 2348 1935 2401 interdicens.
1952 2348 2077 2411 Quo

412 2441 583 2495 etiam
615 2444 879 2509 tempore
913 2455 1044 2491 cum
1079 2437 1517 2490 Hildebrandus
1543 2436 1856 2506 Capuanus
1888 2435 2078 2489 archi-

413 2530 752 2600 episcopus,
789 2529 1039 2581 elatione
1071 2526 1321 2595 quadam
1358 2526 1652 2596 turgidus,
1694 2528 1896 2578 contra
1927 2525 2079 2578 hanc

412 2619 813 2671 auctoritatem
831 2615 1544 2668 fuissetsubmurmurare
1569 2613 2078 2683 eonatus,publice

414 2706 473 2758 in
491 2706 754 2759 Romana
770 2703 1018 2773 synodo,
1036 2702 1211 2756 nobis
1231 2718 1411 2771 super
1429 2701 1541 2755 hoc
1556 2701 2076 2773 proclamantibus,

412 2792 747 2864 privilegiis
779 2792 944 2845 sedis
962 2790 1302 2860 apostolicae
1334 2791 1664 2858 convictus,
1699 2806 1766 2844 se
1792 2806 2079 2859 peccasse

416 2881 737 2936 confessus
770 2882 881 2948 est,
919 2882 1029 2933 etc.

488 2970 740 3025 Monast.
786 2969 1278 3023 Tremittense.—
1310 2970 1604 3023 Praeterea
1623 2984 1755 3022 cum
1787 2968 1858 3022 de
1882 2972 2077 3023 recto-

416 3060 585 3114 ribus
627 3058 1039 3113 Tremittensis
1078 3057 1332 3112 cocnobii
1353 3099 1365 3126 ,
1387 3058 1542 3129 quod
1566 3058 1738 3112 nobis
1757 3058 2078 3129 antiquitus

415 3147 779 3220 pertinuisse
833 3149 1233 3202 Romanorum
1284 3163 1518 3218 quoque
1543 3147 1884 3217 pontificum
1905 3147 2081 3217 privi-

413 3238 567 3310 legia
607 3237 887 3309 pleraque
933 3240 1242 3306 testantur,
1277 3236 1455 3289 multa
1492 3251 1560 3290 eo
1610 3240 1873 3306 tempore
1904 3236 2076 3290 inho-

414 3331 582 3382 nesta
613 3331 669 3381 et
700 3326 950 3380 nefanda
971 3325 1435 3395 divulgarentur,
1458 3325 1648 3378 eidem
1670 3325 1980 3379 Desiderio
2005 3324 2077 3379 ad

415 3416 861 3487 disquirendum
878 3418 932 3467 et
954 3413 1385 3482 disponendum
1420 3413 1581 3482 illud,
1601 3418 1775 3482 prout
1800 3413 1912 3467 sibi
1933 3415 2078 3483 opti-

415 3521 575 3559 mum
606 3504 925 3571 videretur,
971 3503 1100 3556 data
1132 3502 1203 3555 ab
1236 3502 1561 3571 apostolico
1591 3504 1917 3556 auctoritas
1963 3505 2073 3556 est.

414 3595 523 3659 Qui
567 3609 700 3646 cum
741 3592 1011 3645 abbatem
1053 3589 1324 3659 ejusdem
1354 3591 1466 3643 loci
1510 3590 1716 3659 Adam,
1762 3591 2079 3645 multorum

417 3684 746 3738 facinorum
788 3696 956 3734 reum
1005 3678 1358 3748 convictum,
1417 3678 1628 3733 exinde
1663 3680 2075 3748 subduxisset,

418 3772 679 3827 Roberto
713 3770 783 3823 de
808 3767 1141 3822 Laurotello
1158 3770 1212 3820 ct
1234 3769 1482 3822 Petrone
1506 3769 1576 3821 de
1604 3769 1821 3823 Lesina
1853 3769 2076 3823 comiti-

416 3862 640 3932 bus,et
665 3857 964 3929 episeOpis
995 3856 1250 3927 Trojano
1279 3857 1732 3912 Draconariensi
1767 3874 1835 3913 ac
1858 3858 2077 3913 Civita-

415 3952 591 4021 tensi,
614 3964 843 4004 necnon
866 3950 920 4000 et
951 3946 1159 4000 abbate
1191 3946 1389 4000 Terrae
1422 3946 1666 4017 Majoris
1698 3963 1764 4002 se
1796 3948 2076 4002 comitan-

416 4046 597 4111 tibus,
622 4039 875 4094 insulam
897 4036 1202 4106 praefatam
1236 4037 1571 4107 ingressus,
1602 4037 2078 4092 Transmundum

415 4135 579 4203 inibi,
603 4132 783 4185 ﬁlium
818 4129 1070 4184 Oderisii
1095 4128 1430 4181 Marsorum
1461 4129 1712 4197 comitis,
1748 4129 1923 4183 nimis
1964 4130 2075 4186 ho-

416 4223 659 4279 noriﬁce
680 4220 909 4274 ordinat
930 4219 988 4271 in
1006 4217 1563 4289 abbatem,egregiaa
1588 4233 1730 4272 sane
1751 4223 1886 4272 tunc
1904 4220 2076 4275 indo-

415 4313 490 4367 lis
536 4311 991 4373 adolescentem,
1026 4306 1335 4375 prudentia
1375 4310 1431 4360 et
1473 4307 1683 4361 litteris
1717 4323 1832 4361 non
1869 4324 2076 4377 parum

414 4402 742 4469 valentem,
776 4397 1044 4452 honestis
1076 4411 1309 4466 quoque
1358 4396 1622 4450 moribus
1649 4396 1761 4449 hoc
1792 4397 1852 4450 in
1884 4399 2012 4452 loco
2044 4415 2075 4452 a

414 4506 600 4562 puero
650 4485 1018 4554 Institutumf,
1067 4484 1186 4538 nisi
1238 4484 1470 4537 demum
1515 4486 1915 4554 pessimorum
1963 4488 2076 4541 loci

2111 3198 2161 3260 C

2192 1906 2386 1975 quiete
2420 1906 2644 1960 meritis
2698 1907 3027 1961 beatissimi
3085 1908 3280 1962 Patris
3314 1909 3500 1962 nostri
3557 1909 3801 1963 Benedicti

2192 1993 2474 2047 divinitus
2522 1996 2898 2065 constitutus,
2935 1996 2988 2049 ei
3035 1996 3095 2049 in
3130 2000 3289 2050 tanta
3341 1998 3413 2051 ab
3456 1998 3724 2051 universis
3759 1998 3801 2049 in

2193 2082 2441 2136 circuitu
2472 2083 2920 2137 honorificentia
2944 2084 3201 2153 habitus,
3227 2090 3291 2139 ut
3322 2102 3440 2139 non
3461 2087 3622 2140 modo
3636 2086 3802 2140 medic-

2195 2186 2328 2224 cres
2357 2172 2596 2241 quique,
2639 2188 2845 2227 verum
2879 2174 3050 2227 etiam
3083 2174 3196 2243 ipsi
3224 2190 3433 2229 eorum
3463 2176 3729 2244 principes
3753 2190 3801 2227 ac

2193 2259 2376 2313 duces
2403 2260 2717 2315 libenterei
2737 2261 2976 2316 obedire
2993 2262 3244 2334 ejusque
3262 2264 3543 2318 voluntati
3557 2280 3660 2318 non
3674 2263 3803 2317 aliter

2193 2364 2367 2418 quam
2398 2349 2491 2402 sui
2509 2352 2696 2418 patris
2721 2366 2788 2404 ac
2807 2352 3022 2405 domini
3048 2353 3104 2405 in
3134 2354 3414 2407 omnibus
3430 2369 3623 2423 parere
3643 2354 3802 2406 stude-

2195 2440 2346 2505 rent,
2387 2438 2455 2489 ad
2498 2442 2759 2493 veterem
2800 2440 3145 2494 diruendam
3178 2442 3520 2512 ecclesiam,
3551 2445 3603 2496 et
3635 2457 3801 2495 novam
3843 2499 3847 2503 ,

2195 2525 2504 2594 pulchrius
2538 2532 2711 2597 atque
2729 2531 3045 2600 augustius
3065 2530 3613 2600 aediﬁcandammon
3625 2530 3732 2583 sine
3749 2530 3807 2582 di-

2192 2614 2330 2668 vino
2362 2615 2662 2683 instinctu,
2688 2618 2944 2672 animum
2975 2620 3225 2689 appulit;
3263 2621 3537 2689 quamvis
3558 2620 3803 2690 plerisque

2194 2706 2331 2756 tunc
2354 2704 2425 2757 de
2447 2706 2671 2759 nostris
2694 2707 2992 2775 prioribus
3025 2724 3207 2779 grave
3231 2709 3483 2762 nimium
3510 2710 3565 2762 id
3587 2712 3636 2763 et
3655 2710 3803 2762 inlen-

2194 2792 2371 2846 tabile
2428 2793 2759 2864 videretur,
2805 2795 3219 2866 plurimunque
3274 2798 3349 2851 ab
3390 2798 3500 2851 hac
3542 2797 3805 2851 intentione

2194 2883 2447 2935 mentem
2477 2881 2636 2936 illius
2668 2889 2935 2939 avertere
2965 2888 3088 2938 tum
3117 2887 3428 2956 precibus,
3462 2892 3576 2941 tum
3612 2885 3806 2940 rationi-

2192 2969 2329 3038 bus,
2349 2971 2658 3040 modisque
2680 2972 2955 3027 omnibus
2978 2974 3096 3027 sint
3119 2977 3338 3046 conati,
3365 2977 3613 3046 quippea
3635 2974 3807 3045 quibus

2194 3059 2351 3112 omni
2382 3059 2515 3113 vitae
2540 3076 2665 3114 suae
2681 3064 2942 3131 tempore
2967 3066 3187 3117 tantum
3210 3080 3367 3132 opus
3388 3081 3503 3119 non
3530 3080 3689 3134 posse
3710 3078 3807 3132 per-

2195 3147 2288 3200 ﬁci
2321 3148 2736 3218 aestimaretur,
2773 3168 2906 3204 eum
2945 3152 3063 3220 ille,
3100 3152 3220 3206 Deo
3272 3153 3502 3223 ﬁdens,
3552 3154 3615 3207 ad
3657 3150 3808 3206 omnia

2194 3253 2324 3307 quae
2368 3254 2475 3306 pro
2522 3239 2639 3294 Deo
2691 3240 2836 3293 ﬁunt
2880 3241 2981 3295 Dei
3014 3242 3128 3296 sibi
3161 3242 3357 3298 solius
3391 3244 3737 3314 polliceretur
3759 3256 3808 3293 ac

2192 3328 2641 3397 praestolaretur
2668 3330 2969 3383 auxilium.
3026 3332 3193 3385 Anno
3224 3333 3429 3403 itaque
3477 3330 3808 3387 ordinationis

2193 3432 2319 3470 suae
2352 3432 2526 3485 nono,
2577 3418 2791 3472 divinae
2838 3424 3030 3473 autem
3064 3420 3498 3476 Incarnationis
3548 3419 3807 3474 millesimo

2194 3507 2571 3577 sexagesimo
2595 3512 2786 3571 sexto,
2817 3525 3022 3563 mense
3042 3509 3274 3579 Martio,
3304 3511 3807 3579 indictionequarla,

2195 3599 2533 3649 constructa
2586 3595 2753 3666 prius
2794 3596 2964 3667 juxta
3003 3598 3431 3653 inﬁrmantium
3476 3600 3693 3654 domum
3722 3611 3808 3650 non

2193 3684 2341 3738 satis
2373 3700 2585 3757 magna
2630 3686 2793 3740 Beati
2828 3687 2988 3741 Petri
3018 3688 3288 3757 basilica,
3326 3690 3385 3742 in
3434 3705 3547 3760 qua
3585 3686 3810 3740 videlicet

2194 3771 2407 3827 fratres
2438 3776 2509 3827 ad
2529 3776 2725 3829 divina
2747 3776 2940 3829 ofﬁcia
2963 3777 3195 3831 interim
3219 3779 3622 3846 convenirent,
3643 3788 3811 3845 supra-

2192 3861 2403 3916 dictam
2420 3864 2579 3917 Beati
2597 3865 2899 3920 Benedicti
2913 3866 3375 3937 ecclesiam,tam
3389 3869 3663 3938 parvitate
3675 3878 3809 3935 quam

2194 3951 2561 4007 deformitate
2578 3953 2855 4009 thesauro
2871 3960 3027 4011 tanto
3045 3959 3341 4027 tantaeque
3358 3957 3597 4011 fratrum
3613 3967 3811 4025 congre-

2193 4043 2411 4115 gationi
2426 4044 2833 4115 incongruam,
2853 4047 3119 4099 evertere
3139 4062 3170 4098 a
3189 4045 3589 4101 fundamentis
3605 4058 3809 4116 aggres-

2192 4148 2298 4187 sus
2315 4132 2502 4187 est.Et
2515 4134 2870 4203 quoniam,in
2884 4137 3013 4204 ipso
3027 4135 3242 4190 montis
3259 4138 3486 4191 vertice
3500 4135 3808 4195 constructa,

2193 4223 2248 4274 et
2278 4224 2583 4274 ventorum
2627 4220 3075 4277 vehementibus
3130 4225 3339 4278 ﬂabris
3382 4233 3809 4295 quaquaversum

2190 4313 2475 4382 patuerat,
2511 4314 2565 4364 et
2586 4310 2779 4382 igneis
2813 4312 3154 4382 frequenter
3184 4313 3377 4368 fuerat
3410 4318 3613 4367 attacta
3650 4310 3809 4365 fulmi-

2192 4400 2388 4469 nibus,
2433 4402 2652 4469 statuit,
2686 4400 2757 4454 de
2790 4401 2918 4456 solo
2951 4402 3056 4456 Dei
3085 4402 3303 4457 auxilio
3335 4403 3546 4470 ﬁdens,
3583 4399 3808 4473 ejusdem

2192 4490 2409 4543 montis
2437 4504 2677 4543 saxeam
2701 4490 2938 4543 cristam
2966 4491 3104 4562 igne
3118 4491 3401 4562 ferroque
3420 4490 3805 4555 exeindere,ct,

415 4580 607 4650 ipsius
621 4576 865 4631 fratrum
879 4573 1144 4628 consiliis
1160 4588 1450 4627 assensus
1477 4573 1825 4643 fuisset,sed
1844 4576 2077 4631 illorum
2102 4553 2160 4617 θ
2193 4581 2468 4648 quantum
2486 4580 2674 4648 spatio
2690 4577 3004 4634 fundandae
3031 4580 3295 4634 basilicae
3323 4586 3531 4651 posset
3553 4578 3806 4639 sufficere,

415 4670 609 4739 plane,
652 4680 804 4737 quos
830 4664 912 4717 illi
943 4662 1115 4716 etiam
1156 4663 1358 4715 noster
1387 4661 1572 4716 abbas
1602 4661 1940 4733 injunxerat
1978 4682 2077 4720 au-

416 4755 779 4811 seultandos.
816 4752 984 4819 Nam,
1019 4751 1405 4806 redeuntibus
1438 4752 1681 4822 nostris,
1704 4769 1926 4822 paucos
1944 4758 2081 4824 post

418 4847 545 4900 dies
568 4844 758 4899 tribus
781 4841 851 4895 de
882 4840 1181 4911 prioribus
1205 4839 1474 4910 ejusdem
1492 4840 1925 4897 locimonachis
1946 4860 2080 4899 ocu-

419 4935 509 4989 los
543 4933 715 5000 eruit,
750 4931 848 4985 uni
882 4945 1026 4984 vero
1056 4929 1318 5000 linguam
1353 4929 1636 4997 abscidit;
1672 4929 1903 4986 fuerant
1925 4934 2081 4987 enim

417 5023 568 5093 apud
602 5038 735 5077 eum
757 5021 828 5074 de
855 5019 1239 5074 rebellatione
1256 5019 1509 5071 insulaea
1529 5020 1712 5073 sociis
1733 5021 2073 5076 insimulati.

416 5112 581 5177 Quod
599 5112 700 5166 ubi
714 5109 1022 5165 Desiderio
1041 5111 1244 5162 nostro
1261 5107 1505 5161 relatum
1520 5111 1629 5177 est,
1647 5109 1886 5181 indigne
1901 5111 2075 5165 nimis

419 5205 475 5256 et
514 5201 772 5274 graviter
794 5199 1041 5269 excepit,
1085 5201 1140 5252 et
1172 5198 1423 5251 maximo
1461 5201 1551 5251 est
1591 5200 1905 5267 superista
1936 5182 2079 5255 moc-

417 5308 550 5346 rore
576 5291 902 5358 confectus,
936 5293 1055 5342 tum
1077 5304 1181 5358 pro
1197 5302 1511 5357 passorum
1531 5288 1785 5355 miseria,
1808 5293 1926 5343 tum
1946 5307 2078 5359 pro-

411 5379 680 5449 jubentis
711 5377 971 5445 saevitia,
1006 5382 1127 5431 tum
1156 5377 1406 5447 denique
1447 5418 1460 5446 ,
1504 5377 1660 5447 quod
1702 5380 1824 5431 erat
1862 5380 2078 5449 praeci-

416 5484 618 5538 puum,
651 5468 708 5519 et
736 5466 891 5536 quod
930 5467 1124 5537 magis
1171 5481 1274 5519 cor
1322 5464 1456 5536 ejus
1496 5467 1768 5537 angebat,
1808 5483 1913 5536 pro
1965 5469 2082 5524 loci

418 5553 877 5627 hujusinfamia.
899 5553 968 5608 Et
996 5554 1273 5626 quoniam
1304 5555 1511 5611 eodem
1540 5570 1694 5610 anno
1731 5555 2084 5613 dedieationi

418 5644 691 5702 ecclesiae
722 5645 943 5701 nostrae
975 5642 1101 5700 ﬁeri
1132 5644 1586 5716 praestolabatur
1616 5646 1980 5723 solemnitas,
2010 5650 2083 5706 ad

2190 4667 2383 4721 locum
2427 4668 2485 4720 in
2520 4668 2634 4721 imo
2664 4667 2973 4722 defossum
3006 4710 3019 4738 ,
3056 4685 3171 4739 quo
3199 4668 3576 4723 fundamenta
3600 4665 3805 4738 jaceret,

2193 4755 2887 4825 complanare.0rdinatis
2906 4756 3086 4827 igitur
3098 4757 3196 4828 qui
3210 4758 3339 4812 haec
3356 4760 3475 4812 toto
3498 4758 3623 4811 nisu
3640 4757 3687 4808 et
3704 4752 3807 4805 ins-

2191 4845 2368 4898 tantia
2385 4846 3147 4915 summaperlieerentﬁpse
3178 4845 3401 4901 interea
3443 4847 3671 4900 Romam
3694 4854 3804 4910 pro-

2190 4933 2381 4988 fectus
2396 4934 2974 5004 est,etamieissimos
2989 4949 3257 5004 quosque
3274 4950 3383 4988 con
3393 4926 3805 4989 venienssimul.

2191 5038 2304 5092 que
2318 5022 2483 5093 larga
2498 5039 2668 5076 manu
2686 5023 2968 5091 pecunias
2997 5025 3319 5091 opportune
3339 5024 3701 5093 dispensans,
3721 5032 3802 5070 co-

2189 5114 2420 5166 lumnas
2446 5154 2459 5181 ,
2476 5113 2654 5166 bases
2670 5129 2735 5165 ac
2750 5111 3126 5178 lilia,neenon
3141 5116 3197 5165 et
3210 5112 3579 5166 diversorum
3591 5109 3801 5164 colorum

2194 5200 3124 5270 marmoraabundantercoemit,
3146 5200 3360 5271 illaque
3384 5202 3570 5254 omnia
3589 5198 3654 5252 ab
3674 5193 3800 5250 Urbe

2194 5293 2265 5346 ad
2284 5292 2543 5359 Portum,
2570 5290 2797 5342 aPortu
2829 5289 3288 5343 autemRomano
3322 5304 3431 5358 per
3461 5302 3611 5341 mare
3646 5295 3799 5353 usque

2191 5381 2262 5434 ad
2285 5386 2502 5435 turrem
2516 5378 2824 5448 Gariliani,
2852 5377 3104 5447 indeque
3122 5378 3194 5431 ad
3208 5378 3409 5431 Suium
3434 5375 3797 5447 navigiiscon-

2190 5471 2383 5525 ductis
2409 5468 2636 5540 ingenti
2656 5466 2871 5521 ﬁducia
2908 5466 3133 5536 detulit;
3163 5466 3373 5521 abinde
3397 5481 3538 5519 vero
3560 5474 3727 5533 usque
3751 5458 3796 5509 in

2188 5559 2347 5614 hunc
2372 5558 2566 5614 locum
2585 5557 2985 5628 plaustrorum
3000 5555 3294 5610 vehiculis
3310 5596 3324 5623 ,
3355 5570 3473 5610 non
3492 5554 3613 5608 sine
3631 5549 3793 5605 labore

2187 5648 2443 5705 maxime
2480 5645 2887 5721 comportavit.
2930 5643 3001 5701 Et
3049 5646 3112 5702 ut
3142 5646 3332 5719 magis
3372 5643 3650 5702 fervorem
3681 5635 3793 5694 tide-
