3940 6174
136 341 235 411 937

1076 330 1617 395 POSTMODUM
1660 326 2058 391 VICTORIS
2101 327 2188 392 III
2231 328 2487 391 PAPE

3397 332 3518 396 938

132 542 251 596 lium
278 535 705 607 obsequentium
737 532 1074 601 admireris,
1112 531 1360 601 primam
1391 529 1488 583 hic
1519 528 1747 583 colum-
1767 510 1822 575 Ᾱ
1856 527 2193 581 venerabile
2235 528 2381 583 satis
2421 528 2583 582 Beati
2614 529 3029 584 Bartholomaei
3050 532 3301 601 apostoli
3325 535 3520 589 orato-

135 645 247 683 nam
269 628 334 679 ab
360 627 484 695 ipso
508 624 718 678 montis
746 623 910 676 initio
941 622 1069 675 sola
1099 620 1316 673 civium
1347 617 1747 672 numerositas

133 717 243 771 colli
270 713 598 784 brachiique
627 713 839 765 virtute
879 711 1178 779 imposuit.
1214 708 1479 777 Namque
1511 706 1582 759 ad
1611 721 1749 775 aug-

132 808 349 858 mentum
379 802 592 873 fastigii
610 843 623 868 ,
650 801 861 853 montis
885 798 1066 869 hujus
1090 812 1381 851 ascensus
1412 795 1587 848 nimis
1608 798 1745 848 tunc

128 899 230 950 erat
259 893 527 959 clivosus,
564 895 761 944 arctus
792 893 847 943 et
878 888 1159 943 horridus
1186 902 1201 955 ;
1228 885 1478 940 necdum
1503 884 1657 938 enim
1687 884 1745 935 in

128 999 214 1037 cor
247 982 366 1052 ejus
395 980 744 1034 ascenderat
781 978 1046 1032 eamdem
1075 977 1231 1029 viam
1264 974 1635 1044 complanare
1680 988 1748 1026 ac

126 1051 363 1142 spatiere,
399 1067 883 1140 quemadmodum
913 1068 1121 1136 postea
1154 1064 1308 1119 fecit.
1345 1051 1604 1116 Tandem
1634 1062 1749 1132 igi-

123 1163 202 1214 tur
226 1159 386 1212 totius
415 1157 698 1225 basilicae,
724 1159 941 1225 praeter
972 1154 1225 1224 adytum,
1252 1168 1384 1206 cum
1407 1150 1749 1217 difficultate

127 1262 223 1301 non
248 1259 415 1315 parva
444 1244 634 1313 spatio
665 1242 1050 1312 complanato,
1086 1244 1142 1293 et
1171 1237 1535 1293 necessariis
1566 1237 1752 1291 omni-

124 1336 216 1388 bus
252 1332 745 1387 abundantissime
775 1330 1097 1400 apparatis,
1143 1327 1452 1382 conductis
1482 1325 1750 1394 protinus

123 1422 462 1492 peritissimis
511 1419 863 1486 artiﬁcibus,
911 1421 1028 1472 tam
1076 1415 1443 1469 Amalﬁtanis
1486 1429 1660 1484 quam
1697 1416 1753 1468 et

123 1510 453 1577 Lomhardis,
481 1513 537 1564 et
553 1510 736 1580 jactis
758 1508 817 1562 in
834 1506 1051 1561 Christi
1077 1505 1309 1559 nomine
1333 1502 1749 1569 fundamentis,

122 1599 266 1669 erepit
286 1598 548 1670 ejusdem
574 1598 840 1652 basilicae
874 1595 1160 1649 fabricam
1186 1595 1245 1647 in
1266 1592 1635 1663 longitudine
1659 1606 1756 1644 cu-

121 1687 341 1741 bitorum
370 1690 606 1741 centum
638 1689 694 1741 et
725 1685 1004 1756 quinque,
1039 1685 1100 1737 in
1140 1681 1442 1735 latitudine
1472 1695 1614 1734 vero
1648 1695 1753 1733 cu—

117 1776 335 1830 bitorum
377 1776 767 1847 quadraginta
813 1776 871 1828 et
916 1777 1060 1841 tres,
1109 1773 1167 1825 in
1209 1770 1511 1824 altitudine
1559 1773 1752 1823 autem

1856 617 2007 670 rium
2040 632 2216 685 opere
2238 618 2362 686 pari
2385 618 2663 687 porrexit.
2690 619 2750 671 In
2770 617 2902 688 ejus
2932 620 3104 673 etiam
3125 622 3316 675 fronte
3336 638 3520 694 prope

1856 706 2063 759 valvas
2094 705 2343 775 majoris
2387 707 2660 759 ecclesiae
2710 707 2781 761 de
2812 707 3113 778 quadratis
3157 714 3212 763 et
3245 712 3519 766 maximis

1867 794 2031 846 saxis
2079 794 2385 848 miriﬁcam
2423 811 2639 859 arcem,
2683 811 2817 865 quae
2856 797 3034 868 vulgo
3083 800 3522 866 campanarium

1867 886 2254 953 nuncupatur,
2290 884 2493 937 erexit.
2525 883 2685 938 Fecit
2715 888 2769 939 et
2799 885 3007 938 atrium
3036 889 3166 940 ante
3189 888 3522 959 ecclesiam,

1861 972 2016 1042 quod
2040 987 2153 1026 nos
2186 972 2447 1026 Romana
2471 974 2899 1028 consuetudine
2932 975 3285 1030 Paradisum
3315 976 3528 1031 vocita-

1862 1077 2015 1129 mus,
2050 1060 2414 1131 longitudine
2446 1062 2777 1116 cubitorum
2808 1064 3178 1135 septuaginta
3208 1067 3435 1134 septem
3458 1080 3531 1120 ac

1862 1150 2067 1216 semis,
2099 1150 2405 1203 latitudine
2436 1151 2861 1222 quinquaginta
2886 1154 3109 1220 septem
3137 1156 3193 1207 et
3223 1152 3528 1223 semis,al-

1860 1238 2107 1293 titudine
2153 1254 2299 1293 vero
2330 1238 2665 1310 quindecim
2696 1242 2751 1292 et
2781 1242 3000 1308 semis;
3031 1245 3285 1311 quatuor
3315 1244 3372 1296 et
3397 1243 3528 1296 toti-

1867 1327 1998 1380 dem
2047 1326 2105 1380 in
2148 1327 2405 1398 geminis
2435 1328 2748 1396 frontibus,
2786 1331 2915 1382 octo
2946 1333 3141 1384 autem
3176 1334 3232 1384 et
3262 1333 3392 1384 octo
3424 1344 3532 1400 per

1864 1416 2045 1471 latera
2060 1415 2294 1487 singula
2308 1416 2861 1486 superquadriﬁdas
2875 1418 3055 1471 bases
3074 1418 3302 1472 habens
3317 1418 3533 1472 colum-

1864 1520 1992 1558 nas.
2028 1505 2089 1557 ln
2114 1503 2288 1575 cujus
2320 1505 2493 1558 etiam
2522 1505 2842 1559 meridiano
2867 1505 3046 1560 latere
3070 1507 3389 1561 cisternam
3409 1523 3530 1561 ma-

1862 1593 2097 1661 ximam,
2131 1594 2486 1648 tantumdem
2517 1594 2906 1665 longitudinis
2929 1594 3259 1661 habentem,
3289 1596 3531 1650 arcuato

1865 1696 2041 1751 opere
2064 1682 2176 1735 sub
2207 1681 2477 1752 ejusdem
2507 1683 2839 1751 pavimento
2862 1683 2996 1737 atrii
3018 1682 3345 1738 fabricavit.
3380 1683 3532 1739 Ante

1864 1770 2211 1842 ingressum
2241 1786 2383 1824 vero
2406 1770 2692 1838 basilicae,
2718 1786 2826 1823 nec
2857 1788 2973 1825 non
2996 1777 3051 1825 et
3079 1775 3211 1826 ante
3233 1773 3534 1827 introitum

119 1864 411 1919 cubitorum
440 1864 655 1936 viginti
704 1866 760 1917 et
801 1866 954 1930 octo,
1001 1860 1369 1929 basibusque
1401 1858 1750 1927 suppositis,
1785 1879 1836 1941 Β
1863 1860 1993 1913 atrii
2028 1860 2286 1930 quinque
2317 1859 2576 1929 desuper
2606 1860 2885 1929 fornices,
2912 1877 3062 1930 quos
3089 1860 3362 1929 Spiculos
3391 1860 3534 1915 dici-

121 1952 384 2007 eolumnas
415 1954 678 2021 desuper
716 1952 920 2005 decem
951 1966 985 2003 a
1016 1951 1198 2002 latere
1237 1963 1353 2001 uno
1395 1946 1752 2016 totidemque

118 2058 175 2096 ex
201 2042 367 2096 altero
388 2044 447 2097 in
469 2042 691 2096 cubitis
716 2054 929 2094 novem
953 2038 1168 2103 erexit;
1205 2037 1499 2091 fenestras
1522 2049 1754 2106 quoque

119 2131 165 2183 iu
190 2131 591 2199 superioribus
614 2129 761 2183 satis
785 2128 1010 2197 amplas
1033 2127 1091 2179 in
1124 2125 1255 2178 navi
1290 2124 1526 2195 quidem
1549 2122 1756 2193 viginti

116 2219 397 2289 etunamjn
410 2219 579 2274 titulo
600 2232 744 2272 vero
760 2232 868 2271 sex
882 2213 1468 2286 longas,etrotundas
1491 2215 1757 2282 quatuor.

115 2324 167 2361 ac
193 2308 324 2363 duas
352 2308 411 2361 in
431 2307 645 2361 absida
671 2305 941 2359 mediana
969 2302 1239 2357 instituit.
1273 2301 1549 2355 Porticus
1582 2300 1757 2353 etiam

114 2397 383 2468 utriusque
395 2396 660 2468 parietes
679 2394 739 2448 in
756 2393 1057 2447 altitudine
1073 2391 1404 2445 cubitorum
1422 2387 1765 2460 quindecim‘

117 2486 421 2556 subrigens,
467 2482 758 2539 fenestris
805 2482 943 2536 hinc
975 2479 1201 2547 decem,
1236 2478 1591 2547 totidemque
1624 2475 1758 2530 inde

117 2573 367 2628 distinxit.
418 2574 663 2627 Aditum
707 2571 930 2624 interea
979 2585 1111 2623 cum
1155 2567 1415 2637 planitiei
1462 2564 1757 2633 basilicae,

117 2678 225 2731 qua:
251 2663 577 2717 cubitorum
613 2661 800 2715 ferme
823 2674 932 2713 sex
957 2658 1289 2728 putabatur,
1325 2658 1763 2725 consequenter

115 2750 415 2820 disponeret
468 2764 808 2820 coaequare,
846 2752 971 2802 tres
1003 2762 1120 2801 non
1166 2746 1433 2816 integras
1472 2743 1644 2797 ulnas
1676 2741 1761 2796 fo-

115 2838 271 2907 diens,
292 2840 481 2894 subito
506 2837 815 2893 Benedicti
839 2836 1032 2890 Patris
1054 2834 1455 2889 venerabilem
1476 2831 1762 2887 tumulum

117 2929 329 2995 reperit;
362 2943 646 2999 moxque,
673 2942 805 2981 cum
828 2924 1134 2996 religiosis
1163 2923 1309 2976 viris
1334 2920 1761 2976 communicato

114 3017 346 3085 consilio,
380 3033 453 3071 ne
484 3018 655 3070 illum
682 3015 1054 3084 aliquatenus
1085 3015 1313 3066 mutare
1345 3010 1757 3080 prmsumeret,

115 3104 412 3175 confestim,
445 3121 520 3161 ne
545 3104 685 3175 quis
717 3102 937 3173 aliquid
972 3102 1043 3155 de
1073 3103 1232 3154 tanto
1254 3105 1463 3169 posset
1481 3098 1760 3152 thesauro

113 3192 383 3264 subripere
442 3194 727 3248 eumdum
776 3191 1095 3258 tumulum,
1157 3188 1363 3242 eodem
1432 3202 1549 3257 quo
1608 3185 1760 3240 situs

108 3280 266 3335 fuerat
282 3284 431 3351 loco,
458 3279 1062 3354 pretiosislapidibus
1078 3277 1399 3347 reoperuit,
1418 3291 1485 3329 ac
1506 3275 1763 3344 desuper

109 3383 277 3423 arcam
305 3371 373 3424 de
403 3370 588 3424 Pario
620 3382 910 3423 marmore
941 3367 1002 3421 in
1030 3369 1440 3420 transversum
1471 3363 1756 3433 basilicae,

106 3457 149 3509 id
177 3462 258 3512 est
285 3475 315 3512 a
336 3458 751 3528 septentrione
781 3457 840 3510 in
862 3455 1190 3522 meridiem,
1223 3454 1481 3524 quinque
1502 3467 1611 3521 per
1641 3452 1759 3504 lon-

107 3560 221 3615 gum
251 3548 460 3601 cubitis
520 3561 701 3615 opere
742 3544 917 3598 nimis
955 3543 1212 3614 pulchro
1247 3541 1594 3595 construxit.
1631 3540 1760 3593 Hoc

103 3635 268 3705 itaque
299 3637 469 3690 modo
512 3635 721 3705 adytus
752 3635 812 3688 in
846 3632 1160 3687 eminentia
1192 3630 1373 3701 priori
1413 3628 1753 3699 permansit,

107 3722 168 3775 ita
195 3728 296 3778 uta
326 3724 666 3794 pavimento
699 3722 892 3792 ipsius
926 3736 1115 3790 usque
1136 3720 1210 3773 ad
1231 3719 1627 3789 pavimentum
1655 3716 1758 3770 ba-

105 3810 263 3867 silica:
288 3818 418 3868 octo
443 3812 740 3884 gradibus
768 3810 1182 3877 descendatur,
1209 3808 1321 3862 sub
1349 3806 1577 3861 fornice
1598 3806 1756 3859 scili-

106 3903 181 3953 eet
224 3902 516 3968 maximo,
552 3901 653 3970 qui
709 3899 900 3953 eidem
959 3899 1130 3967 adyto
1189 3896 1481 3964 imminet,
1542 3896 1759 3964 praeter

104 3988 245 4042 illum
264 3991 463 4061 utique
494 3988 765 4060 gradum,
790 4004 904 4058 qua
925 3986 1182 4056 undique
1205 3985 1276 4038 ad
1299 3984 1480 4038 altare
1501 3983 1752 4037 subitur.

103 4075 262 4132 l’orro
282 4079 340 4132 in
360 4078 575 4132 absida
601 4076 812 4147 majori
830 4076 902 4129 ad
925 4073 1269 4129 orientalem
1299 4072 1533 4143 plagam
1554 4070 1757 4125 statuit

104 4164 342 4221 altarium
387 4168 559 4222 Beati
606 4166 888 4236 Baptista)
938 4161 1215 4233 Joannis],
1262 4164 1321 4215 in
1368 4177 1438 4215 eo
1481 4159 1756 4214 videlicet

104 4253 211 4308 loco
238 4257 335 4309 ubi
370 4255 651 4327 ejusdem
684 4254 821 4307 olim
846 4252 1166 4307 Oratorium
1192 4250 1551 4305 Benedictus
1582 4247 1756 4302 Pater

105 4347 452 4413 extruxerat;
490 4359 520 4395 a
547 4345 710 4413 parte
739 4357 886 4396 vero
914 4341 1232 4395 meridiana
1258 4338 1527 4393 altarium
1557 4337 1754 4391 Beata

105 4431 193 4485 Dei
234 4432 592 4500 Genitricis,
654 4447 686 4484 a
746 4429 1189 4500 septentrionali
1244 4430 1437 4481 autem
1487 4426 1755 4480 altarium

103 4518 241 4575 Beati
270 4538 437 4591 papa:
472 4519 768 4592 Gregorii,
796 4519 968 4589 juxta
1001 4517 1175 4589 cujus
1209 4517 1476 4571 absidam
1505 4515 1757 4569 hicame-

103 4612 262 4663 ratam
283 4611 525 4665 domum
555 4610 627 4662 ad
661 4609 1000 4661 thesaurum
1028 4605 1420 4661 ecclesiastici
1443 4603 1755 4657 ministerii

104 4699 524 4752 recondendum
593 4696 923 4763 exstruxit,
1001 4711 1133 4766 quae
1200 4693 1474 4748 videlicet
1541 4692 1753 4746 domus

101 4788 470 4841 secretarium
491 4782 1582 4853 consuetudinaliterappellatur,eique
1600 4779 1757 4851 ejus-

102 4870 216 4926 dem
245 4874 631 4930 nihilominus
688 4873 889 4942 operis
945 4873 1205 4939 alteram,
1241 4872 1299 4924 in
1342 4886 1454 4941 qua
1499 4870 1755 4925 ministri

99 4958 281 5016 altaris
304 4962 636 5033 praeparari
662 4961 932 5031 debeant,
960 4961 1273 5031 copulavit.
1302 4959 1453 5013 Sane
1476 4959 1753 5029 quoniam

98 5051 407 5115 spatiandae
432 5051 705 5105 ecclesiae
738 5051 926 5121 gratia
956 5052 1182 5120 partem
1206 5064 1323 5102 non
1355 5048 1641 5101 modicam
1665 5064 1755 5101 ca-

99 5150 257 5193 merae
287 5155 415 5195 suae
439 5140 869 5207 substraxerat,
895 5141 1330 5208 consequenter
1346 5137 1519 5191 etiam
1546 5137 1754 5207 praedi-

98 5228 179 5278 cto
193 5228 513 5282 secretario
532 5227 664 5297 conj
676 5229 908 5281 unctam
925 5227 1189 5282 eamdem
1214 5242 1503 5280 cameram
1518 5225 1754 5294 amplio-

99 5328 209 5367 rem
250 5316 434 5385 priori
480 5317 677 5385 potius
716 5331 785 5369 ac
840 5315 1239 5385 pulchriorem
1285 5315 1513 5383 effecit;
1570 5329 1749 5369 secus

98 5400 271 5469 ipsam
328 5420 498 5475 vero,
541 5405 714 5475 juxta
772 5405 1061 5474 porticum
1122 5404 1347 5459 scilicet
1406 5403 1751 5473 principalis

99 5491 358 5546 ecclesiae
409 5493 569 5548 Beati
627 5493 876 5562 Nieolai,
928 5496 1168 5548 curvato
1214 5494 1457 5563 pariete,
1508 5494 1754 5547 brevem

100 5578 344 5649 quidem,
362 5582 464 5635 sed
488 5582 794 5653 pulchram
813 5583 1123 5636 admodum
1147 5581 1751 5651 fundavitaediculam;

101 5664 166 5719 ab
194 5667 322 5737 ipsa
355 5674 543 5727 autem
574 5686 766 5744 usque
794 5672 867 5726 ad
896 5672 1174 5727 extimam
1202 5671 1469 5727 basilicae
1499 5669 1753 5725 frontem

299 5809 553 5873 PATROL.
587 5812 848 5872 CXLIX.

1791 3232 1843 3295 C

1865 1963 2017 2013 mus,
2055 1948 2260 2002 voluit.
2292 1949 2357 2002 In
2378 1949 2725 2004 occidentali
2746 1964 2925 2017 porro
2949 1949 3079 2003 atrii
3106 1952 3291 2019 parte,
3316 1949 3377 2002 in
3407 1948 3535 2003 sin-

1866 2037 2025 2108 gulis
2069 2036 2350 2091 cornibus
2394 2037 2666 2108 singulas
2715 2037 3022 2106 basilicas,
3058 2038 3231 2092 modo
3263 2037 3534 2109 turrium,

1865 2125 2035 2179 valde
2057 2125 2338 2195 pulchras
2369 2127 2575 2193 erexit,
2601 2126 2659 2178 in
2690 2126 2896 2180 dextro
2928 2126 3185 2196 quidem,
3218 2126 3417 2181 Sancti
3445 2142 3537 2183 ar-

1865 2213 2141 2285 changeli
2170 2213 2499 2281 Michaelis,
2535 2214 2594 2267 in
2620 2215 2769 2268 laevo
2799 2218 3012 2282 autem,
3047 2215 3210 2269 Beati
3242 2214 3538 2284 apostolo-

1865 2319 1994 2356 rum
2026 2302 2310 2372 principis
2342 2301 2536 2370 Petri;
2582 2301 2656 2356 ad
2688 2318 2838 2373 quas
2882 2302 3157 2356 videlicet
3184 2303 3434 2357 interius
3464 2303 3537 2357 ab

1867 2392 2012 2446 atrio
2060 2391 2319 2462 quinque
2359 2390 2667 2462 gradibus,
2719 2392 2812 2444 est
2851 2406 3164 2444 ascensus.
3212 2390 3344 2445 Jam
3390 2406 3537 2451 vero

1866 2484 2033 2534 extra
2045 2478 2175 2533 atrii
2196 2478 2552 2533 vestibulum
2580 2478 2936 2549 easdemque
2949 2478 3540 2550 basilicas,quoniam

1867 2569 2132 2623 clivosus
2156 2568 2325 2622 valde
2353 2568 2423 2621 ad
2456 2567 2769 2622 ecclesiam
2792 2570 2917 2622 erat
2941 2582 3254 2636 ascensus,
3278 2571 3537 2626 montem

1866 2658 2059 2728 ipsum
2081 2657 2388 2728 sexaginta
2415 2658 2470 2710 et
2495 2672 2604 2710 sex
2625 2656 3012 2728 perlongum,
3051 2657 3409 2728 totidemque
3430 2672 3539 2727 per

1865 2747 2066 2815 latum,
2101 2748 2328 2815 septem
2348 2760 2491 2799 vero
2515 2744 2730 2799 cubitis
2761 2745 2819 2798 in
2841 2746 3020 2799 altum
3036 2746 3365 2815 excavavit,
3390 2745 3537 2802 adeo

1866 2837 1928 2889 ut
1957 2836 2028 2889 ab
2059 2835 2175 2888 imo
2222 2850 2411 2905 usque
2434 2834 2506 2887 ad
2536 2834 2731 2902 ipsum
2749 2833 3109 2888 vestibulum
3131 2834 3260 2888 atrii
3287 2838 3537 2905 quatuor

1867 2927 1924 2978 et
1950 2923 2160 2994 viginti
2192 2922 2540 2976 marmoreis
2570 2922 2878 2991 gradibus,
2913 2938 3066 2992 quos
3095 2922 3176 2976 ibi
3209 2922 3533 2993 constituit,

1866 3012 2243 3079 ascendatur,
2278 3010 2631 3064 habentibus
2653 3009 2713 3063 in
2736 3010 2926 3081 spatio
2954 3010 3277 3065 latitudinis
3301 3009 3534 3067 cubitus

1867 3116 1977 3155 sex
2005 3102 2061 3153 et
2089 3100 2348 3171 triginta.

1940 3189 2318 3244 Ornamenta.
2336 3220 2407 3228 —
2435 3189 2693 3261 Legatos
2722 3188 2944 3243 interea
2965 3185 3533 3257 Constantinopolim

1864 3279 1935 3333 ad
1966 3278 2248 3333 locandos
2279 3277 2542 3332 artiﬁces
2565 3277 2836 3346 destinat,
2861 3276 3082 3344 peritos
3098 3276 3300 3346 utique
3324 3276 3387 3329 in
3406 3276 3534 3330 arte

1866 3367 2148 3422 musiaria
2177 3370 2233 3421 et
2263 3367 2734 3437 quadrataria,ex
2756 3365 2974 3436 quibus
3001 3364 3275 3418 videlicet
3304 3363 3401 3418 alii
3431 3364 3533 3418 ab-

1864 3456 2076 3524 sidam,
2112 3459 2169 3510 et
2198 3472 2398 3511 arcum
2420 3459 2591 3526 atque
2618 3454 2976 3509 vestibulum
2998 3452 3244 3524 majoris
3265 3452 3531 3507 basilicae

1865 3546 2098 3600 musivo
2115 3548 2435 3613 comerent;
2454 3544 2552 3598 alii
2574 3559 2716 3598 vero
2734 3543 2912 3597 totius
2935 3541 3206 3597 ecclesiae
3227 3541 3533 3611 pavimen-

1865 3637 1989 3689 tum
2020 3635 2393 3688 diversorum
2432 3633 2688 3703 lapidum
2732 3632 3014 3686 varietate
3061 3635 3528 3686 consternerent.

1864 3721 2124 3787 Quarum
2159 3723 2369 3776 artium
2417 3725 2557 3776 tunc
2604 3722 2659 3776 ei
2698 3721 2972 3776 destinati
3013 3721 3302 3793 magistri,
3356 3719 3531 3793 cujus

1862 3811 2246 3880 perfectionis
2273 3811 2623 3879 exstiterint,
2648 3811 2708 3863 in
2729 3825 2934 3864 eorum
2956 3812 3047 3864 est
3069 3809 3352 3879 operibus
3375 3809 3533 3864 msti-

1863 3900 2029 3969 mari,
2062 3915 2194 3953 cum
2243 3903 2298 3953 et
2339 3899 2400 3952 in
2430 3898 2662 3953 musivo
2700 3898 2984 3952 animatas
3019 3897 3142 3952 fere
3173 3900 3435 3954 autumet
3464 3912 3531 3952 se

1864 3989 2117 4058 quisque
2148 3988 2373 4058 ﬁguras
2423 3990 2477 4040 et
2508 4002 2759 4057 quaeque
2809 3988 3059 4041 virentia
3088 4002 3353 4057 cernere,
3387 3990 3443 4042 et
3470 3986 3532 4041 in

1865 4076 2259 4129 marmoribus
2278 4075 2655 4145 omnigenum
2674 4073 2936 4128 colorum
2958 4075 3137 4129 flores
3158 4075 3404 4145 pulchra
3417 4091 3531 4145 pu-

1862 4166 1944 4218 tet
1976 4162 2316 4218 diversitate
2340 4178 2609 4216 vernare.
2640 4162 2712 4216 Et
2740 4163 3017 4233 quoniam
3045 4164 3255 4217 artium
3284 4164 3533 4219 istarum

1864 4252 2166 4324 ingenium
2197 4267 2228 4305 a
2260 4251 2600 4322 quingentis
2633 4253 2689 4304 et
2729 4251 2879 4304 ultra
2901 4250 3026 4321 jam
3056 4252 3227 4304 annis
3247 4251 3533 4323 magistra

1864 4341 2149 4396 Latinitas
2179 4340 2573 4394 intermiserat
2602 4342 2659 4393 et
2676 4340 2869 4394 studio
2892 4338 3095 4409 hujus,
3120 4338 3444 4408 inspirante
3474 4342 3533 4395 et

1866 4432 2215 4502 cooperante
2229 4429 2370 4496 Deo,
2393 4430 2595 4483 nostro
2609 4428 2722 4483 hoc
2744 4432 3003 4498 tempore
3022 4442 3373 4497 recuperare
3393 4443 3531 4497 pro-

1865 4520 2096 4585 meruit,
2148 4533 2222 4572 ne
2254 4533 2397 4572 sane
2433 4517 2492 4571 id
2526 4517 2678 4571 ultra
2727 4517 2909 4571 Italiae
2955 4516 3272 4586 deperiret,
3305 4515 3530 4571 studuit

1784 4582 1848 4650 θ
1869 4610 1957 4662 vir
1976 4608 2172 4662 todius
2195 4606 2522 4677 prudentiae
2544 4605 2860 4676 plerosque
2879 4606 2949 4660 de
2964 4605 3303 4660 monasterii
3324 4604 3529 4675 pueris

1868 4696 2181 4769 diligenter
2203 4696 2427 4750 eisdem
2451 4695 2676 4750 artibus
2700 4695 2938 4750 erudiri.
2972 4696 3105 4750 Non
3130 4696 3323 4748 autem
3345 4693 3417 4747 de
3434 4693 3530 4748 his

1864 4788 2109 4849 tantum,
2148 4784 2255 4838 sed
2285 4784 2432 4839 etde
2463 4784 2737 4839 omnibus
2768 4783 3035 4838 artiﬁciis
3061 4797 3428 4855 quaecunque
3458 4797 3533 4838 ex

1865 4890 2010 4929 auro
2041 4874 2135 4928 vel
2182 4876 2446 4945 argento,
2483 4888 2620 4941 aere,
2666 4873 2844 4941 ferro,
2883 4874 3052 4939 vitro,
3097 4872 3297 4941 ebore,
3340 4871 3527 4943 ligno,

1866 4978 2078 5035 gypso,
2114 4962 2207 5016 vel
2244 4962 2437 5032 lapide
2481 4961 2700 5031 patrari
2733 4964 3004 5032 possunt,
3048 4959 3529 5016 studiosissimos

1866 5066 2122 5122 prorsus
2149 5051 2409 5105 artiﬁces
2433 5050 2504 5105 de
2537 5051 2665 5105 suis
2684 5052 2797 5105 sibi
2817 5051 3064 5120 paravit;
3085 5050 3191 5104 sed
3210 5050 3340 5104 haec
3357 5049 3525 5104 alias.

1868 5140 2041 5194 Nunc
2070 5155 2211 5193 vero
2235 5143 2633 5194 constructam
2664 5139 2969 5194 basilicam
2992 5138 3244 5210 qualiter
3263 5154 3338 5192 ex
3365 5141 3531 5209 parte

1869 5229 2255 5296 decoraverit,
2272 5229 2623 5299 demumque
2637 5229 2983 5296 sacraverit,
2998 5230 3173 5296 prout
3185 5243 3528 5299 possumus,

1866 5318 2272 5391 designcmus.
2292 5317 2591 5372 Plumbeis
2613 5318 2794 5389 igitur
2814 5317 3148 5371 domatibus
3170 5317 3326 5371 illam
3350 5320 3531 5374 totam

1866 5424 1995 5461 cum
2026 5406 2191 5460 titulo
2219 5409 2275 5459 et
2296 5410 2543 5475 utroque
2564 5406 2793 5475 porticu
2825 5422 2893 5460 ac
2926 5406 3222 5461 vestibulo
3255 5407 3533 5462 decenter

1863 5494 2441 5565 operiens,absidam
2472 5498 2528 5548 et
2556 5510 2758 5548 arcum
2789 5494 3073 5567 majorem
3104 5496 3337 5551 musivo
3350 5494 3529 5550 vesti-

1861 5585 1961 5653 vit,
1995 5584 2052 5637 in
2086 5583 2262 5654 cujus
2294 5582 2567 5637 videlicet
2602 5584 2884 5639 circuitus
2917 5584 3295 5655 amplitudine
3328 5583 3525 5640 aureis

1859 5671 2070 5727 litteris
2104 5671 2215 5728 hos
2248 5686 2462 5728 versus
2493 5671 2756 5728 describi
2783 5675 3104 5746 praecepit:

3248 5811 3319 5870 30
