  <div class='ocr_page' id='page_1' title='image "/cluster/home/n/w/nwhite01/storage/ocr_20150623/149/hvd.32044054760079/475.png"; bbox 0 0 3940 6174; ppageno 0'>
   <div class='ocr_carea' id='block_1_1' title="bbox 118 5528 435 5703">
    <p class='ocr_par' dir='ltr' id='par_1_1' title="bbox 118 5528 435 5703">
     <span class='ocr_line' id='line_1_1' title="bbox 118 5528 435 5703; baseline -0.006 -15"><span class='ocrx_word' id='word_1_1' title='bbox 118 5528 435 5703; x_wconf 45' lang='grc' dir='ltr'><strong>Ἣ</strong></span> 
     </span>
    </p>
   </div>
   <div class='ocr_carea' id='block_1_2' title="bbox 398 315 519 377">
    <p class='ocr_par' dir='ltr' id='par_1_2' title="bbox 398 315 519 377">
     <span class='ocr_line' id='line_1_2' title="bbox 398 315 519 377; baseline 0 0"><span class='ocrx_word' id='word_1_2' title='bbox 398 315 519 377; x_wconf 84' lang='grc'><em>939</em></span> 
     </span>
    </p>
   </div>
   <div class='ocr_carea' id='block_1_3' title="bbox 415 513 1780 589">
    <p class='ocr_par' dir='ltr' id='par_1_3' title="bbox 415 513 1780 589">
     <span class='ocr_line' id='line_1_3' title="bbox 415 513 1780 589; baseline -0.007 -14"><span class='ocrx_word' id='word_1_3' title='bbox 415 519 510 589; x_wconf 89' lang='lat' dir='ltr'><em>Ut,</em></span> <span class='ocrx_word' id='word_1_4' title='bbox 545 519 692 574; x_wconf 91' lang='lat' dir='ltr'><em>duce</em></span> <span class='ocrx_word' id='word_1_5' title='bbox 724 525 801 588; x_wconf 86' lang='lat' dir='ltr'><em>te,</em></span> <span class='ocrx_word' id='word_1_6' title='bbox 830 518 1026 588; x_wconf 86' lang='lat' dir='ltr'><em>patria</em></span> <span class='ocrx_word' id='word_1_7' title='bbox 1044 515 1235 587; x_wconf 76' lang='lat' dir='ltr'><em>justis</em></span> <span class='ocrx_word' id='word_1_8' title='bbox 1258 515 1523 585; x_wconf 82' lang='lat' dir='ltr'><em>potiatur</em></span> <span class='ocrx_word' id='word_1_9' title='bbox 1552 513 1780 583; x_wconf 79' lang='lat' dir='ltr'><em>adopta,</em></span> 
     </span>
    </p>
   </div>
   <div class='ocr_carea' id='block_1_4' title="bbox 412 598 2071 673">
    <p class='ocr_par' dir='ltr' id='par_1_4' title="bbox 412 598 2071 673">
     <span class='ocr_line' id='line_1_4' title="bbox 412 598 2071 673; baseline -0.006 -10"><span class='ocrx_word' id='word_1_10' title='bbox 412 609 565 663; x_wconf 82' lang='lat' dir='ltr'><em>Hinc</em></span> <span class='ocrx_word' id='word_1_11' title='bbox 594 606 972 673; x_wconf 88' lang='lat' dir='ltr'><em>Desiderius,</em></span> <span class='ocrx_word' id='word_1_12' title='bbox 1004 603 1210 671; x_wconf 85' lang='lat' dir='ltr'><em>Pater,</em></span> <span class='ocrx_word' id='word_1_13' title='bbox 1248 603 1398 656; x_wconf 90' lang='lat' dir='ltr'><em>hanc</em></span> <span class='ocrx_word' id='word_1_14' title='bbox 1431 601 1543 655; x_wconf 82' lang='lat' dir='ltr'><em>tibi</em></span> <span class='ocrx_word' id='word_1_15' title='bbox 1572 601 1835 655; x_wconf 78' lang='lat' dir='ltr'><em>condidit</em></span> <span class='ocrx_word' id='word_1_16' title='bbox 1864 598 2071 653; x_wconf 89' lang='lat' dir='ltr'><em>aulam.</em></span> 
     </span>
    </p>
   </div>
   <div class='ocr_carea' id='block_1_5' title="bbox 410 689 2070 759">
    <p class='ocr_par' dir='ltr' id='par_1_5' title="bbox 410 689 2070 759">
     <span class='ocr_line' id='line_1_5' title="bbox 410 689 2070 759; baseline -0.006 -8"><span class='ocrx_word' id='word_1_17' title='bbox 410 697 475 751; x_wconf 89' lang='lat' dir='ltr'><em>In</em></span> <span class='ocrx_word' id='word_1_18' title='bbox 523 695 730 748; x_wconf 87' lang='lat' dir='ltr'><em>absida</em></span> <span class='ocrx_word' id='word_1_19' title='bbox 761 708 903 747; x_wconf 85' lang='lat' dir='ltr'><em>vero</em></span> <span class='ocrx_word' id='word_1_20' title='bbox 936 693 1072 743; x_wconf 85' lang='lat' dir='ltr'><em>hinc</em></span> <span class='ocrx_word' id='word_1_21' title='bbox 1121 690 1255 744; x_wconf 85' lang='lat' dir='ltr'><em>inde</em></span> <span class='ocrx_word' id='word_1_22' title='bbox 1306 690 1417 743; x_wconf 89' lang='lat' dir='ltr'><em>sub</em></span> <span class='ocrx_word' id='word_1_23' title='bbox 1454 689 1704 759; x_wconf 84' lang='lat' dir='ltr'><em>pedibus</em></span> <span class='ocrx_word' id='word_1_24' title='bbox 1734 692 2070 742; x_wconf 89' lang='lat' dir='ltr'><em>sanctorum</em></span> 
     </span>
    </p>
   </div>
   <div class='ocr_carea' id='block_1_6' title="bbox 410 779 1931 854">
    <p class='ocr_par' dir='ltr' id='par_1_6' title="bbox 410 779 1931 854">
     <span class='ocr_line' id='line_1_6' title="bbox 410 779 1931 854; baseline -0.005 -16"><span class='ocrx_word' id='word_1_25' title='bbox 410 783 692 854; x_wconf 65' lang='lat' dir='ltr'><em>Baptistae</em></span> <span class='ocrx_word' id='word_1_26' title='bbox 725 784 781 834; x_wconf 90' lang='lat' dir='ltr'><em>et</em></span> <span class='ocrx_word' id='word_1_27' title='bbox 806 780 1190 850; x_wconf 65' lang='lat' dir='ltr'><em>evangelista:</em></span> <span class='ocrx_word' id='word_1_28' title='bbox 1221 780 1467 833; x_wconf 79' lang='lat' dir='ltr'><em>Joannis</em></span> <span class='ocrx_word' id='word_1_29' title='bbox 1499 793 1713 833; x_wconf 85' lang='lat' dir='ltr'><em>versus</em></span> <span class='ocrx_word' id='word_1_30' title='bbox 1744 779 1894 832; x_wconf 90' lang='lat' dir='ltr'><em>istos</em></span> <span class='ocrx_word' id='word_1_31' title='bbox 1920 793 1931 831; x_wconf 88' lang='lat'><strong>:</strong></span> 
     </span>
    </p>
   </div>
   <div class='ocr_carea' id='block_1_7' title="bbox 411 875 2074 948">
    <p class='ocr_par' dir='ltr' id='par_1_7' title="bbox 411 875 2074 948">
     <span class='ocr_line' id='line_1_7' title="bbox 411 875 2074 948; baseline -0.004 -14"><span class='ocrx_word' id='word_1_32' title='bbox 411 880 556 934; x_wconf 74' lang='lat' dir='ltr'><em>Haec</em></span> <span class='ocrx_word' id='word_1_33' title='bbox 587 880 789 932; x_wconf 90' lang='lat' dir='ltr'><em>domus</em></span> <span class='ocrx_word' id='word_1_34' title='bbox 836 883 925 931; x_wconf 84' lang='lat' dir='ltr'><em>est</em></span> <span class='ocrx_word' id='word_1_35' title='bbox 958 878 1177 931; x_wconf 82' lang='lat' dir='ltr'><em>similis</em></span> <span class='ocrx_word' id='word_1_36' title='bbox 1207 877 1379 931; x_wconf 79' lang='lat' dir='ltr'><em>Sinni</em></span> <span class='ocrx_word' id='word_1_37' title='bbox 1420 892 1591 930; x_wconf 88' lang='lat' dir='ltr'><em>sacra</em></span> <span class='ocrx_word' id='word_1_38' title='bbox 1612 875 1756 948; x_wconf 77' lang='lat' dir='ltr'><em>jura</em></span> <span class='ocrx_word' id='word_1_39' title='bbox 1796 875 2074 946; x_wconf 77' lang='lat' dir='ltr'><em>ferentis,</em></span> 
     </span>
    </p>
   </div>
   <div class='ocr_carea' id='block_1_8' title="bbox 420 965 2004 1038">
    <p class='ocr_par' dir='ltr' id='par_1_8' title="bbox 420 965 2004 1038">
     <span class='ocr_line' id='line_1_8' title="bbox 420 965 2004 1038; baseline -0.003 -16"><span class='ocrx_word' id='word_1_40' title='bbox 420 969 493 1022; x_wconf 91' lang='lat' dir='ltr'><em>Ut</em></span> <span class='ocrx_word' id='word_1_41' title='bbox 527 968 654 1021; x_wconf 83' lang='lat' dir='ltr'><em>Lex</em></span> <span class='ocrx_word' id='word_1_42' title='bbox 684 967 1051 1021; x_wconf 78' lang='lat' dir='ltr'><em>demonstrat</em></span> <span class='ocrx_word' id='word_1_43' title='bbox 1080 966 1178 1019; x_wconf 88' lang='lat' dir='ltr'><em>hic</em></span> <span class='ocrx_word' id='word_1_44' title='bbox 1211 982 1338 1038; x_wconf 74' lang='lat' dir='ltr'><em>qum</em></span> <span class='ocrx_word' id='word_1_45' title='bbox 1366 965 1478 1019; x_wconf 77' lang='lat' dir='ltr'><em>fuit</em></span> <span class='ocrx_word' id='word_1_46' title='bbox 1508 966 1668 1020; x_wconf 88' lang='lat' dir='ltr'><em>edita</em></span> <span class='ocrx_word' id='word_1_47' title='bbox 1702 965 2004 1036; x_wconf 89' lang='lat' dir='ltr'><em>quondam,</em></span> 
     </span>
    </p>
   </div>
   <div class='ocr_carea' id='block_1_9' title="bbox 412 1055 1847 1126">
    <p class='ocr_par' dir='ltr' id='par_1_9' title="bbox 412 1055 1847 1126">
     <span class='ocr_line' id='line_1_9' title="bbox 412 1055 1847 1126; baseline -0.003 -15"><span class='ocrx_word' id='word_1_48' title='bbox 412 1057 542 1111; x_wconf 80' lang='lat' dir='ltr'><em>Lex</em></span> <span class='ocrx_word' id='word_1_49' title='bbox 569 1056 706 1109; x_wconf 88' lang='lat' dir='ltr'><em>hinc</em></span> <span class='ocrx_word' id='word_1_50' title='bbox 737 1056 947 1123; x_wconf 78' lang='lat' dir='ltr'><em>exivit,</em></span> <span class='ocrx_word' id='word_1_51' title='bbox 983 1064 1214 1109; x_wconf 86' lang='lat' dir='ltr'><em>montes</em></span> <span class='ocrx_word' id='word_1_52' title='bbox 1245 1072 1372 1126; x_wconf 72' lang='lat' dir='ltr'><em>quae</em></span> <span class='ocrx_word' id='word_1_53' title='bbox 1402 1056 1563 1109; x_wconf 84' lang='lat' dir='ltr'><em>ducit</em></span> <span class='ocrx_word' id='word_1_54' title='bbox 1594 1055 1667 1108; x_wconf 89' lang='lat' dir='ltr'><em>ab</em></span> <span class='ocrx_word' id='word_1_55' title='bbox 1689 1055 1847 1124; x_wconf 90' lang='lat' dir='ltr'><em>imis,</em></span> 
     </span>
    </p>
   </div>
   <div class='ocr_carea' id='block_1_10' title="bbox 412 1143 1801 1215">
    <p class='ocr_par' dir='ltr' id='par_1_10' title="bbox 412 1143 1801 1215">
     <span class='ocr_line' id='line_1_10' title="bbox 412 1143 1801 1215; baseline -0.001 -18"><span class='ocrx_word' id='word_1_56' title='bbox 412 1144 495 1197; x_wconf 86' lang='lat' dir='ltr'><em>Et</em></span> <span class='ocrx_word' id='word_1_57' title='bbox 531 1144 764 1215; x_wconf 84' lang='lat' dir='ltr'><em>vulgata</em></span> <span class='ocrx_word' id='word_1_58' title='bbox 794 1144 960 1198; x_wconf 85' lang='lat' dir='ltr'><em>dedit</em></span> <span class='ocrx_word' id='word_1_59' title='bbox 991 1143 1182 1197; x_wconf 85' lang='lat' dir='ltr'><em>lumen</em></span> <span class='ocrx_word' id='word_1_60' title='bbox 1209 1159 1323 1215; x_wconf 90' lang='lat' dir='ltr'><em>per</em></span> <span class='ocrx_word' id='word_1_61' title='bbox 1355 1143 1588 1197; x_wconf 88' lang='lat' dir='ltr'><em>climata</em></span> <span class='ocrx_word' id='word_1_62' title='bbox 1615 1143 1801 1198; x_wconf 78' lang='lat' dir='ltr'><em>saecli.</em></span> 
     </span>
    </p>
   </div>
   <div class='ocr_carea' id='block_1_11' title="bbox 414 1258 2079 1330">
    <p class='ocr_par' dir='ltr' id='par_1_11' title="bbox 414 1258 2079 1330">
     <span class='ocr_line' id='line_1_11' title="bbox 414 1258 2079 1330; baseline -0.001 -17"><span class='ocrx_word' id='word_1_63' title='bbox 414 1258 735 1313; x_wconf 88' lang='lat' dir='ltr'><em>Fenestras</em></span> <span class='ocrx_word' id='word_1_64' title='bbox 785 1274 1011 1326; x_wconf 87' lang='lat' dir='ltr'><em>omnes,</em></span> <span class='ocrx_word' id='word_1_65' title='bbox 1049 1264 1160 1312; x_wconf 89' lang='lat' dir='ltr'><em>tam</em></span> <span class='ocrx_word' id='word_1_66' title='bbox 1211 1267 1379 1314; x_wconf 84' lang='lat' dir='ltr'><em>navis</em></span> <span class='ocrx_word' id='word_1_67' title='bbox 1418 1275 1592 1330; x_wconf 88' lang='lat' dir='ltr'><em>quam</em></span> <span class='ocrx_word' id='word_1_68' title='bbox 1637 1259 1804 1328; x_wconf 83' lang='lat' dir='ltr'><em>tituli,</em></span> <span class='ocrx_word' id='word_1_69' title='bbox 1841 1259 2079 1329; x_wconf 90' lang='lat' dir='ltr'><em>plumbo</em></span> 
     </span>
    </p>
   </div>
   <div class='ocr_carea' id='block_1_12' title="bbox 420 1347 2081 1419">
    <p class='ocr_par' dir='ltr' id='par_1_12' title="bbox 420 1347 2081 1419">
     <span class='ocr_line' id='line_1_12' title="bbox 420 1347 2081 1419; baseline -0.001 -17"><span class='ocrx_word' id='word_1_70' title='bbox 420 1348 597 1402; x_wconf 86' lang='lat' dir='ltr'><em>simul</em></span> <span class='ocrx_word' id='word_1_71' title='bbox 629 1362 696 1401; x_wconf 91' lang='lat' dir='ltr'><em>ac</em></span> <span class='ocrx_word' id='word_1_72' title='bbox 725 1347 877 1401; x_wconf 83' lang='lat' dir='ltr'><em>vitro</em></span> <span class='ocrx_word' id='word_1_73' title='bbox 907 1349 1227 1418; x_wconf 84' lang='lat' dir='ltr'><em>compactis</em></span> <span class='ocrx_word' id='word_1_74' title='bbox 1249 1349 1465 1403; x_wconf 87' lang='lat' dir='ltr'><em>tabulis</em></span> <span class='ocrx_word' id='word_1_75' title='bbox 1489 1349 1763 1419; x_wconf 86' lang='lat' dir='ltr'><em>ferroque</em></span> <span class='ocrx_word' id='word_1_76' title='bbox 1796 1347 2081 1402; x_wconf 87' lang='lat' dir='ltr'><em>connexis</em></span> 
     </span>
    </p>
   </div>
   <div class='ocr_carea' id='block_1_13' title="bbox 421 1435 2083 1507">
    <p class='ocr_par' dir='ltr' id='par_1_13' title="bbox 421 1435 2083 1507">
     <span class='ocr_line' id='line_1_13' title="bbox 421 1435 2083 1507; baseline 0 -18"><span class='ocrx_word' id='word_1_77' title='bbox 421 1436 682 1489; x_wconf 88' lang='lat' dir='ltr'><em>inclusit.</em></span> <span class='ocrx_word' id='word_1_78' title='bbox 718 1435 840 1488; x_wconf 88' lang='lat' dir='ltr'><em>Has</em></span> <span class='ocrx_word' id='word_1_79' title='bbox 867 1453 1007 1491; x_wconf 84' lang='lat' dir='ltr'><em>vero</em></span> <span class='ocrx_word' id='word_1_80' title='bbox 1030 1453 1162 1507; x_wconf 86' lang='lat' dir='ltr'><em>quae</em></span> <span class='ocrx_word' id='word_1_81' title='bbox 1194 1437 1253 1490; x_wconf 92' lang='lat' dir='ltr'><em>in</em></span> <span class='ocrx_word' id='word_1_82' title='bbox 1275 1437 1557 1491; x_wconf 84' lang='lat' dir='ltr'><em>lateribus</em></span> <span class='ocrx_word' id='word_1_83' title='bbox 1580 1437 1887 1507; x_wconf 83' lang='lat' dir='ltr'><em>utriusque</em></span> <span class='ocrx_word' id='word_1_84' title='bbox 1904 1436 2083 1506; x_wconf 86' lang='lat' dir='ltr'><em>porti-</em></span> 
     </span>
    </p>
   </div>
   <div class='ocr_carea' id='block_1_14' title="bbox 427 1524 2087 1596">
    <p class='ocr_par' dir='ltr' id='par_1_14' title="bbox 427 1524 2087 1596">
     <span class='ocr_line' id='line_1_14' title="bbox 427 1524 2087 1596; baseline 0.001 -19"><span class='ocrx_word' id='word_1_85' title='bbox 427 1540 533 1577; x_wconf 88' lang='lat' dir='ltr'><em>cus</em></span> <span class='ocrx_word' id='word_1_86' title='bbox 565 1524 695 1578; x_wconf 85' lang='lat' dir='ltr'><em>sitae</em></span> <span class='ocrx_word' id='word_1_87' title='bbox 727 1529 882 1593; x_wconf 91' lang='lat' dir='ltr'><em>sunt,</em></span> <span class='ocrx_word' id='word_1_88' title='bbox 917 1541 1175 1595; x_wconf 68' lang='lat' dir='ltr'><em>gypseas</em></span> <span class='ocrx_word' id='word_1_89' title='bbox 1198 1526 1456 1596; x_wconf 88' lang='lat' dir='ltr'><em>quidem,</em></span> <span class='ocrx_word' id='word_1_90' title='bbox 1481 1526 1588 1580; x_wconf 91' lang='lat' dir='ltr'><em>sed</em></span> <span class='ocrx_word' id='word_1_91' title='bbox 1618 1526 1831 1580; x_wconf 90' lang='lat' dir='ltr'><em>similis</em></span> <span class='ocrx_word' id='word_1_92' title='bbox 1854 1527 1977 1579; x_wconf 85' lang='lat' dir='ltr'><em>fere</em></span> <span class='ocrx_word' id='word_1_93' title='bbox 1994 1525 2087 1578; x_wconf 90' lang='lat' dir='ltr'><em>de-</em></span> 
     </span>
    </p>
   </div>
   <div class='ocr_carea' id='block_1_15' title="bbox 420 1612 2080 1685">
    <p class='ocr_par' dir='ltr' id='par_1_15' title="bbox 420 1612 2080 1685">
     <span class='ocr_line' id='line_1_15' title="bbox 420 1612 2080 1685; baseline 0 -19"><span class='ocrx_word' id='word_1_94' title='bbox 420 1612 602 1682; x_wconf 87' lang='lat' dir='ltr'><em>coris,</em></span> <span class='ocrx_word' id='word_1_95' title='bbox 623 1613 933 1666; x_wconf 81' lang='lat' dir='ltr'><em>exstruxit.</em></span> <span class='ocrx_word' id='word_1_96' title='bbox 951 1613 1175 1667; x_wconf 88' lang='lat' dir='ltr'><em>Dchinc</em></span> <span class='ocrx_word' id='word_1_97' title='bbox 1189 1614 1496 1683; x_wconf 90' lang='lat' dir='ltr'><em>supposito</em></span> <span class='ocrx_word' id='word_1_98' title='bbox 1513 1614 1779 1669; x_wconf 80' lang='lat' dir='ltr'><em>trabibus</em></span> <span class='ocrx_word' id='word_1_99' title='bbox 1796 1613 2080 1685; x_wconf 85' lang='lat' dir='ltr'><em>laqueari,</em></span> 
     </span>
    </p>
   </div>
   <div class='ocr_carea' id='block_1_16' title="bbox 420 1701 2081 1773">
    <p class='ocr_par' dir='ltr' id='par_1_16' title="bbox 420 1701 2081 1773">
     <span class='ocr_line' id='line_1_16' title="bbox 420 1701 2081 1773; baseline 0 -17"><span class='ocrx_word' id='word_1_100' title='bbox 420 1701 722 1756; x_wconf 85' lang='lat' dir='ltr'><em>coloribus</em></span> <span class='ocrx_word' id='word_1_101' title='bbox 754 1702 1082 1772; x_wconf 87' lang='lat' dir='ltr'><em>ﬁgurisque</em></span> <span class='ocrx_word' id='word_1_102' title='bbox 1115 1703 1372 1757; x_wconf 76' lang='lat' dir='ltr'><em>diversis</em></span> <span class='ocrx_word' id='word_1_103' title='bbox 1402 1702 1748 1757; x_wconf 73' lang='lat' dir='ltr'><em>mirabiliter</em></span> <span class='ocrx_word' id='word_1_104' title='bbox 1776 1703 2081 1773; x_wconf 89' lang='lat' dir='ltr'><em>insignito,</em></span> 
     </span>
    </p>
   </div>
   <div class='ocr_carea' id='block_1_17' title="bbox 414 1789 2084 1861">
    <p class='ocr_par' dir='ltr' id='par_1_17' title="bbox 414 1789 2084 1861">
     <span class='ocr_line' id='line_1_17' title="bbox 414 1789 2084 1861; baseline 0.001 -18"><span class='ocrx_word' id='word_1_105' title='bbox 414 1789 671 1859; x_wconf 78' lang='lat' dir='ltr'><em>parietes</em></span> <span class='ocrx_word' id='word_1_106' title='bbox 703 1806 935 1861; x_wconf 90' lang='lat' dir='ltr'><em>quoque</em></span> <span class='ocrx_word' id='word_1_107' title='bbox 967 1807 1171 1845; x_wconf 85' lang='lat' dir='ltr'><em>omnes</em></span> <span class='ocrx_word' id='word_1_108' title='bbox 1203 1791 1450 1861; x_wconf 87' lang='lat' dir='ltr'><em>pulchra</em></span> <span class='ocrx_word' id='word_1_109' title='bbox 1482 1792 1628 1846; x_wconf 83' lang='lat' dir='ltr'><em>satis</em></span> <span class='ocrx_word' id='word_1_110' title='bbox 1660 1793 1923 1847; x_wconf 88' lang='lat' dir='ltr'><em>colorum</em></span> <span class='ocrx_word' id='word_1_111' title='bbox 1955 1808 2084 1845; x_wconf 90' lang='lat' dir='ltr'><em>om-</em></span> 
     </span>
    </p>
   </div>
   <div class='ocr_carea' id='block_1_18' title="bbox 420 1863 2160 1948">
    <p class='ocr_par' dir='ltr' id='par_1_18' title="bbox 420 1863 2160 1948">
     <span class='ocr_line' id='line_1_18' title="bbox 420 1863 2160 1948; baseline 0.002 -17"><span class='ocrx_word' id='word_1_112' title='bbox 420 1878 582 1931; x_wconf 90' lang='lat' dir='ltr'><em>nium</em></span> <span class='ocrx_word' id='word_1_113' title='bbox 611 1877 890 1931; x_wconf 84' lang='lat' dir='ltr'><em>varietate</em></span> <span class='ocrx_word' id='word_1_114' title='bbox 916 1878 1194 1947; x_wconf 81' lang='lat' dir='ltr'><em>depinxit,</em></span> <span class='ocrx_word' id='word_1_115' title='bbox 1227 1880 1625 1948; x_wconf 88' lang='lat' dir='ltr'><em>pavimentum</em></span> <span class='ocrx_word' id='word_1_116' title='bbox 1656 1880 1828 1934; x_wconf 88' lang='lat' dir='ltr'><em>etiam</em></span> <span class='ocrx_word' id='word_1_117' title='bbox 1852 1880 2087 1934; x_wconf 90' lang='lat' dir='ltr'><em>univer-</em></span> <span class='ocrx_word' id='word_1_118' title='bbox 2117 1863 2160 1922; x_wconf 77' lang='grc' dir='ltr'>Β</span> 
     </span>
    </p>
   </div>
   <div class='ocr_carea' id='block_1_19' title="bbox 423 1965 2087 2022">
    <p class='ocr_par' dir='ltr' id='par_1_19' title="bbox 423 1965 2087 2022">
     <span class='ocr_line' id='line_1_19' title="bbox 423 1965 2087 2022; baseline 0.002 -3"><span class='ocrx_word' id='word_1_119' title='bbox 423 1981 557 2019; x_wconf 90' lang='lat' dir='ltr'><em>sum</em></span> <span class='ocrx_word' id='word_1_120' title='bbox 601 1965 779 2018; x_wconf 86' lang='lat' dir='ltr'><em>totius</em></span> <span class='ocrx_word' id='word_1_121' title='bbox 824 1965 1098 2019; x_wconf 67' lang='lat' dir='ltr'><em>ecclesiae</em></span> <span class='ocrx_word' id='word_1_122' title='bbox 1142 1982 1274 2020; x_wconf 90' lang='lat' dir='ltr'><em>cum</em></span> <span class='ocrx_word' id='word_1_123' title='bbox 1325 1966 1768 2022; x_wconf 87' lang='lat' dir='ltr'><em>adhaerentibus</em></span> <span class='ocrx_word' id='word_1_124' title='bbox 1810 1968 2087 2022; x_wconf 82' lang='lat' dir='ltr'><em>oratoriis</em></span> 
     </span>
    </p>
   </div>
   <div class='ocr_carea' id='block_1_20' title="bbox 421 2053 2091 2126">
    <p class='ocr_par' dir='ltr' id='par_1_20' title="bbox 421 2053 2091 2126">
     <span class='ocr_line' id='line_1_20' title="bbox 421 2053 2091 2126; baseline 0.002 -20"><span class='ocrx_word' id='word_1_125' title='bbox 421 2053 588 2108; x_wconf 86' lang='lat' dir='ltr'><em>Beati</em></span> <span class='ocrx_word' id='word_1_126' title='bbox 619 2053 1034 2107; x_wconf 68' lang='lat' dir='ltr'><em>Bartholomaei</em></span> <span class='ocrx_word' id='word_1_127' title='bbox 1069 2056 1123 2107; x_wconf 92' lang='lat' dir='ltr'><em>et</em></span> <span class='ocrx_word' id='word_1_128' title='bbox 1154 2055 1315 2109; x_wconf 85' lang='lat' dir='ltr'><em>Beati</em></span> <span class='ocrx_word' id='word_1_129' title='bbox 1349 2056 1595 2126; x_wconf 89' lang='lat' dir='ltr'><em>Nicolai,</em></span> <span class='ocrx_word' id='word_1_130' title='bbox 1633 2056 1808 2111; x_wconf 88' lang='lat' dir='ltr'><em>simul</em></span> <span class='ocrx_word' id='word_1_131' title='bbox 1839 2057 2012 2110; x_wconf 89' lang='lat' dir='ltr'><em>etiam</em></span> <span class='ocrx_word' id='word_1_132' title='bbox 2034 2060 2091 2110; x_wconf 89' lang='lat' dir='ltr'><em>et</em></span> 
     </span>
    </p>
   </div>
   <div class='ocr_carea' id='block_1_21' title="bbox 424 2142 2089 2216">
    <p class='ocr_par' dir='ltr' id='par_1_21' title="bbox 424 2142 2089 2216">
     <span class='ocr_line' id='line_1_21' title="bbox 424 2142 2089 2216; baseline 0.002 -21"><span class='ocrx_word' id='word_1_133' title='bbox 424 2157 678 2196; x_wconf 85' lang='lat' dir='ltr'><em>camerae</em></span> <span class='ocrx_word' id='word_1_134' title='bbox 729 2158 875 2212; x_wconf 82' lang='lat' dir='ltr'><em>suae,</em></span> <span class='ocrx_word' id='word_1_135' title='bbox 914 2142 1059 2196; x_wconf 89' lang='lat' dir='ltr'><em>mira</em></span> <span class='ocrx_word' id='word_1_136' title='bbox 1101 2160 1355 2213; x_wconf 81' lang='lat' dir='ltr'><em>prorsus</em></span> <span class='ocrx_word' id='word_1_137' title='bbox 1387 2148 1443 2199; x_wconf 90' lang='lat' dir='ltr'><em>et</em></span> <span class='ocrx_word' id='word_1_138' title='bbox 1485 2145 1772 2200; x_wconf 85' lang='lat' dir='ltr'><em>hactenus</em></span> <span class='ocrx_word' id='word_1_139' title='bbox 1820 2146 2089 2216; x_wconf 90' lang='lat' dir='ltr'><em>partibus</em></span> 
     </span>
    </p>
   </div>
   <div class='ocr_carea' id='block_1_22' title="bbox 425 2231 2092 2303">
    <p class='ocr_par' dir='ltr' id='par_1_22' title="bbox 425 2231 2092 2303">
     <span class='ocr_line' id='line_1_22' title="bbox 425 2231 2092 2303; baseline 0.002 -19"><span class='ocrx_word' id='word_1_140' title='bbox 425 2231 558 2284; x_wconf 87' lang='lat' dir='ltr'><em>istis</em></span> <span class='ocrx_word' id='word_1_141' title='bbox 579 2231 898 2301; x_wconf 87' lang='lat' dir='ltr'><em>incognita,</em></span> <span class='ocrx_word' id='word_1_142' title='bbox 909 2248 1199 2285; x_wconf 68' lang='lat' dir='ltr'><em>caesorum</em></span> <span class='ocrx_word' id='word_1_143' title='bbox 1220 2233 1474 2303; x_wconf 87' lang='lat' dir='ltr'><em>lapidum</em></span> <span class='ocrx_word' id='word_1_144' title='bbox 1487 2235 1910 2303; x_wconf 89' lang='lat' dir='ltr'><em>multiplicitate</em></span> <span class='ocrx_word' id='word_1_145' title='bbox 1924 2249 2092 2288; x_wconf 92' lang='lat' dir='ltr'><em>cons-</em></span> 
     </span>
    </p>
   </div>
   <div class='ocr_carea' id='block_1_23' title="bbox 426 2319 2092 2393">
    <p class='ocr_par' dir='ltr' id='par_1_23' title="bbox 426 2319 2092 2393">
     <span class='ocr_line' id='line_1_23' title="bbox 426 2319 2092 2393; baseline 0.002 -20"><span class='ocrx_word' id='word_1_146' title='bbox 426 2319 666 2389; x_wconf 87' lang='lat' dir='ltr'><em>stravit;</em></span> <span class='ocrx_word' id='word_1_147' title='bbox 702 2320 809 2373; x_wconf 88' lang='lat' dir='ltr'><em>sed</em></span> <span class='ocrx_word' id='word_1_148' title='bbox 840 2320 982 2374; x_wconf 90' lang='lat' dir='ltr'><em>illud</em></span> <span class='ocrx_word' id='word_1_149' title='bbox 1007 2323 1303 2392; x_wconf 83' lang='lat' dir='ltr'><em>praecipue</em></span> <span class='ocrx_word' id='word_1_150' title='bbox 1330 2322 1486 2393; x_wconf 91' lang='lat' dir='ltr'><em>quod</em></span> <span class='ocrx_word' id='word_1_151' title='bbox 1509 2339 1687 2378; x_wconf 86' lang='lat' dir='ltr'><em>secus</em></span> <span class='ocrx_word' id='word_1_152' title='bbox 1709 2324 1978 2377; x_wconf 88' lang='lat' dir='ltr'><em>altarium</em></span> <span class='ocrx_word' id='word_1_153' title='bbox 2000 2326 2092 2377; x_wconf 91' lang='lat' dir='ltr'><em>est</em></span> 
     </span>
    </p>
   </div>
   <div class='ocr_carea' id='block_1_24' title="bbox 425 2408 2092 2483">
    <p class='ocr_par' dir='ltr' id='par_1_24' title="bbox 425 2408 2092 2483">
     <span class='ocr_line' id='line_1_24' title="bbox 425 2408 2092 2483; baseline 0.001 -20"><span class='ocrx_word' id='word_1_154' title='bbox 425 2412 481 2463; x_wconf 89' lang='lat' dir='ltr'><em>et</em></span> <span class='ocrx_word' id='word_1_155' title='bbox 502 2408 563 2461; x_wconf 89' lang='lat' dir='ltr'><em>in</em></span> <span class='ocrx_word' id='word_1_156' title='bbox 581 2408 786 2477; x_wconf 87' lang='lat' dir='ltr'><em>choro,</em></span> <span class='ocrx_word' id='word_1_157' title='bbox 812 2408 1097 2480; x_wconf 83' lang='lat' dir='ltr'><em>gradibus</em></span> <span class='ocrx_word' id='word_1_158' title='bbox 1117 2411 1235 2465; x_wconf 92' lang='lat' dir='ltr'><em>illis</em></span> <span class='ocrx_word' id='word_1_159' title='bbox 1254 2412 1471 2483; x_wconf 89' lang='lat' dir='ltr'><em>quibus</em></span> <span class='ocrx_word' id='word_1_160' title='bbox 1489 2413 1563 2467; x_wconf 91' lang='lat' dir='ltr'><em>ad</em></span> <span class='ocrx_word' id='word_1_161' title='bbox 1577 2414 1732 2468; x_wconf 89' lang='lat' dir='ltr'><em>idem</em></span> <span class='ocrx_word' id='word_1_162' title='bbox 1754 2413 1934 2467; x_wconf 89' lang='lat' dir='ltr'><em>altare</em></span> <span class='ocrx_word' id='word_1_163' title='bbox 1953 2428 2092 2467; x_wconf 93' lang='lat' dir='ltr'><em>con-</em></span> 
     </span>
    </p>
   </div>
   <div class='ocr_carea' id='block_1_25' title="bbox 429 2497 2092 2567">
    <p class='ocr_par' dir='ltr' id='par_1_25' title="bbox 429 2497 2092 2567">
     <span class='ocr_line' id='line_1_25' title="bbox 429 2497 2092 2567; baseline 0.002 -16"><span class='ocrx_word' id='word_1_164' title='bbox 429 2497 698 2552; x_wconf 81' lang='lat' dir='ltr'><em>cenditur</em></span> <span class='ocrx_word' id='word_1_165' title='bbox 750 2497 971 2551; x_wconf 90' lang='lat' dir='ltr'><em>crustis</em></span> <span class='ocrx_word' id='word_1_166' title='bbox 1020 2499 1412 2567; x_wconf 83' lang='lat' dir='ltr'><em>pretiosorum</em></span> <span class='ocrx_word' id='word_1_167' title='bbox 1456 2518 1812 2557; x_wconf 89' lang='lat' dir='ltr'><em>marmorum</em></span> <span class='ocrx_word' id='word_1_168' title='bbox 1862 2502 2092 2557; x_wconf 89' lang='lat' dir='ltr'><em>decenti</em></span> 
     </span>
    </p>
   </div>
   <div class='ocr_carea' id='block_1_26' title="bbox 429 2586 2093 2668">
    <p class='ocr_par' dir='ltr' id='par_1_26' title="bbox 429 2586 2093 2668">
     <span class='ocr_line' id='line_1_26' title="bbox 429 2586 2093 2668; baseline 0.004 -28"><span class='ocrx_word' id='word_1_169' title='bbox 429 2586 770 2640; x_wconf 84' lang='lat' dir='ltr'><em>diversitate</em></span> <span class='ocrx_word' id='word_1_170' title='bbox 794 2586 1105 2668; x_wconf 71' lang='lat' dir='ltr'><em>distinctis.</em></span> <span class='ocrx_word' id='word_1_171' title='bbox 1137 2588 1415 2644; x_wconf 88' lang='lat' dir='ltr'><em>Frontem</em></span> <span class='ocrx_word' id='word_1_172' title='bbox 1436 2607 1667 2663; x_wconf 91' lang='lat' dir='ltr'><em>quoque</em></span> <span class='ocrx_word' id='word_1_173' title='bbox 1699 2590 1885 2659; x_wconf 72' lang='lat' dir='ltr'><em>chori,</em></span> <span class='ocrx_word' id='word_1_174' title='bbox 1918 2608 2093 2663; x_wconf 87' lang='lat' dir='ltr'><em>quem</em></span> 
     </span>
    </p>
   </div>
   <div class='ocr_carea' id='block_1_27' title="bbox 428 2674 2093 2753">
    <p class='ocr_par' dir='ltr' id='par_1_27' title="bbox 428 2674 2093 2753">
     <span class='ocr_line' id='line_1_27' title="bbox 428 2674 2093 2753; baseline 0.005 -26"><span class='ocrx_word' id='word_1_175' title='bbox 428 2674 555 2729; x_wconf 83' lang='lat' dir='ltr'><em>fere</em></span> <span class='ocrx_word' id='word_1_176' title='bbox 584 2675 643 2728; x_wconf 92' lang='lat' dir='ltr'><em>in</em></span> <span class='ocrx_word' id='word_1_177' title='bbox 672 2674 864 2729; x_wconf 90' lang='lat' dir='ltr'><em>medio</em></span> <span class='ocrx_word' id='word_1_178' title='bbox 881 2676 1144 2731; x_wconf 76' lang='lat' dir='ltr'><em>basilicae</em></span> <span class='ocrx_word' id='word_1_179' title='bbox 1165 2681 1383 2749; x_wconf 89' lang='lat' dir='ltr'><em>statuit,</em></span> <span class='ocrx_word' id='word_1_180' title='bbox 1410 2683 1661 2751; x_wconf 86' lang='lat' dir='ltr'><em>quatuor</em></span> <span class='ocrx_word' id='word_1_181' title='bbox 1678 2681 1909 2753; x_wconf 86' lang='lat' dir='ltr'><em>magnis</em></span> <span class='ocrx_word' id='word_1_182' title='bbox 1931 2698 2093 2736; x_wconf 89' lang='lat' dir='ltr'><em>mar-</em></span> 
     </span>
    </p>
   </div>
   <div class='ocr_carea' id='block_1_28' title="bbox 431 2763 2092 2841">
    <p class='ocr_par' dir='ltr' id='par_1_28' title="bbox 431 2763 2092 2841">
     <span class='ocr_line' id='line_1_28' title="bbox 431 2763 2092 2841; baseline 0.006 -26"><span class='ocrx_word' id='word_1_183' title='bbox 431 2777 662 2816; x_wconf 89' lang='lat' dir='ltr'><em>morum</em></span> <span class='ocrx_word' id='word_1_184' title='bbox 694 2763 909 2818; x_wconf 90' lang='lat' dir='ltr'><em>tabulis</em></span> <span class='ocrx_word' id='word_1_185' title='bbox 951 2768 1158 2837; x_wconf 86' lang='lat' dir='ltr'><em>sepsit,</em></span> <span class='ocrx_word' id='word_1_186' title='bbox 1202 2784 1233 2822; x_wconf 90' lang='lat' dir='ltr'><em>e</em></span> <span class='ocrx_word' id='word_1_187' title='bbox 1265 2768 1482 2838; x_wconf 90' lang='lat' dir='ltr'><em>quibus</em></span> <span class='ocrx_word' id='word_1_188' title='bbox 1512 2771 1926 2841; x_wconf 74' lang='lat' dir='ltr'><em>porphyretica</em></span> <span class='ocrx_word' id='word_1_189' title='bbox 1956 2788 2092 2841; x_wconf 90' lang='lat' dir='ltr'><em>una,</em></span> 
     </span>
    </p>
   </div>
   <div class='ocr_carea' id='block_1_29' title="bbox 432 2851 2096 2925">
    <p class='ocr_par' dir='ltr' id='par_1_29' title="bbox 432 2851 2096 2925">
     <span class='ocr_line' id='line_1_29' title="bbox 432 2851 2096 2925; baseline 0.007 -22"><span class='ocrx_word' id='word_1_190' title='bbox 432 2851 642 2905; x_wconf 86' lang='lat' dir='ltr'><em>viridis</em></span> <span class='ocrx_word' id='word_1_191' title='bbox 688 2852 887 2923; x_wconf 88' lang='lat' dir='ltr'><em>altera,</em></span> <span class='ocrx_word' id='word_1_192' title='bbox 938 2855 1181 2925; x_wconf 84' lang='lat' dir='ltr'><em>reliquae</em></span> <span class='ocrx_word' id='word_1_193' title='bbox 1229 2857 1360 2911; x_wconf 83' lang='lat' dir='ltr'><em>duae</em></span> <span class='ocrx_word' id='word_1_194' title='bbox 1401 2874 1468 2911; x_wconf 90' lang='lat' dir='ltr'><em>ac</em></span> <span class='ocrx_word' id='word_1_195' title='bbox 1514 2863 1747 2915; x_wconf 63' lang='lat' dir='ltr'><em>caeteras</em></span> <span class='ocrx_word' id='word_1_196' title='bbox 1792 2876 1996 2915; x_wconf 92' lang='lat' dir='ltr'><em>omnes</em></span> <span class='ocrx_word' id='word_1_197' title='bbox 2037 2861 2096 2914; x_wconf 91' lang='lat' dir='ltr'><em>in</em></span> 
     </span>
    </p>
   </div>
   <div class='ocr_carea' id='block_1_30' title="bbox 434 2941 2097 3013">
    <p class='ocr_par' dir='ltr' id='par_1_30' title="bbox 434 2941 2097 3013">
     <span class='ocr_line' id='line_1_30' title="bbox 434 2941 2097 3013; baseline 0.007 -20"><span class='ocrx_word' id='word_1_198' title='bbox 434 2941 601 2995; x_wconf 91' lang='lat' dir='ltr'><em>chori</em></span> <span class='ocrx_word' id='word_1_199' title='bbox 633 2941 880 2997; x_wconf 88' lang='lat' dir='ltr'><em>circuitu</em></span> <span class='ocrx_word' id='word_1_200' title='bbox 914 2944 1236 3013; x_wconf 90' lang='lat' dir='ltr'><em>simplices.</em></span> <span class='ocrx_word' id='word_1_201' title='bbox 1277 2944 1643 3002; x_wconf 85' lang='lat' dir='ltr'><em>Vestibulum</em></span> <span class='ocrx_word' id='word_1_202' title='bbox 1679 2952 1869 3003; x_wconf 89' lang='lat' dir='ltr'><em>autem</em></span> <span class='ocrx_word' id='word_1_203' title='bbox 1902 2950 2097 3005; x_wconf 89' lang='lat' dir='ltr'><em>eccle-</em></span> 
     </span>
    </p>
   </div>
   <div class='ocr_carea' id='block_1_31' title="bbox 435 3031 2099 3107">
    <p class='ocr_par' dir='ltr' id='par_1_31' title="bbox 435 3031 2099 3107">
     <span class='ocr_line' id='line_1_31' title="bbox 435 3031 2099 3107; baseline 0.006 -23"><span class='ocrx_word' id='word_1_204' title='bbox 435 3031 564 3099; x_wconf 83' lang='lat' dir='ltr'><em>siae,</em></span> <span class='ocrx_word' id='word_1_205' title='bbox 590 3031 848 3100; x_wconf 89' lang='lat' dir='ltr'><em>desuper</em></span> <span class='ocrx_word' id='word_1_206' title='bbox 868 3033 1105 3103; x_wconf 90' lang='lat' dir='ltr'><em>quidem</em></span> <span class='ocrx_word' id='word_1_207' title='bbox 1134 3034 1368 3090; x_wconf 87' lang='lat' dir='ltr'><em>musivo</em></span> <span class='ocrx_word' id='word_1_208' title='bbox 1392 3036 1529 3091; x_wconf 86' lang='lat' dir='ltr'><em>fecit</em></span> <span class='ocrx_word' id='word_1_209' title='bbox 1549 3038 1946 3107; x_wconf 87' lang='lat' dir='ltr'><em>pulcherrimo</em></span> <span class='ocrx_word' id='word_1_210' title='bbox 1966 3056 2099 3094; x_wconf 90' lang='lat' dir='ltr'><em>cum</em></span> 
     </span>
    </p>
   </div>
   <div class='ocr_carea' id='block_1_32' title="bbox 438 3120 2098 3199">
    <p class='ocr_par' dir='ltr' id='par_1_32' title="bbox 438 3120 2098 3199">
     <span class='ocr_line' id='line_1_32' title="bbox 438 3120 2098 3199; baseline 0.006 -27"><span class='ocrx_word' id='word_1_211' title='bbox 438 3120 875 3189; x_wconf 90' lang='lat' dir='ltr'><em>superlimineis</em></span> <span class='ocrx_word' id='word_1_212' title='bbox 898 3124 1156 3177; x_wconf 87' lang='lat' dir='ltr'><em>arcubus</em></span> <span class='ocrx_word' id='word_1_213' title='bbox 1175 3124 1443 3179; x_wconf 87' lang='lat' dir='ltr'><em>decorari</em></span> <span class='ocrx_word' id='word_1_214' title='bbox 1467 3143 1480 3195; x_wconf 87' lang='lat'><strong>;</strong></span> <span class='ocrx_word' id='word_1_215' title='bbox 1510 3128 1722 3182; x_wconf 88' lang='lat' dir='ltr'><em>abinde</em></span> <span class='ocrx_word' id='word_1_216' title='bbox 1745 3145 1885 3183; x_wconf 90' lang='lat' dir='ltr'><em>vero</em></span> <span class='ocrx_word' id='word_1_217' title='bbox 1908 3144 2098 3199; x_wconf 91' lang='lat' dir='ltr'><em>usque</em></span> 
     </span>
    </p>
   </div>
   <div class='ocr_carea' id='block_1_33' title="bbox 1401 301 2815 377">
    <p class='ocr_par' dir='ltr' id='par_1_33' title="bbox 1401 301 2815 377">
     <span class='ocr_line' id='line_1_33' title="bbox 1401 301 2815 377; baseline -0.005 -4"><span class='ocrx_word' id='word_1_218' title='bbox 1401 311 1669 377; x_wconf 87' lang='lat' dir='ltr'><em>GESTA</em></span> <span class='ocrx_word' id='word_1_219' title='bbox 1710 308 2095 373; x_wconf 78' lang='lat' dir='ltr'><em>DESIDEBI</em></span> <span class='ocrx_word' id='word_1_220' title='bbox 2140 304 2505 370; x_wconf 80' lang='lat' dir='ltr'><em>ABBATIS</em></span> <span class='ocrx_word' id='word_1_221' title='bbox 2551 301 2815 366; x_wconf 87' lang='lat' dir='ltr'><em>CASIN.</em></span> 
     </span>
    </p>
   </div>
   <div class='ocr_carea' id='block_1_34' title="bbox 3646 305 3742 368">
    <p class='ocr_par' dir='ltr' id='par_1_34' title="bbox 3646 305 3742 368">
     <span class='ocr_line' id='line_1_34' title="bbox 3646 305 3742 368; baseline 0.021 -2"><span class='ocrx_word' id='word_1_222' title='bbox 3646 305 3742 368; x_wconf 82' lang='lat'><em>940</em></span> 
     </span>
    </p>
   </div>
   <div class='ocr_carea' id='block_1_35' title="bbox 2098 492 3771 571">
    <p class='ocr_par' dir='ltr' id='par_1_35' title="bbox 2098 492 3771 571">
     <span class='ocr_line' id='line_1_35' title="bbox 2098 492 3771 571; baseline -0.002 -11"><span class='ocrx_word' id='word_1_223' title='bbox 2098 492 2137 552; x_wconf 57' lang='grc' dir='ltr'>Α</span> <span class='ocrx_word' id='word_1_224' title='bbox 2182 506 2395 561; x_wconf 85' lang='lat' dir='ltr'><em>dictam</em></span> <span class='ocrx_word' id='word_1_225' title='bbox 2426 504 2731 558; x_wconf 87' lang='lat' dir='ltr'><em>multitudo</em></span> <span class='ocrx_word' id='word_1_226' title='bbox 2773 501 3073 571; x_wconf 84' lang='lat' dir='ltr'><em>confluxit,</em></span> <span class='ocrx_word' id='word_1_227' title='bbox 3108 503 3169 555; x_wconf 88' lang='lat' dir='ltr'><em>ut</em></span> <span class='ocrx_word' id='word_1_228' title='bbox 3211 500 3499 555; x_wconf 87' lang='lat' dir='ltr'><em>stellarum</em></span> <span class='ocrx_word' id='word_1_229' title='bbox 3522 500 3629 555; x_wconf 86' lang='lat' dir='ltr'><em>fere</em></span> <span class='ocrx_word' id='word_1_230' title='bbox 3649 503 3771 571; x_wconf 66' lang='lat' dir='ltr'><em>enati,</em></span> 
     </span>
    </p>
   </div>
   <div class='ocr_carea' id='block_1_36' title="bbox 2186 588 3776 666">
    <p class='ocr_par' dir='ltr' id='par_1_36' title="bbox 2186 588 3776 666">
     <span class='ocr_line' id='line_1_36' title="bbox 2186 588 3776 666; baseline -0.003 -18"><span class='ocrx_word' id='word_1_231' title='bbox 2186 610 2358 666; x_wconf 91' lang='lat' dir='ltr'><em>quam</em></span> <span class='ocrx_word' id='word_1_232' title='bbox 2381 595 2612 648; x_wconf 88' lang='lat' dir='ltr'><em>illorum</em></span> <span class='ocrx_word' id='word_1_233' title='bbox 2631 592 2888 646; x_wconf 90' lang='lat' dir='ltr'><em>omnium</em></span> <span class='ocrx_word' id='word_1_234' title='bbox 2910 589 3389 644; x_wconf 88' lang='lat' dir='ltr'><em>numerositatem</em></span> <span class='ocrx_word' id='word_1_235' title='bbox 3409 588 3623 643; x_wconf 90' lang='lat' dir='ltr'><em>cuilibet</em></span> <span class='ocrx_word' id='word_1_236' title='bbox 3639 590 3776 644; x_wconf 78' lang='lat' dir='ltr'><em>fuerit</em></span> 
     </span>
    </p>
   </div>
   <div class='ocr_carea' id='block_1_37' title="bbox 2194 676 3777 747">
    <p class='ocr_par' dir='ltr' id='par_1_37' title="bbox 2194 676 3777 747">
     <span class='ocr_line' id='line_1_37' title="bbox 2194 676 3777 747; baseline -0.003 -11"><span class='ocrx_word' id='word_1_237' title='bbox 2194 683 2486 737; x_wconf 66' lang='lat' dir='ltr'><em>aestimare</em></span> <span class='ocrx_word' id='word_1_238' title='bbox 2506 680 2759 733; x_wconf 83' lang='lat' dir='ltr'><em>facilius.</em></span> <span class='ocrx_word' id='word_1_239' title='bbox 2792 680 2873 732; x_wconf 90' lang='lat' dir='ltr'><em>Ita</em></span> <span class='ocrx_word' id='word_1_240' title='bbox 2890 678 3185 731; x_wconf 81' lang='lat' dir='ltr'><em>universae</em></span> <span class='ocrx_word' id='word_1_241' title='bbox 3207 676 3533 730; x_wconf 85' lang='lat' dir='ltr'><em>monasterii</em></span> <span class='ocrx_word' id='word_1_242' title='bbox 3554 676 3777 747; x_wconf 60' lang='lat' dir='ltr'><em>ofﬁcina},</em></span> 
     </span>
    </p>
   </div>
   <div class='ocr_carea' id='block_1_38' title="bbox 2189 766 3781 840">
    <p class='ocr_par' dir='ltr' id='par_1_38' title="bbox 2189 766 3781 840">
     <span class='ocr_line' id='line_1_38' title="bbox 2189 766 3781 840; baseline -0.003 -16"><span class='ocrx_word' id='word_1_243' title='bbox 2189 775 2243 825; x_wconf 91' lang='lat' dir='ltr'><em>et</em></span> <span class='ocrx_word' id='word_1_244' title='bbox 2274 771 2403 840; x_wconf 90' lang='lat' dir='ltr'><em>ipsa</em></span> <span class='ocrx_word' id='word_1_245' title='bbox 2426 785 2658 840; x_wconf 89' lang='lat' dir='ltr'><em>quoque</em></span> <span class='ocrx_word' id='word_1_246' title='bbox 2677 767 3045 822; x_wconf 84' lang='lat' dir='ltr'><em>ofﬁcinarum</em></span> <span class='ocrx_word' id='word_1_247' title='bbox 3083 766 3337 819; x_wconf 90' lang='lat' dir='ltr'><em>omnium</em></span> <span class='ocrx_word' id='word_1_248' title='bbox 3360 768 3519 833; x_wconf 86' lang='lat' dir='ltr'><em>tecta,</em></span> <span class='ocrx_word' id='word_1_249' title='bbox 3541 766 3607 817; x_wconf 89' lang='lat' dir='ltr'><em>ita</em></span> <span class='ocrx_word' id='word_1_250' title='bbox 3642 766 3781 819; x_wconf 87' lang='lat' dir='ltr'><em>totius</em></span> 
     </span>
    </p>
   </div>
   <div class='ocr_carea' id='block_1_39' title="bbox 2189 853 3780 927">
    <p class='ocr_par' dir='ltr' id='par_1_39' title="bbox 2189 853 3780 927">
     <span class='ocr_line' id='line_1_39' title="bbox 2189 853 3780 927; baseline -0.004 -15"><span class='ocrx_word' id='word_1_251' title='bbox 2189 858 2261 912; x_wconf 91' lang='lat' dir='ltr'><em>ab</em></span> <span class='ocrx_word' id='word_1_252' title='bbox 2295 864 2410 911; x_wconf 83' lang='lat' dir='ltr'><em>imo</em></span> <span class='ocrx_word' id='word_1_253' title='bbox 2442 872 2631 927; x_wconf 90' lang='lat' dir='ltr'><em>usque</em></span> <span class='ocrx_word' id='word_1_254' title='bbox 2659 857 2731 909; x_wconf 87' lang='lat' dir='ltr'><em>ad</em></span> <span class='ocrx_word' id='word_1_255' title='bbox 2763 870 3058 909; x_wconf 86' lang='lat' dir='ltr'><em>summum</em></span> <span class='ocrx_word' id='word_1_256' title='bbox 3086 853 3300 907; x_wconf 84' lang='lat' dir='ltr'><em>montis</em></span> <span class='ocrx_word' id='word_1_257' title='bbox 3335 853 3548 919; x_wconf 88' lang='lat' dir='ltr'><em>itinera,</em></span> <span class='ocrx_word' id='word_1_258' title='bbox 3580 855 3641 917; x_wconf 87' lang='lat' dir='ltr'><em>et,</em></span> <span class='ocrx_word' id='word_1_259' title='bbox 3670 853 3780 923; x_wconf 90' lang='lat' dir='ltr'><em>quid</em></span> 
     </span>
    </p>
   </div>
   <div class='ocr_carea' id='block_1_40' title="bbox 2193 941 3782 1011">
    <p class='ocr_par' dir='ltr' id='par_1_40' title="bbox 2193 941 3782 1011">
     <span class='ocr_line' id='line_1_40' title="bbox 2193 941 3782 1011; baseline -0.003 -11"><span class='ocrx_word' id='word_1_260' title='bbox 2193 947 2423 1001; x_wconf 83' lang='lat' dir='ltr'><em>dicam?</em></span> <span class='ocrx_word' id='word_1_261' title='bbox 2468 946 2679 998; x_wconf 90' lang='lat' dir='ltr'><em>domus</em></span> <span class='ocrx_word' id='word_1_262' title='bbox 2724 944 2977 997; x_wconf 90' lang='lat' dir='ltr'><em>civitatis</em></span> <span class='ocrx_word' id='word_1_263' title='bbox 3006 957 3235 1011; x_wconf 89' lang='lat' dir='ltr'><em>omnes,</em></span> <span class='ocrx_word' id='word_1_264' title='bbox 3268 956 3573 1011; x_wconf 90' lang='lat' dir='ltr'><em>omnesque</em></span> <span class='ocrx_word' id='word_1_265' title='bbox 3601 941 3782 1010; x_wconf 69' lang='lat' dir='ltr'><em>plateae,</em></span> 
     </span>
    </p>
   </div>
   <div class='ocr_carea' id='block_1_41' title="bbox 2194 1027 3791 1105">
    <p class='ocr_par' dir='ltr' id='par_1_41' title="bbox 2194 1027 3791 1105">
     <span class='ocr_line' id='line_1_41' title="bbox 2194 1027 3791 1105; baseline -0.005 -16"><span class='ocrx_word' id='word_1_266' title='bbox 2194 1035 2385 1089; x_wconf 91' lang='lat' dir='ltr'><em>omnia</em></span> <span class='ocrx_word' id='word_1_267' title='bbox 2418 1034 2591 1088; x_wconf 88' lang='lat' dir='ltr'><em>etiam</em></span> <span class='ocrx_word' id='word_1_268' title='bbox 2622 1033 2798 1105; x_wconf 87' lang='lat' dir='ltr'><em>longe</em></span> <span class='ocrx_word' id='word_1_269' title='bbox 2834 1033 3065 1102; x_wconf 90' lang='lat' dir='ltr'><em>lateque</em></span> <span class='ocrx_word' id='word_1_270' title='bbox 3098 1045 3429 1100; x_wconf 89' lang='lat' dir='ltr'><em>camporum</em></span> <span class='ocrx_word' id='word_1_271' title='bbox 3458 1027 3791 1098; x_wconf 87' lang='lat' dir='ltr'><em>adjacentinm</em></span> 
     </span>
    </p>
   </div>
   <div class='ocr_carea' id='block_1_42' title="bbox 2196 1117 3789 1193">
    <p class='ocr_par' dir='ltr' id='par_1_42' title="bbox 2196 1117 3789 1193">
     <span class='ocr_line' id='line_1_42' title="bbox 2196 1117 3789 1193; baseline -0.004 -16"><span class='ocrx_word' id='word_1_272' title='bbox 2196 1125 2384 1193; x_wconf 87' lang='lat' dir='ltr'><em>spatia</em></span> <span class='ocrx_word' id='word_1_273' title='bbox 2429 1124 2931 1193; x_wconf 80' lang='lat' dir='ltr'><em>congregatarum</em></span> <span class='ocrx_word' id='word_1_274' title='bbox 2986 1120 3057 1173; x_wconf 89' lang='lat' dir='ltr'><em>ad</em></span> <span class='ocrx_word' id='word_1_275' title='bbox 3115 1123 3271 1173; x_wconf 89' lang='lat' dir='ltr'><em>tanta</em></span> <span class='ocrx_word' id='word_1_276' title='bbox 3319 1117 3589 1172; x_wconf 86' lang='lat' dir='ltr'><em>solemnia</em></span> <span class='ocrx_word' id='word_1_277' title='bbox 3627 1119 3789 1171; x_wconf 86' lang='lat' dir='ltr'><em>cuneis</em></span> 
     </span>
    </p>
   </div>
   <div class='ocr_carea' id='block_1_43' title="bbox 2196 1205 3793 1281">
    <p class='ocr_par' dir='ltr' id='par_1_43' title="bbox 2196 1205 3793 1281">
     <span class='ocr_line' id='line_1_43' title="bbox 2196 1205 3793 1281; baseline -0.006 -16"><span class='ocrx_word' id='word_1_278' title='bbox 2196 1213 2406 1281; x_wconf 88' lang='lat' dir='ltr'><em>stipata</em></span> <span class='ocrx_word' id='word_1_279' title='bbox 2435 1213 2601 1264; x_wconf 90' lang='lat' dir='ltr'><em>erant</em></span> <span class='ocrx_word' id='word_1_280' title='bbox 2621 1212 2795 1280; x_wconf 88' lang='lat' dir='ltr'><em>atque</em></span> <span class='ocrx_word' id='word_1_281' title='bbox 2827 1208 3110 1262; x_wconf 84' lang='lat' dir='ltr'><em>conferta.</em></span> <span class='ocrx_word' id='word_1_282' title='bbox 3134 1208 3461 1277; x_wconf 82' lang='lat' dir='ltr'><em>Apparatus</em></span> <span class='ocrx_word' id='word_1_283' title='bbox 3481 1205 3692 1271; x_wconf 85' lang='lat' dir='ltr'><em>interea,</em></span> <span class='ocrx_word' id='word_1_284' title='bbox 3711 1220 3793 1273; x_wconf 87' lang='lat' dir='ltr'><em>per</em></span> 
     </span>
    </p>
   </div>
   <div class='ocr_carea' id='block_1_44' title="bbox 2195 1292 3795 1367">
    <p class='ocr_par' dir='ltr' id='par_1_44' title="bbox 2195 1292 3795 1367">
     <span class='ocr_line' id='line_1_44' title="bbox 2195 1292 3795 1367; baseline -0.005 -13"><span class='ocrx_word' id='word_1_285' title='bbox 2195 1304 2319 1354; x_wconf 89' lang='lat' dir='ltr'><em>tres</em></span> <span class='ocrx_word' id='word_1_286' title='bbox 2342 1299 2477 1353; x_wconf 90' lang='lat' dir='ltr'><em>illos</em></span> <span class='ocrx_word' id='word_1_287' title='bbox 2502 1300 2814 1353; x_wconf 88' lang='lat' dir='ltr'><em>continuos</em></span> <span class='ocrx_word' id='word_1_288' title='bbox 2837 1298 2965 1351; x_wconf 91' lang='lat' dir='ltr'><em>dies</em></span> <span class='ocrx_word' id='word_1_289' title='bbox 2986 1296 3393 1367; x_wconf 87' lang='lat' dir='ltr'><em>praecedentes</em></span> <span class='ocrx_word' id='word_1_290' title='bbox 3411 1309 3474 1347; x_wconf 90' lang='lat' dir='ltr'><em>ac</em></span> <span class='ocrx_word' id='word_1_291' title='bbox 3493 1292 3795 1363; x_wconf 86' lang='lat' dir='ltr'><em>subsequen-</em></span> 
     </span>
    </p>
   </div>
   <div class='ocr_carea' id='block_1_45' title="bbox 2195 1382 3793 1455">
    <p class='ocr_par' dir='ltr' id='par_1_45' title="bbox 2195 1382 3793 1455">
     <span class='ocr_line' id='line_1_45' title="bbox 2195 1382 3793 1455; baseline -0.006 -12"><span class='ocrx_word' id='word_1_292' title='bbox 2195 1393 2288 1443; x_wconf 90' lang='lat' dir='ltr'><em>tes</em></span> <span class='ocrx_word' id='word_1_293' title='bbox 2307 1388 2571 1442; x_wconf 88' lang='lat' dir='ltr'><em>eamdem</em></span> <span class='ocrx_word' id='word_1_294' title='bbox 2601 1386 3049 1455; x_wconf 88' lang='lat' dir='ltr'><em>solemnitatem,</em></span> <span class='ocrx_word' id='word_1_295' title='bbox 3082 1384 3142 1438; x_wconf 91' lang='lat' dir='ltr'><em>in</em></span> <span class='ocrx_word' id='word_1_296' title='bbox 3159 1400 3309 1454; x_wconf 89' lang='lat' dir='ltr'><em>pane</em></span> <span class='ocrx_word' id='word_1_297' title='bbox 3327 1382 3582 1436; x_wconf 89' lang='lat' dir='ltr'><em>videlicet</em></span> <span class='ocrx_word' id='word_1_298' title='bbox 3598 1397 3656 1434; x_wconf 86' lang='lat' dir='ltr'><em>ac</em></span> <span class='ocrx_word' id='word_1_299' title='bbox 3671 1382 3793 1448; x_wconf 84' lang='lat' dir='ltr'><em>vino,</em></span> 
     </span>
    </p>
   </div>
   <div class='ocr_carea' id='block_1_46' title="bbox 2199 1468 3793 1545">
    <p class='ocr_par' dir='ltr' id='par_1_46' title="bbox 2199 1468 3793 1545">
     <span class='ocr_line' id='line_1_46' title="bbox 2199 1468 3793 1545; baseline -0.005 -15"><span class='ocrx_word' id='word_1_300' title='bbox 2199 1476 2581 1545; x_wconf 89' lang='lat' dir='ltr'><em>carninmque</em></span> <span class='ocrx_word' id='word_1_301' title='bbox 2625 1475 2997 1528; x_wconf 89' lang='lat' dir='ltr'><em>diversarum</em></span> <span class='ocrx_word' id='word_1_302' title='bbox 3034 1489 3101 1526; x_wconf 87' lang='lat' dir='ltr'><em>ac</em></span> <span class='ocrx_word' id='word_1_303' title='bbox 3142 1471 3394 1543; x_wconf 89' lang='lat' dir='ltr'><em>piscium</em></span> <span class='ocrx_word' id='word_1_304' title='bbox 3437 1468 3793 1538; x_wconf 84' lang='lat' dir='ltr'><em>multiplicitate</em></span> 
     </span>
    </p>
   </div>
   <div class='ocr_carea' id='block_1_47' title="bbox 2195 1557 3800 1633">
    <p class='ocr_par' dir='ltr' id='par_1_47' title="bbox 2195 1557 3800 1633">
     <span class='ocr_line' id='line_1_47' title="bbox 2195 1557 3800 1633; baseline -0.006 -14"><span class='ocrx_word' id='word_1_305' title='bbox 2195 1564 2341 1619; x_wconf 86' lang='lat' dir='ltr'><em>adeo</em></span> <span class='ocrx_word' id='word_1_306' title='bbox 2373 1567 2464 1618; x_wconf 90' lang='lat' dir='ltr'><em>est</em></span> <span class='ocrx_word' id='word_1_307' title='bbox 2493 1563 2775 1633; x_wconf 91' lang='lat' dir='ltr'><em>copiosus</em></span> <span class='ocrx_word' id='word_1_308' title='bbox 2799 1562 3117 1631; x_wconf 83' lang='lat' dir='ltr'><em>exhibitus,</em></span> <span class='ocrx_word' id='word_1_309' title='bbox 3141 1563 3201 1616; x_wconf 91' lang='lat' dir='ltr'><em>ut</em></span> <span class='ocrx_word' id='word_1_310' title='bbox 3222 1559 3421 1615; x_wconf 89' lang='lat' dir='ltr'><em>nullus</em></span> <span class='ocrx_word' id='word_1_311' title='bbox 3437 1558 3552 1613; x_wconf 86' lang='lat' dir='ltr'><em>fere</em></span> <span class='ocrx_word' id='word_1_312' title='bbox 3567 1557 3800 1627; x_wconf 86' lang='lat' dir='ltr'><em>aliquisin</em></span> 
     </span>
    </p>
   </div>
   <div class='ocr_carea' id='block_1_48' title="bbox 2201 1645 3795 1720">
    <p class='ocr_par' dir='ltr' id='par_1_48' title="bbox 2201 1645 3795 1720">
     <span class='ocr_line' id='line_1_48' title="bbox 2201 1645 3795 1720; baseline -0.006 -13"><span class='ocrx_word' id='word_1_313' title='bbox 2201 1654 2319 1707; x_wconf 91' lang='lat' dir='ltr'><em>tam</em></span> <span class='ocrx_word' id='word_1_314' title='bbox 2341 1653 2651 1706; x_wconf 88' lang='lat' dir='ltr'><em>innumera</em></span> <span class='ocrx_word' id='word_1_315' title='bbox 2688 1650 3077 1719; x_wconf 89' lang='lat' dir='ltr'><em>multitudine,</em></span> <span class='ocrx_word' id='word_1_316' title='bbox 3113 1650 3212 1720; x_wconf 93' lang='lat' dir='ltr'><em>qui</em></span> <span class='ocrx_word' id='word_1_317' title='bbox 3239 1665 3358 1703; x_wconf 90' lang='lat' dir='ltr'><em>non</em></span> <span class='ocrx_word' id='word_1_318' title='bbox 3394 1663 3458 1701; x_wconf 91' lang='lat' dir='ltr'><em>se</em></span> <span class='ocrx_word' id='word_1_319' title='bbox 3492 1645 3795 1700; x_wconf 79' lang='lat' dir='ltr'><em>sufﬁcienter</em></span> 
     </span>
    </p>
   </div>
   <div class='ocr_carea' id='block_1_49' title="bbox 2202 1734 3804 1809">
    <p class='ocr_par' dir='ltr' id='par_1_49' title="bbox 2202 1734 3804 1809">
     <span class='ocr_line' id='line_1_49' title="bbox 2202 1734 3804 1809; baseline -0.004 -15"><span class='ocrx_word' id='word_1_320' title='bbox 2202 1741 2333 1795; x_wconf 84' lang='lat' dir='ltr'><em>haec</em></span> <span class='ocrx_word' id='word_1_321' title='bbox 2362 1740 2673 1809; x_wconf 89' lang='lat' dir='ltr'><em>accepisse</em></span> <span class='ocrx_word' id='word_1_322' title='bbox 2698 1738 2928 1805; x_wconf 84' lang='lat' dir='ltr'><em>dixerit,</em></span> <span class='ocrx_word' id='word_1_323' title='bbox 2961 1738 3213 1808; x_wconf 85' lang='lat' dir='ltr'><em>potuerit</em></span> <span class='ocrx_word' id='word_1_324' title='bbox 3243 1736 3507 1806; x_wconf 89' lang='lat' dir='ltr'><em>reperiri.</em></span> <span class='ocrx_word' id='word_1_325' title='bbox 3538 1734 3804 1788; x_wconf 76' lang='lat' dir='ltr'><em>Intermere</em></span> 
     </span>
    </p>
   </div>
   <div class='ocr_carea' id='block_1_50' title="bbox 2199 1823 3798 1900">
    <p class='ocr_par' dir='ltr' id='par_1_50' title="bbox 2199 1823 3798 1900">
     <span class='ocr_line' id='line_1_50' title="bbox 2199 1823 3798 1900; baseline -0.006 -17"><span class='ocrx_word' id='word_1_326' title='bbox 2199 1830 2396 1900; x_wconf 89' lang='lat' dir='ltr'><em>itaque</em></span> <span class='ocrx_word' id='word_1_327' title='bbox 2427 1832 2603 1882; x_wconf 83' lang='lat' dir='ltr'><em>tantae</em></span> <span class='ocrx_word' id='word_1_328' title='bbox 2640 1831 2779 1882; x_wconf 88' lang='lat' dir='ltr'><em>tunc</em></span> <span class='ocrx_word' id='word_1_329' title='bbox 2821 1827 3143 1881; x_wconf 89' lang='lat' dir='ltr'><em>celebritati</em></span> <span class='ocrx_word' id='word_1_330' title='bbox 3173 1824 3597 1894; x_wconf 85' lang='lat' dir='ltr'><em>archiepiscOpi</em></span> <span class='ocrx_word' id='word_1_331' title='bbox 3624 1823 3798 1886; x_wconf 88' lang='lat' dir='ltr'><em>decem,</em></span> 
     </span>
    </p>
   </div>
   <div class='ocr_carea' id='block_1_51' title="bbox 2200 1910 3804 1987">
    <p class='ocr_par' dir='ltr' id='par_1_51' title="bbox 2200 1910 3804 1987">
     <span class='ocr_line' id='line_1_51' title="bbox 2200 1910 3804 1987; baseline -0.006 -15"><span class='ocrx_word' id='word_1_332' title='bbox 2200 1919 2257 1972; x_wconf 92' lang='lat' dir='ltr'><em>id</em></span> <span class='ocrx_word' id='word_1_333' title='bbox 2277 1921 2388 1987; x_wconf 90' lang='lat' dir='ltr'><em>est,</em></span> <span class='ocrx_word' id='word_1_334' title='bbox 2411 1916 2861 1972; x_wconf 87' lang='lat' dir='ltr'><em>Hildebrandus</em></span> <span class='ocrx_word' id='word_1_335' title='bbox 2880 1916 3214 1985; x_wconf 82' lang='lat' dir='ltr'><em>Capuanus,</em></span> <span class='ocrx_word' id='word_1_336' title='bbox 3237 1914 3543 1985; x_wconf 83' lang='lat' dir='ltr'><em>Alphanus</em></span> <span class='ocrx_word' id='word_1_337' title='bbox 3557 1910 3804 1965; x_wconf 84' lang='lat' dir='ltr'><em>Salernita-</em></span> 
     </span>
    </p>
   </div>
   <div class='ocr_carea' id='block_1_52' title="bbox 2200 1999 3802 2085">
    <p class='ocr_par' dir='ltr' id='par_1_52' title="bbox 2200 1999 3802 2085">
     <span class='ocr_line' id='line_1_52' title="bbox 2200 1999 3802 2085; baseline -0.007 -25"><span class='ocrx_word' id='word_1_338' title='bbox 2200 2022 2336 2077; x_wconf 91' lang='lat' dir='ltr'><em>nus,</em></span> <span class='ocrx_word' id='word_1_339' title='bbox 2378 2006 2638 2060; x_wconf 82' lang='lat' dir='ltr'><em>Joannes</em></span> <span class='ocrx_word' id='word_1_340' title='bbox 2679 2005 3122 2075; x_wconf 87' lang='lat' dir='ltr'><em>Neapolitanus,</em></span> <span class='ocrx_word' id='word_1_341' title='bbox 3164 2004 3426 2059; x_wconf 84' lang='lat' dir='ltr'><em>Joannes</em></span> <span class='ocrx_word' id='word_1_342' title='bbox 3464 1999 3802 2085; x_wconf 52' lang='lat' dir='ltr'><em>Surr&#39;entinus,</em></span> 
     </span>
    </p>
   </div>
   <div class='ocr_carea' id='block_1_53' title="bbox 2198 2087 3805 2162">
    <p class='ocr_par' dir='ltr' id='par_1_53' title="bbox 2198 2087 3805 2162">
     <span class='ocr_line' id='line_1_53' title="bbox 2198 2087 3805 2162; baseline -0.006 -14"><span class='ocrx_word' id='word_1_343' title='bbox 2198 2094 2610 2162; x_wconf 86' lang='lat' dir='ltr'><em>Amalﬁtanus,</em></span> <span class='ocrx_word' id='word_1_344' title='bbox 2635 2093 2931 2147; x_wconf 86' lang='lat' dir='ltr'><em>Girardns</em></span> <span class='ocrx_word' id='word_1_345' title='bbox 2942 2092 3313 2162; x_wconf 88' lang='lat' dir='ltr'><em>Sipontinus,</em></span> <span class='ocrx_word' id='word_1_346' title='bbox 3335 2090 3644 2152; x_wconf 85' lang='lat' dir='ltr'><em>Bisantius,</em></span> <span class='ocrx_word' id='word_1_347' title='bbox 3662 2087 3805 2140; x_wconf 86' lang='lat' dir='ltr'><em>Tran-</em></span> 
     </span>
    </p>
   </div>
   <div class='ocr_carea' id='block_1_54' title="bbox 2201 2176 3809 2252">
    <p class='ocr_par' dir='ltr' id='par_1_54' title="bbox 2201 2176 3809 2252">
     <span class='ocr_line' id='line_1_54' title="bbox 2201 2176 3809 2252; baseline -0.007 -14"><span class='ocrx_word' id='word_1_348' title='bbox 2201 2183 2354 2238; x_wconf 86' lang='lat' dir='ltr'><em>disis</em></span> <span class='ocrx_word' id='word_1_349' title='bbox 2376 2182 2769 2252; x_wconf 88' lang='lat' dir='ltr'><em>(Tranensis),</em></span> <span class='ocrx_word' id='word_1_350' title='bbox 2800 2180 3110 2235; x_wconf 87' lang='lat' dir='ltr'><em>Arnaldus</em></span> <span class='ocrx_word' id='word_1_351' title='bbox 3126 2179 3520 2234; x_wconf 89' lang='lat' dir='ltr'><em>Acerentinus</em></span> <span class='ocrx_word' id='word_1_352' title='bbox 3549 2176 3809 2245; x_wconf 83' lang='lat' dir='ltr'><em>(Acherun-</em></span> 
     </span>
    </p>
   </div>
   <div class='ocr_carea' id='block_1_55' title="bbox 2202 2263 3809 2340">
    <p class='ocr_par' dir='ltr' id='par_1_55' title="bbox 2202 2263 3809 2340">
     <span class='ocr_line' id='line_1_55' title="bbox 2202 2263 3809 2340; baseline -0.006 -15"><span class='ocrx_word' id='word_1_353' title='bbox 2202 2272 2407 2340; x_wconf 87' lang='lat' dir='ltr'><em>tinus),</em></span> <span class='ocrx_word' id='word_1_354' title='bbox 2447 2271 2570 2340; x_wconf 85' lang='lat' dir='ltr'><em>Ugo</em></span> <span class='ocrx_word' id='word_1_355' title='bbox 2600 2270 2988 2338; x_wconf 88' lang='lat' dir='ltr'><em>Ydruntinus,</em></span> <span class='ocrx_word' id='word_1_356' title='bbox 3021 2268 3340 2323; x_wconf 87' lang='lat' dir='ltr'><em>Oiretanus</em></span> <span class='ocrx_word' id='word_1_357' title='bbox 3370 2267 3459 2336; x_wconf 67' lang='lat' dir='ltr'><em>(ll,</em></span> <span class='ocrx_word' id='word_1_358' title='bbox 3492 2263 3747 2334; x_wconf 81' lang='lat' dir='ltr'><em>Oristagni</em></span> <span class='ocrx_word' id='word_1_359' title='bbox 3768 2263 3809 2314; x_wconf 93' lang='lat' dir='ltr'><em>in</em></span> 
     </span>
    </p>
   </div>
   <div class='ocr_carea' id='block_1_56' title="bbox 2205 2351 3810 2429">
    <p class='ocr_par' dir='ltr' id='par_1_56' title="bbox 2205 2351 3810 2429">
     <span class='ocr_line' id='line_1_56' title="bbox 2205 2351 3810 2429; baseline -0.007 -15"><span class='ocrx_word' id='word_1_360' title='bbox 2205 2358 2518 2427; x_wconf 88' lang='lat' dir='ltr'><em>Sardinia).</em></span> <span class='ocrx_word' id='word_1_361' title='bbox 2571 2358 2853 2428; x_wconf 90' lang='lat' dir='ltr'><em>Episcopi</em></span> <span class='ocrx_word' id='word_1_362' title='bbox 2881 2363 3074 2412; x_wconf 89' lang='lat' dir='ltr'><em>autem</em></span> <span class='ocrx_word' id='word_1_363' title='bbox 3120 2357 3512 2429; x_wconf 84' lang='lat' dir='ltr'><em>quadraginta</em></span> <span class='ocrx_word' id='word_1_364' title='bbox 3543 2357 3595 2408; x_wconf 89' lang='lat' dir='ltr'><em>et</em></span> <span class='ocrx_word' id='word_1_365' title='bbox 3628 2358 3745 2419; x_wconf 88' lang='lat' dir='ltr'><em>tres,</em></span> <span class='ocrx_word' id='word_1_366' title='bbox 3770 2351 3810 2402; x_wconf 89' lang='lat' dir='ltr'><em>id</em></span> 
     </span>
    </p>
   </div>
   <div class='ocr_carea' id='block_1_57' title="bbox 2206 2439 3811 2517">
    <p class='ocr_par' dir='ltr' id='par_1_57' title="bbox 2206 2439 3811 2517">
     <span class='ocr_line' id='line_1_57' title="bbox 2206 2439 3811 2517; baseline -0.007 -15"><span class='ocrx_word' id='word_1_367' title='bbox 2206 2450 2320 2517; x_wconf 90' lang='lat' dir='ltr'><em>est,</em></span> <span class='ocrx_word' id='word_1_368' title='bbox 2363 2448 2622 2502; x_wconf 86' lang='lat' dir='ltr'><em>Joannes</em></span> <span class='ocrx_word' id='word_1_369' title='bbox 2666 2446 3040 2515; x_wconf 86' lang='lat' dir='ltr'><em>Portuensis,</em></span> <span class='ocrx_word' id='word_1_370' title='bbox 3084 2446 3351 2500; x_wconf 82' lang='lat' dir='ltr'><em>Joannes</em></span> <span class='ocrx_word' id='word_1_371' title='bbox 3392 2439 3811 2506; x_wconf 86' lang='lat' dir='ltr'><em>Tusculanensis,</em></span> 
     </span>
    </p>
   </div>
   <div class='ocr_carea' id='block_1_58' title="bbox 2213 2528 3815 2603">
    <p class='ocr_par' dir='ltr' id='par_1_58' title="bbox 2213 2528 3815 2603">
     <span class='ocr_line' id='line_1_58' title="bbox 2213 2528 3815 2603; baseline -0.007 -13"><span class='ocrx_word' id='word_1_372' title='bbox 2213 2535 2477 2590; x_wconf 86' lang='lat' dir='ltr'><em>Ubaldus</em></span> <span class='ocrx_word' id='word_1_373' title='bbox 2523 2534 2894 2602; x_wconf 88' lang='lat' dir='ltr'><em>Savinensis,</em></span> <span class='ocrx_word' id='word_1_374' title='bbox 2943 2534 3237 2587; x_wconf 87' lang='lat' dir='ltr'><em>Erasmus</em></span> <span class='ocrx_word' id='word_1_375' title='bbox 3284 2533 3597 2603; x_wconf 87' lang='lat' dir='ltr'><em>Segninus,</em></span> <span class='ocrx_word' id='word_1_376' title='bbox 3643 2528 3815 2582; x_wconf 84' lang='lat' dir='ltr'><em>Petrus</em></span> 
     </span>
    </p>
   </div>
   <div class='ocr_carea' id='block_1_59' title="bbox 2205 2616 3813 2694">
    <p class='ocr_par' dir='ltr' id='par_1_59' title="bbox 2205 2616 3813 2694">
     <span class='ocr_line' id='line_1_59' title="bbox 2205 2616 3813 2694; baseline -0.006 -16"><span class='ocrx_word' id='word_1_377' title='bbox 2205 2624 2580 2694; x_wconf 83' lang='lat' dir='ltr'><em>Anagninus,</em></span> <span class='ocrx_word' id='word_1_378' title='bbox 2601 2621 2899 2677; x_wconf 81' lang='lat' dir='ltr'><em>Honestas</em></span> <span class='ocrx_word' id='word_1_379' title='bbox 2917 2622 3273 2688; x_wconf 88' lang='lat' dir='ltr'><em>Berulanus,</em></span> <span class='ocrx_word' id='word_1_380' title='bbox 3294 2620 3638 2675; x_wconf 86' lang='lat' dir='ltr'><em>Ambrosius</em></span> <span class='ocrx_word' id='word_1_381' title='bbox 3654 2616 3813 2670; x_wconf 81' lang='lat' dir='ltr'><em>Tem-</em></span> 
     </span>
    </p>
   </div>
   <div class='ocr_carea' id='block_1_60' title="bbox 2208 2703 3814 2782">
    <p class='ocr_par' dir='ltr' id='par_1_60' title="bbox 2208 2703 3814 2782">
     <span class='ocr_line' id='line_1_60' title="bbox 2208 2703 3814 2782; baseline -0.009 -14"><span class='ocrx_word' id='word_1_382' title='bbox 2208 2713 2490 2776; x_wconf 88' lang='lat' dir='ltr'><em>cinensis,</em></span> <span class='ocrx_word' id='word_1_383' title='bbox 2518 2713 2636 2766; x_wconf 88' lang='lat' dir='ltr'><em>Leo</em></span> <span class='ocrx_word' id='word_1_384' title='bbox 2664 2710 3005 2782; x_wconf 55' lang='lat' dir='ltr'><em>Cirietanus,</em></span> <span class='ocrx_word' id='word_1_385' title='bbox 3029 2711 3338 2764; x_wconf 83' lang='lat' dir='ltr'><em>Martinus</em></span> <span class='ocrx_word' id='word_1_386' title='bbox 3360 2707 3712 2780; x_wconf 89' lang='lat' dir='ltr'><em>Aquinensis,</em></span> <span class='ocrx_word' id='word_1_387' title='bbox 3738 2703 3814 2755; x_wconf 83' lang='lat' dir='ltr'><em>Pa-</em></span> 
     </span>
    </p>
   </div>
   <div class='ocr_carea' id='block_1_61' title="bbox 2206 2790 3816 2866">
    <p class='ocr_par' dir='ltr' id='par_1_61' title="bbox 2206 2790 3816 2866">
     <span class='ocr_line' id='line_1_61' title="bbox 2206 2790 3816 2866; baseline -0.011 -8"><span class='ocrx_word' id='word_1_388' title='bbox 2206 2801 2440 2860; x_wconf 86' lang='lat' dir='ltr'><em>lumbus</em></span> <span class='ocrx_word' id='word_1_389' title='bbox 2469 2801 2756 2866; x_wconf 85' lang='lat' dir='ltr'><em>Soranus,</em></span> <span class='ocrx_word' id='word_1_390' title='bbox 2791 2799 3125 2854; x_wconf 86' lang='lat' dir='ltr'><em>Pandull‘us</em></span> <span class='ocrx_word' id='word_1_391' title='bbox 3145 2799 3541 2865; x_wconf 84' lang='lat' dir='ltr'><em>Marsicanus,</em></span> <span class='ocrx_word' id='word_1_392' title='bbox 3565 2790 3816 2848; x_wconf 84' lang='lat' dir='ltr'><em>Balvensis</em></span> 
     </span>
    </p>
   </div>
   <div class='ocr_carea' id='block_1_62' title="bbox 2206 2884 3816 2957">
    <p class='ocr_par' dir='ltr' id='par_1_62' title="bbox 2206 2884 3816 2957">
     <span class='ocr_line' id='line_1_62' title="bbox 2206 2884 3816 2957; baseline -0.007 -14"><span class='ocrx_word' id='word_1_393' title='bbox 2206 2889 2563 2957; x_wconf 87' lang='lat' dir='ltr'><em>Pennensis,</em></span> <span class='ocrx_word' id='word_1_394' title='bbox 2588 2888 2938 2943; x_wconf 84' lang='lat' dir='ltr'><em>Gnillelmns</em></span> <span class='ocrx_word' id='word_1_395' title='bbox 2949 2888 3304 2957; x_wconf 89' lang='lat' dir='ltr'><em>Teanensis,</em></span> <span class='ocrx_word' id='word_1_396' title='bbox 3319 2887 3572 2942; x_wconf 84' lang='lat' dir='ltr'><em>Joannes</em></span> <span class='ocrx_word' id='word_1_397' title='bbox 3584 2884 3816 2942; x_wconf 84' lang='lat' dir='ltr'><em>Casenus,</em></span> 
     </span>
    </p>
   </div>
   <div class='ocr_carea' id='block_1_63' title="bbox 2210 2965 3822 3043">
    <p class='ocr_par' dir='ltr' id='par_1_63' title="bbox 2210 2965 3822 3043">
     <span class='ocr_line' id='line_1_63' title="bbox 2210 2965 3822 3043; baseline -0.009 -10"><span class='ocrx_word' id='word_1_398' title='bbox 2210 2977 2622 3043; x_wconf 84' lang='lat' dir='ltr'><em>Rossellanus,</em></span> <span class='ocrx_word' id='word_1_399' title='bbox 2656 2975 2963 3032; x_wconf 77' lang='lat' dir='ltr'><em>Goll&#39;ridus</em></span> <span class='ocrx_word' id='word_1_400' title='bbox 2989 2978 3361 3043; x_wconf 89' lang='lat' dir='ltr'><em>Aversanus,</em></span> <span class='ocrx_word' id='word_1_401' title='bbox 3396 2974 3663 3038; x_wconf 90' lang='lat' dir='ltr'><em>Nolanus,</em></span> <span class='ocrx_word' id='word_1_402' title='bbox 3692 2965 3822 3021; x_wconf 81' lang='lat' dir='ltr'><em>Avel-</em></span> 
     </span>
    </p>
   </div>
   <div class='ocr_carea' id='block_1_64' title="bbox 2208 3058 3815 3136">
    <p class='ocr_par' dir='ltr' id='par_1_64' title="bbox 2208 3058 3815 3136">
     <span class='ocr_line' id='line_1_64' title="bbox 2208 3058 3815 3136; baseline -0.008 -15"><span class='ocrx_word' id='word_1_403' title='bbox 2208 3066 2481 3134; x_wconf 89' lang='lat' dir='ltr'><em>linensis,</em></span> <span class='ocrx_word' id='word_1_404' title='bbox 2508 3065 2819 3120; x_wconf 76' lang='lat' dir='ltr'><em>Mai-aldus</em></span> <span class='ocrx_word' id='word_1_405' title='bbox 2847 3066 3163 3133; x_wconf 87' lang='lat' dir='ltr'><em>Pestanus,</em></span> <span class='ocrx_word' id='word_1_406' title='bbox 3189 3064 3531 3136; x_wconf 81' lang='lat' dir='ltr'><em>Stephanus</em></span> <span class='ocrx_word' id='word_1_407' title='bbox 3556 3058 3815 3129; x_wconf 83' lang='lat' dir='ltr'><em>Trojanus,</em></span> 
     </span>
    </p>
   </div>
   <div class='ocr_carea' id='block_1_65' title="bbox 2149 3147 3821 3221">
    <p class='ocr_par' dir='ltr' id='par_1_65' title="bbox 2149 3147 3821 3221">
     <span class='ocr_line' id='line_1_65' title="bbox 2149 3147 3821 3221; baseline -0.009 -12"><span class='ocrx_word' id='word_1_408' title='bbox 2149 3188 2159 3221; x_wconf 66' lang='grc' dir='ltr'><em>ς</em></span> <span class='ocrx_word' id='word_1_409' title='bbox 2213 3155 2511 3209; x_wconf 80' lang='lat' dir='ltr'><em>Bobertus</em></span> <span class='ocrx_word' id='word_1_410' title='bbox 2540 3153 3032 3221; x_wconf 88' lang='lat' dir='ltr'><em>Florentinensis,</em></span> <span class='ocrx_word' id='word_1_411' title='bbox 3082 3152 3443 3219; x_wconf 85' lang='lat' dir='ltr'><em>Melﬁtanus,</em></span> <span class='ocrx_word' id='word_1_412' title='bbox 3493 3147 3821 3207; x_wconf 87' lang='lat' dir='ltr'><em>Luccerinus,</em></span> 
     </span>
    </p>
   </div>
   <div class='ocr_carea' id='block_1_66' title="bbox 438 3208 3827 3314">
    <p class='ocr_par' dir='ltr' id='par_1_66' title="bbox 438 3208 3827 3314">
     <span class='ocr_line' id='line_1_66' title="bbox 438 3208 3827 3314; baseline 0.001 -36"><span class='ocrx_word' id='word_1_413' title='bbox 438 3208 509 3262; x_wconf 70' lang='lat' dir='ltr'><em>ad</em></span> <span class='ocrx_word' id='word_1_414' title='bbox 540 3225 719 3314; x_wconf 42' lang='grc' dir='ltr'><em>ιιῐξιξιω</em></span> <span class='ocrx_word' id='word_1_415' title='bbox 750 3211 1085 3314; x_wconf 57' lang='grc' dir='ltr'><em>Ρθνίτηῇηίίν</em></span> <span class='ocrx_word' id='word_1_416' title='bbox 1133 3215 1308 3314; x_wconf 57' lang='grc' dir='ltr'><em>ίῼίθῐξι</em></span> <span class='ocrx_word' id='word_1_417' title='bbox 1350 3215 1617 3314; x_wconf 32' lang='lat' dir='ltr'><em>“Sili-0&#39;?</em></span> <span class='ocrx_word' id='word_1_418' title='bbox 1649 3217 1867 3314; x_wconf 50' lang='grc' dir='ltr'><em>ξθίξίθξη</em></span> <span class='ocrx_word' id='word_1_419' title='bbox 1907 3236 2101 3314; x_wconf 52' lang='lat' dir='ltr'><em>gypso</em></span> <span class='ocrx_word' id='word_1_420' title='bbox 2129 3218 2174 3278; x_wconf 59' lang='grc' dir='ltr'><em>(ἶ</em></span> <span class='ocrx_word' id='word_1_421' title='bbox 2214 3243 2427 3314; x_wconf 79' lang='lat' dir='ltr'><em>Campo</em></span> <span class='ocrx_word' id='word_1_422' title='bbox 2443 3208 3672 3312; x_wconf 69' lang='lat' dir='ltr'><em>Draconariensis,FlogeriusCivitatensis,</em></span> <span class='ocrx_word' id='word_1_423' title='bbox 3694 3232 3827 3287; x_wconf 81' lang='lat' dir='ltr'><em>Nico-</em></span> 
     </span>
    </p>
   </div>
   <div class='ocr_carea' id='block_1_67' title="bbox 436 3298 2104 3372">
    <p class='ocr_par' dir='ltr' id='par_1_67' title="bbox 436 3298 2104 3372">
     <span class='ocr_line' id='line_1_67' title="bbox 436 3298 2104 3372; baseline 0.007 -22"><span class='ocrx_word' id='word_1_424' title='bbox 436 3298 645 3352; x_wconf 88' lang='lat' dir='ltr'><em>vestiri</em></span> <span class='ocrx_word' id='word_1_425' title='bbox 668 3341 681 3368; x_wconf 97' lang='lat'><em>,</em></span> <span class='ocrx_word' id='word_1_426' title='bbox 714 3314 891 3353; x_wconf 89' lang='lat' dir='ltr'><em>arcus</em></span> <span class='ocrx_word' id='word_1_427' title='bbox 915 3299 1082 3353; x_wconf 90' lang='lat' dir='ltr'><em>etiam</em></span> <span class='ocrx_word' id='word_1_428' title='bbox 1117 3300 1389 3372; x_wconf 82' lang='lat' dir='ltr'><em>ejusdem</em></span> <span class='ocrx_word' id='word_1_429' title='bbox 1410 3306 1690 3360; x_wconf 90' lang='lat' dir='ltr'><em>vestibuli</em></span> <span class='ocrx_word' id='word_1_430' title='bbox 1720 3306 1791 3361; x_wconf 92' lang='lat' dir='ltr'><em>de</em></span> <span class='ocrx_word' id='word_1_431' title='bbox 1810 3308 1956 3363; x_wconf 88' lang='lat' dir='ltr'><em>foris</em></span> <span class='ocrx_word' id='word_1_432' title='bbox 1976 3324 2104 3361; x_wconf 90' lang='lat' dir='ltr'><em>mu-</em></span> 
     </span>
    </p>
   </div>
   <div class='ocr_carea' id='block_1_68' title="bbox 440 3386 2105 3465">
    <p class='ocr_par' dir='ltr' id='par_1_68' title="bbox 440 3386 2105 3465">
     <span class='ocr_line' id='line_1_68' title="bbox 440 3386 2105 3465; baseline 0.007 -27"><span class='ocrx_word' id='word_1_433' title='bbox 440 3386 571 3440; x_wconf 89' lang='lat' dir='ltr'><em>sivo</em></span> <span class='ocrx_word' id='word_1_434' title='bbox 594 3386 978 3442; x_wconf 88' lang='lat' dir='ltr'><em>nihilominus</em></span> <span class='ocrx_word' id='word_1_435' title='bbox 998 3390 1283 3460; x_wconf 88' lang='lat' dir='ltr'><em>vestiens,</em></span> <span class='ocrx_word' id='word_1_436' title='bbox 1311 3408 1531 3448; x_wconf 86' lang='lat' dir='ltr'><em>versus</em></span> <span class='ocrx_word' id='word_1_437' title='bbox 1549 3394 1727 3450; x_wconf 89' lang='lat' dir='ltr'><em>Marci</em></span> <span class='ocrx_word' id='word_1_438' title='bbox 1752 3400 1939 3465; x_wconf 84' lang='lat' dir='ltr'><em>poetae</em></span> <span class='ocrx_word' id='word_1_439' title='bbox 1961 3398 2105 3452; x_wconf 91' lang='lat' dir='ltr'><em>inibi</em></span> 
     </span>
    </p>
   </div>
   <div class='ocr_carea' id='block_1_69' title="bbox 441 3474 2103 3556">
    <p class='ocr_par' dir='ltr' id='par_1_69' title="bbox 441 3474 2103 3556">
     <span class='ocr_line' id='line_1_69' title="bbox 441 3474 2103 3556; baseline 0.01 -30"><span class='ocrx_word' id='word_1_440' title='bbox 441 3474 873 3529; x_wconf 90' lang='lat' dir='ltr'><em>aureislitteris</em></span> <span class='ocrx_word' id='word_1_441' title='bbox 904 3476 1164 3545; x_wconf 88' lang='lat' dir='ltr'><em>scripsit.</em></span> <span class='ocrx_word' id='word_1_442' title='bbox 1190 3478 1472 3549; x_wconf 82' lang='lat' dir='ltr'><em>Reliquas</em></span> <span class='ocrx_word' id='word_1_443' title='bbox 1501 3497 1644 3536; x_wconf 89' lang='lat' dir='ltr'><em>vero</em></span> <span class='ocrx_word' id='word_1_444' title='bbox 1677 3487 1797 3537; x_wconf 87' lang='lat' dir='ltr'><em>tres</em></span> <span class='ocrx_word' id='word_1_445' title='bbox 1827 3486 2103 3556; x_wconf 89' lang='lat' dir='ltr'><em>atriipar-</em></span> 
     </span>
    </p>
   </div>
   <div class='ocr_carea' id='block_1_70' title="bbox 437 3562 2103 3650">
    <p class='ocr_par' dir='ltr' id='par_1_70' title="bbox 437 3562 2103 3650">
     <span class='ocr_line' id='line_1_70' title="bbox 437 3562 2103 3650; baseline 0.009 -35"><span class='ocrx_word' id='word_1_446' title='bbox 437 3564 530 3616; x_wconf 88' lang='lat' dir='ltr'><em>tes</em></span> <span class='ocrx_word' id='word_1_447' title='bbox 579 3562 859 3632; x_wconf 88' lang='lat' dir='ltr'><em>diversis,</em></span> <span class='ocrx_word' id='word_1_448' title='bbox 905 3567 1023 3618; x_wconf 90' lang='lat' dir='ltr'><em>tam</em></span> <span class='ocrx_word' id='word_1_449' title='bbox 1055 3566 1289 3621; x_wconf 88' lang='lat' dir='ltr'><em>Veteris</em></span> <span class='ocrx_word' id='word_1_450' title='bbox 1329 3584 1500 3638; x_wconf 88' lang='lat' dir='ltr'><em>quam</em></span> <span class='ocrx_word' id='word_1_451' title='bbox 1534 3571 1686 3625; x_wconf 87' lang='lat' dir='ltr'><em>Novi</em></span> <span class='ocrx_word' id='word_1_452' title='bbox 1726 3573 2103 3650; x_wconf 83' lang='lat' dir='ltr'><em>Testamenti,</em></span> 
     </span>
    </p>
   </div>
   <div class='ocr_carea' id='block_1_71' title="bbox 440 3649 2104 3734">
    <p class='ocr_par' dir='ltr' id='par_1_71' title="bbox 440 3649 2104 3734">
     <span class='ocr_line' id='line_1_71' title="bbox 440 3649 2104 3734; baseline 0.011 -30"><span class='ocrx_word' id='word_1_453' title='bbox 440 3649 709 3705; x_wconf 88' lang='lat' dir='ltr'><em>historiis</em></span> <span class='ocrx_word' id='word_1_454' title='bbox 756 3653 827 3707; x_wconf 88' lang='lat' dir='ltr'><em>ab</em></span> <span class='ocrx_word' id='word_1_455' title='bbox 876 3651 1031 3708; x_wconf 89' lang='lat' dir='ltr'><em>intus</em></span> <span class='ocrx_word' id='word_1_456' title='bbox 1063 3670 1131 3708; x_wconf 90' lang='lat' dir='ltr'><em>ac</em></span> <span class='ocrx_word' id='word_1_457' title='bbox 1175 3654 1399 3711; x_wconf 85' lang='lat' dir='ltr'><em>deforis</em></span> <span class='ocrx_word' id='word_1_458' title='bbox 1443 3658 1684 3732; x_wconf 86' lang='lat' dir='ltr'><em>depiugi</em></span> <span class='ocrx_word' id='word_1_459' title='bbox 1725 3649 2104 3734; x_wconf 66' lang='lat' dir='ltr'><em>praecipiens,</em></span> 
     </span>
    </p>
   </div>
   <div class='ocr_carea' id='block_1_72' title="bbox 445 3743 2108 3825">
    <p class='ocr_par' dir='ltr' id='par_1_72' title="bbox 445 3743 2108 3825">
     <span class='ocr_line' id='line_1_72' title="bbox 445 3743 2108 3825; baseline 0.01 -32"><span class='ocrx_word' id='word_1_460' title='bbox 445 3754 775 3796; x_wconf 87' lang='lat' dir='ltr'><em>marmoreo</em></span> <span class='ocrx_word' id='word_1_461' title='bbox 822 3743 1006 3796; x_wconf 88' lang='lat' dir='ltr'><em>totum</em></span> <span class='ocrx_word' id='word_1_462' title='bbox 1052 3744 1383 3813; x_wconf 88' lang='lat' dir='ltr'><em>pavimento</em></span> <span class='ocrx_word' id='word_1_463' title='bbox 1437 3750 1807 3820; x_wconf 87' lang='lat' dir='ltr'><em>constravit;</em></span> <span class='ocrx_word' id='word_1_464' title='bbox 1853 3752 2108 3825; x_wconf 89' lang='lat' dir='ltr'><em>desuper</em></span> 
     </span>
    </p>
   </div>
   <div class='ocr_carea' id='block_1_73' title="bbox 447 3829 2108 3908">
    <p class='ocr_par' dir='ltr' id='par_1_73' title="bbox 447 3829 2108 3908">
     <span class='ocr_line' id='line_1_73' title="bbox 447 3829 2108 3908; baseline 0.009 -25"><span class='ocrx_word' id='word_1_465' title='bbox 447 3831 641 3883; x_wconf 88' lang='lat' dir='ltr'><em>autem</em></span> <span class='ocrx_word' id='word_1_466' title='bbox 677 3829 1058 3902; x_wconf 88' lang='lat' dir='ltr'><em>laquearibus</em></span> <span class='ocrx_word' id='word_1_467' title='bbox 1087 3848 1157 3887; x_wconf 91' lang='lat' dir='ltr'><em>ac</em></span> <span class='ocrx_word' id='word_1_468' title='bbox 1185 3834 1405 3906; x_wconf 88' lang='lat' dir='ltr'><em>tegulis</em></span> <span class='ocrx_word' id='word_1_469' title='bbox 1436 3838 1771 3908; x_wconf 88' lang='lat' dir='ltr'><em>adoperuit;</em></span> <span class='ocrx_word' id='word_1_470' title='bbox 1813 3844 2108 3899; x_wconf 88' lang='lat' dir='ltr'><em>vestibulo</em></span> 
     </span>
    </p>
   </div>
   <div class='ocr_carea' id='block_1_74' title="bbox 448 3918 2111 4001">
    <p class='ocr_par' dir='ltr' id='par_1_74' title="bbox 448 3918 2111 4001">
     <span class='ocr_line' id='line_1_74' title="bbox 448 3918 2111 4001; baseline 0.009 -30"><span class='ocrx_word' id='word_1_471' title='bbox 448 3933 682 3989; x_wconf 90' lang='lat' dir='ltr'><em>quoque</em></span> <span class='ocrx_word' id='word_1_472' title='bbox 716 3918 987 3990; x_wconf 76' lang='lat' dir='ltr'><em>ejusdem</em></span> <span class='ocrx_word' id='word_1_473' title='bbox 1035 3921 1168 3975; x_wconf 88' lang='lat' dir='ltr'><em>atrii</em></span> <span class='ocrx_word' id='word_1_474' title='bbox 1211 3940 1342 3978; x_wconf 90' lang='lat' dir='ltr'><em>cum</em></span> <span class='ocrx_word' id='word_1_475' title='bbox 1389 3927 1643 3997; x_wconf 87' lang='lat' dir='ltr'><em>geminis</em></span> <span class='ocrx_word' id='word_1_476' title='bbox 1691 3929 1953 3985; x_wconf 90' lang='lat' dir='ltr'><em>turribus</em></span> <span class='ocrx_word' id='word_1_477' title='bbox 1985 3933 2111 4001; x_wconf 85' lang='lat' dir='ltr'><em>pari</em></span> 
     </span>
    </p>
   </div>
   <div class='ocr_carea' id='block_1_75' title="bbox 448 4007 1645 4082">
    <p class='ocr_par' dir='ltr' id='par_1_75' title="bbox 448 4007 1645 4082">
     <span class='ocr_line' id='line_1_75' title="bbox 448 4007 1645 4082; baseline 0.008 -20"><span class='ocrx_word' id='word_1_478' title='bbox 448 4007 622 4063; x_wconf 89' lang='lat' dir='ltr'><em>modo</em></span> <span class='ocrx_word' id='word_1_479' title='bbox 656 4008 907 4078; x_wconf 92' lang='lat' dir='ltr'><em>depicto,</em></span> <span class='ocrx_word' id='word_1_480' title='bbox 941 4014 1143 4082; x_wconf 89' lang='lat' dir='ltr'><em>operto</em></span> <span class='ocrx_word' id='word_1_481' title='bbox 1172 4028 1240 4067; x_wconf 89' lang='lat' dir='ltr'><em>ac</em></span> <span class='ocrx_word' id='word_1_482' title='bbox 1272 4019 1645 4072; x_wconf 89' lang='lat' dir='ltr'><em>marmorato.</em></span> 
     </span>
    </p>
   </div>
   <div class='ocr_carea' id='block_1_76' title="bbox 520 4116 2113 4194">
    <p class='ocr_par' dir='ltr' id='par_1_76' title="bbox 520 4116 2113 4194">
     <span class='ocr_line' id='line_1_76' title="bbox 520 4116 2113 4194; baseline 0.008 -24"><span class='ocrx_word' id='word_1_483' title='bbox 520 4116 850 4172; x_wconf 87' lang='lat' dir='ltr'><em>Dedicatur</em></span> <span class='ocrx_word' id='word_1_484' title='bbox 892 4134 923 4172; x_wconf 85' lang='lat' dir='ltr'><em>a</em></span> <span class='ocrx_word' id='word_1_485' title='bbox 955 4135 1213 4191; x_wconf 86' lang='lat' dir='ltr'><em>papa.—</em></span> <span class='ocrx_word' id='word_1_486' title='bbox 1260 4122 1370 4176; x_wconf 88' lang='lat' dir='ltr'><em>His</em></span> <span class='ocrx_word' id='word_1_487' title='bbox 1416 4123 1600 4194; x_wconf 82' lang='lat' dir='ltr'><em>igitur</em></span> <span class='ocrx_word' id='word_1_488' title='bbox 1639 4127 1913 4182; x_wconf 90' lang='lat' dir='ltr'><em>omnibus</em></span> <span class='ocrx_word' id='word_1_489' title='bbox 1958 4128 2113 4183; x_wconf 89' lang='lat' dir='ltr'><em>intra</em></span> 
     </span>
    </p>
   </div>
   <div class='ocr_carea' id='block_1_77' title="bbox 453 4205 2109 4286">
    <p class='ocr_par' dir='ltr' id='par_1_77' title="bbox 453 4205 2109 4286">
     <span class='ocr_line' id='line_1_77' title="bbox 453 4205 2109 4286; baseline 0.008 -28"><span class='ocrx_word' id='word_1_490' title='bbox 453 4205 840 4277; x_wconf 87' lang='lat' dir='ltr'><em>quinquennii</em></span> <span class='ocrx_word' id='word_1_491' title='bbox 860 4208 1262 4278; x_wconf 90' lang='lat' dir='ltr'><em>spatium,Deo</em></span> <span class='ocrx_word' id='word_1_492' title='bbox 1281 4216 1665 4280; x_wconf 85' lang='lat' dir='ltr'><em>prosperante</em></span> <span class='ocrx_word' id='word_1_493' title='bbox 1684 4218 1739 4269; x_wconf 92' lang='lat' dir='ltr'><em>et</em></span> <span class='ocrx_word' id='word_1_494' title='bbox 1773 4216 2109 4286; x_wconf 85' lang='lat' dir='ltr'><em>auxiliante,</em></span> 
     </span>
    </p>
   </div>
   <div class='ocr_carea' id='block_1_78' title="bbox 452 4295 2115 4365">
    <p class='ocr_par' dir='ltr' id='par_1_78' title="bbox 452 4295 2115 4365">
     <span class='ocr_line' id='line_1_78' title="bbox 452 4295 2115 4365; baseline 0.009 -17"><span class='ocrx_word' id='word_1_495' title='bbox 452 4295 732 4365; x_wconf 89' lang='lat' dir='ltr'><em>peractis,</em></span> <span class='ocrx_word' id='word_1_496' title='bbox 758 4296 1031 4351; x_wconf 89' lang='lat' dir='ltr'><em>dedicare</em></span> <span class='ocrx_word' id='word_1_497' title='bbox 1052 4296 1356 4352; x_wconf 88' lang='lat' dir='ltr'><em>basilicam</em></span> <span class='ocrx_word' id='word_1_498' title='bbox 1386 4300 1754 4360; x_wconf 86' lang='lat' dir='ltr'><em>solemnitate</em></span> <span class='ocrx_word' id='word_1_499' title='bbox 1780 4307 2030 4362; x_wconf 83' lang='lat' dir='ltr'><em>maxima</em></span> <span class='ocrx_word' id='word_1_500' title='bbox 2058 4312 2115 4363; x_wconf 89' lang='lat' dir='ltr'><em>et</em></span> 
     </span>
    </p>
   </div>
   <div class='ocr_carea' id='block_1_79' title="bbox 452 4385 2115 4458">
    <p class='ocr_par' dir='ltr' id='par_1_79' title="bbox 452 4385 2115 4458">
     <span class='ocr_line' id='line_1_79' title="bbox 452 4385 2115 4458; baseline 0.01 -21"><span class='ocrx_word' id='word_1_501' title='bbox 452 4385 676 4456; x_wconf 84' lang='lat' dir='ltr'><em>ingenti</em></span> <span class='ocrx_word' id='word_1_502' title='bbox 706 4385 960 4454; x_wconf 85' lang='lat' dir='ltr'><em>tripudio</em></span> <span class='ocrx_word' id='word_1_503' title='bbox 1000 4386 1074 4440; x_wconf 90' lang='lat' dir='ltr'><em>ad</em></span> <span class='ocrx_word' id='word_1_504' title='bbox 1101 4389 1516 4458; x_wconf 85' lang='lat' dir='ltr'><em>sempiternam</em></span> <span class='ocrx_word' id='word_1_505' title='bbox 1560 4395 1902 4449; x_wconf 89' lang='lat' dir='ltr'><em>memoriam</em></span> <span class='ocrx_word' id='word_1_506' title='bbox 1940 4398 2115 4452; x_wconf 92' lang='lat' dir='ltr'><em>Desi-</em></span> 
     </span>
    </p>
   </div>
   <div class='ocr_carea' id='block_1_80' title="bbox 453 4472 2117 4552">
    <p class='ocr_par' dir='ltr' id='par_1_80' title="bbox 453 4472 2117 4552">
     <span class='ocr_line' id='line_1_80' title="bbox 453 4472 2117 4552; baseline 0.008 -26"><span class='ocrx_word' id='word_1_507' title='bbox 453 4472 655 4527; x_wconf 90' lang='lat' dir='ltr'><em>derius</em></span> <span class='ocrx_word' id='word_1_508' title='bbox 691 4472 909 4541; x_wconf 89' lang='lat' dir='ltr'><em>statuit,</em></span> <span class='ocrx_word' id='word_1_509' title='bbox 951 4472 1275 4544; x_wconf 89' lang='lat' dir='ltr'><em>adiensque</em></span> <span class='ocrx_word' id='word_1_510' title='bbox 1314 4492 1563 4533; x_wconf 65' lang='lat' dir='ltr'><em>summie</em></span> <span class='ocrx_word' id='word_1_511' title='bbox 1594 4480 1756 4535; x_wconf 90' lang='lat' dir='ltr'><em>sedis</em></span> <span class='ocrx_word' id='word_1_512' title='bbox 1782 4483 2117 4552; x_wconf 88' lang='lat' dir='ltr'><em>pontiﬁcem</em></span> 
     </span>
    </p>
   </div>
   <div class='ocr_carea' id='block_1_81' title="bbox 2211 3321 3822 3399">
    <p class='ocr_par' dir='ltr' id='par_1_81' title="bbox 2211 3321 3822 3399">
     <span class='ocr_line' id='line_1_81' title="bbox 2211 3321 3822 3399; baseline -0.009 -14"><span class='ocrx_word' id='word_1_513' title='bbox 2211 3331 2340 3386; x_wconf 84' lang='lat' dir='ltr'><em>laus</em></span> <span class='ocrx_word' id='word_1_514' title='bbox 2368 3330 2795 3399; x_wconf 88' lang='lat' dir='ltr'><em>Termulensis,</em></span> <span class='ocrx_word' id='word_1_515' title='bbox 2829 3329 3055 3384; x_wconf 83' lang='lat' dir='ltr'><em>Petrus</em></span> <span class='ocrx_word' id='word_1_516' title='bbox 3087 3328 3499 3396; x_wconf 90' lang='lat' dir='ltr'><em>Guardiensis,</em></span> <span class='ocrx_word' id='word_1_517' title='bbox 3534 3321 3822 3380; x_wconf 83' lang='lat' dir='ltr'><em>Guillelmus</em></span> 
     </span>
    </p>
   </div>
   <div class='ocr_carea' id='block_1_82' title="bbox 2214 3406 3827 3490">
    <p class='ocr_par' dir='ltr' id='par_1_82' title="bbox 2214 3406 3827 3490">
     <span class='ocr_line' id='line_1_82' title="bbox 2214 3406 3827 3490; baseline -0.007 -16"><span class='ocrx_word' id='word_1_518' title='bbox 2214 3419 2581 3488; x_wconf 86' lang='lat' dir='ltr'><em>Larinensis,</em></span> <span class='ocrx_word' id='word_1_519' title='bbox 2604 3419 2702 3472; x_wconf 88' lang='lat' dir='ltr'><em>Ma</em></span> <span class='ocrx_word' id='word_1_520' title='bbox 2707 3418 2976 3490; x_wconf 77' lang='lat' dir='ltr'><em>ynardus</em></span> <span class='ocrx_word' id='word_1_521' title='bbox 2991 3418 3366 3488; x_wconf 87' lang='lat' dir='ltr'><em>Arianensis,</em></span> <span class='ocrx_word' id='word_1_522' title='bbox 3400 3411 3733 3478; x_wconf 89' lang='lat' dir='ltr'><em>Serniensis,</em></span> <span class='ocrx_word' id='word_1_523' title='bbox 3751 3406 3827 3462; x_wconf 76' lang='lat' dir='ltr'><em>Al-</em></span> 
     </span>
    </p>
   </div>
   <div class='ocr_carea' id='block_1_83' title="bbox 2214 3497 3821 3576">
    <p class='ocr_par' dir='ltr' id='par_1_83' title="bbox 2214 3497 3821 3576">
     <span class='ocr_line' id='line_1_83' title="bbox 2214 3497 3821 3576; baseline -0.01 -12"><span class='ocrx_word' id='word_1_524' title='bbox 2214 3509 2426 3564; x_wconf 86' lang='lat' dir='ltr'><em>bertus</em></span> <span class='ocrx_word' id='word_1_525' title='bbox 2440 3508 2849 3575; x_wconf 88' lang='lat' dir='ltr'><em>Bovianensis,</em></span> <span class='ocrx_word' id='word_1_526' title='bbox 2871 3506 3226 3576; x_wconf 88' lang='lat' dir='ltr'><em>Salpitanus,</em></span> <span class='ocrx_word' id='word_1_527' title='bbox 3251 3506 3513 3561; x_wconf 84' lang='lat' dir='ltr'><em>Joannes</em></span> <span class='ocrx_word' id='word_1_528' title='bbox 3527 3497 3821 3561; x_wconf 84' lang='lat' dir='ltr'><em>Cannensis,</em></span> 
     </span>
    </p>
   </div>
   <div class='ocr_carea' id='block_1_84' title="bbox 2222 3583 3825 3661">
    <p class='ocr_par' dir='ltr' id='par_1_84' title="bbox 2222 3583 3825 3661">
     <span class='ocr_line' id='line_1_84' title="bbox 2222 3583 3825 3661; baseline -0.008 -9"><span class='ocrx_word' id='word_1_529' title='bbox 2222 3597 2569 3653; x_wconf 88' lang='lat' dir='ltr'><em>Guillelmus</em></span> <span class='ocrx_word' id='word_1_530' title='bbox 2581 3611 2685 3650; x_wconf 90' lang='lat' dir='ltr'><em>seu</em></span> <span class='ocrx_word' id='word_1_531' title='bbox 2702 3594 3027 3650; x_wconf 83' lang='lat' dir='ltr'><em>Guibertus</em></span> <span class='ocrx_word' id='word_1_532' title='bbox 3039 3594 3460 3661; x_wconf 79' lang='lat' dir='ltr'><em>Rubessanus,</em></span> <span class='ocrx_word' id='word_1_533' title='bbox 3472 3592 3734 3647; x_wconf 86' lang='lat' dir='ltr'><em>Constans</em></span> <span class='ocrx_word' id='word_1_534' title='bbox 3748 3583 3825 3637; x_wconf 76' lang='lat' dir='ltr'><em>Ve-</em></span> 
     </span>
    </p>
   </div>
   <div class='ocr_carea' id='block_1_85' title="bbox 2218 3674 3828 3753">
    <p class='ocr_par' dir='ltr' id='par_1_85' title="bbox 2218 3674 3828 3753">
     <span class='ocr_line' id='line_1_85' title="bbox 2218 3674 3828 3753; baseline -0.011 -11"><span class='ocrx_word' id='word_1_535' title='bbox 2218 3686 2493 3753; x_wconf 88' lang='lat' dir='ltr'><em>nusinus,</em></span> <span class='ocrx_word' id='word_1_536' title='bbox 2518 3684 2792 3738; x_wconf 86' lang='lat' dir='ltr'><em>Innacius</em></span> <span class='ocrx_word' id='word_1_537' title='bbox 2804 3681 3308 3751; x_wconf 88' lang='lat' dir='ltr'><em>Monorbinensis,</em></span> <span class='ocrx_word' id='word_1_538' title='bbox 3328 3681 3582 3737; x_wconf 86' lang='lat' dir='ltr'><em>Joannes</em></span> <span class='ocrx_word' id='word_1_539' title='bbox 3597 3674 3828 3747; x_wconf 78' lang='lat' dir='ltr'><em>Vigilien-</em></span> 
     </span>
    </p>
   </div>
   <div class='ocr_carea' id='block_1_86' title="bbox 2220 3759 3828 3840">
    <p class='ocr_par' dir='ltr' id='par_1_86' title="bbox 2220 3759 3828 3840">
     <span class='ocr_line' id='line_1_86' title="bbox 2220 3759 3828 3840; baseline -0.01 -12"><span class='ocrx_word' id='word_1_540' title='bbox 2220 3775 2330 3840; x_wconf 88' lang='lat' dir='ltr'><em>sis,</em></span> <span class='ocrx_word' id='word_1_541' title='bbox 2374 3773 2705 3827; x_wconf 87' lang='lat' dir='ltr'><em>Balduinus</em></span> <span class='ocrx_word' id='word_1_542' title='bbox 2746 3772 3101 3838; x_wconf 88' lang='lat' dir='ltr'><em>Miltitensis,</em></span> <span class='ocrx_word' id='word_1_543' title='bbox 3137 3771 3402 3825; x_wconf 89' lang='lat' dir='ltr'><em>Joannes</em></span> <span class='ocrx_word' id='word_1_544' title='bbox 3441 3759 3828 3823; x_wconf 81' lang='lat' dir='ltr'><em>Juvenazensis,</em></span> 
     </span>
    </p>
   </div>
   <div class='ocr_carea' id='block_1_87' title="bbox 2221 3850 3829 3930">
    <p class='ocr_par' dir='ltr' id='par_1_87' title="bbox 2221 3850 3829 3930">
     <span class='ocr_line' id='line_1_87' title="bbox 2221 3850 3829 3930; baseline -0.011 -13"><span class='ocrx_word' id='word_1_545' title='bbox 2221 3862 2447 3917; x_wconf 86' lang='lat' dir='ltr'><em>Petrus</em></span> <span class='ocrx_word' id='word_1_546' title='bbox 2470 3860 2964 3930; x_wconf 87' lang='lat' dir='ltr'><em>Monopolitanus,</em></span> <span class='ocrx_word' id='word_1_547' title='bbox 2981 3860 3157 3914; x_wconf 91' lang='lat' dir='ltr'><em>Datto</em></span> <span class='ocrx_word' id='word_1_548' title='bbox 3176 3858 3531 3912; x_wconf 88' lang='lat' dir='ltr'><em>Ostuneusis</em></span> <span class='ocrx_word' id='word_1_549' title='bbox 3552 3850 3829 3909; x_wconf 86' lang='lat' dir='ltr'><em>Stunensis,</em></span> 
     </span>
    </p>
   </div>
   <div class='ocr_carea' id='block_1_88' title="bbox 2222 3938 3830 4020">
    <p class='ocr_par' dir='ltr' id='par_1_88' title="bbox 2222 3938 3830 4020">
     <span class='ocr_line' id='line_1_88' title="bbox 2222 3938 3830 4020; baseline -0.009 -16"><span class='ocrx_word' id='word_1_550' title='bbox 2222 3950 2421 4020; x_wconf 84' lang='lat' dir='ltr'><em>Drogo</em></span> <span class='ocrx_word' id='word_1_551' title='bbox 2449 3948 2826 4017; x_wconf 88' lang='lat' dir='ltr'><em>Tarentinus,</em></span> <span class='ocrx_word' id='word_1_552' title='bbox 2865 3945 3171 4002; x_wconf 74' lang='lat' dir='ltr'><em>Goll‘ridus</em></span> <span class='ocrx_word' id='word_1_553' title='bbox 3211 3945 3559 4009; x_wconf 87' lang='lat' dir='ltr'><em>Perusinus,</em></span> <span class='ocrx_word' id='word_1_554' title='bbox 3605 3944 3657 3995; x_wconf 87' lang='lat' dir='ltr'><em>et</em></span> <span class='ocrx_word' id='word_1_555' title='bbox 3690 3938 3830 3992; x_wconf 82' lang='lat' dir='ltr'><em>Theo-</em></span> 
     </span>
    </p>
   </div>
   <div class='ocr_carea' id='block_1_89' title="bbox 2222 4026 3834 4102">
    <p class='ocr_par' dir='ltr' id='par_1_89' title="bbox 2222 4026 3834 4102">
     <span class='ocr_line' id='line_1_89' title="bbox 2222 4026 3834 4102; baseline -0.011 -11"><span class='ocrx_word' id='word_1_556' title='bbox 2222 4037 2435 4091; x_wconf 86' lang='lat' dir='ltr'><em>baldus</em></span> <span class='ocrx_word' id='word_1_557' title='bbox 2462 4033 2835 4089; x_wconf 88' lang='lat' dir='ltr'><em>Castellanus</em></span> <span class='ocrx_word' id='word_1_558' title='bbox 2867 4034 3111 4100; x_wconf 87' lang='lat' dir='ltr'><em>electus,</em></span> <span class='ocrx_word' id='word_1_559' title='bbox 3145 4032 3243 4102; x_wconf 91' lang='lat' dir='ltr'><em>qui</em></span> <span class='ocrx_word' id='word_1_560' title='bbox 3267 4032 3543 4086; x_wconf 91' lang='lat' dir='ltr'><em>videlicet</em></span> <span class='ocrx_word' id='word_1_561' title='bbox 3570 4030 3626 4082; x_wconf 91' lang='lat' dir='ltr'><em>in</em></span> <span class='ocrx_word' id='word_1_562' title='bbox 3653 4026 3834 4096; x_wconf 85' lang='lat' dir='ltr'><em>episco-</em></span> 
     </span>
    </p>
   </div>
   <div class='ocr_carea' id='block_1_90' title="bbox 2223 4109 3831 4196">
    <p class='ocr_par' dir='ltr' id='par_1_90' title="bbox 2223 4109 3831 4196">
     <span class='ocr_line' id='line_1_90' title="bbox 2223 4109 3831 4196; baseline -0.011 -18"><span class='ocrx_word' id='word_1_563' title='bbox 2223 4139 2362 4196; x_wconf 90' lang='lat' dir='ltr'><em>pum</em></span> <span class='ocrx_word' id='word_1_564' title='bbox 2390 4125 2570 4178; x_wconf 89' lang='lat' dir='ltr'><em>altero</em></span> <span class='ocrx_word' id='word_1_565' title='bbox 2601 4126 2736 4192; x_wconf 88' lang='lat' dir='ltr'><em>post</em></span> <span class='ocrx_word' id='word_1_566' title='bbox 2758 4121 3184 4176; x_wconf 88' lang='lat' dir='ltr'><em>dedicationem</em></span> <span class='ocrx_word' id='word_1_567' title='bbox 3205 4120 3299 4173; x_wconf 91' lang='lat' dir='ltr'><em>die</em></span> <span class='ocrx_word' id='word_1_568' title='bbox 3331 4121 3601 4174; x_wconf 88' lang='lat' dir='ltr'><em>sacratus</em></span> <span class='ocrx_word' id='word_1_569' title='bbox 3630 4118 3727 4169; x_wconf 84' lang='lat' dir='ltr'><em>est.</em></span> <span class='ocrx_word' id='word_1_570' title='bbox 3750 4109 3831 4163; x_wconf 85' lang='lat' dir='ltr'><em>Ho-</em></span> 
     </span>
    </p>
   </div>
   <div class='ocr_carea' id='block_1_91' title="bbox 2224 4200 3834 4282">
    <p class='ocr_par' dir='ltr' id='par_1_91' title="bbox 2224 4200 3834 4282">
     <span class='ocr_line' id='line_1_91' title="bbox 2224 4200 3834 4282; baseline -0.006 -15"><span class='ocrx_word' id='word_1_571' title='bbox 2224 4229 2354 4267; x_wconf 89' lang='lat' dir='ltr'><em>rum</em></span> <span class='ocrx_word' id='word_1_572' title='bbox 2385 4212 2784 4282; x_wconf 86' lang='lat' dir='ltr'><em>episcoporum</em></span> <span class='ocrx_word' id='word_1_573' title='bbox 2822 4210 3052 4263; x_wconf 86' lang='lat' dir='ltr'><em>nomina</em></span> <span class='ocrx_word' id='word_1_574' title='bbox 3085 4207 3357 4279; x_wconf 87' lang='lat' dir='ltr'><em>propria,</em></span> <span class='ocrx_word' id='word_1_575' title='bbox 3407 4223 3536 4279; x_wconf 60' lang='lat' dir='ltr'><em>quael</em></span> <span class='ocrx_word' id='word_1_576' title='bbox 3563 4203 3701 4275; x_wconf 86' lang='lat' dir='ltr'><em>apud</em></span> <span class='ocrx_word' id='word_1_577' title='bbox 3722 4200 3834 4259; x_wconf 76' lang='grc' dir='ltr'><em>ιθοο</em></span> 
     </span>
    </p>
   </div>
   <div class='ocr_carea' id='block_1_92' title="bbox 2228 4284 3841 4367">
    <p class='ocr_par' dir='ltr' id='par_1_92' title="bbox 2228 4284 3841 4367">
     <span class='ocr_line' id='line_1_92' title="bbox 2228 4284 3841 4367; baseline -0.012 -11"><span class='ocrx_word' id='word_1_578' title='bbox 2228 4317 2359 4357; x_wconf 90' lang='lat' dir='ltr'><em>nem</em></span> <span class='ocrx_word' id='word_1_579' title='bbox 2383 4317 2496 4355; x_wconf 90' lang='lat' dir='ltr'><em>non</em></span> <span class='ocrx_word' id='word_1_580' title='bbox 2517 4299 2835 4367; x_wconf 74' lang='lat' dir='ltr'><em>habentur,</em></span> <span class='ocrx_word' id='word_1_581' title='bbox 2857 4298 2973 4352; x_wconf 84' lang='lat' dir='ltr'><em>alio</em></span> <span class='ocrx_word' id='word_1_582' title='bbox 2986 4298 3340 4352; x_wconf 82' lang='lat' dir='ltr'><em>charactere</em></span> <span class='ocrx_word' id='word_1_583' title='bbox 3360 4296 3705 4349; x_wconf 84' lang='lat' dir='ltr'><em>inseruimus</em></span> <span class='ocrx_word' id='word_1_584' title='bbox 3724 4284 3841 4342; x_wconf 81' lang='lat' dir='ltr'><em>exli-</em></span> 
     </span>
    </p>
   </div>
   <div class='ocr_carea' id='block_1_93' title="bbox 2226 4376 3838 4456">
    <p class='ocr_par' dir='ltr' id='par_1_93' title="bbox 2226 4376 3838 4456">
     <span class='ocr_line' id='line_1_93' title="bbox 2226 4376 3838 4456; baseline -0.012 -10"><span class='ocrx_word' id='word_1_585' title='bbox 2226 4390 2383 4446; x_wconf 89' lang='lat' dir='ltr'><em>bello</em></span> <span class='ocrx_word' id='word_1_586' title='bbox 2412 4390 2485 4444; x_wconf 92' lang='lat' dir='ltr'><em>de</em></span> <span class='ocrx_word' id='word_1_587' title='bbox 2506 4389 2614 4442; x_wconf 91' lang='lat' dir='ltr'><em>hac</em></span> <span class='ocrx_word' id='word_1_588' title='bbox 2666 4388 3047 4442; x_wconf 83' lang='lat' dir='ltr'><em>Uedicatione</em></span> <span class='ocrx_word' id='word_1_589' title='bbox 3103 4401 3213 4440; x_wconf 90' lang='lat' dir='ltr'><em>ms.</em></span> <span class='ocrx_word' id='word_1_590' title='bbox 3252 4401 3420 4456; x_wconf 78' lang='lat' dir='ltr'><em>quem</em></span> <span class='ocrx_word' id='word_1_591' title='bbox 3443 4400 3520 4438; x_wconf 78' lang='lat' dir='ltr'><em>ex</em></span> <span class='ocrx_word' id='word_1_592' title='bbox 3534 4376 3838 4437; x_wconf 82' lang='lat' dir='ltr'><em>bibliotheca</em></span> 
     </span>
    </p>
   </div>
   <div class='ocr_carea' id='block_1_94' title="bbox 2233 4461 3840 4543">
    <p class='ocr_par' dir='ltr' id='par_1_94' title="bbox 2233 4461 3840 4543">
     <span class='ocr_line' id='line_1_94' title="bbox 2233 4461 3840 4543; baseline -0.012 -9"><span class='ocrx_word' id='word_1_593' title='bbox 2233 4478 2585 4534; x_wconf 86' lang='lat' dir='ltr'><em>Cassinensi</em></span> <span class='ocrx_word' id='word_1_594' title='bbox 2603 4477 2902 4531; x_wconf 87' lang='lat' dir='ltr'><em>Antonius</em></span> <span class='ocrx_word' id='word_1_595' title='bbox 2926 4473 3301 4528; x_wconf 87' lang='lat' dir='ltr'><em>Caracciolus</em></span> <span class='ocrx_word' id='word_1_596' title='bbox 3316 4471 3543 4543; x_wconf 77' lang='lat' dir='ltr'><em>publici</em></span> <span class='ocrx_word' id='word_1_597' title='bbox 3554 4469 3707 4542; x_wconf 74' lang='lat' dir='ltr'><em>juris</em></span> <span class='ocrx_word' id='word_1_598' title='bbox 3731 4461 3840 4518; x_wconf 77' lang='lat' dir='ltr'><em>fecit</em></span> 
     </span>
    </p>
   </div>
   <div class='ocr_carea' id='block_1_95' title="bbox 453 4548 3841 4638">
    <p class='ocr_par' dir='ltr' id='par_1_95' title="bbox 453 4548 3841 4638">
     <span class='ocr_line' id='line_1_95' title="bbox 453 4548 3841 4638; baseline -0.004 -22"><span class='ocrx_word' id='word_1_599' title='bbox 453 4561 876 4629; x_wconf 85' lang='lat' dir='ltr'><em>Alexandrum,</em></span> <span class='ocrx_word' id='word_1_600' title='bbox 900 4561 974 4614; x_wconf 86' lang='lat' dir='ltr'><em>ad</em></span> <span class='ocrx_word' id='word_1_601' title='bbox 995 4562 1258 4618; x_wconf 87' lang='lat' dir='ltr'><em>eamdem</em></span> <span class='ocrx_word' id='word_1_602' title='bbox 1278 4564 1441 4620; x_wconf 92' lang='lat' dir='ltr'><em>illum</em></span> <span class='ocrx_word' id='word_1_603' title='bbox 1464 4548 1889 4625; x_wconf 70' lang='lat' dir='ltr'><em>dedicationem</em></span> <span class='ocrx_word' id='word_1_604' title='bbox 1913 4573 2121 4629; x_wconf 86' lang='lat' dir='ltr'><em>venire</em></span> <span class='ocrx_word' id='word_1_605' title='bbox 2139 4572 2188 4634; x_wconf 92' lang='lat' dir='ltr'><strong>D</strong></span> <span class='ocrx_word' id='word_1_606' title='bbox 2227 4566 2499 4638; x_wconf 85' lang='lat' dir='ltr'><em>Neapoli,</em></span> <span class='ocrx_word' id='word_1_607' title='bbox 2516 4581 2668 4620; x_wconf 90' lang='lat' dir='ltr'><em>anno</em></span> <span class='ocrx_word' id='word_1_608' title='bbox 2694 4564 2884 4632; x_wconf 82' lang='grc'><em>1626,</em></span> <span class='ocrx_word' id='word_1_609' title='bbox 2905 4579 3031 4618; x_wconf 85' lang='lat' dir='ltr'><em>cum</em></span> <span class='ocrx_word' id='word_1_610' title='bbox 3050 4562 3402 4632; x_wconf 86' lang='lat' dir='ltr'><em>Eremperti</em></span> <span class='ocrx_word' id='word_1_611' title='bbox 3419 4560 3658 4631; x_wconf 83' lang='lat' dir='ltr'><em>epitonia</em></span> <span class='ocrx_word' id='word_1_612' title='bbox 3670 4559 3719 4609; x_wconf 87' lang='lat' dir='ltr'><em>et</em></span> <span class='ocrx_word' id='word_1_613' title='bbox 3737 4548 3841 4605; x_wconf 79' lang='lat' dir='ltr'><em>aliis</em></span> 
     </span>
    </p>
   </div>
   <div class='ocr_carea' id='block_1_96' title="bbox 456 4649 2119 4729">
    <p class='ocr_par' dir='ltr' id='par_1_96' title="bbox 456 4649 2119 4729">
     <span class='ocr_line' id='line_1_96' title="bbox 456 4649 2119 4729; baseline 0.005 -22"><span class='ocrx_word' id='word_1_614' title='bbox 456 4649 844 4707; x_wconf 83' lang='lat' dir='ltr'><em>devotissime</em></span> <span class='ocrx_word' id='word_1_615' title='bbox 874 4649 1156 4704; x_wconf 90' lang='lat' dir='ltr'><em>invitavit.</em></span> <span class='ocrx_word' id='word_1_616' title='bbox 1191 4652 1316 4717; x_wconf 88' lang='lat' dir='ltr'><em>Quo</em></span> <span class='ocrx_word' id='word_1_617' title='bbox 1348 4654 1627 4711; x_wconf 87' lang='lat' dir='ltr'><em>libentius</em></span> <span class='ocrx_word' id='word_1_618' title='bbox 1651 4665 1962 4729; x_wconf 88' lang='lat' dir='ltr'><em>annuente,</em></span> <span class='ocrx_word' id='word_1_619' title='bbox 1999 4661 2119 4715; x_wconf 88' lang='lat' dir='ltr'><em>Hi1-</em></span> 
     </span>
    </p>
   </div>
   <div class='ocr_carea' id='block_1_97' title="bbox 456 4740 2122 4821">
    <p class='ocr_par' dir='ltr' id='par_1_97' title="bbox 456 4740 2122 4821">
     <span class='ocr_line' id='line_1_97' title="bbox 456 4740 2122 4821; baseline 0.005 -25"><span class='ocrx_word' id='word_1_620' title='bbox 456 4740 821 4796; x_wconf 90' lang='lat' dir='ltr'><em>debrandum</em></span> <span class='ocrx_word' id='word_1_621' title='bbox 839 4755 1072 4810; x_wconf 90' lang='lat' dir='ltr'><em>quoque</em></span> <span class='ocrx_word' id='word_1_622' title='bbox 1089 4740 1566 4799; x_wconf 86' lang='lat' dir='ltr'><em>archidiaconum</em></span> <span class='ocrx_word' id='word_1_623' title='bbox 1581 4746 1736 4816; x_wconf 83' lang='lat' dir='ltr'><em>ejus,</em></span> <span class='ocrx_word' id='word_1_624' title='bbox 1753 4753 2122 4821; x_wconf 88' lang='lat' dir='ltr'><em>caeterosque</em></span> 
     </span>
    </p>
   </div>
   <div class='ocr_carea' id='block_1_98' title="bbox 459 4828 2121 4908">
    <p class='ocr_par' dir='ltr' id='par_1_98' title="bbox 459 4828 2121 4908">
     <span class='ocr_line' id='line_1_98' title="bbox 459 4828 2121 4908; baseline 0.004 -23"><span class='ocrx_word' id='word_1_625' title='bbox 459 4828 790 4885; x_wconf 87' lang='lat' dir='ltr'><em>cardinales</em></span> <span class='ocrx_word' id='word_1_626' title='bbox 823 4845 889 4882; x_wconf 90' lang='lat' dir='ltr'><em>ac</em></span> <span class='ocrx_word' id='word_1_627' title='bbox 937 4830 1236 4884; x_wconf 79' lang='lat' dir='ltr'><em>Romanos</em></span> <span class='ocrx_word' id='word_1_628' title='bbox 1268 4832 1603 4903; x_wconf 90' lang='lat' dir='ltr'><em>episcopos,</em></span> <span class='ocrx_word' id='word_1_629' title='bbox 1648 4837 1837 4908; x_wconf 92' lang='lat' dir='ltr'><em>deque</em></span> <span class='ocrx_word' id='word_1_630' title='bbox 1877 4838 2121 4893; x_wconf 88' lang='lat' dir='ltr'><em>urbanis</em></span> 
     </span>
    </p>
   </div>
   <div class='ocr_carea' id='block_1_99' title="bbox 459 4917 2120 4988">
    <p class='ocr_par' dir='ltr' id='par_1_99' title="bbox 459 4917 2120 4988">
     <span class='ocr_line' id='line_1_99' title="bbox 459 4917 2120 4988; baseline 0.004 -13"><span class='ocrx_word' id='word_1_631' title='bbox 459 4921 697 4976; x_wconf 89' lang='lat' dir='ltr'><em>clericis</em></span> <span class='ocrx_word' id='word_1_632' title='bbox 719 4935 787 4973; x_wconf 90' lang='lat' dir='ltr'><em>ac</em></span> <span class='ocrx_word' id='word_1_633' title='bbox 805 4917 1105 4972; x_wconf 89' lang='lat' dir='ltr'><em>nobilibus</em></span> <span class='ocrx_word' id='word_1_634' title='bbox 1122 4919 1409 4988; x_wconf 86' lang='lat' dir='ltr'><em>plurimos</em></span> <span class='ocrx_word' id='word_1_635' title='bbox 1427 4922 1635 4978; x_wconf 74' lang='lat' dir='ltr'><em>affectu</em></span> <span class='ocrx_word' id='word_1_636' title='bbox 1659 4925 2120 4982; x_wconf 87' lang='lat' dir='ltr'><em>familiarissimo</em></span> 
     </span>
    </p>
   </div>
   <div class='ocr_carea' id='block_1_100' title="bbox 461 5009 2123 5086">
    <p class='ocr_par' dir='ltr' id='par_1_100' title="bbox 461 5009 2123 5086">
     <span class='ocr_line' id='line_1_100' title="bbox 461 5009 2123 5086; baseline 0.005 -23"><span class='ocrx_word' id='word_1_637' title='bbox 461 5010 826 5064; x_wconf 90' lang='lat' dir='ltr'><em>convocavit.</em></span> <span class='ocrx_word' id='word_1_638' title='bbox 854 5009 958 5064; x_wconf 92' lang='lat' dir='ltr'><em>Die</em></span> <span class='ocrx_word' id='word_1_639' title='bbox 974 5012 1149 5064; x_wconf 60' lang='lat' dir='ltr'><em>tanta;</em></span> <span class='ocrx_word' id='word_1_640' title='bbox 1173 5010 1579 5080; x_wconf 91' lang='lat' dir='ltr'><em>solemnitatis,</em></span> <span class='ocrx_word' id='word_1_641' title='bbox 1605 5030 1677 5067; x_wconf 89' lang='lat' dir='ltr'><em>ex</em></span> <span class='ocrx_word' id='word_1_642' title='bbox 1699 5016 1970 5070; x_wconf 87' lang='lat' dir='ltr'><em>consultu</em></span> <span class='ocrx_word' id='word_1_643' title='bbox 1991 5033 2123 5086; x_wconf 91' lang='lat' dir='ltr'><em>apo-</em></span> 
     </span>
    </p>
   </div>
   <div class='ocr_carea' id='block_1_101' title="bbox 463 5098 2118 5171">
    <p class='ocr_par' dir='ltr' id='par_1_101' title="bbox 463 5098 2118 5171">
     <span class='ocr_line' id='line_1_101' title="bbox 463 5098 2118 5171; baseline 0.004 -18"><span class='ocrx_word' id='word_1_644' title='bbox 463 5098 659 5153; x_wconf 86' lang='lat' dir='ltr'><em>stolici</em></span> <span class='ocrx_word' id='word_1_645' title='bbox 707 5101 763 5152; x_wconf 91' lang='lat' dir='ltr'><em>et</em></span> <span class='ocrx_word' id='word_1_646' title='bbox 802 5099 1204 5168; x_wconf 87' lang='lat' dir='ltr'><em>cardinalium,</em></span> <span class='ocrx_word' id='word_1_647' title='bbox 1251 5102 1309 5154; x_wconf 90' lang='lat' dir='ltr'><em>in</em></span> <span class='ocrx_word' id='word_1_648' title='bbox 1345 5102 1495 5171; x_wconf 90' lang='lat' dir='ltr'><em>ipsis</em></span> <span class='ocrx_word' id='word_1_649' title='bbox 1537 5103 1818 5158; x_wconf 89' lang='lat' dir='ltr'><em>Kalendis</em></span> <span class='ocrx_word' id='word_1_650' title='bbox 1848 5105 2118 5159; x_wconf 89' lang='lat' dir='ltr'><em>Octobris</em></span> 
     </span>
    </p>
   </div>
   <div class='ocr_carea' id='block_1_102' title="bbox 465 5186 2121 5261">
    <p class='ocr_par' dir='ltr' id='par_1_102' title="bbox 465 5186 2121 5261">
     <span class='ocr_line' id='line_1_102' title="bbox 465 5186 2121 5261; baseline 0.004 -22"><span class='ocrx_word' id='word_1_651' title='bbox 465 5186 800 5253; x_wconf 86' lang='lat' dir='ltr'><em>constituta,</em></span> <span class='ocrx_word' id='word_1_652' title='bbox 835 5203 900 5240; x_wconf 90' lang='lat' dir='ltr'><em>ac</em></span> <span class='ocrx_word' id='word_1_653' title='bbox 942 5186 1154 5241; x_wconf 89' lang='lat' dir='ltr'><em>litteris</em></span> <span class='ocrx_word' id='word_1_654' title='bbox 1191 5189 1540 5243; x_wconf 82' lang='lat' dir='ltr'><em>invitatoriis</em></span> <span class='ocrx_word' id='word_1_655' title='bbox 1573 5190 1839 5261; x_wconf 88' lang='lat' dir='ltr'><em>ejusdem</em></span> <span class='ocrx_word' id='word_1_656' title='bbox 1880 5193 2121 5261; x_wconf 90' lang='lat' dir='ltr'><em>aposto-</em></span> 
     </span>
    </p>
   </div>
   <div class='ocr_carea' id='block_1_103' title="bbox 466 5274 2123 5349">
    <p class='ocr_par' dir='ltr' id='par_1_103' title="bbox 466 5274 2123 5349">
     <span class='ocr_line' id='line_1_103' title="bbox 466 5274 2123 5349; baseline 0.004 -22"><span class='ocrx_word' id='word_1_657' title='bbox 466 5274 563 5328; x_wconf 90' lang='lat' dir='ltr'><em>lici</em></span> <span class='ocrx_word' id='word_1_658' title='bbox 592 5275 663 5329; x_wconf 91' lang='lat' dir='ltr'><em>ad</em></span> <span class='ocrx_word' id='word_1_659' title='bbox 685 5276 1003 5330; x_wconf 81' lang='lat' dir='ltr'><em>universos</em></span> <span class='ocrx_word' id='word_1_660' title='bbox 1022 5277 1338 5345; x_wconf 89' lang='lat' dir='ltr'><em>episcopos</em></span> <span class='ocrx_word' id='word_1_661' title='bbox 1357 5278 1709 5349; x_wconf 81' lang='lat' dir='ltr'><em>Campaniae,</em></span> <span class='ocrx_word' id='word_1_662' title='bbox 1730 5281 2123 5349; x_wconf 68' lang='lat' dir='ltr'><em>l’rincipatus,</em></span> 
     </span>
    </p>
   </div>
   <div class='ocr_carea' id='block_1_104' title="bbox 465 5364 2126 5439">
    <p class='ocr_par' dir='ltr' id='par_1_104' title="bbox 465 5364 2126 5439">
     <span class='ocr_line' id='line_1_104' title="bbox 465 5364 2126 5439; baseline 0.002 -22"><span class='ocrx_word' id='word_1_663' title='bbox 465 5364 715 5434; x_wconf 82' lang='lat' dir='ltr'><em>Apuliae,</em></span> <span class='ocrx_word' id='word_1_664' title='bbox 760 5366 930 5433; x_wconf 87' lang='lat' dir='ltr'><em>atque</em></span> <span class='ocrx_word' id='word_1_665' title='bbox 972 5367 1259 5423; x_wconf 83' lang='lat' dir='ltr'><em>Calabriae</em></span> <span class='ocrx_word' id='word_1_666' title='bbox 1290 5366 1462 5421; x_wconf 89' lang='lat' dir='ltr'><em>datis.</em></span> <span class='ocrx_word' id='word_1_667' title='bbox 1512 5366 1686 5421; x_wconf 85' lang='lat' dir='ltr'><em>Fama</em></span> <span class='ocrx_word' id='word_1_668' title='bbox 1716 5368 1911 5439; x_wconf 87' lang='lat' dir='ltr'><em>itaque</em></span> <span class='ocrx_word' id='word_1_669' title='bbox 1942 5368 2126 5438; x_wconf 88' lang='lat' dir='ltr'><em>hujus</em></span> 
     </span>
    </p>
   </div>
   <div class='ocr_carea' id='block_1_105' title="bbox 468 5452 2127 5527">
    <p class='ocr_par' dir='ltr' id='par_1_105' title="bbox 468 5452 2127 5527">
     <span class='ocr_line' id='line_1_105' title="bbox 468 5452 2127 5527; baseline 0.002 -21"><span class='ocrx_word' id='word_1_670' title='bbox 468 5456 556 5508; x_wconf 90' lang='lat' dir='ltr'><em>rei</em></span> <span class='ocrx_word' id='word_1_671' title='bbox 600 5455 777 5523; x_wconf 88' lang='lat' dir='ltr'><em>longe</em></span> <span class='ocrx_word' id='word_1_672' title='bbox 823 5452 1054 5524; x_wconf 88' lang='lat' dir='ltr'><em>lateque</em></span> <span class='ocrx_word' id='word_1_673' title='bbox 1085 5456 1341 5527; x_wconf 85' lang='lat' dir='ltr'><em>vulgata,</em></span> <span class='ocrx_word' id='word_1_674' title='bbox 1389 5457 1547 5509; x_wconf 87' lang='lat' dir='ltr'><em>tanta</em></span> <span class='ocrx_word' id='word_1_675' title='bbox 1578 5457 1755 5512; x_wconf 81' lang='lat' dir='ltr'><em>totius</em></span> <span class='ocrx_word' id='word_1_676' title='bbox 1797 5456 1920 5511; x_wconf 86' lang='lat' dir='ltr'><em>fere</em></span> <span class='ocrx_word' id='word_1_677' title='bbox 1950 5456 2127 5510; x_wconf 85' lang='lat' dir='ltr'><em>Italiae</em></span> 
     </span>
    </p>
   </div>
   <div class='ocr_carea' id='block_1_106' title="bbox 468 5542 2127 5615">
    <p class='ocr_par' dir='ltr' id='par_1_106' title="bbox 468 5542 2127 5615">
     <span class='ocr_line' id='line_1_106' title="bbox 468 5542 2127 5615; baseline 0.003 -22"><span class='ocrx_word' id='word_1_678' title='bbox 468 5542 901 5611; x_wconf 88' lang='lat' dir='ltr'><em>episcoporum,</em></span> <span class='ocrx_word' id='word_1_679' title='bbox 949 5542 1242 5611; x_wconf 75' lang='lat' dir='ltr'><em>abbatum,</em></span> <span class='ocrx_word' id='word_1_680' title='bbox 1278 5546 1719 5610; x_wconf 85' lang='lat' dir='ltr'><em>monachorum,</em></span> <span class='ocrx_word' id='word_1_681' title='bbox 1753 5546 2127 5615; x_wconf 79' lang='lat' dir='ltr'><em>clericorum,</em></span> 
     </span>
    </p>
   </div>
   <div class='ocr_carea' id='block_1_107' title="bbox 468 5636 2129 5712">
    <p class='ocr_par' dir='ltr' id='par_1_107' title="bbox 468 5636 2129 5712">
     <span class='ocr_line' id='line_1_107' title="bbox 468 5636 2129 5712; baseline -0.005 -17"><span class='ocrx_word' id='word_1_682' title='bbox 468 5642 828 5712; x_wconf 88' lang='lat' dir='ltr'><em>magnatum,</em></span> <span class='ocrx_word' id='word_1_683' title='bbox 863 5636 1165 5704; x_wconf 80' lang='lat' dir='ltr'><em>nobilium,</em></span> <span class='ocrx_word' id='word_1_684' title='bbox 1188 5636 1589 5705; x_wconf 89' lang='lat' dir='ltr'><em>mediocrium,</em></span> <span class='ocrx_word' id='word_1_685' title='bbox 1607 5636 1978 5705; x_wconf 56' lang='lat' dir='ltr'><em>diversaeque</em></span> <span class='ocrx_word' id='word_1_686' title='bbox 1995 5650 2129 5687; x_wconf 89' lang='lat' dir='ltr'><em>con-</em></span> 
     </span>
    </p>
   </div>
   <div class='ocr_carea' id='block_1_108' title="bbox 470 5724 2131 5798">
    <p class='ocr_par' dir='ltr' id='par_1_108' title="bbox 470 5724 2131 5798">
     <span class='ocr_line' id='line_1_108' title="bbox 470 5724 2131 5798; baseline -0.005 -13"><span class='ocrx_word' id='word_1_687' title='bbox 470 5728 712 5786; x_wconf 85' lang='lat' dir='ltr'><em>ditionis</em></span> <span class='ocrx_word' id='word_1_688' title='bbox 745 5728 1009 5784; x_wconf 84' lang='lat' dir='ltr'><em>virorum</em></span> <span class='ocrx_word' id='word_1_689' title='bbox 1037 5727 1255 5798; x_wconf 87' lang='lat' dir='ltr'><em>pariter</em></span> <span class='ocrx_word' id='word_1_690' title='bbox 1284 5741 1349 5778; x_wconf 84' lang='lat' dir='ltr'><em>ac</em></span> <span class='ocrx_word' id='word_1_691' title='bbox 1372 5727 1701 5792; x_wconf 84' lang='lat' dir='ltr'><em>mulierum,</em></span> <span class='ocrx_word' id='word_1_692' title='bbox 1734 5724 1805 5777; x_wconf 88' lang='lat' dir='ltr'><em>ad</em></span> <span class='ocrx_word' id='word_1_693' title='bbox 1826 5724 1979 5777; x_wconf 89' lang='lat' dir='ltr'><em>diem</em></span> <span class='ocrx_word' id='word_1_694' title='bbox 2000 5739 2131 5777; x_wconf 87' lang='lat' dir='ltr'><em>con-</em></span> 
     </span>
    </p>
   </div>
   <div class='ocr_carea' id='block_1_109' title="bbox 2230 4642 3841 4726">
    <p class='ocr_par' dir='ltr' id='par_1_109' title="bbox 2230 4642 3841 4726">
     <span class='ocr_line' id='line_1_109' title="bbox 2230 4642 3841 4726; baseline -0.013 -17"><span class='ocrx_word' id='word_1_695' title='bbox 2230 4655 2491 4726; x_wconf 88' lang='lat' dir='ltr'><em>antiquis</em></span> <span class='ocrx_word' id='word_1_696' title='bbox 2502 4652 2897 4708; x_wconf 84' lang='lat' dir='ltr'><em>monimentis.</em></span> <span class='ocrx_word' id='word_1_697' title='bbox 2924 4650 3047 4705; x_wconf 88' lang='lat' dir='ltr'><em>Sed</em></span> <span class='ocrx_word' id='word_1_698' title='bbox 3064 4651 3182 4704; x_wconf 90' lang='lat' dir='ltr'><em>Leo</em></span> <span class='ocrx_word' id='word_1_699' title='bbox 3201 4648 3383 4702; x_wconf 90' lang='lat' dir='ltr'><em>multo</em></span> <span class='ocrx_word' id='word_1_700' title='bbox 3397 4648 3602 4719; x_wconf 82' lang='lat' dir='ltr'><em>plures</em></span> <span class='ocrx_word' id='word_1_701' title='bbox 3616 4642 3841 4698; x_wconf 77' lang='lat' dir='ltr'><em>recenset</em></span> 
     </span>
    </p>
   </div>
   <div class='ocr_carea' id='block_1_110' title="bbox 2233 4726 3842 4825">
    <p class='ocr_par' dir='ltr' id='par_1_110' title="bbox 2233 4726 3842 4825">
     <span class='ocr_line' id='line_1_110' title="bbox 2233 4726 3842 4825; baseline -0.015 -27"><span class='ocrx_word' id='word_1_702' title='bbox 2233 4759 2399 4815; x_wconf 87' lang='lat' dir='ltr'><em>quam</em></span> <span class='ocrx_word' id='word_1_703' title='bbox 2444 4741 2619 4825; x_wconf 70' lang='lat' dir='ltr'><em>hiy&#39;us</em></span> <span class='ocrx_word' id='word_1_704' title='bbox 2661 4739 2855 4795; x_wconf 85' lang='lat' dir='ltr'><em>libelli</em></span> <span class='ocrx_word' id='word_1_705' title='bbox 2903 4745 3120 4803; x_wconf 86' lang='lat' dir='ltr'><em>auctor,</em></span> <span class='ocrx_word' id='word_1_706' title='bbox 3174 4737 3642 4825; x_wconf 79' lang='lat' dir='ltr'><em>archiepiscOpos</em></span> <span class='ocrx_word' id='word_1_707' title='bbox 3660 4726 3842 4785; x_wconf 80' lang='lat' dir='ltr'><em>scilicet</em></span> 
     </span>
    </p>
   </div>
   <div class='ocr_carea' id='block_1_111' title="bbox 2231 4821 3840 4896">
    <p class='ocr_par' dir='ltr' id='par_1_111' title="bbox 2231 4821 3840 4896">
     <span class='ocr_line' id='line_1_111' title="bbox 2231 4821 3840 4896; baseline -0.011 -10"><span class='ocrx_word' id='word_1_708' title='bbox 2231 4821 2646 4886; x_wconf 60' lang='lat' dir='ltr'><em>Amalh‘taizum</em></span> <span class='ocrx_word' id='word_1_709' title='bbox 2662 4834 2719 4883; x_wconf 84' lang='lat' dir='ltr'><em>et</em></span> <span class='ocrx_word' id='word_1_710' title='bbox 2746 4827 3108 4890; x_wconf 89' lang='lat' dir='ltr'><em>0iretanum,</em></span> <span class='ocrx_word' id='word_1_711' title='bbox 3128 4832 3185 4880; x_wconf 91' lang='lat' dir='ltr'><em>et</em></span> <span class='ocrx_word' id='word_1_712' title='bbox 3200 4826 3504 4896; x_wconf 72' lang='lat' dir='ltr'><em>episcmpos</em></span> <span class='ocrx_word' id='word_1_713' title='bbox 3519 4821 3840 4876; x_wconf 82' lang='lat' dir='ltr'><em>Balvensem,</em></span> 
     </span>
    </p>
   </div>
   <div class='ocr_carea' id='block_1_112' title="bbox 2232 4909 3840 4985">
    <p class='ocr_par' dir='ltr' id='par_1_112' title="bbox 2232 4909 3840 4985">
     <span class='ocr_line' id='line_1_112' title="bbox 2232 4909 3840 4985; baseline -0.015 -9"><span class='ocrx_word' id='word_1_714' title='bbox 2232 4921 2632 4985; x_wconf 86' lang='lat' dir='ltr'><em>Pennensem,</em></span> <span class='ocrx_word' id='word_1_715' title='bbox 2650 4915 3046 4985; x_wconf 80' lang='lat' dir='ltr'><em>Hosellanum,</em></span> <span class='ocrx_word' id='word_1_716' title='bbox 3070 4914 3381 4980; x_wconf 88' lang='lat' dir='ltr'><em>Nolanum,</em></span> <span class='ocrx_word' id='word_1_717' title='bbox 3400 4914 3451 4965; x_wconf 84' lang='lat' dir='ltr'><strong><em>A</em></strong></span> <span class='ocrx_word' id='word_1_718' title='bbox 3466 4909 3840 4965; x_wconf 81' lang='lat' dir='ltr'><em>vellinicnsem,</em></span> 
     </span>
    </p>
   </div>
   <div class='ocr_carea' id='block_1_113' title="bbox 2237 4996 3841 5075">
    <p class='ocr_par' dir='ltr' id='par_1_113' title="bbox 2237 4996 3841 5075">
     <span class='ocr_line' id='line_1_113' title="bbox 2237 4996 3841 5075; baseline -0.014 -11"><span class='ocrx_word' id='word_1_719' title='bbox 2237 5009 2497 5065; x_wconf 89' lang='lat' dir='ltr'><em>Lucerin</em></span> <span class='ocrx_word' id='word_1_720' title='bbox 2506 5005 2807 5075; x_wconf 87' lang='lat' dir='ltr'><em>um,Serni</em></span> <span class='ocrx_word' id='word_1_721' title='bbox 2812 5020 3033 5072; x_wconf 89' lang='lat' dir='ltr'><em>ensem,</em></span> <span class='ocrx_word' id='word_1_722' title='bbox 3050 5003 3416 5074; x_wconf 83' lang='lat' dir='ltr'><em>Salpitanum</em></span> <span class='ocrx_word' id='word_1_723' title='bbox 3438 5008 3497 5056; x_wconf 78' lang='lat' dir='ltr'><em>et</em></span> <span class='ocrx_word' id='word_1_724' title='bbox 3512 4996 3841 5054; x_wconf 61' lang='lat' dir='ltr'><em>ille/litamim.</em></span> 
     </span>
    </p>
   </div>
   <div class='ocr_carea' id='block_1_114' title="bbox 2234 5081 3845 5156">
    <p class='ocr_par' dir='ltr' id='par_1_114' title="bbox 2234 5081 3845 5156">
     <span class='ocr_line' id='line_1_114' title="bbox 2234 5081 3845 5156; baseline -0.015 -1"><span class='ocrx_word' id='word_1_725' title='bbox 2234 5096 2502 5156; x_wconf 87' lang='lat' dir='ltr'><em>Libellus</em></span> <span class='ocrx_word' id='word_1_726' title='bbox 2524 5102 2713 5150; x_wconf 86' lang='lat' dir='ltr'><em>autem</em></span> <span class='ocrx_word' id='word_1_727' title='bbox 2732 5093 2910 5148; x_wconf 89' lang='lat' dir='ltr'><em>habet</em></span> <span class='ocrx_word' id='word_1_728' title='bbox 2934 5093 3177 5147; x_wconf 86' lang='lat' dir='ltr'><em>Petrum</em></span> <span class='ocrx_word' id='word_1_729' title='bbox 3232 5089 3618 5145; x_wconf 77' lang='lat' dir='ltr'><em>Venafranum</em></span> <span class='ocrx_word' id='word_1_730' title='bbox 3645 5090 3698 5139; x_wconf 85' lang='lat' dir='ltr'><em>et</em></span> <span class='ocrx_word' id='word_1_731' title='bbox 3715 5081 3845 5135; x_wconf 79' lang='lat' dir='ltr'><em>Joan-</em></span> 
     </span>
    </p>
   </div>
   <div class='ocr_carea' id='block_1_115' title="bbox 2238 5164 3839 5254">
    <p class='ocr_par' dir='ltr' id='par_1_115' title="bbox 2238 5164 3839 5254">
     <span class='ocr_line' id='line_1_115' title="bbox 2238 5164 3839 5254; baseline -0.014 -11"><span class='ocrx_word' id='word_1_732' title='bbox 2238 5204 2370 5243; x_wconf 88' lang='lat' dir='ltr'><em>nem</em></span> <span class='ocrx_word' id='word_1_733' title='bbox 2402 5186 2707 5251; x_wconf 88' lang='lat' dir='ltr'><em>Picenum,</em></span> <span class='ocrx_word' id='word_1_734' title='bbox 2753 5184 2850 5254; x_wconf 90' lang='lat' dir='ltr'><em>qui</em></span> <span class='ocrx_word' id='word_1_735' title='bbox 2880 5182 3030 5252; x_wconf 89' lang='lat' dir='ltr'><em>apud</em></span> <span class='ocrx_word' id='word_1_736' title='bbox 3070 5182 3322 5235; x_wconf 89' lang='lat' dir='ltr'><em>Leonem</em></span> <span class='ocrx_word' id='word_1_737' title='bbox 3354 5177 3768 5232; x_wconf 85' lang='lat' dir='ltr'><em>desiderantur.</em></span> <span class='ocrx_word' id='word_1_738' title='bbox 3795 5164 3839 5216; x_wconf 82' lang='lat' dir='ltr'><em>In</em></span> 
     </span>
    </p>
   </div>
   <div class='ocr_carea' id='block_1_116' title="bbox 2238 5256 3841 5347">
    <p class='ocr_par' dir='ltr' id='par_1_116' title="bbox 2238 5256 3841 5347">
     <span class='ocr_line' id='line_1_116' title="bbox 2238 5256 3841 5347; baseline -0.014 -15"><span class='ocrx_word' id='word_1_739' title='bbox 2238 5275 2408 5331; x_wconf 89' lang='lat' dir='ltr'><em>Bulla</em></span> <span class='ocrx_word' id='word_1_740' title='bbox 2433 5280 2623 5328; x_wconf 88' lang='lat' dir='ltr'><em>autem</em></span> <span class='ocrx_word' id='word_1_741' title='bbox 2642 5271 2980 5326; x_wconf 76' lang='lat' dir='ltr'><em>Alexandri</em></span> <span class='ocrx_word' id='word_1_742' title='bbox 2998 5270 3246 5341; x_wconf 90' lang='lat' dir='ltr'><em>II,quam</em></span> <span class='ocrx_word' id='word_1_743' title='bbox 3271 5283 3344 5322; x_wconf 77' lang='lat' dir='ltr'><em>ex</em></span> <span class='ocrx_word' id='word_1_744' title='bbox 3363 5261 3705 5335; x_wconf 81' lang='lat' dir='ltr'><em>autographa</em></span> <span class='ocrx_word' id='word_1_745' title='bbox 3724 5256 3841 5347; x_wconf 54' lang='lat' dir='ltr'><em>idea!</em></span> 
     </span>
    </p>
   </div>
   <div class='ocr_carea' id='block_1_117' title="bbox 2241 5344 3838 5427">
    <p class='ocr_par' dir='ltr' id='par_1_117' title="bbox 2241 5344 3838 5427">
     <span class='ocr_line' id='line_1_117' title="bbox 2241 5344 3838 5427; baseline -0.009 -8"><span class='ocrx_word' id='word_1_746' title='bbox 2241 5362 2619 5420; x_wconf 84' lang='lat' dir='ltr'><em>Caracciolus</em></span> <span class='ocrx_word' id='word_1_747' title='bbox 2668 5360 2884 5427; x_wconf 82' lang='lat' dir='ltr'><em>laudat,</em></span> <span class='ocrx_word' id='word_1_748' title='bbox 2917 5358 3043 5412; x_wconf 87' lang='lat' dir='ltr'><em>loco</em></span> <span class='ocrx_word' id='word_1_749' title='bbox 3085 5357 3329 5411; x_wconf 87' lang='lat' dir='ltr'><em>Joannis</em></span> <span class='ocrx_word' id='word_1_750' title='bbox 3376 5353 3624 5424; x_wconf 81' lang='lat' dir='ltr'><em>episcopi</em></span> <span class='ocrx_word' id='word_1_751' title='bbox 3660 5344 3838 5403; x_wconf 60' lang='lat' dir='ltr'><em>Caleni,</em></span> 
     </span>
    </p>
   </div>
   <div class='ocr_carea' id='block_1_118' title="bbox 2236 5427 3843 5516">
    <p class='ocr_par' dir='ltr' id='par_1_118' title="bbox 2236 5427 3843 5516">
     <span class='ocr_line' id='line_1_118' title="bbox 2236 5427 3843 5516; baseline -0.016 -8"><span class='ocrx_word' id='word_1_752' title='bbox 2236 5450 2844 5508; x_wconf 85' lang='lat' dir='ltr'><em>nominaturJoannes</em></span> <span class='ocrx_word' id='word_1_753' title='bbox 2859 5441 3717 5516; x_wconf 85' lang='lat' dir='ltr'><em>cpiscopusClaudiopolitanus.</em></span> <span class='ocrx_word' id='word_1_754' title='bbox 3734 5427 3843 5516; x_wconf 64' lang='lat' dir='ltr'><em>Stib-</em></span> 
     </span>
    </p>
   </div>
   <div class='ocr_carea' id='block_1_119' title="bbox 2236 5514 3838 5597">
    <p class='ocr_par' dir='ltr' id='par_1_119' title="bbox 2236 5514 3838 5597">
     <span class='ocr_line' id='line_1_119' title="bbox 2236 5514 3838 5597; baseline -0.013 0"><span class='ocrx_word' id='word_1_755' title='bbox 2236 5542 2512 5597; x_wconf 87' lang='lat' dir='ltr'><em>scribunt</em></span> <span class='ocrx_word' id='word_1_756' title='bbox 2540 5540 2680 5592; x_wconf 80' lang='lat' dir='ltr'><em>item</em></span> <span class='ocrx_word' id='word_1_757' title='bbox 2712 5514 3101 5590; x_wconf 78' lang='lat' dir='ltr'><em>lldcbrandus</em></span> <span class='ocrx_word' id='word_1_758' title='bbox 3135 5531 3580 5586; x_wconf 88' lang='lat' dir='ltr'><em>archidiaconus</em></span> <span class='ocrx_word' id='word_1_759' title='bbox 3610 5525 3663 5578; x_wconf 92' lang='lat' dir='ltr'><em>S.</em></span> <span class='ocrx_word' id='word_1_760' title='bbox 3696 5523 3753 5574; x_wconf 66' lang='lat' dir='ltr'><em>lt.</em></span> <span class='ocrx_word' id='word_1_761' title='bbox 3774 5514 3838 5576; x_wconf 68' lang='grc' dir='ltr'><em>Εη</em></span> 
     </span>
    </p>
   </div>
   <div class='ocr_carea' id='block_1_120' title="bbox 2235 5603 3835 5691">
    <p class='ocr_par' dir='ltr' id='par_1_120' title="bbox 2235 5603 3835 5691">
     <span class='ocr_line' id='line_1_120' title="bbox 2235 5603 3835 5691; baseline -0.015 -5"><span class='ocrx_word' id='word_1_762' title='bbox 2235 5633 2411 5685; x_wconf 84' lang='lat' dir='ltr'><em>Petru</em></span> <span class='ocrx_word' id='word_1_763' title='bbox 2424 5646 2454 5682; x_wconf 87' lang='lat' dir='ltr'><em>s</em></span> <span class='ocrx_word' id='word_1_764' title='bbox 2476 5626 2740 5681; x_wconf 88' lang='lat' dir='ltr'><em>Damiani</em></span> <span class='ocrx_word' id='word_1_765' title='bbox 2757 5625 3050 5679; x_wconf 90' lang='lat' dir='ltr'><em>Ostiensis</em></span> <span class='ocrx_word' id='word_1_766' title='bbox 3066 5603 3835 5691; x_wconf 62' lang='lat' dir='ltr'><em>episcopus,Firminus,calﬂ-</em></span> 
     </span>
    </p>
   </div>
   <div class='ocr_carea' id='block_1_121' title="bbox 2239 5699 3830 5781">
    <p class='ocr_par' dir='ltr' id='par_1_121' title="bbox 2239 5699 3830 5781">
     <span class='ocr_line' id='line_1_121' title="bbox 2239 5699 3830 5781; baseline -0.016 -7"><span class='ocrx_word' id='word_1_767' title='bbox 2239 5720 2297 5773; x_wconf 84' lang='lat' dir='ltr'><em>S.</em></span> <span class='ocrx_word' id='word_1_768' title='bbox 2337 5720 2403 5772; x_wconf 83' lang='lat' dir='ltr'><em>Il.</em></span> <span class='ocrx_word' id='word_1_769' title='bbox 2449 5717 2533 5781; x_wconf 60' lang='lat'><em>13.,</em></span> <span class='ocrx_word' id='word_1_770' title='bbox 2576 5717 2692 5770; x_wconf 80' lang='lat' dir='ltr'><em>Leo</em></span> <span class='ocrx_word' id='word_1_771' title='bbox 2727 5714 2956 5781; x_wconf 71' lang='lat' dir='ltr'><em>card...,</em></span> <span class='ocrx_word' id='word_1_772' title='bbox 2992 5711 3323 5781; x_wconf 87' lang='lat' dir='ltr'><em>Stephanus</em></span> <span class='ocrx_word' id='word_1_773' title='bbox 3357 5706 3513 5762; x_wconf 88' lang='lat' dir='ltr'><em>card.</em></span> <span class='ocrx_word' id='word_1_774' title='bbox 3559 5699 3830 5773; x_wconf 65' lang='lat' dir='ltr'><em>presbyter.</em></span> 
     </span>
    </p>
   </div>
  </div>
