3988 6176
154 385 240 445 941
1094 379 1639 446 POSTMODUM
1685 383 2074 451 VICTORIS
2119 389 2206 450 III
2247 392 2494 454 PAPIE

3408 399 3528 461 942

149 580 423 635 Landulfus
437 580 585 632 card.
607 579 936 649 presbyter,
965 579 1083 634 Leo
1106 583 1264 635 card.
1291 582 1623 652 presbyter,
1639 599 1744 652 pro
1774 567 1831 629 Α
1866 587 1988 640 Nec
2019 589 2228 642 modus
2260 593 2351 644 est
2395 594 2628 661 populis
2660 596 3009 650 coeuntibus
3048 601 3279 668 agmine
3311 601 3523 671 denso,

150 669 376 723 omnibus
422 668 778 737 presbyteris
825 670 1245 737 cardinalibus,
1303 671 1653 725 diaconibus
1697 675 1753 726 et

147 757 340 810 clericis
365 756 418 808 S.
451 757 515 808 B.
539 755 598 808 E.
626 756 707 809 De
735 759 1109 826 magnatibus
1133 763 1348 828 autem,
1379 767 1436 812 ut
1465 761 1580 813 Leo
1603 777 1749 830 pro-

151 845 390 915 sequitur,
426 843 751 898 Richardus
781 846 1059 916 princeps
1089 847 1422 916 Capuanus,
1459 865 1590 902 cum
1619 851 1750 902 Jor-

148 935 264 986 dane
283 933 386 984 filio
419 936 469 985 et
500 932 677 985 fratre
712 934 1004 1001 Bainulfo,
1040 936 1306 989 Gisulfus
1340 939 1618 1006 princeps
1641 938 1750 990 Sa-

146 1021 430 1074 lernitanus
476 1037 603 1074 cum
650 1021 931 1076 fratribus
971 1024 1121 1092 suis,
1155 1025 1485 1079 Landulfus
1517 1042 1750 1096 quoque

146 1111 378 1178 princeps
407 1109 889 1176 Beneventamus,
927 1116 982 1165 et
1003 1111 1252 1183 Sergius
1275 1113 1394 1166 dux
1425 1114 1751 1182 Neapolita-

142 1213 244 1262 nus,
288 1196 636 1266 Sergiusquc
670 1199 789 1251 dux
835 1201 1256 1268 Surrentinus;
1291 1218 1424 1254 nam
1473 1203 1590 1255 dux
1625 1204 1747 1256 Bo-

137 1286 302 1338 bertus
317 1285 656 1339 Panormum
689 1302 756 1340 eo
787 1291 1048 1356 tempore
1068 1290 1468 1359 Oppugnabat,
1496 1291 1747 1361 ideoque

137 1377 274 1426 tanta:
306 1374 647 1428 solemnitati
674 1379 810 1429 tunc
843 1376 1136 1431 interesse
1167 1394 1283 1432 non
1315 1380 1520 1447 potuit.
1547 1380 1660 1433 Sed
1693 1383 1749 1433 et

137 1461 418 1515 Marsorum
436 1463 709 1516 comitum
733 1480 798 1517 ac
818 1464 1218 1534 Balvensium,
1243 1466 1613 1537 filiorumque
1636 1468 1747 1521 Bo-

135 1551 231 1602 relli
259 1551 452 1620 ingens
482 1549 830 1620 frequentia.
852 1552 1214 1607 Caeterorum
1245 1570 1386 1608 vero
1417 1557 1743 1623 potentium

134 1652 218 1690 seu
236 1638 515 1705 nobilium,
536 1643 652 1692 tam
677 1641 1025 1694 nostratium
1047 1658 1222 1712 quam
1246 1643 1742 1710 Normannorum,

132 1727 343 1778 omnium
383 1728 840 1798 circumquaque
888 1734 1178 1784 terrarum
1224 1732 1317 1784 vel
1365 1731 1619 1800 nomina,
1652 1731 1745 1784 vel

129 1830 388 1867 numerum
419 1816 788 1871 innumerum
821 1819 978 1871 nulla
1011 1819 1116 1872 fuit
1149 1835 1402 1888 prorsus
1435 1819 1743 1889 possibili-

128 1906 196 1955 tas
212 1903 288 1956 vel
318 1903 625 1958 consilium
643 1907 1015 1960 recensendi.
1041 1908 1266 1961 Horum
1288 1909 1469 1978 igitur
1486 1909 1744 1962 omnium

128 2005 312 2043 summa
332 1992 636 2047 devotione
659 1997 714 2048 et
746 1995 965 2065 ingenti
989 1997 1209 2061 laetitia,
1233 1998 1487 2050 maximo
1514 1997 1738 2050 honore

121 2094 170 2130 ac
194 2080 456 2149 praecipua
491 2081 682 2152 gloria
713 2082 977 2137 dedicata
1000 2087 1091 2138 est
1123 2085 1328 2138 eadem
1362 2085 1525 2138 Beati
1563 2086 1746 2138 Bene-

125 2168 232 2219 dicti
256 2169 485 2222 basilica
535 2186 672 2224 cum
705 2171 964 2242 quinque
995 2173 1279 2226 altaribus
1327 2175 1456 2227 suis
1489 2173 1617 2243 ipsa
1649 2175 1740 2228 die

125 2254 461 2310 Kalendarum
491 2258 858 2326 Octobrium,
890 2277 1040 2314 anno
1064 2261 1490 2315 lncarnationis
1521 2262 1735 2316 divinae

123 2344 383 2398 millesimo
435 2348 882 2418 septuagesimo
931 2349 1150 2418 primo,
1205 2349 1523 2404 indictione
1567 2366 1738 2420 nona,

121 2431 192 2484 die
217 2431 470 2503 Sabbati;
505 2439 564 2488 et
598 2436 801 2489 altaria
830 2438 1066 2506 quidem
1090 2438 1378 2506 mediana,
1413 2440 1567 2493 beati
1587 2439 1745 2492 vidc-

123 2521 224 2574 licet
237 2522 539 2592 Benedicti,
559 2526 1077 2580 etsanctiJoannis
1101 2527 1412 2580 vocabulis
1438 2527 1739 2598 insignita,

120 2625 256 2664 manu
284 2613 508 2682 propria
531 2614 860 2684 praedictus
894 2616 1258 2683 apostolicus
1289 2616 1630 2679 benedixit;
1663 2617 1742 2668 al-

119 2702 212 2750 tare
238 2715 381 2766 vero,
402 2702 560 2771 quod
595 2703 653 2754 in
684 2703 926 2756 australi
959 2705 1124 2772 parte
1154 2705 1225 2757 ad
1259 2704 1542 2758 honorem
1565 2719 1740 2758 sanc—

118 2788 174 2838 ta:
191 2787 280 2840 Dei
300 2791 608 2858 genitricis
631 2795 722 2844 est
744 2791 942 2858 situm,
969 2793 1230 2845 Joannes
1253 2792 1574 2862 episcopus
1597 2793 1741 2846 Tus-

117 2875 404 2931 culanensis
435 2894 448 2945 ;
480 2879 645 2948 quod
676 2883 868 2932 autem
899 2880 956 2933 in
986 2885 1149 2950 parte
1182 2882 1510 2951 aquilonari
1541 2881 1614 2934 ad
1645 2896 1741 2935 no-

117 2977 219 3015 men
246 2965 385 3018 bcati
431 2966 709 3036 Gregorii
755 2967 1063 3022 Hubaldus
1095 2970 1416 3038 episcopus
1449 2968 1738 3023 Savinen-

117 3051 200 3119 sis;
227 3053 403 3108 Sancti
428 3071 577 3110 vero
601 3055 827 3109 Nicolai
853 3056 1136 3110 Erasmus
1178 3057 1497 3126 episcopus
1522 3057 1737 3129 Segni-

115 3154 201 3191 nus
249 3143 583 3197 solemniter
635 3145 997 3198 dedicarunt.
1031 3146 1288 3209 Quorum
1321 3162 1464 3200 sane
1497 3150 1735 3200 sancto-

114 3242 209 3278 rum
237 3231 488 3301 reliquim
506 3236 649 3285 tunc
677 3231 733 3285 in
757 3233 1017 3303 singulis
1039 3234 1324 3288 altaribus
1354 3237 1492 3288 sunt
1523 3249 1735 3288 recon-

113 3313 235 3382 ditia;
253 3323 637 3386 Opportunum
662 3321 770 3374 hoc
804 3320 862 3373 in
884 3321 1013 3374 loco
1049 3323 1316 3375 inserere
1347 3322 1646 3375 duximus.
1671 3321 1734 3374 In

111 3401 254 3457 altare
295 3407 484 3476 itaque
549 3410 713 3462 Beati
769 3409 1069 3463 Benedicti
1124 3410 1414 3463 habentur
1470 3410 1734 3479 reliquize

111 3497 403 3547 sanctorum
439 3497 848 3564 apostolorum
885 3497 1139 3567 Philippi
1168 3502 1224 3552 et
1254 3498 1482 3565 Jacobi,
1524 3501 1636 3551 etc.
1670 3498 1733 3550 In

109 3577 251 3634 altare
279 3583 468 3638 Sancti
494 3585 808 3639 Johannis.
855 3627 868 3639 .
914 3627 926 3639 .
976 3627 986 3639 .
1035 3628 1046 3638 .
1084 3627 1096 3639 .
1123 3602 1195 3640 ex
1227 3587 1355 3640 oleo
1387 3587 1458 3640 de
1491 3586 1733 3640 candela

109 3671 259 3722 sancti
290 3674 566 3742 sepulcri,
605 3690 736 3743 quae
769 3674 1044 3728 videlicet
1074 3691 1180 3743 per
1211 3675 1483 3746 singulos
1517 3690 1729 3742 annos,

108 3757 244 3810 modo
273 3761 433 3813 valde
467 3761 743 3828 mirabili,
769 3762 1004 3815 caelitus
1036 3762 1129 3816 die
1161 3763 1348 3816 sancti
1379 3762 1730 3833 Sabbatipa-

105 3843 286 3900 schalis
314 3848 654 3903 videntibus
704 3851 934 3904 cunctis
987 3852 1365 3918 accenditur,
1399 3855 1510 3906 etc.
1543 3852 1733 3920 Super

107 3934 263 3986 omnia
292 3951 429 3990 vero
463 3938 619 4006 haec,
658 3939 814 4008 quod
856 3940 1164 3993 tacendum
1195 3955 1314 3994 non
1342 3941 1639 4007 duximus,
1671 3940 1731 3994 in

105 4021 429 4091 singularum
452 4028 862 4080 columnarum
889 4027 1162 4097 ejusdem
1187 4029 1453 4083 basilicae
1483 4028 1728 4097 capitel-

105 4105 177 4171 lis,
221 4114 469 4181 tempore
519 4116 1016 4184 constructionis,
1067 4121 1412 4170 reverenter
1461 4117 1630 4170 satis
1674 4117 1732 4169 in

102 4199 242 4251 aereis
268 4202 568 4271 pyxidulis
609 4204 874 4274 reliquiae
906 4209 1248 4258 sanctorum
1279 4205 1623 4274 Philippi,...
1659 4205 1732 4258 de

97 4287 287 4354 capillis
337 4293 528 4346 sancti
575 4293 826 4363 Remigii
871 4294 1156 4362 episcOpi,
1209 4299 1321 4347 etc.
1379 4294 1443 4346 In
1478 4298 1734 4364 quatuor

98 4377 294 4445 angulis
324 4381 708 4450 campanarii,
744 4380 836 4434 hae
874 4383 1140 4452 reliquiae
1160 4385 1315 4451 sunt,
1348 4383 1572 4453 lignum
1612 4383 1731 4436 Do-

104 4464 370 4531 mini,-etc.
407 4471 469 4522 In
502 4484 686 4522 cruce
717 4471 1077 4538 campanarii
1117 4471 1339 4541 lignum
1375 4471 1626 4539 Domini,
1660 4471 1732 4524 de

99 4551 252 4619 capite
281 4557 466 4610 sancti
523 4557 816 4610 Johannis
849 4559 1156 4627 Baptistae,
1190 4564 1301 4613 etc.
1334 4559 1394 4611 In
1429 4559 1730 4627 frontispi-

1863 675 1986 729 Nec
2010 677 2270 747 requies,
2304 685 2619 749 properant
2651 683 2708 734 in
2741 683 2933 737 lucem
2965 701 2995 736 a
3028 692 3216 755 nocte,
3252 688 3524 760 diemque

1864 762 2228 833 Exspectare
2258 769 2436 838 piget.

1864 851 2085 906 Lucani
2115 862 2326 910 coeunt
2359 859 2576 927 populi,
2615 861 2727 914 coit
2760 862 2946 931 Apula
2975 865 3184 932 pubes,

1865 941 1948 992 Ac
1981 941 2232 1010 Calabri,
2268 950 2323 999 et
2353 949 2548 1001 cuncti
2580 965 2730 1018 quos
2762 951 2944 1003 abluit
2967 956 3150 1005 aestus
3182 955 3448 1024 uterque,

1863 1025 1972 1090 Qui
2002 1031 2148 1084 laeva
2183 1036 2236 1085 et
2267 1033 2492 1102 dextra,
2530 1037 2756 1090 Latium
2775 1039 3213 1109 circumstrepit
3235 1057 3406 1096 omne
3433 1058 3447 1111 ;

1863 1116 2114 1188 Ipsaque
2148 1121 2455 1176 caelestum
2487 1126 2676 1178 sacris
2707 1142 3020 1196 procerum
3054 1131 3450 1184 monumentis

1866 1205 2070 1274 Roma,
2104 1209 2278 1262 Petro
2313 1211 2605 1281 Pauloquc
2639 1218 2866 1282 potens,
2902 1231 3210 1270 rarescere
3242 1219 3482 1289 gaudet,

1861 1293 2040 1346 Millia
2071 1296 2435 1364 profundens
2466 1300 2535 1351 ad
2572 1301 2779 1353 moenia
2815 1303 2972 1354 celsa
3003 1303 3222 1358 Casini.

1877 1387 2066 1442 Vincit
2097 1392 2218 1444 iter
2249 1393 2456 1446 durum
2483 1397 2696 1465 pictas,
2734 1412 2900 1451 amor
2922 1401 2977 1451 et
3007 1399 3336 1466 Benedicti;

1861 1476 2055 1531 Vincit
2085 1483 2139 1533 ct
2169 1480 2488 1552 almalfides
2517 1499 2527 1536 :
2556 1501 2826 1552 praesens
2861 1487 3020 1540 Deus
3057 1487 3180 1558 [at.,
3219 1489 3311 1559 de]
3334 1490 3517 1545 omni-

3103 1576 3238 1647 [bus
3270 1579 3446 1632 isthic

1856 1656 2147 1725 Creditur,
2183 1662 2234 1712 et
2266 1660 2476 1713 summi
2521 1661 2876 1717 Benedictus
2909 1664 3095 1734 gloria
3124 1665 3371 1720 Christi.

1928 1797 2225 1853 [nfidelem
2257 1805 2416 1855 certe
2449 1803 2702 1874 quisque
2735 1821 2801 1859 se
2834 1807 3096 1872 credere,
3120 1808 3402 1862 miserum
3424 1817 3518 1877 pe-

1856 1885 2014 1940 nitus
2033 1890 2348 1957 zestimare,
2375 1893 2426 1944 si
2449 1894 2622 1947 tantae
2641 1895 3027 1948 solemnitatis
3045 1896 3137 1949 vel
3161 1896 3263 1949 fini
3283 1897 3516 1950 tandem

1855 1991 1970 2028 non
1995 1979 2291 2049 satageret
2308 1979 2620 2035 interesse.
2647 1981 2732 2035 Ex
2753 1983 2955 2052 eojam
2976 1999 3085 2053 per
3103 1986 3283 2038 totum
3306 1983 3514 2039 Chris-

1854 2064 2073 2119 tianum
2107 2067 2307 2122 orbem
2340 2070 2514 2138 ccepit
2544 2071 3091 2126 celebritatistantce
3117 2073 3305 2144 gloria
3335 2073 3519 2127 divul-

1856 2155 1982 2225 gari
2019 2173 2029 2208 :
2065 2161 2279 2210 extunc
2311 2157 2421 2211 iste
2455 2159 2621 2212 locus
2651 2159 2788 2213 licet
2817 2161 2890 2214 ab
2925 2160 3061 2213 olim
3093 2161 3392 2214 Benedicti
3412 2162 3517 2214 Pa-

1859 2245 1967 2297 tris
1981 2245 2205 2298 meritis
2229 2245 2493 2300 famosus
2511 2263 2579 2300 ac
2602 2248 2819 2301 nobilis
2844 2249 3038 2316 fuerit,
3059 2249 3316 2302 nobilior
3334 2249 3520 2303 multo

1855 2348 1921 2385 ac
1954 2333 2274 2404 gloriosior
2303 2335 2478 2403 coepit
2511 2335 2734 2404 haberi,
2761 2337 3072 2406 Patrisque
3107 2337 3400 2390 Desiderii
3421 2352 3521 2391 no-

1856 2435 2009 2488 men,
2044 2422 2196 2490 apud
2242 2423 2558 2492 plerosque
2584 2423 2931 2493 jamdudum
2963 2440 3242 2495 magnum
3273 2426 3329 2479 et
3359 2425 3515 2478 cele-

1853 2509 1979 2577 bre,
2017 2510 2312 2564 celebrius
2345 2511 2624 2580 deinceps
2643 2528 2711 2565 ac
2734 2513 2994 2567 nobilius
3017 2529 3121 2582 per
3141 2512 3518 2567 Occidentem

1856 2602 2038 2652 totum
2069 2598 2348 2666 diffundi;
2395 2601 2721 2669 prudentiae
2753 2602 2929 2656 simul
2960 2618 3027 2655 ac
3058 2602 3366 2672 religionis
3397 2618 3516 2655 ma-

1853 2687 2025 2739 ximae
2056 2688 2128 2740 ab
2171 2687 2446 2740 omnibus
2494 2688 2835 2758 praedicari,
2888 2689 3280 2759 omnibusque
3325 2689 3516 2759 ipsius

1851 2777 2134 2845 temporis
2167 2775 2480 2829 abbatibus
2515 2777 2731 2846 ubique
2764 2777 3050 2847 locorum,
3080 2793 3196 2832 non
3227 2779 3421 2832 solum
3457 2779 3518 2832 in

1853 2864 2318 2918 occidentalibus
2349 2868 2406 2918 et
2435 2865 2843 2933 orientalibus,
2878 2867 3292 2935 partibus,sed
3323 2869 3380 2921 et
3409 2882 3516 2937 per

1853 2953 2057 3007 orbem
2086 2955 2377 3006 terrarum
2407 2953 2480 3006 ab
2515 2955 2790 3008 omnibus
2839 2956 3192 3008 censebatur
3214 2954 3350 3024 jure
3371 2971 3516 3024 prae-

1853 3041 2018 3096 ferri.
2054 3041 2272 3094 Partim
2304 3041 2486 3111 igitur
2525 3041 2819 3096 desiderio
2850 3043 3219 3096 Desiderium
3252 3042 3510 3111 videndi,

1850 3129 2059 3198 partim
2091 3145 2232 3183 vero
2256 3129 2455 3198 templi
2485 3135 2602 3183 tam
2634 3131 2855 3202 vulgati
2876 3134 2931 3184 et
2957 3134 3075 3184 tam
3105 3130 3359 3185 celebris
3379 3144 3514 3184 con-

1849 3217 2069 3285 tuendi,
2103 3218 2314 3287 partim
2347 3218 2600 3288 denique
2643 3219 2700 3271 in
2750 3219 2863 3272 hoc
2901 3221 3281 3272 sacrosancto
3313 3233 3511 3272 coeno-

1766 3280 1816 3346 C
1849 3305 1944 3360 bio
1979 3306 2394 3374 conversandi,
2427 3312 2482 3360 et
2517 3307 2635 3360 Deo
2668 3307 2861 3377 quoad
2898 3307 3168 3360 viverent
3209 3307 3511 3362 serviendi

1848 3394 2013 3448 multi
2043 3412 2115 3448 ex
2144 3394 2343 3448 multis
2393 3397 2449 3448 et
2482 3395 2718 3449 extimis
2760 3399 3050 3448 terrarum
3088 3396 3353 3464 partibus
3393 3396 3509 3450 huc

1848 3499 2082 3552 coepere
2105 3484 2404 3537 confluere
2427 3499 2437 3538 :
2463 3484 2810 3552 et,hilariter
2832 3484 3142 3538 Desiderio
3164 3485 3505 3554 recipiente,

1846 3573 2064 3626 factum
2095 3574 2186 3626 est
2215 3576 2278 3626 ut
2308 3572 2458 3626 intra
2487 3573 2682 3642 ipsum
2726 3573 2912 3626 ferme
2960 3572 3282 3640 biennium,
3317 3573 3390 3626 ad
3421 3588 3509 3627 se-

1846 3662 2103 3715 cundum
2151 3662 2386 3716 circiter
2434 3662 2835 3716 centenarium
2880 3662 3360 3733 congregationis
3395 3661 3508 3716 loci

1845 3749 2027 3820 hujus
2061 3766 2126 3804 se
2159 3766 2445 3804 numerus
2475 3751 2864 3818 perrexisset.
2897 3751 3028 3804 Jam
3075 3767 3216 3804 vero
3247 3750 3508 3805 diverso-

1843 3857 1974 3900 rum
2022 3856 2268 3912 regnum
2318 3842 2490 3909 atque
2546 3841 2865 3908 potentium
2916 3840 3226 3910 utriusque
3283 3854 3504 3910 sexus,

1845 3937 2060 4004 quanta
2092 3931 2248 3983 circa
2279 3928 2550 3982 eumdem
2583 3929 2979 3982 venerabilem
3000 3930 3233 3982 Patrem
3265 3928 3510 3998 cmperit

1845 4021 2049 4076 haberi
2082 4017 2333 4081 devotio,
2354 4016 2655 4085 supplices
2687 4017 2758 4069 ad
2789 4033 2922 4070 eum
2953 4017 3160 4070 litterae
3192 4019 3248 4070 et
3265 4033 3508 4071 munera

1844 4109 2110 4164 decentia
2171 4105 2558 4170 testabantur,
2607 4105 2823 4173 quibus
2871 4121 2937 4158 se
2983 4121 3248 4175 suosque
3299 4122 3505 4160 omnes

1843 4202 1960 4253 tam
1991 4198 2119 4252 suis
2143 4211 2318 4266 quam
2349 4193 2594 4246 fratrum
2627 4192 2738 4245 sub
2763 4209 2831 4246 eo
2864 4194 3201 4264 degentium
3225 4194 3504 4262 precibus

1845 4288 2120 4341 attentius
2153 4288 2658 4341 commendabant.
2678 4283 2842 4339 Hanc
2872 4283 3266 4337 dedicationis
3295 4282 3505 4336 solem-

1845 4377 2091 4430 nitatem
2119 4382 2444 4431 memorant
2476 4376 2621 4430 I‘asti
2660 4373 3062 4441 Benedictini,
3085 4379 3142 4425 et
3173 4371 3506 4425 Ferrarius

1844 4465 1904 4517 in
1927 4464 2204 4536 Catalogo
2230 4465 2522 4535 generali,
2557 4466 2655 4520 die
2684 4483 2701 4517 ι
2737 4463 3032 4518 Octobris.

1915 4551 2172 4622 Agnetis
2211 4552 2617 4622 impcratricis
2657 4552 2824 4604 dona.
2859 4579 2928 4588 —
2958 4549 3082 4602 Nec
3115 4546 3504 4617 impcratricis

99 4638 169 4690 cio
195 4644 452 4699 ecclesia;
487 4646 551 4699 in
581 4661 757 4700 cruce
789 4662 963 4715 aerea,
991 4648 1215 4718 lignum
1250 4647 1502 4714 Domini,
1537 4648 1607 4702 de
1647 4648 1729 4701 la-
1755 4636 1807 4698 Ι)
1843 4655 2077 4711 quoque
2111 4640 2358 4711 Agnetis
2381 4640 2624 4711 dignum
2657 4640 2891 4694 videtur
2936 4638 3280 4709 religiosam
3309 4639 3504 4690 tacere

99 4727 220 4796 pidc,
253 4736 355 4786 etc.

154 4815 528 4890 Indulgentiae
568 4839 885 4878 concessae.
919 4855 987 4863 —
1017 4825 1262 4878 Peracta
1296 4825 1477 4896 igitur
1509 4826 1730 4880 solem-

101 4901 573 4964 nitercelebritatc
599 4912 939 4980 missarum,
971 4915 1027 4966 et
1049 4913 1392 4983 apostolicae
1422 4914 1730 4982 potestatis

98 4996 427 5067 auctoritate,
464 5003 581 5052 tam
613 5001 687 5052 iis
720 5017 872 5070 quos
903 5004 1041 5055 tunc
1072 5005 1402 5070 praesentes
1433 5016 1571 5054 esse
1596 5017 1734 5054 con-

96 5078 294 5150 ligarat,
315 5102 492 5155 quam
519 5089 794 5142 omnibus
827 5090 924 5159 qui
960 5105 1066 5157 per
1092 5095 1225 5144 octo
1261 5090 1571 5144 continuos
1604 5091 1732 5144 dies

96 5168 153 5219 ob
181 5172 542 5230 devotionem
595 5180 767 5230 tantae
819 5178 1210 5231 solemnitatis
1262 5179 1479 5232 ibidem
1517 5195 1730 5232 accur-

98 5270 205 5311 I‘erc
229 5267 494 5332 possent,
518 5265 932 5319 confessorum
954 5270 1330 5334 peccatorum
1359 5268 1730 5322 absolutione

96 5359 372 5417 concessa,
404 5368 540 5405 cum
561 5353 810 5406 maxima
835 5359 890 5408 et
914 5355 1136 5426 ingenti
1163 5356 1362 5409 laetitia
1395 5357 1614 5426 singuli
1649 5372 1732 5410 re-

95 5430 296 5489 dierunt
328 5439 385 5491 in
418 5456 548 5493 sua.
585 5442 799 5496 Verum
822 5444 1082 5512 praefatae
1106 5444 1498 5497 absolutionis
1522 5445 1728 5514 gratia,

97 5521 225 5576 tanta
254 5526 494 5599 indique
542 5530 656 5583 huc
686 5531 906 5584 diversi
960 5548 1143 5586 sexus
1187 5537 1357 5603 atque
1409 5535 1596 5586 aetatis
1629 5549 1734 5601 per

93 5612 305 5667 eosdem
339 5621 470 5670 octo
506 5618 630 5673 dies
666 5620 964 5673 hominum
992 5637 1056 5674 sc
1081 5622 1440 5675 continuavit
1463 5622 1732 5692 frequen-

94 5694 173 5761 tia,
204 5704 260 5753 ut
290 5705 581 5760 neminem
613 5707 738 5762 fere
771 5708 1008 5761 illorum
1057 5710 1155 5778 qui
1188 5710 1257 5762 ad
1291 5710 1545 5778 primum
1576 5711 1731 5763 diem

98 5787 503 5862 conﬂuxerant,
535 5795 767 5851 domum
797 5812 1101 5852 remeasse
1131 5801 1392 5868 putares.

1844 4730 2234 4797 devotionem,
2261 4745 2413 4799 quae,
2442 4730 2599 4783 velut
2621 4729 2804 4782 altera
2823 4729 3029 4799 regina
3052 4726 3225 4794 Saba,
3243 4725 3506 4779 Salomo-

1841 4817 2203 4872 nis'alterius
2237 4823 2292 4871 et
2322 4818 2566 4872 alterius
2599 4818 2795 4887 templi
2829 4832 3043 4888 magno
3073 4815 3310 4869 videndi
3339 4813 3504 4868 desi-

1844 4906 2008 4960 derio
2040 4907 2234 4974 ducta,
2271 4921 2343 4958 ex
2374 4906 2595 4960 ultimis
2646 4906 2761 4959 huc
2793 4905 3124 4960 Germaniae
3159 4903 3375 4957 finibus
3405 4902 3504 4956 ad-

1841 4995 2119 5059 ventavit,
2155 5011 2244 5062 ac,
2279 5011 2386 5064 per
2416 4995 2669 5048 medium
2702 4994 2886 5048 ferme
2919 4993 3051 5047 istic
3082 4991 3218 5045 anni
3251 4991 3506 5060 spatium

1843 5099 2237 5151 commorans,
2261 5084 2440 5137 multo
2463 5083 2688 5154 majora
2715 5099 2781 5138 se
2804 5083 2875 5136 de
2905 5083 2996 5135 his
3019 5097 3151 5151 quae
3183 5097 3365 5150 super
3393 5081 3505 5136 hoc

1843 5173 1972 5226 loco
2005 5173 2204 5226 auditu
2237 5178 2599 5242 perceperat,
2634 5175 2750 5225 tam
2781 5172 3108 5224 secundum
3129 5171 3312 5224 Deum
3330 5187 3506 5239 quam

1845 5262 2170 5316 secundum
2205 5262 2492 5315 saeculum
2515 5262 2716 5314 videre
2738 5260 3052 5331 gaudebat,
3085 5262 3141 5312 et
3171 5259 3504 5324 asserebat,

1846 5352 2054 5405 merito
2088 5366 2344 5404 censens
2379 5355 2431 5402 et
2467 5351 2677 5411 locum,
2714 5353 2769 5401 ct
2799 5349 3050 5415 Patrem,
3084 5351 3139 5401 et
3171 5348 3507 5418 fratresper

1844 5444 2026 5496 totum
2083 5441 2286 5493 orbem
2339 5439 2431 5492 sui
2473 5438 2698 5491 ordinis
2748 5437 3086 5490 hominibus
3145 5437 3507 5491 celebriores

1845 5530 2169 5583 habendos.
2213 5528 2432 5582 Obtulit
2489 5530 2680 5580 autem
2721 5527 2892 5580 beato
2953 5527 3294 5595 Benedicto,
3336 5531 3508 5594 prout

1843 5618 2187 5690 dignitatem
2235 5618 2619 5688 Augustalem
2669 5616 2938 5683 decebat,
2973 5618 3123 5671 dona
3171 5620 3503 5689 magnifica,

1845 5707 1902 5761 id
1952 5711 2044 5762 est
2087 5707 2375 5776 planetam
2427 5705 2788 5775 diasperam,
2822 5709 3001 5760 totam
3049 5707 3309 5776 undique
3360 5723 3501 5760 auro

1846 5801 2214 5867 contextam;
2249 5795 2440 5850 albam
2471 5812 2704 5867 quoque
2736 5813 2768 5849 a
2815 5796 3076 5867 scapulis
3118 5799 3173 5851 et
3213 5794 3398 5864 capite
3438 5810 3506 5847 ac
