  <div class='ocr_page' id='page_1' title='image "/cluster/home/n/w/nwhite01/storage/ocr_20150623/149/hvd.32044054760079/477.png"; bbox 0 0 3940 6174; ppageno 0'>
   <div class='ocr_carea' id='block_1_1' title="bbox 452 353 3799 422">
    <p class='ocr_par' dir='ltr' id='par_1_1' title="bbox 452 353 3799 422">
     <span class='ocr_line' id='line_1_1' title="bbox 452 353 3799 422; baseline 0.001 -3"><span class='ocrx_word' id='word_1_1' title='bbox 452 355 571 419; x_wconf 75' lang='grc'>943</span> <span class='ocrx_word' id='word_1_2' title='bbox 1445 354 1720 421; x_wconf 80' lang='lat' dir='ltr'><strong>GESTA</strong></span> <span class='ocrx_word' id='word_1_3' title='bbox 1762 354 2184 418; x_wconf 78' lang='lat' dir='ltr'>DESIDERII</span> <span class='ocrx_word' id='word_1_4' title='bbox 2227 353 2592 417; x_wconf 74' lang='lat' dir='ltr'>A’BBATIS</span> <span class='ocrx_word' id='word_1_5' title='bbox 2633 353 2900 417; x_wconf 75' lang='lat' dir='ltr'>CAS&#39;IN.</span> <span class='ocrx_word' id='word_1_6' title='bbox 3707 362 3799 422; x_wconf 72' lang='lat'>944</span> 
     </span>
    </p>
   </div>
   <div class='ocr_carea' id='block_1_2' title="bbox 455 539 3804 626">
    <p class='ocr_par' dir='ltr' id='par_1_2' title="bbox 455 539 3804 626">
     <span class='ocr_line' id='line_1_2' title="bbox 455 539 3804 626; baseline -0.001 -11"><span class='ocrx_word' id='word_1_7' title='bbox 455 557 733 615; x_wconf 89' lang='lat' dir='ltr'>manibus</span> <span class='ocrx_word' id='word_1_8' title='bbox 776 554 925 608; x_wconf 90' lang='lat' dir='ltr'>frisc</span> <span class='ocrx_word' id='word_1_9' title='bbox 962 553 1385 608; x_wconf 82' lang='lat' dir='ltr'>decentissime</span> <span class='ocrx_word' id='word_1_10' title='bbox 1418 553 1774 623; x_wconf 89' lang='lat' dir='ltr'>adornatam,</span> <span class='ocrx_word' id='word_1_11' title='bbox 1808 570 1841 608; x_wconf 90' lang='lat' dir='ltr'>a</span> <span class='ocrx_word' id='word_1_12' title='bbox 1864 539 2202 624; x_wconf 58' lang='lat' dir='ltr'>pedibus]</span> <span class='ocrx_word' id='word_1_13' title='bbox 2230 552 2536 624; x_wconf 90' lang='lat' dir='ltr'>Ceraptata</span> <span class='ocrx_word' id='word_1_14' title='bbox 2570 554 2745 609; x_wconf 85' lang='lat' dir='ltr'>etiam</span> <span class='ocrx_word' id='word_1_15' title='bbox 2784 570 2939 610; x_wconf 88' lang='lat' dir='ltr'>area</span> <span class='ocrx_word' id='word_1_16' title='bbox 2983 555 3203 623; x_wconf 89' lang='lat' dir='ltr'>fusilia,</span> <span class='ocrx_word' id='word_1_17' title='bbox 3254 554 3417 609; x_wconf 84' lang='lat' dir='ltr'>valde</span> <span class='ocrx_word' id='word_1_18' title='bbox 3460 555 3691 626; x_wconf 88' lang='lat' dir='ltr'>pulchra,</span> <span class='ocrx_word' id='word_1_19' title='bbox 3716 557 3804 612; x_wconf 89' lang='lat' dir='ltr'>duo</span> 
     </span>
    </p>
   </div>
   <div class='ocr_carea' id='block_1_3' title="bbox 456 641 3807 714">
    <p class='ocr_par' dir='ltr' id='par_1_3' title="bbox 456 641 3807 714">
     <span class='ocr_line' id='line_1_3' title="bbox 456 641 3807 714; baseline -0.001 -13"><span class='ocrx_word' id='word_1_20' title='bbox 456 662 601 701; x_wconf 90' lang='lat' dir='ltr'>vero</span> <span class='ocrx_word' id='word_1_21' title='bbox 629 643 779 698; x_wconf 86' lang='lat' dir='ltr'>frisa</span> <span class='ocrx_word' id='word_1_22' title='bbox 824 641 1207 695; x_wconf 86' lang='lat' dir='ltr'>nihilominus</span> <span class='ocrx_word' id='word_1_23' title='bbox 1246 641 1402 709; x_wconf 89' lang='lat' dir='ltr'>lista,</span> <span class='ocrx_word' id='word_1_24' title='bbox 1437 657 1778 695; x_wconf 83' lang='lat' dir='ltr'>mensuram</span> <span class='ocrx_word' id='word_1_25' title='bbox 1810 641 1994 695; x_wconf 90' lang='lat' dir='ltr'>ferme</span> <span class='ocrx_word' id='word_1_26' title='bbox 2023 657 2121 695; x_wconf 92' lang='lat' dir='ltr'>cu-</span> <span class='ocrx_word' id='word_1_27' title='bbox 2232 658 2445 714; x_wconf 90' lang='lat' dir='ltr'>magna</span> <span class='ocrx_word' id='word_1_28' title='bbox 2464 646 2521 696; x_wconf 90' lang='lat' dir='ltr'>et</span> <span class='ocrx_word' id='word_1_29' title='bbox 2553 659 2736 712; x_wconf 87' lang='lat' dir='ltr'>parva</span> <span class='ocrx_word' id='word_1_30' title='bbox 2763 648 3009 713; x_wconf 87' lang='lat' dir='ltr'>septem,</span> <span class='ocrx_word' id='word_1_31' title='bbox 3037 660 3216 713; x_wconf 83' lang='lat' dir='ltr'>supra</span> <span class='ocrx_word' id='word_1_32' title='bbox 3257 644 3442 697; x_wconf 89' lang='lat' dir='ltr'>dictus</span> <span class='ocrx_word' id='word_1_33' title='bbox 3470 644 3630 697; x_wconf 78' lang='lat' dir='ltr'>frater</span> <span class='ocrx_word' id='word_1_34' title='bbox 3650 660 3807 698; x_wconf 85' lang='lat' dir='ltr'>secum</span> 
     </span>
    </p>
   </div>
   <div class='ocr_carea' id='block_1_4' title="bbox 455 729 3807 802">
    <p class='ocr_par' dir='ltr' id='par_1_4' title="bbox 455 729 3807 802">
     <span class='ocr_line' id='line_1_4' title="bbox 455 729 3807 802; baseline -0.001 -12"><span class='ocrx_word' id='word_1_35' title='bbox 455 735 563 791; x_wconf 92' lang='lat' dir='ltr'>biti</span> <span class='ocrx_word' id='word_1_36' title='bbox 593 735 656 786; x_wconf 94' lang='lat' dir='ltr'>in</span> <span class='ocrx_word' id='word_1_37' title='bbox 686 729 991 784; x_wconf 80' lang='lat' dir='ltr'>latitudine</span> <span class='ocrx_word' id='word_1_38' title='bbox 1022 730 1271 795; x_wconf 84' lang='lat' dir='ltr'>habens,</span> <span class='ocrx_word' id='word_1_39' title='bbox 1292 729 1732 797; x_wconf 80' lang='lat' dir='ltr'>circumdatam,</span> <span class='ocrx_word' id='word_1_40' title='bbox 1754 730 2050 799; x_wconf 87' lang='lat' dir='ltr'>simulque</span> <span class='ocrx_word' id='word_1_41' title='bbox 2067 733 2123 784; x_wconf 90' lang='lat' dir='ltr'>et</span> <span class='ocrx_word' id='word_1_42' title='bbox 2234 748 2263 784; x_wconf 92' lang='lat' dir='ltr'>a</span> <span class='ocrx_word' id='word_1_43' title='bbox 2285 730 2793 801; x_wconf 80' lang='lat' dir='ltr'>Constantinopoli</span> <span class='ocrx_word' id='word_1_44' title='bbox 2813 733 3035 786; x_wconf 84' lang='lat' dir='ltr'>detulit.</span> <span class='ocrx_word' id='word_1_45' title='bbox 3053 732 3217 786; x_wconf 85' lang='lat' dir='ltr'>Fecit</span> <span class='ocrx_word' id='word_1_46' title='bbox 3232 736 3505 802; x_wconf 86' lang='lat' dir='ltr'>praeterea</span> <span class='ocrx_word' id='word_1_47' title='bbox 3522 732 3807 787; x_wconf 82' lang='lat' dir='ltr'>Desiderius</span> 
     </span>
    </p>
   </div>
   <div class='ocr_carea' id='block_1_5' title="bbox 459 816 3813 892">
    <p class='ocr_par' dir='ltr' id='par_1_5' title="bbox 459 816 3813 892">
     <span class='ocr_line' id='line_1_5' title="bbox 459 816 3813 892; baseline -0.001 -16"><span class='ocrx_word' id='word_1_48' title='bbox 459 822 738 877; x_wconf 88' lang='lat' dir='ltr'>amictum</span> <span class='ocrx_word' id='word_1_49' title='bbox 776 832 908 870; x_wconf 89' lang='lat' dir='ltr'>cum</span> <span class='ocrx_word' id='word_1_50' title='bbox 954 816 1200 881; x_wconf 88' lang='lat' dir='ltr'>brustc;</span> <span class='ocrx_word' id='word_1_51' title='bbox 1246 816 1538 886; x_wconf 90' lang='lat' dir='ltr'>pluviales</span> <span class='ocrx_word' id='word_1_52' title='bbox 1576 817 1724 871; x_wconf 89' lang='lat' dir='ltr'>ducs</span> <span class='ocrx_word' id='word_1_53' title='bbox 1766 833 2119 887; x_wconf 89' lang='lat' dir='ltr'>purpureos,</span> <span class='ocrx_word' id='word_1_54' title='bbox 2236 823 2291 873; x_wconf 92' lang='lat' dir='ltr'>ct</span> <span class='ocrx_word' id='word_1_55' title='bbox 2322 820 2493 873; x_wconf 92' lang='lat' dir='ltr'>aliam</span> <span class='ocrx_word' id='word_1_56' title='bbox 2518 821 2746 874; x_wconf 85' lang='lat' dir='ltr'>trabem</span> <span class='ocrx_word' id='word_1_57' title='bbox 2776 821 2847 874; x_wconf 87' lang='lat' dir='ltr'>de</span> <span class='ocrx_word' id='word_1_58' title='bbox 2880 824 3143 892; x_wconf 88' lang='lat' dir='ltr'>argento,</span> <span class='ocrx_word' id='word_1_59' title='bbox 3164 821 3438 875; x_wconf 90' lang='lat' dir='ltr'>librarum</span> <span class='ocrx_word' id='word_1_60' title='bbox 3460 821 3665 874; x_wconf 85' lang='lat' dir='ltr'>circiter</span> <span class='ocrx_word' id='word_1_61' title='bbox 3688 837 3813 874; x_wconf 83' lang='lat' dir='ltr'>sexa-</span> 
     </span>
    </p>
   </div>
   <div class='ocr_carea' id='block_1_6' title="bbox 460 904 3811 981">
    <p class='ocr_par' dir='ltr' id='par_1_6' title="bbox 460 904 3811 981">
     <span class='ocr_line' id='line_1_6' title="bbox 460 904 3811 981; baseline 0 -18"><span class='ocrx_word' id='word_1_62' title='bbox 460 907 742 981; x_wconf 89' lang='lat' dir='ltr'>prcticsis</span> <span class='ocrx_word' id='word_1_63' title='bbox 760 906 959 959; x_wconf 79' lang='lat' dir='ltr'>aureis</span> <span class='ocrx_word' id='word_1_64' title='bbox 979 904 1133 958; x_wconf 89' lang='lat' dir='ltr'>listis</span> <span class='ocrx_word' id='word_1_65' title='bbox 1161 909 1434 968; x_wconf 88' lang='lat' dir='ltr'>ornatos;</span> <span class='ocrx_word' id='word_1_66' title='bbox 1467 921 1723 974; x_wconf 90' lang='lat' dir='ltr'>pannum</span> <span class='ocrx_word' id='word_1_67' title='bbox 1741 906 2121 961; x_wconf 90' lang='lat' dir='ltr'>diarcdanum</span> <span class='ocrx_word' id='word_1_68' title='bbox 2235 909 2415 978; x_wconf 82' lang='lat' dir='ltr'>ginta,</span> <span class='ocrx_word' id='word_1_69' title='bbox 2444 909 2733 978; x_wconf 90' lang='lat' dir='ltr'>sculptam</span> <span class='ocrx_word' id='word_1_70' title='bbox 2763 909 3145 963; x_wconf 89' lang='lat' dir='ltr'>nihilominus</span> <span class='ocrx_word' id='word_1_71' title='bbox 3167 925 3235 963; x_wconf 90' lang='lat' dir='ltr'>ac</span> <span class='ocrx_word' id='word_1_72' title='bbox 3257 910 3591 977; x_wconf 88' lang='lat' dir='ltr'>deauratam,</span> <span class='ocrx_word' id='word_1_73' title='bbox 3609 924 3751 979; x_wconf 85' lang='lat' dir='ltr'>quam</span> <span class='ocrx_word' id='word_1_74' title='bbox 3769 909 3811 963; x_wconf 89' lang='lat' dir='ltr'>in</span> 
     </span>
    </p>
   </div>
   <div class='ocr_carea' id='block_1_7' title="bbox 460 994 3815 1068">
    <p class='ocr_par' dir='ltr' id='par_1_7' title="bbox 460 994 3815 1068">
     <span class='ocr_line' id='line_1_7' title="bbox 460 994 3815 1068; baseline -0.001 -14"><span class='ocrx_word' id='word_1_75' title='bbox 460 999 735 1054; x_wconf 89' lang='lat' dir='ltr'>frisatum</span> <span class='ocrx_word' id='word_1_76' title='bbox 756 1010 891 1048; x_wconf 91' lang='lat' dir='ltr'>cum</span> <span class='ocrx_word' id='word_1_77' title='bbox 911 1009 1054 1047; x_wconf 91' lang='lat' dir='ltr'>auro</span> <span class='ocrx_word' id='word_1_78' title='bbox 1074 996 1203 1047; x_wconf 91' lang='lat' dir='ltr'>ante</span> <span class='ocrx_word' id='word_1_79' title='bbox 1239 994 1449 1047; x_wconf 89' lang='lat' dir='ltr'>faciem</span> <span class='ocrx_word' id='word_1_80' title='bbox 1483 994 1729 1064; x_wconf 90' lang='lat' dir='ltr'>majoris</span> <span class='ocrx_word' id='word_1_81' title='bbox 1758 995 1982 1063; x_wconf 88' lang='lat' dir='ltr'>altaris,</span> <span class='ocrx_word' id='word_1_82' title='bbox 2016 1011 2125 1049; x_wconf 93' lang='lat' dir='ltr'>nec</span> <span class='ocrx_word' id='word_1_83' title='bbox 2236 995 2461 1050; x_wconf 82' lang='lat' dir='ltr'>fornice</span> <span class='ocrx_word' id='word_1_84' title='bbox 2492 996 2704 1066; x_wconf 90' lang='lat' dir='ltr'>majori</span> <span class='ocrx_word' id='word_1_85' title='bbox 2735 1000 2866 1051; x_wconf 89' lang='lat' dir='ltr'>ante</span> <span class='ocrx_word' id='word_1_86' title='bbox 2897 998 3076 1051; x_wconf 89' lang='lat' dir='ltr'>altare</span> <span class='ocrx_word' id='word_1_87' title='bbox 3108 1013 3291 1067; x_wconf 90' lang='lat' dir='ltr'>super</span> <span class='ocrx_word' id='word_1_88' title='bbox 3308 1001 3546 1068; x_wconf 85' lang='lat' dir='ltr'>quatuor</span> <span class='ocrx_word' id='word_1_89' title='bbox 3565 1000 3815 1068; x_wconf 83' lang='lat' dir='ltr'>argenteas</span> 
     </span>
    </p>
   </div>
   <div class='ocr_carea' id='block_1_8' title="bbox 461 1082 3818 1155">
    <p class='ocr_par' dir='ltr' id='par_1_8' title="bbox 461 1082 3818 1155">
     <span class='ocr_line' id='line_1_8' title="bbox 461 1082 3818 1155; baseline -0.001 -14"><span class='ocrx_word' id='word_1_90' title='bbox 461 1103 580 1142; x_wconf 90' lang='lat' dir='ltr'>non</span> <span class='ocrx_word' id='word_1_91' title='bbox 606 1088 662 1139; x_wconf 92' lang='lat' dir='ltr'>et</span> <span class='ocrx_word' id='word_1_92' title='bbox 692 1083 933 1154; x_wconf 87' lang='lat' dir='ltr'>pallium</span> <span class='ocrx_word' id='word_1_93' title='bbox 962 1098 1240 1153; x_wconf 89' lang='lat' dir='ltr'>magnum</span> <span class='ocrx_word' id='word_1_94' title='bbox 1265 1097 1398 1136; x_wconf 90' lang='lat' dir='ltr'>cum</span> <span class='ocrx_word' id='word_1_95' title='bbox 1428 1082 1775 1152; x_wconf 90' lang='lat' dir='ltr'>elephantis,</span> <span class='ocrx_word' id='word_1_96' title='bbox 1809 1083 1966 1153; x_wconf 87' lang='lat' dir='ltr'>quod</span> <span class='ocrx_word' id='word_1_97' title='bbox 1989 1084 2124 1138; x_wconf 81' lang='lat' dir='ltr'>dcs-</span> <span class='ocrx_word' id='word_1_98' title='bbox 2246 1085 2551 1139; x_wconf 87' lang='lat' dir='ltr'>columnas</span> <span class='ocrx_word' id='word_1_99' title='bbox 2582 1100 2655 1139; x_wconf 87' lang='lat' dir='ltr'>ex</span> <span class='ocrx_word' id='word_1_100' title='bbox 2683 1088 2846 1155; x_wconf 87' lang='lat' dir='ltr'>parte</span> <span class='ocrx_word' id='word_1_101' title='bbox 2862 1086 3162 1140; x_wconf 77' lang='lat' dir='ltr'>inauratae</span> <span class='ocrx_word' id='word_1_102' title='bbox 3184 1087 3407 1140; x_wconf 90' lang='lat' dir='ltr'>decima</span> <span class='ocrx_word' id='word_1_103' title='bbox 3425 1086 3611 1153; x_wconf 91' lang='lat' dir='ltr'>libras,</span> <span class='ocrx_word' id='word_1_104' title='bbox 3633 1089 3678 1139; x_wconf 91' lang='lat' dir='ltr'>et</span> <span class='ocrx_word' id='word_1_105' title='bbox 3696 1086 3818 1155; x_wconf 88' lang='lat' dir='ltr'>quin-</span> 
     </span>
    </p>
   </div>
   <div class='ocr_carea' id='block_1_9' title="bbox 464 1170 3819 1244">
    <p class='ocr_par' dir='ltr' id='par_1_9' title="bbox 464 1170 3819 1244">
     <span class='ocr_line' id='line_1_9' title="bbox 464 1170 3819 1244; baseline -0.001 -15"><span class='ocrx_word' id='word_1_106' title='bbox 464 1175 588 1230; x_wconf 88' lang='lat' dir='ltr'>sale</span> <span class='ocrx_word' id='word_1_107' title='bbox 616 1172 1068 1244; x_wconf 82' lang='lat' dir='ltr'>cognominant;</span> <span class='ocrx_word' id='word_1_108' title='bbox 1102 1170 1375 1240; x_wconf 87' lang='lat' dir='ltr'>Euglium</span> <span class='ocrx_word' id='word_1_109' title='bbox 1408 1171 1842 1242; x_wconf 87' lang='lat' dir='ltr'>(Evangelium)</span> <span class='ocrx_word' id='word_1_110' title='bbox 1876 1188 2009 1225; x_wconf 89' lang='lat' dir='ltr'>cum</span> <span class='ocrx_word' id='word_1_111' title='bbox 2038 1174 2120 1226; x_wconf 90' lang='lat' dir='ltr'>ta-</span> <span class='ocrx_word' id='word_1_112' title='bbox 2238 1188 2352 1243; x_wconf 93' lang='lat' dir='ltr'>que</span> <span class='ocrx_word' id='word_1_113' title='bbox 2383 1174 2614 1228; x_wconf 90' lang='lat' dir='ltr'>cubitos</span> <span class='ocrx_word' id='word_1_114' title='bbox 2668 1173 2990 1228; x_wconf 87' lang='lat' dir='ltr'>altitudinis</span> <span class='ocrx_word' id='word_1_115' title='bbox 3036 1175 3324 1230; x_wconf 87' lang='lat' dir='ltr'>habentes</span> <span class='ocrx_word' id='word_1_116' title='bbox 3367 1175 3584 1228; x_wconf 86' lang='lat' dir='ltr'>locavit.</span> <span class='ocrx_word' id='word_1_117' title='bbox 3628 1173 3757 1227; x_wconf 85' lang='lat' dir='ltr'>Fecit</span> <span class='ocrx_word' id='word_1_118' title='bbox 3779 1178 3819 1227; x_wconf 85' lang='lat' dir='ltr'>et</span> 
     </span>
    </p>
   </div>
   <div class='ocr_carea' id='block_1_10' title="bbox 460 1260 3818 1335">
    <p class='ocr_par' dir='ltr' id='par_1_10' title="bbox 460 1260 3818 1335">
     <span class='ocr_line' id='line_1_10' title="bbox 460 1260 3818 1335; baseline -0.001 -18"><span class='ocrx_word' id='word_1_119' title='bbox 460 1263 600 1317; x_wconf 90' lang='lat' dir='ltr'>bula</span> <span class='ocrx_word' id='word_1_120' title='bbox 631 1260 793 1315; x_wconf 88' lang='lat' dir='ltr'>fusili</span> <span class='ocrx_word' id='word_1_121' title='bbox 822 1260 893 1313; x_wconf 93' lang='lat' dir='ltr'>de</span> <span class='ocrx_word' id='word_1_122' title='bbox 923 1262 1191 1330; x_wconf 88' lang='lat' dir='ltr'>argento,</span> <span class='ocrx_word' id='word_1_123' title='bbox 1213 1275 1392 1328; x_wconf 91' lang='lat' dir='ltr'>opere</span> <span class='ocrx_word' id='word_1_124' title='bbox 1419 1261 1734 1331; x_wconf 80' lang='lat' dir='ltr'>anaglypto</span> <span class='ocrx_word' id='word_1_125' title='bbox 1765 1264 1820 1315; x_wconf 92' lang='lat' dir='ltr'>et</span> <span class='ocrx_word' id='word_1_126' title='bbox 1851 1261 2123 1330; x_wconf 89' lang='lat' dir='ltr'>pulcher-</span> <span class='ocrx_word' id='word_1_127' title='bbox 2235 1263 2385 1317; x_wconf 89' lang='lat' dir='ltr'>duas</span> <span class='ocrx_word' id='word_1_128' title='bbox 2416 1278 2627 1317; x_wconf 88' lang='lat' dir='ltr'>cruces</span> <span class='ocrx_word' id='word_1_129' title='bbox 2670 1279 2919 1335; x_wconf 90' lang='lat' dir='ltr'>magnas</span> <span class='ocrx_word' id='word_1_130' title='bbox 2962 1268 3279 1334; x_wconf 87' lang='lat' dir='ltr'>argenteas</span> <span class='ocrx_word' id='word_1_131' title='bbox 3318 1263 3586 1316; x_wconf 88' lang='lat' dir='ltr'>librarum</span> <span class='ocrx_word' id='word_1_132' title='bbox 3613 1278 3703 1332; x_wconf 86' lang='lat' dir='ltr'>per</span> <span class='ocrx_word' id='word_1_133' title='bbox 3725 1263 3818 1315; x_wconf 86' lang='lat' dir='ltr'>sin-</span> 
     </span>
    </p>
   </div>
   <div class='ocr_carea' id='block_1_11' title="bbox 458 1348 3822 1423">
    <p class='ocr_par' dir='ltr' id='par_1_11' title="bbox 458 1348 3822 1423">
     <span class='ocr_line' id='line_1_11' title="bbox 458 1348 3822 1423; baseline -0.001 -17"><span class='ocrx_word' id='word_1_134' title='bbox 458 1352 605 1406; x_wconf 89' lang='lat' dir='ltr'>rimc</span> <span class='ocrx_word' id='word_1_135' title='bbox 637 1351 912 1405; x_wconf 90' lang='lat' dir='ltr'>deaurato</span> <span class='ocrx_word' id='word_1_136' title='bbox 939 1364 952 1418; x_wconf 89' lang='lat'><strong>;</strong></span> <span class='ocrx_word' id='word_1_137' title='bbox 1001 1348 1115 1401; x_wconf 89' lang='lat' dir='ltr'>duo</span> <span class='ocrx_word' id='word_1_138' title='bbox 1160 1364 1395 1419; x_wconf 91' lang='lat' dir='ltr'>quoquc</span> <span class='ocrx_word' id='word_1_139' title='bbox 1438 1350 1790 1404; x_wconf 87' lang='lat' dir='ltr'>candelabra</span> <span class='ocrx_word' id='word_1_140' title='bbox 1823 1355 2122 1422; x_wconf 90' lang='lat' dir='ltr'>argentea,</span> <span class='ocrx_word' id='word_1_141' title='bbox 2238 1350 2411 1422; x_wconf 90' lang='lat' dir='ltr'>gulas</span> <span class='ocrx_word' id='word_1_142' title='bbox 2441 1350 2701 1422; x_wconf 82' lang='lat' dir='ltr'>triginta,</span> <span class='ocrx_word' id='word_1_143' title='bbox 2737 1367 2987 1421; x_wconf 91' lang='lat' dir='ltr'>quarum</span> <span class='ocrx_word' id='word_1_144' title='bbox 3017 1352 3309 1423; x_wconf 79' lang='lat' dir='ltr'>imagines</span> <span class='ocrx_word' id='word_1_145' title='bbox 3328 1351 3593 1405; x_wconf 85' lang='lat' dir='ltr'>calatura</span> <span class='ocrx_word' id='word_1_146' title='bbox 3619 1351 3822 1404; x_wconf 87' lang='lat' dir='ltr'>satismi-</span> 
     </span>
    </p>
   </div>
   <div class='ocr_carea' id='block_1_12' title="bbox 462 1436 3823 1511">
    <p class='ocr_par' dir='ltr' id='par_1_12' title="bbox 462 1436 3823 1511">
     <span class='ocr_line' id='line_1_12' title="bbox 462 1436 3823 1511; baseline -0.001 -16"><span class='ocrx_word' id='word_1_147' title='bbox 462 1455 633 1511; x_wconf 89' lang='lat' dir='ltr'>aeque</span> <span class='ocrx_word' id='word_1_148' title='bbox 663 1437 885 1507; x_wconf 90' lang='lat' dir='ltr'>fusilia,</span> <span class='ocrx_word' id='word_1_149' title='bbox 918 1437 1178 1507; x_wconf 88' lang='lat' dir='ltr'>pondere</span> <span class='ocrx_word' id='word_1_150' title='bbox 1208 1436 1491 1491; x_wconf 89' lang='lat' dir='ltr'>librarum</span> <span class='ocrx_word' id='word_1_151' title='bbox 1509 1438 1840 1493; x_wconf 88' lang='lat' dir='ltr'>duodecim.</span> <span class='ocrx_word' id='word_1_152' title='bbox 2237 1439 2402 1493; x_wconf 84' lang='lat' dir='ltr'>riﬁca</span> <span class='ocrx_word' id='word_1_153' title='bbox 2433 1439 2855 1509; x_wconf 91' lang='lat' dir='ltr'>prcminerent,</span> <span class='ocrx_word' id='word_1_154' title='bbox 2881 1454 3103 1511; x_wconf 90' lang='lat' dir='ltr'>easque</span> <span class='ocrx_word' id='word_1_155' title='bbox 3122 1440 3236 1494; x_wconf 87' lang='lat' dir='ltr'>sub</span> <span class='ocrx_word' id='word_1_156' title='bbox 3258 1441 3533 1510; x_wconf 86' lang='lat' dir='ltr'>praedicta</span> <span class='ocrx_word' id='word_1_157' title='bbox 3561 1440 3701 1493; x_wconf 88' lang='lat' dir='ltr'>trabe</span> <span class='ocrx_word' id='word_1_158' title='bbox 3714 1439 3823 1492; x_wconf 83' lang='lat' dir='ltr'>inter</span> 
     </span>
    </p>
   </div>
   <div class='ocr_carea' id='block_1_13' title="bbox 532 1525 3825 1598">
    <p class='ocr_par' dir='ltr' id='par_1_13' title="bbox 532 1525 3825 1598">
     <span class='ocr_line' id='line_1_13' title="bbox 532 1525 3825 1598; baseline -0 -17"><span class='ocrx_word' id='word_1_159' title='bbox 532 1526 814 1581; x_wconf 77' lang='lat' dir='ltr'>Basﬂica</span> <span class='ocrx_word' id='word_1_160' title='bbox 845 1531 1109 1580; x_wconf 77' lang='lat' dir='ltr'>ornatus.</span> <span class='ocrx_word' id='word_1_161' title='bbox 1156 1555 1227 1563; x_wconf 89' lang='lat'>—</span> <span class='ocrx_word' id='word_1_162' title='bbox 1267 1525 1438 1578; x_wconf 91' lang='lat' dir='ltr'>Libet</span> <span class='ocrx_word' id='word_1_163' title='bbox 1465 1541 1640 1595; x_wconf 90' lang='lat' dir='ltr'>nunc,</span> <span class='ocrx_word' id='word_1_164' title='bbox 1674 1529 1811 1597; x_wconf 91' lang='lat' dir='ltr'>post</span> <span class='ocrx_word' id='word_1_165' title='bbox 1855 1527 2126 1582; x_wconf 90' lang='lat' dir='ltr'>ecclesia</span> <span class='ocrx_word' id='word_1_166' title='bbox 2237 1527 2477 1583; x_wconf 90' lang='lat' dir='ltr'>easdem</span> <span class='ocrx_word' id='word_1_167' title='bbox 2506 1528 2815 1582; x_wconf 91' lang='lat' dir='ltr'>columnas</span> <span class='ocrx_word' id='word_1_168' title='bbox 2845 1527 2984 1582; x_wconf 91' lang='lat' dir='ltr'>hinc</span> <span class='ocrx_word' id='word_1_169' title='bbox 3017 1529 3153 1583; x_wconf 91' lang='lat' dir='ltr'>inde</span> <span class='ocrx_word' id='word_1_170' title='bbox 3184 1544 3369 1598; x_wconf 90' lang='lat' dir='ltr'>super</span> <span class='ocrx_word' id='word_1_171' title='bbox 3391 1544 3719 1583; x_wconf 88' lang='lat' dir='ltr'>marmoreos</span> <span class='ocrx_word' id='word_1_172' title='bbox 3743 1528 3825 1580; x_wconf 87' lang='lat' dir='ltr'>sti-</span> 
     </span>
    </p>
   </div>
   <div class='ocr_carea' id='block_1_14' title="bbox 463 1613 3823 1687">
    <p class='ocr_par' dir='ltr' id='par_1_14' title="bbox 463 1613 3823 1687">
     <span class='ocr_line' id='line_1_14' title="bbox 463 1613 3823 1687; baseline -0.001 -17"><span class='ocrx_word' id='word_1_173' title='bbox 463 1616 914 1683; x_wconf 90' lang='lat' dir='ltr'>dedicationem,</span> <span class='ocrx_word' id='word_1_174' title='bbox 947 1613 1189 1668; x_wconf 89' lang='lat' dir='ltr'>residua</span> <span class='ocrx_word' id='word_1_175' title='bbox 1228 1614 1633 1668; x_wconf 82' lang='lat' dir='ltr'>exornationis</span> <span class='ocrx_word' id='word_1_176' title='bbox 1679 1616 1872 1686; x_wconf 89' lang='lat' dir='ltr'>ipsius</span> <span class='ocrx_word' id='word_1_177' title='bbox 1903 1616 2129 1670; x_wconf 89' lang='lat' dir='ltr'>descri-</span> <span class='ocrx_word' id='word_1_178' title='bbox 2235 1616 2389 1687; x_wconf 89' lang='lat' dir='ltr'>pites</span> <span class='ocrx_word' id='word_1_179' title='bbox 2420 1617 2642 1670; x_wconf 86' lang='lat' dir='ltr'>statuit.</span> <span class='ocrx_word' id='word_1_180' title='bbox 2684 1616 2834 1670; x_wconf 86' lang='lat' dir='ltr'>Tros</span> <span class='ocrx_word' id='word_1_181' title='bbox 2875 1632 3052 1685; x_wconf 81' lang='lat' dir='ltr'>porro</span> <span class='ocrx_word' id='word_1_182' title='bbox 3091 1616 3369 1671; x_wconf 89' lang='lat' dir='ltr'>residuas</span> <span class='ocrx_word' id='word_1_183' title='bbox 3418 1617 3648 1687; x_wconf 76' lang='lat' dir='ltr'>majoris</span> <span class='ocrx_word' id='word_1_184' title='bbox 3672 1615 3823 1668; x_wconf 85' lang='lat' dir='ltr'>altaris</span> 
     </span>
    </p>
   </div>
   <div class='ocr_carea' id='block_1_15' title="bbox 462 1702 3824 1777">
    <p class='ocr_par' dir='ltr' id='par_1_15' title="bbox 462 1702 3824 1777">
     <span class='ocr_line' id='line_1_15' title="bbox 462 1702 3824 1777; baseline -0.001 -16"><span class='ocrx_word' id='word_1_185' title='bbox 462 1707 628 1775; x_wconf 87' lang='lat' dir='ltr'>bere,</span> <span class='ocrx_word' id='word_1_186' title='bbox 656 1706 720 1757; x_wconf 93' lang='lat' dir='ltr'>ut</span> <span class='ocrx_word' id='word_1_187' title='bbox 747 1702 1024 1756; x_wconf 90' lang='lat' dir='ltr'>licentius</span> <span class='ocrx_word' id='word_1_188' title='bbox 1055 1703 1338 1771; x_wconf 90' lang='lat' dir='ltr'>deinceps</span> <span class='ocrx_word' id='word_1_189' title='bbox 1362 1702 1667 1757; x_wconf 88' lang='lat' dir='ltr'>valeamus</span> <span class='ocrx_word' id='word_1_190' title='bbox 1686 1703 1980 1758; x_wconf 90' lang='lat' dir='ltr'>Desiderii</span> <span class='ocrx_word' id='word_1_191' title='bbox 1998 1719 2131 1775; x_wconf 89' lang='lat' dir='ltr'>ges-</span> <span class='ocrx_word' id='word_1_192' title='bbox 2237 1705 2421 1759; x_wconf 85' lang='lat' dir='ltr'>facies</span> <span class='ocrx_word' id='word_1_193' title='bbox 2452 1709 2698 1776; x_wconf 86' lang='lat' dir='ltr'>argento</span> <span class='ocrx_word' id='word_1_194' title='bbox 2731 1705 3014 1759; x_wconf 90' lang='lat' dir='ltr'>librarum</span> <span class='ocrx_word' id='word_1_195' title='bbox 3043 1707 3343 1777; x_wconf 83' lang='lat' dir='ltr'>octoginta</span> <span class='ocrx_word' id='word_1_196' title='bbox 3373 1709 3428 1760; x_wconf 91' lang='lat' dir='ltr'>et</span> <span class='ocrx_word' id='word_1_197' title='bbox 3447 1721 3550 1759; x_wconf 86' lang='lat' dir='ltr'>sex</span> <span class='ocrx_word' id='word_1_198' title='bbox 3564 1706 3694 1759; x_wconf 89' lang='lat' dir='ltr'>bene</span> <span class='ocrx_word' id='word_1_199' title='bbox 3713 1704 3824 1757; x_wconf 86' lang='lat' dir='ltr'>scul-</span> 
     </span>
    </p>
   </div>
   <div class='ocr_carea' id='block_1_16' title="bbox 464 1789 3826 1865">
    <p class='ocr_par' dir='ltr' id='par_1_16' title="bbox 464 1789 3826 1865">
     <span class='ocr_line' id='line_1_16' title="bbox 464 1789 3826 1865; baseline -0.001 -18"><span class='ocrx_word' id='word_1_200' title='bbox 464 1796 565 1862; x_wconf 92' lang='lat' dir='ltr'>tis,</span> <span class='ocrx_word' id='word_1_201' title='bbox 594 1796 710 1845; x_wconf 90' lang='lat' dir='ltr'>tam</span> <span class='ocrx_word' id='word_1_202' title='bbox 734 1791 793 1844; x_wconf 92' lang='lat' dir='ltr'>in</span> <span class='ocrx_word' id='word_1_203' title='bbox 815 1789 1104 1859; x_wconf 81' lang='lat' dir='ltr'>aediﬁciis,</span> <span class='ocrx_word' id='word_1_204' title='bbox 1129 1806 1304 1860; x_wconf 90' lang='lat' dir='ltr'>quam</span> <span class='ocrx_word' id='word_1_205' title='bbox 1324 1790 1454 1844; x_wconf 92' lang='lat' dir='ltr'>etin</span> <span class='ocrx_word' id='word_1_206' title='bbox 1473 1790 1605 1845; x_wconf 90' lang='lat' dir='ltr'>aliis</span> <span class='ocrx_word' id='word_1_207' title='bbox 1626 1792 1993 1862; x_wconf 87' lang='lat' dir='ltr'>quibuslibet</span> <span class='ocrx_word' id='word_1_208' title='bbox 2012 1808 2133 1846; x_wconf 86' lang='lat' dir='ltr'>ma—</span> <span class='ocrx_word' id='word_1_209' title='bbox 2238 1795 2333 1863; x_wconf 90' lang='lat' dir='ltr'>ptc</span> <span class='ocrx_word' id='word_1_210' title='bbox 2365 1808 2435 1847; x_wconf 90' lang='lat' dir='ltr'>ac</span> <span class='ocrx_word' id='word_1_211' title='bbox 2481 1794 2761 1848; x_wconf 90' lang='lat' dir='ltr'>deaurato</span> <span class='ocrx_word' id='word_1_212' title='bbox 2810 1794 3073 1850; x_wconf 88' lang='lat' dir='ltr'>vestivit.</span> <span class='ocrx_word' id='word_1_213' title='bbox 3125 1795 3276 1848; x_wconf 90' lang='lat' dir='ltr'>Nam</span> <span class='ocrx_word' id='word_1_214' title='bbox 3321 1795 3661 1865; x_wconf 87' lang='lat' dir='ltr'>reliquorum</span> <span class='ocrx_word' id='word_1_215' title='bbox 3696 1793 3826 1845; x_wconf 84' lang='lat' dir='ltr'>trium</span> 
     </span>
    </p>
   </div>
   <div class='ocr_carea' id='block_1_17' title="bbox 465 1878 3827 1972">
    <p class='ocr_par' dir='ltr' id='par_1_17' title="bbox 465 1878 3827 1972">
     <span class='ocr_line' id='line_1_17' title="bbox 465 1878 3827 1972; baseline -0.001 -38"><span class='ocrx_word' id='word_1_216' title='bbox 465 1878 827 1972; x_wconf 81' lang='lat' dir='ltr'>gniﬂcentiis</span> <span class='ocrx_word' id='word_1_217' title='bbox 848 1920 861 1946; x_wconf 95' lang='lat'>,</span> <span class='ocrx_word' id='word_1_218' title='bbox 915 1893 1154 1948; x_wconf 86' lang='lat' dir='ltr'>cperam</span> <span class='ocrx_word' id='word_1_219' title='bbox 1176 1879 1346 1972; x_wconf 75' lang='lat' dir='ltr'>dare.</span> <span class='ocrx_word' id='word_1_220' title='bbox 1381 1879 1468 1932; x_wconf 85' lang='lat' dir='ltr'>Ad</span> <span class='ocrx_word' id='word_1_221' title='bbox 1514 1880 1913 1949; x_wconf 90' lang='lat' dir='ltr'>supradictam</span> <span class='ocrx_word' id='word_1_222' title='bbox 1953 1882 2135 1951; x_wconf 89' lang='lat' dir='ltr'>igitur</span> <span class='ocrx_word' id='word_1_223' title='bbox 2165 1910 2214 1972; x_wconf 77' lang='grc' dir='ltr'>Β</span> <span class='ocrx_word' id='word_1_224' title='bbox 2237 1881 2506 1935; x_wconf 89' lang='lat' dir='ltr'>altarium</span> <span class='ocrx_word' id='word_1_225' title='bbox 2535 1882 2721 1936; x_wconf 89' lang='lat' dir='ltr'>facies</span> <span class='ocrx_word' id='word_1_226' title='bbox 2750 1883 3053 1937; x_wconf 88' lang='lat' dir='ltr'>veteribus</span> <span class='ocrx_word' id='word_1_227' title='bbox 3098 1883 3320 1937; x_wconf 90' lang='lat' dir='ltr'>tabulis</span> <span class='ocrx_word' id='word_1_228' title='bbox 3354 1900 3386 1936; x_wconf 90' lang='lat' dir='ltr'>a</span> <span class='ocrx_word' id='word_1_229' title='bbox 3415 1883 3595 1937; x_wconf 88' lang='lat' dir='ltr'>tribus</span> <span class='ocrx_word' id='word_1_230' title='bbox 3622 1880 3827 1951; x_wconf 84' lang='lat' dir='ltr'>partibus</span> 
     </span>
    </p>
   </div>
   <div class='ocr_carea' id='block_1_18' title="bbox 465 1966 3827 2042">
    <p class='ocr_par' dir='ltr' id='par_1_18' title="bbox 465 1966 3827 2042">
     <span class='ocr_line' id='line_1_18' title="bbox 465 1966 3827 2042; baseline -0.001 -19"><span class='ocrx_word' id='word_1_231' title='bbox 465 1968 691 2040; x_wconf 89' lang='lat' dir='ltr'>regiam</span> <span class='ocrx_word' id='word_1_232' title='bbox 732 1966 944 2021; x_wconf 89' lang='lat' dir='ltr'>urbem</span> <span class='ocrx_word' id='word_1_233' title='bbox 981 1966 1295 2036; x_wconf 89' lang='lat' dir='ltr'>quemdam</span> <span class='ocrx_word' id='word_1_234' title='bbox 1336 1967 1408 2022; x_wconf 93' lang='lat' dir='ltr'>de</span> <span class='ocrx_word' id='word_1_235' title='bbox 1438 1968 1724 2024; x_wconf 88' lang='lat' dir='ltr'>fratribus</span> <span class='ocrx_word' id='word_1_236' title='bbox 1756 1985 1889 2023; x_wconf 91' lang='lat' dir='ltr'>cum</span> <span class='ocrx_word' id='word_1_237' title='bbox 1918 1970 2131 2025; x_wconf 89' lang='lat' dir='ltr'>litteris</span> <span class='ocrx_word' id='word_1_238' title='bbox 2165 1966 2208 1972; x_wconf 56' lang='lat'><strong><em>—</em></strong></span> <span class='ocrx_word' id='word_1_239' title='bbox 2238 1970 2535 2024; x_wconf 86' lang='lat' dir='ltr'>adornata</span> <span class='ocrx_word' id='word_1_240' title='bbox 2565 1973 2730 2035; x_wconf 91' lang='lat' dir='ltr'>sunt;</span> <span class='ocrx_word' id='word_1_241' title='bbox 2764 1975 3016 2042; x_wconf 87' lang='lat' dir='ltr'>quatuor</span> <span class='ocrx_word' id='word_1_242' title='bbox 3045 1972 3218 2024; x_wconf 91' lang='lat' dir='ltr'>etiam</span> <span class='ocrx_word' id='word_1_243' title='bbox 3250 1972 3452 2025; x_wconf 90' lang='lat' dir='ltr'>trabes</span> <span class='ocrx_word' id='word_1_244' title='bbox 3480 1972 3693 2040; x_wconf 87' lang='lat' dir='ltr'>propter</span> <span class='ocrx_word' id='word_1_245' title='bbox 3715 1968 3827 2020; x_wconf 82' lang='lat' dir='ltr'>cibu-</span> 
     </span>
    </p>
   </div>
   <div class='ocr_carea' id='block_1_19' title="bbox 465 2057 3826 2131">
    <p class='ocr_par' dir='ltr' id='par_1_19' title="bbox 465 2057 3826 2131">
     <span class='ocr_line' id='line_1_19' title="bbox 465 2057 3826 2131; baseline -0.001 -20"><span class='ocrx_word' id='word_1_246' title='bbox 465 2058 539 2111; x_wconf 91' lang='lat' dir='ltr'>ad</span> <span class='ocrx_word' id='word_1_247' title='bbox 580 2057 1012 2125; x_wconf 88' lang='lat' dir='ltr'>imperatorem,</span> <span class='ocrx_word' id='word_1_248' title='bbox 1048 2058 1104 2109; x_wconf 92' lang='lat' dir='ltr'>et</span> <span class='ocrx_word' id='word_1_249' title='bbox 1150 2071 1293 2110; x_wconf 89' lang='lat' dir='ltr'>auro</span> <span class='ocrx_word' id='word_1_250' title='bbox 1343 2057 1581 2129; x_wconf 82' lang='lat' dir='ltr'>triginta</span> <span class='ocrx_word' id='word_1_251' title='bbox 1626 2061 1683 2112; x_wconf 91' lang='lat' dir='ltr'>et</span> <span class='ocrx_word' id='word_1_252' title='bbox 1714 2075 1821 2113; x_wconf 85' lang='lat' dir='ltr'>sex</span> <span class='ocrx_word' id='word_1_253' title='bbox 1851 2058 2135 2113; x_wconf 88' lang='lat' dir='ltr'>librarum</span> <span class='ocrx_word' id='word_1_254' title='bbox 2240 2058 2395 2112; x_wconf 91' lang='lat' dir='ltr'>rium</span> <span class='ocrx_word' id='word_1_255' title='bbox 2453 2058 2655 2112; x_wconf 90' lang='lat' dir='ltr'>altaris</span> <span class='ocrx_word' id='word_1_256' title='bbox 2695 2059 2870 2113; x_wconf 90' lang='lat' dir='ltr'>simili</span> <span class='ocrx_word' id='word_1_257' title='bbox 2913 2060 3085 2114; x_wconf 92' lang='lat' dir='ltr'>modo</span> <span class='ocrx_word' id='word_1_258' title='bbox 3117 2061 3352 2131; x_wconf 88' lang='lat' dir='ltr'>sculptc</span> <span class='ocrx_word' id='word_1_259' title='bbox 3400 2076 3467 2113; x_wconf 90' lang='lat' dir='ltr'>ac</span> <span class='ocrx_word' id='word_1_260' title='bbox 3496 2060 3736 2113; x_wconf 88' lang='lat' dir='ltr'>deaurato</span> <span class='ocrx_word' id='word_1_261' title='bbox 3760 2072 3826 2109; x_wconf 83' lang='lat' dir='ltr'>ar-</span> 
     </span>
    </p>
   </div>
   <div class='ocr_carea' id='block_1_20' title="bbox 464 2144 3829 2218">
    <p class='ocr_par' dir='ltr' id='par_1_20' title="bbox 464 2144 3829 2218">
     <span class='ocr_line' id='line_1_20' title="bbox 464 2144 3829 2218; baseline -0.001 -20"><span class='ocrx_word' id='word_1_262' title='bbox 464 2144 728 2216; x_wconf 89' lang='lat' dir='ltr'>pondere</span> <span class='ocrx_word' id='word_1_263' title='bbox 758 2144 1187 2214; x_wconf 90' lang='lat' dir='ltr'>transmittens,</span> <span class='ocrx_word' id='word_1_264' title='bbox 1223 2160 1462 2199; x_wconf 90' lang='lat' dir='ltr'>auream</span> <span class='ocrx_word' id='word_1_265' title='bbox 1510 2147 1594 2201; x_wconf 88' lang='lat' dir='ltr'>ibi</span> <span class='ocrx_word' id='word_1_266' title='bbox 1639 2147 1699 2200; x_wconf 93' lang='lat' dir='ltr'>in</span> <span class='ocrx_word' id='word_1_267' title='bbox 1749 2147 1952 2201; x_wconf 90' lang='lat' dir='ltr'>altaris</span> <span class='ocrx_word' id='word_1_268' title='bbox 1983 2147 2133 2203; x_wconf 88' lang='lat' dir='ltr'>facie</span> <span class='ocrx_word' id='word_1_269' title='bbox 2242 2150 2422 2218; x_wconf 86' lang='lat' dir='ltr'>gento</span> <span class='ocrx_word' id='word_1_270' title='bbox 2441 2148 2815 2202; x_wconf 89' lang='lat' dir='ltr'>extrinsecus</span> <span class='ocrx_word' id='word_1_271' title='bbox 2845 2148 3068 2217; x_wconf 86' lang='lat' dir='ltr'>induit;</span> <span class='ocrx_word' id='word_1_272' title='bbox 3100 2149 3173 2202; x_wconf 90' lang='lat' dir='ltr'>ab</span> <span class='ocrx_word' id='word_1_273' title='bbox 3205 2149 3368 2203; x_wconf 89' lang='lat' dir='ltr'>intus</span> <span class='ocrx_word' id='word_1_274' title='bbox 3399 2164 3535 2203; x_wconf 89' lang='lat' dir='ltr'>vero</span> <span class='ocrx_word' id='word_1_275' title='bbox 3564 2146 3740 2216; x_wconf 84' lang='lat' dir='ltr'>petalis</span> <span class='ocrx_word' id='word_1_276' title='bbox 3766 2145 3829 2209; x_wconf 83' lang='lat' dir='ltr'>(f.,</span> 
     </span>
    </p>
   </div>
   <div class='ocr_carea' id='block_1_21' title="bbox 464 2232 3830 2307">
    <p class='ocr_par' dir='ltr' id='par_1_21' title="bbox 464 2232 3830 2307">
     <span class='ocr_line' id='line_1_21' title="bbox 464 2232 3830 2307; baseline -0.001 -19"><span class='ocrx_word' id='word_1_277' title='bbox 464 2233 743 2302; x_wconf 91' lang='lat' dir='ltr'>tabulam,</span> <span class='ocrx_word' id='word_1_278' title='bbox 778 2247 913 2286; x_wconf 90' lang='lat' dir='ltr'>cum</span> <span class='ocrx_word' id='word_1_279' title='bbox 944 2233 1196 2303; x_wconf 89' lang='lat' dir='ltr'>gemmis</span> <span class='ocrx_word' id='word_1_280' title='bbox 1241 2249 1309 2288; x_wconf 91' lang='lat' dir='ltr'>ac</span> <span class='ocrx_word' id='word_1_281' title='bbox 1357 2234 1588 2289; x_wconf 89' lang='lat' dir='ltr'>smaltis</span> <span class='ocrx_word' id='word_1_282' title='bbox 1632 2235 1804 2289; x_wconf 86' lang='lat' dir='ltr'>valde</span> <span class='ocrx_word' id='word_1_283' title='bbox 1838 2236 2135 2307; x_wconf 90' lang='lat' dir='ltr'>speciosis</span> <span class='ocrx_word' id='word_1_284' title='bbox 2237 2235 2498 2305; x_wconf 90' lang='lat' dir='ltr'>laminis)</span> <span class='ocrx_word' id='word_1_285' title='bbox 2529 2238 2585 2289; x_wconf 90' lang='lat' dir='ltr'>et</span> <span class='ocrx_word' id='word_1_286' title='bbox 2616 2236 2917 2291; x_wconf 89' lang='lat' dir='ltr'>coloribus</span> <span class='ocrx_word' id='word_1_287' title='bbox 2952 2237 3275 2306; x_wconf 88' lang='lat' dir='ltr'>decoravit,</span> <span class='ocrx_word' id='word_1_288' title='bbox 3310 2252 3343 2291; x_wconf 89' lang='lat' dir='ltr'>e</span> <span class='ocrx_word' id='word_1_289' title='bbox 3385 2236 3593 2307; x_wconf 89' lang='lat' dir='ltr'>quibus</span> <span class='ocrx_word' id='word_1_290' title='bbox 3619 2235 3729 2288; x_wconf 75' lang='lat' dir='ltr'>dua</span> <span class='ocrx_word' id='word_1_291' title='bbox 3756 2232 3830 2285; x_wconf 83' lang='lat' dir='ltr'>ha-</span> 
     </span>
    </p>
   </div>
   <div class='ocr_carea' id='block_1_22' title="bbox 462 2321 3831 2396">
    <p class='ocr_par' dir='ltr' id='par_1_22' title="bbox 462 2321 3831 2396">
     <span class='ocr_line' id='line_1_22' title="bbox 462 2321 3831 2396; baseline -0.001 -21"><span class='ocrx_word' id='word_1_292' title='bbox 462 2322 682 2394; x_wconf 90' lang='lat' dir='ltr'>patrari</span> <span class='ocrx_word' id='word_1_293' title='bbox 702 2321 1001 2375; x_wconf 88' lang='lat' dir='ltr'>mandavit</span> <span class='ocrx_word' id='word_1_294' title='bbox 1025 2338 1036 2375; x_wconf 90' lang='lat'><strong>:</strong></span> <span class='ocrx_word' id='word_1_295' title='bbox 1064 2322 1280 2392; x_wconf 89' lang='lat' dir='ltr'>quibus</span> <span class='ocrx_word' id='word_1_296' title='bbox 1311 2322 1589 2378; x_wconf 89' lang='lat' dir='ltr'>videlicet</span> <span class='ocrx_word' id='word_1_297' title='bbox 1616 2323 1848 2379; x_wconf 89' lang='lat' dir='ltr'>smaltis</span> <span class='ocrx_word' id='word_1_298' title='bbox 1878 2325 2134 2379; x_wconf 89' lang='lat' dir='ltr'>nonnul-</span> <span class='ocrx_word' id='word_1_299' title='bbox 2238 2324 2379 2378; x_wconf 91' lang='lat' dir='ltr'>bent</span> <span class='ocrx_word' id='word_1_300' title='bbox 2409 2324 2642 2379; x_wconf 90' lang='lat' dir='ltr'>cubitos</span> <span class='ocrx_word' id='word_1_301' title='bbox 2673 2324 2735 2377; x_wconf 92' lang='lat' dir='ltr'>in</span> <span class='ocrx_word' id='word_1_302' title='bbox 2762 2325 3127 2396; x_wconf 86' lang='lat' dir='ltr'>longitudine</span> <span class='ocrx_word' id='word_1_303' title='bbox 3159 2340 3268 2379; x_wconf 90' lang='lat' dir='ltr'>sex</span> <span class='ocrx_word' id='word_1_304' title='bbox 3289 2325 3478 2379; x_wconf 88' lang='lat' dir='ltr'>libras</span> <span class='ocrx_word' id='word_1_305' title='bbox 3498 2324 3685 2395; x_wconf 87' lang='lat' dir='ltr'>viginti</span> <span class='ocrx_word' id='word_1_306' title='bbox 3711 2324 3754 2375; x_wconf 84' lang='lat' dir='ltr'>et</span> <span class='ocrx_word' id='word_1_307' title='bbox 3774 2321 3831 2371; x_wconf 82' lang='lat' dir='ltr'>vi-</span> 
     </span>
    </p>
   </div>
   <div class='ocr_carea' id='block_1_23' title="bbox 464 2408 3833 2485">
    <p class='ocr_par' dir='ltr' id='par_1_23' title="bbox 464 2408 3833 2485">
     <span class='ocr_line' id='line_1_23' title="bbox 464 2408 3833 2485; baseline -0.002 -19"><span class='ocrx_word' id='word_1_308' title='bbox 464 2413 555 2466; x_wconf 88' lang='lat' dir='ltr'>las</span> <span class='ocrx_word' id='word_1_309' title='bbox 586 2410 825 2482; x_wconf 90' lang='lat' dir='ltr'>quidem</span> <span class='ocrx_word' id='word_1_310' title='bbox 858 2424 934 2463; x_wconf 91' lang='lat' dir='ltr'>ex</span> <span class='ocrx_word' id='word_1_311' title='bbox 964 2409 1310 2482; x_wconf 85' lang='lat' dir='ltr'>Evangelio,</span> <span class='ocrx_word' id='word_1_312' title='bbox 1361 2410 1487 2466; x_wconf 88' lang='lat' dir='ltr'>fere</span> <span class='ocrx_word' id='word_1_313' title='bbox 1519 2417 1714 2468; x_wconf 90' lang='lat' dir='ltr'>autem</span> <span class='ocrx_word' id='word_1_314' title='bbox 1744 2429 1951 2468; x_wconf 91' lang='lat' dir='ltr'>omnes</span> <span class='ocrx_word' id='word_1_315' title='bbox 1981 2415 2137 2469; x_wconf 90' lang='lat' dir='ltr'>beati</span> <span class='ocrx_word' id='word_1_316' title='bbox 2241 2413 2409 2485; x_wconf 87' lang='lat' dir='ltr'>ginti,</span> <span class='ocrx_word' id='word_1_317' title='bbox 2442 2413 2575 2467; x_wconf 82' lang='lat' dir='ltr'>duae</span> <span class='ocrx_word' id='word_1_318' title='bbox 2604 2428 2748 2467; x_wconf 92' lang='lat' dir='ltr'>vero</span> <span class='ocrx_word' id='word_1_319' title='bbox 2780 2414 2911 2468; x_wconf 85' lang='lat' dir='ltr'>aliae</span> <span class='ocrx_word' id='word_1_320' title='bbox 2944 2413 3176 2468; x_wconf 90' lang='lat' dir='ltr'>cubitos</span> <span class='ocrx_word' id='word_1_321' title='bbox 3209 2417 3466 2484; x_wconf 88' lang='lat' dir='ltr'>quatuor</span> <span class='ocrx_word' id='word_1_322' title='bbox 3493 2429 3557 2466; x_wconf 88' lang='lat' dir='ltr'>ac</span> <span class='ocrx_word' id='word_1_323' title='bbox 3598 2410 3765 2477; x_wconf 88' lang='lat' dir='ltr'>semis,</span> <span class='ocrx_word' id='word_1_324' title='bbox 3788 2408 3833 2460; x_wconf 91' lang='lat' dir='ltr'>li-</span> 
     </span>
    </p>
   </div>
   <div class='ocr_carea' id='block_1_24' title="bbox 466 2498 3835 2574">
    <p class='ocr_par' dir='ltr' id='par_1_24' title="bbox 466 2498 3835 2574">
     <span class='ocr_line' id='line_1_24' title="bbox 466 2498 3835 2574; baseline -0.002 -19"><span class='ocrx_word' id='word_1_325' title='bbox 466 2499 771 2555; x_wconf 91' lang='lat' dir='ltr'>Benedicti</span> <span class='ocrx_word' id='word_1_326' title='bbox 820 2498 1241 2553; x_wconf 88' lang='lat' dir='ltr'>miraculorum</span> <span class='ocrx_word' id='word_1_327' title='bbox 1291 2500 1575 2572; x_wconf 87' lang='lat' dir='ltr'>insigniri</span> <span class='ocrx_word' id='word_1_328' title='bbox 1634 2502 1774 2556; x_wconf 88' lang='lat' dir='ltr'>fecit</span> <span class='ocrx_word' id='word_1_329' title='bbox 1831 2502 2134 2557; x_wconf 88' lang='lat' dir='ltr'>historias.</span> <span class='ocrx_word' id='word_1_330' title='bbox 2243 2502 2383 2556; x_wconf 85' lang='lat' dir='ltr'>bras</span> <span class='ocrx_word' id='word_1_331' title='bbox 2413 2501 2623 2573; x_wconf 88' lang='lat' dir='ltr'>viginti</span> <span class='ocrx_word' id='word_1_332' title='bbox 2645 2504 2701 2555; x_wconf 88' lang='lat' dir='ltr'>et</span> <span class='ocrx_word' id='word_1_333' title='bbox 2717 2502 2965 2574; x_wconf 89' lang='lat' dir='ltr'>viginti;</span> <span class='ocrx_word' id='word_1_334' title='bbox 2996 2518 3105 2556; x_wconf 90' lang='lat' dir='ltr'>sex</span> <span class='ocrx_word' id='word_1_335' title='bbox 3123 2502 3297 2556; x_wconf 91' lang='lat' dir='ltr'>etiam</span> <span class='ocrx_word' id='word_1_336' title='bbox 3323 2501 3661 2556; x_wconf 88' lang='lat' dir='ltr'>candelabra</span> <span class='ocrx_word' id='word_1_337' title='bbox 3679 2513 3835 2567; x_wconf 81' lang='lat' dir='ltr'>magna</span> 
     </span>
    </p>
   </div>
   <div class='ocr_carea' id='block_1_25' title="bbox 469 2584 3834 2660">
    <p class='ocr_par' dir='ltr' id='par_1_25' title="bbox 469 2584 3834 2660">
     <span class='ocr_line' id='line_1_25' title="bbox 469 2584 3834 2660; baseline -0.001 -18"><span class='ocrx_word' id='word_1_338' title='bbox 469 2588 657 2653; x_wconf 90' lang='lat' dir='ltr'>Quem</span> <span class='ocrx_word' id='word_1_339' title='bbox 684 2589 842 2641; x_wconf 90' lang='lat' dir='ltr'>certe</span> <span class='ocrx_word' id='word_1_340' title='bbox 875 2592 1145 2640; x_wconf 88' lang='lat' dir='ltr'>nostrum</span> <span class='ocrx_word' id='word_1_341' title='bbox 1177 2588 1538 2643; x_wconf 88' lang='lat' dir='ltr'>confratrem</span> <span class='ocrx_word' id='word_1_342' title='bbox 1566 2590 1887 2659; x_wconf 89' lang='lat' dir='ltr'>imperator</span> <span class='ocrx_word' id='word_1_343' title='bbox 1916 2592 2137 2645; x_wconf 84' lang='lat' dir='ltr'>Roma-</span> <span class='ocrx_word' id='word_1_344' title='bbox 2238 2592 2363 2644; x_wconf 91' lang='lat' dir='ltr'>tres</span> <span class='ocrx_word' id='word_1_345' title='bbox 2381 2590 2617 2645; x_wconf 92' lang='lat' dir='ltr'>cubitos</span> <span class='ocrx_word' id='word_1_346' title='bbox 2641 2591 2966 2645; x_wconf 88' lang='lat' dir='ltr'>altitudinis</span> <span class='ocrx_word' id='word_1_347' title='bbox 2984 2591 3262 2645; x_wconf 89' lang='lat' dir='ltr'>habentia</span> <span class='ocrx_word' id='word_1_348' title='bbox 3278 2590 3356 2645; x_wconf 90' lang='lat' dir='ltr'>de</span> <span class='ocrx_word' id='word_1_349' title='bbox 3378 2588 3665 2660; x_wconf 89' lang='lat' dir='ltr'>productis</span> <span class='ocrx_word' id='word_1_350' title='bbox 3682 2603 3736 2640; x_wconf 89' lang='lat' dir='ltr'>ac</span> <span class='ocrx_word' id='word_1_351' title='bbox 3754 2584 3834 2639; x_wconf 85' lang='lat' dir='ltr'>sul-</span> 
     </span>
    </p>
   </div>
   <div class='ocr_carea' id='block_1_26' title="bbox 466 2674 3838 2751">
    <p class='ocr_par' dir='ltr' id='par_1_26' title="bbox 466 2674 3838 2751">
     <span class='ocr_line' id='line_1_26' title="bbox 466 2674 3838 2751; baseline -0.002 -20"><span class='ocrx_word' id='word_1_352' title='bbox 466 2692 582 2731; x_wconf 89' lang='lat' dir='ltr'>nus</span> <span class='ocrx_word' id='word_1_353' title='bbox 612 2675 790 2728; x_wconf 90' lang='lat' dir='ltr'>nimis</span> <span class='ocrx_word' id='word_1_354' title='bbox 812 2674 1136 2729; x_wconf 82' lang='lat' dir='ltr'>honoriﬁce</span> <span class='ocrx_word' id='word_1_355' title='bbox 1168 2677 1454 2746; x_wconf 88' lang='lat' dir='ltr'>suscepit,</span> <span class='ocrx_word' id='word_1_356' title='bbox 1489 2680 1562 2747; x_wconf 88' lang='lat' dir='ltr'>et,</span> <span class='ocrx_word' id='word_1_357' title='bbox 1591 2679 1851 2748; x_wconf 90' lang='lat' dir='ltr'>quandiu</span> <span class='ocrx_word' id='word_1_358' title='bbox 1881 2679 1960 2733; x_wconf 91' lang='lat' dir='ltr'>ibi</span> <span class='ocrx_word' id='word_1_359' title='bbox 1981 2695 2145 2733; x_wconf 90' lang='lat' dir='ltr'>man-</span> <span class='ocrx_word' id='word_1_360' title='bbox 2240 2681 2359 2751; x_wconf 89' lang='lat' dir='ltr'>ptis</span> <span class='ocrx_word' id='word_1_361' title='bbox 2381 2682 2630 2750; x_wconf 87' lang='lat' dir='ltr'>argento</span> <span class='ocrx_word' id='word_1_362' title='bbox 2652 2679 2887 2733; x_wconf 91' lang='lat' dir='ltr'>laminis</span> <span class='ocrx_word' id='word_1_363' title='bbox 2902 2679 3615 2750; x_wconf 76' lang='lat' dir='ltr'>fecit,una(f.,aque)sex</span> <span class='ocrx_word' id='word_1_364' title='bbox 3631 2675 3838 2745; x_wconf 84' lang='lat' dir='ltr'>velquia—</span> 
     </span>
    </p>
   </div>
   <div class='ocr_carea' id='block_1_27' title="bbox 472 2763 3840 2839">
    <p class='ocr_par' dir='ltr' id='par_1_27' title="bbox 472 2763 3840 2839">
     <span class='ocr_line' id='line_1_27' title="bbox 472 2763 3840 2839; baseline -0.001 -21"><span class='ocrx_word' id='word_1_365' title='bbox 472 2765 569 2834; x_wconf 87' lang='lat' dir='ltr'>sit,</span> <span class='ocrx_word' id='word_1_366' title='bbox 592 2763 844 2817; x_wconf 91' lang='lat' dir='ltr'>honeste</span> <span class='ocrx_word' id='word_1_367' title='bbox 867 2779 1001 2817; x_wconf 90' lang='lat' dir='ltr'>cum</span> <span class='ocrx_word' id='word_1_368' title='bbox 1039 2765 1168 2817; x_wconf 90' lang='lat' dir='ltr'>suis</span> <span class='ocrx_word' id='word_1_369' title='bbox 1204 2767 1480 2820; x_wconf 90' lang='lat' dir='ltr'>omnibus</span> <span class='ocrx_word' id='word_1_370' title='bbox 1504 2770 1965 2837; x_wconf 88' lang='lat' dir='ltr'>reverenterque</span> <span class='ocrx_word' id='word_1_371' title='bbox 1986 2771 2139 2822; x_wconf 92' lang='lat' dir='ltr'>trac-</span> <span class='ocrx_word' id='word_1_372' title='bbox 2243 2783 2355 2838; x_wconf 91' lang='lat' dir='ltr'>que</span> <span class='ocrx_word' id='word_1_373' title='bbox 2377 2768 2684 2837; x_wconf 90' lang='lat' dir='ltr'>librarum,</span> <span class='ocrx_word' id='word_1_374' title='bbox 2705 2783 2839 2839; x_wconf 85' lang='lat' dir='ltr'>qua</span> <span class='ocrx_word' id='word_1_375' title='bbox 2861 2767 3138 2821; x_wconf 89' lang='lat' dir='ltr'>videlicet</span> <span class='ocrx_word' id='word_1_376' title='bbox 3162 2768 3222 2821; x_wconf 91' lang='lat' dir='ltr'>in</span> <span class='ocrx_word' id='word_1_377' title='bbox 3245 2768 3425 2822; x_wconf 89' lang='lat' dir='ltr'>festis</span> <span class='ocrx_word' id='word_1_378' title='bbox 3446 2765 3731 2837; x_wconf 88' lang='lat' dir='ltr'>praecipuis</span> <span class='ocrx_word' id='word_1_379' title='bbox 3749 2764 3840 2814; x_wconf 88' lang='lat' dir='ltr'>ante</span> 
     </span>
    </p>
   </div>
   <div class='ocr_carea' id='block_1_28' title="bbox 468 2850 3841 2956">
    <p class='ocr_par' dir='ltr' id='par_1_28' title="bbox 468 2850 3841 2956">
     <span class='ocr_line' id='line_1_28' title="bbox 468 2850 3841 2956; baseline -0.002 -50"><span class='ocrx_word' id='word_1_380' title='bbox 468 2853 631 2921; x_wconf 90' lang='lat' dir='ltr'>tavit,</span> <span class='ocrx_word' id='word_1_381' title='bbox 661 2855 717 2905; x_wconf 93' lang='lat' dir='ltr'>et</span> <span class='ocrx_word' id='word_1_382' title='bbox 748 2852 1035 2923; x_wconf 89' lang='lat' dir='ltr'>quidquid</span> <span class='ocrx_word' id='word_1_383' title='bbox 1066 2858 1545 2909; x_wconf 88' lang='lat' dir='ltr'>ornamentorum</span> <span class='ocrx_word' id='word_1_384' title='bbox 1574 2855 1721 2909; x_wconf 92' lang='lat' dir='ltr'>inibi</span> <span class='ocrx_word' id='word_1_385' title='bbox 1751 2857 1925 2910; x_wconf 88' lang='lat' dir='ltr'>vellet</span> <span class='ocrx_word' id='word_1_386' title='bbox 1947 2857 2141 2911; x_wconf 84' lang='lat' dir='ltr'>efﬂce-</span> <span class='ocrx_word' id='word_1_387' title='bbox 2170 2894 2222 2956; x_wconf 70' lang='grc' dir='ltr'><strong>Ο</strong></span> <span class='ocrx_word' id='word_1_388' title='bbox 2241 2859 2424 2912; x_wconf 90' lang='lat' dir='ltr'>altare</span> <span class='ocrx_word' id='word_1_389' title='bbox 2453 2858 2513 2911; x_wconf 93' lang='lat' dir='ltr'>in</span> <span class='ocrx_word' id='word_1_390' title='bbox 2546 2858 2771 2911; x_wconf 87' lang='lat' dir='ltr'>directa</span> <span class='ocrx_word' id='word_1_391' title='bbox 2800 2856 2953 2910; x_wconf 87' lang='lat' dir='ltr'>linea</span> <span class='ocrx_word' id='word_1_392' title='bbox 2972 2857 3167 2925; x_wconf 89' lang='lat' dir='ltr'>posita</span> <span class='ocrx_word' id='word_1_393' title='bbox 3203 2856 3457 2911; x_wconf 88' lang='lat' dir='ltr'>accendi</span> <span class='ocrx_word' id='word_1_394' title='bbox 3483 2870 3608 2909; x_wconf 87' lang='lat' dir='ltr'>cum</span> <span class='ocrx_word' id='word_1_395' title='bbox 3635 2850 3841 2906; x_wconf 81' lang='lat' dir='ltr'>maximis</span> 
     </span>
    </p>
   </div>
   <div class='ocr_carea' id='block_1_29' title="bbox 468 2938 3841 3015">
    <p class='ocr_par' dir='ltr' id='par_1_29' title="bbox 468 2938 3841 3015">
     <span class='ocr_line' id='line_1_29' title="bbox 468 2938 3841 3015; baseline -0.002 -19"><span class='ocrx_word' id='word_1_396' title='bbox 468 2957 555 3010; x_wconf 89' lang='lat' dir='ltr'>re,</span> <span class='ocrx_word' id='word_1_397' title='bbox 589 2941 954 3011; x_wconf 90' lang='lat' dir='ltr'>imperialem</span> <span class='ocrx_word' id='word_1_398' title='bbox 982 2942 1035 2995; x_wconf 92' lang='lat' dir='ltr'>ei</span> <span class='ocrx_word' id='word_1_399' title='bbox 1066 2942 1361 2996; x_wconf 87' lang='lat' dir='ltr'>licentiam</span> <span class='ocrx_word' id='word_1_400' title='bbox 1390 2943 1612 2998; x_wconf 89' lang='lat' dir='ltr'>tribuit.</span> <span class='ocrx_word' id='word_1_401' title='bbox 1662 2943 1823 2998; x_wconf 86' lang='lat' dir='ltr'>Fecit</span> <span class='ocrx_word' id='word_1_402' title='bbox 1852 2945 2048 3015; x_wconf 89' lang='lat' dir='ltr'>itaque</span> <span class='ocrx_word' id='word_1_403' title='bbox 2084 2948 2140 3000; x_wconf 91' lang='lat' dir='ltr'>et</span> <span class='ocrx_word' id='word_1_404' title='bbox 2173 2938 2220 2956; x_wconf 64' lang='grc' dir='ltr'>ν</span> <span class='ocrx_word' id='word_1_405' title='bbox 2243 2945 2455 2999; x_wconf 86' lang='lat' dir='ltr'>faculis</span> <span class='ocrx_word' id='word_1_406' title='bbox 2493 2945 2765 3000; x_wconf 89' lang='lat' dir='ltr'>debeant.</span> <span class='ocrx_word' id='word_1_407' title='bbox 2820 2945 3114 3015; x_wconf 88' lang='lat' dir='ltr'>Pnlpitum</span> <span class='ocrx_word' id='word_1_408' title='bbox 3144 2960 3387 3015; x_wconf 90' lang='lat' dir='ltr'>quoque</span> <span class='ocrx_word' id='word_1_409' title='bbox 3434 2945 3678 3014; x_wconf 88' lang='lat' dir='ltr'>ligneum</span> <span class='ocrx_word' id='word_1_410' title='bbox 3702 2939 3758 2993; x_wconf 87' lang='lat' dir='ltr'>ad</span> <span class='ocrx_word' id='word_1_411' title='bbox 3782 2938 3841 2990; x_wconf 85' lang='lat' dir='ltr'>le-</span> 
     </span>
    </p>
   </div>
   <div class='ocr_carea' id='block_1_30' title="bbox 471 3028 3843 3106">
    <p class='ocr_par' dir='ltr' id='par_1_30' title="bbox 471 3028 3843 3106">
     <span class='ocr_line' id='line_1_30' title="bbox 471 3028 3843 3106; baseline -0.003 -20"><span class='ocrx_word' id='word_1_412' title='bbox 471 3031 771 3086; x_wconf 89' lang='lat' dir='ltr'>cancellos</span> <span class='ocrx_word' id='word_1_413' title='bbox 812 3034 1083 3100; x_wconf 90' lang='lat' dir='ltr'>quatuor,</span> <span class='ocrx_word' id='word_1_414' title='bbox 1123 3030 1337 3086; x_wconf 91' lang='lat' dir='ltr'>fusiles</span> <span class='ocrx_word' id='word_1_415' title='bbox 1369 3047 1443 3086; x_wconf 91' lang='lat' dir='ltr'>ex</span> <span class='ocrx_word' id='word_1_416' title='bbox 1473 3049 1612 3101; x_wconf 85' lang='lat' dir='ltr'>are,</span> <span class='ocrx_word' id='word_1_417' title='bbox 1647 3038 1779 3087; x_wconf 89' lang='lat' dir='ltr'>ante</span> <span class='ocrx_word' id='word_1_418' title='bbox 1808 3035 1992 3088; x_wconf 89' lang='lat' dir='ltr'>altare</span> <span class='ocrx_word' id='word_1_419' title='bbox 2023 3035 2138 3088; x_wconf 93' lang='lat' dir='ltr'>sci-</span> <span class='ocrx_word' id='word_1_420' title='bbox 2245 3035 2505 3106; x_wconf 89' lang='lat' dir='ltr'>gendum</span> <span class='ocrx_word' id='word_1_421' title='bbox 2544 3036 2673 3088; x_wconf 91' lang='lat' dir='ltr'>sive</span> <span class='ocrx_word' id='word_1_422' title='bbox 2707 3034 3081 3102; x_wconf 89' lang='lat' dir='ltr'>cantandum,</span> <span class='ocrx_word' id='word_1_423' title='bbox 3114 3033 3289 3104; x_wconf 91' lang='lat' dir='ltr'>longe</span> <span class='ocrx_word' id='word_1_424' title='bbox 3325 3033 3511 3103; x_wconf 89' lang='lat' dir='ltr'>priori</span> <span class='ocrx_word' id='word_1_425' title='bbox 3538 3028 3843 3102; x_wconf 84' lang='lat' dir='ltr'>prastantius</span> 
     </span>
    </p>
   </div>
   <div class='ocr_carea' id='block_1_31' title="bbox 470 3118 3844 3193">
    <p class='ocr_par' dir='ltr' id='par_1_31' title="bbox 470 3118 3844 3193">
     <span class='ocr_line' id='line_1_31' title="bbox 470 3118 3844 3193; baseline -0.001 -19"><span class='ocrx_word' id='word_1_426' title='bbox 470 3121 608 3174; x_wconf 92' lang='lat' dir='ltr'>licet</span> <span class='ocrx_word' id='word_1_427' title='bbox 637 3119 775 3173; x_wconf 91' lang='lat' dir='ltr'>hinc</span> <span class='ocrx_word' id='word_1_428' title='bbox 806 3119 940 3173; x_wconf 91' lang='lat' dir='ltr'>inde</span> <span class='ocrx_word' id='word_1_429' title='bbox 975 3120 1126 3173; x_wconf 89' lang='lat' dir='ltr'>inter</span> <span class='ocrx_word' id='word_1_430' title='bbox 1149 3120 1395 3174; x_wconf 90' lang='lat' dir='ltr'>chorum</span> <span class='ocrx_word' id='word_1_431' title='bbox 1426 3126 1481 3175; x_wconf 87' lang='lat' dir='ltr'>et</span> <span class='ocrx_word' id='word_1_432' title='bbox 1509 3122 1748 3193; x_wconf 74' lang='lat' dir='ltr'>adytum</span> <span class='ocrx_word' id='word_1_433' title='bbox 1767 3123 2135 3188; x_wconf 87' lang='lat' dir='ltr'>statuendos;</span> <span class='ocrx_word' id='word_1_434' title='bbox 2247 3128 2302 3177; x_wconf 86' lang='lat' dir='ltr'>et</span> <span class='ocrx_word' id='word_1_435' title='bbox 2328 3123 2684 3177; x_wconf 91' lang='lat' dir='ltr'>eminentius</span> <span class='ocrx_word' id='word_1_436' title='bbox 2716 3122 2855 3176; x_wconf 90' lang='lat' dir='ltr'>fecit</span> <span class='ocrx_word' id='word_1_437' title='bbox 2887 3122 2943 3174; x_wconf 92' lang='lat' dir='ltr'>in</span> <span class='ocrx_word' id='word_1_438' title='bbox 2965 3137 3227 3176; x_wconf 91' lang='lat' dir='ltr'>ascensu</span> <span class='ocrx_word' id='word_1_439' title='bbox 3251 3122 3545 3192; x_wconf 86' lang='lat' dir='ltr'>graduum</span> <span class='ocrx_word' id='word_1_440' title='bbox 3575 3135 3673 3173; x_wconf 86' lang='lat' dir='ltr'>sex</span> <span class='ocrx_word' id='word_1_441' title='bbox 3692 3118 3844 3185; x_wconf 83' lang='lat' dir='ltr'>;idque</span> 
     </span>
    </p>
   </div>
   <div class='ocr_carea' id='block_1_32' title="bbox 469 3200 3845 3280">
    <p class='ocr_par' dir='ltr' id='par_1_32' title="bbox 469 3200 3845 3280">
     <span class='ocr_line' id='line_1_32' title="bbox 469 3200 3845 3280; baseline -0.001 -17"><span class='ocrx_word' id='word_1_442' title='bbox 469 3209 700 3263; x_wconf 90' lang='lat' dir='ltr'>trabem</span> <span class='ocrx_word' id='word_1_443' title='bbox 727 3224 960 3279; x_wconf 89' lang='lat' dir='ltr'>quoque</span> <span class='ocrx_word' id='word_1_444' title='bbox 1008 3209 1392 3263; x_wconf 90' lang='lat' dir='ltr'>nihilominus</span> <span class='ocrx_word' id='word_1_445' title='bbox 1443 3210 1679 3265; x_wconf 90' lang='lat' dir='ltr'>fusilem</span> <span class='ocrx_word' id='word_1_446' title='bbox 1725 3227 1800 3265; x_wconf 89' lang='lat' dir='ltr'>ex</span> <span class='ocrx_word' id='word_1_447' title='bbox 1830 3227 1970 3279; x_wconf 84' lang='lat' dir='ltr'>are,</span> <span class='ocrx_word' id='word_1_448' title='bbox 2006 3227 2139 3265; x_wconf 89' lang='lat' dir='ltr'>cum</span> <span class='ocrx_word' id='word_1_449' title='bbox 2248 3211 2507 3267; x_wconf 90' lang='lat' dir='ltr'>diversis</span> <span class='ocrx_word' id='word_1_450' title='bbox 2538 3211 2806 3265; x_wconf 92' lang='lat' dir='ltr'>colorum</span> <span class='ocrx_word' id='word_1_451' title='bbox 2837 3211 2955 3265; x_wconf 91' lang='lat' dir='ltr'>fuci</span> <span class='ocrx_word' id='word_1_452' title='bbox 2985 3212 3042 3265; x_wconf 90' lang='lat' dir='ltr'>et</span> <span class='ocrx_word' id='word_1_453' title='bbox 3069 3211 3195 3263; x_wconf 89' lang='lat' dir='ltr'>auri</span> <span class='ocrx_word' id='word_1_454' title='bbox 3230 3210 3449 3280; x_wconf 88' lang='lat' dir='ltr'>petalis</span> <span class='ocrx_word' id='word_1_455' title='bbox 3475 3210 3543 3263; x_wconf 91' lang='lat' dir='ltr'>de</span> <span class='ocrx_word' id='word_1_456' title='bbox 3557 3207 3741 3279; x_wconf 89' lang='lat' dir='ltr'>pulcho</span> <span class='ocrx_word' id='word_1_457' title='bbox 3758 3200 3845 3272; x_wconf 82' lang='lat' dir='ltr'>pul-</span> 
     </span>
    </p>
   </div>
   <div class='ocr_carea' id='block_1_33' title="bbox 473 3297 3846 3370">
    <p class='ocr_par' dir='ltr' id='par_1_33' title="bbox 473 3297 3846 3370">
     <span class='ocr_line' id='line_1_33' title="bbox 473 3297 3846 3370; baseline -0.002 -19"><span class='ocrx_word' id='word_1_458' title='bbox 473 3297 847 3351; x_wconf 91' lang='lat' dir='ltr'>candelabris</span> <span class='ocrx_word' id='word_1_459' title='bbox 879 3313 1129 3352; x_wconf 91' lang='lat' dir='ltr'>numero</span> <span class='ocrx_word' id='word_1_460' title='bbox 1148 3299 1591 3369; x_wconf 88' lang='lat' dir='ltr'>quinquaginta,</span> <span class='ocrx_word' id='word_1_461' title='bbox 1617 3301 1677 3353; x_wconf 91' lang='lat' dir='ltr'>in</span> <span class='ocrx_word' id='word_1_462' title='bbox 1703 3299 1921 3370; x_wconf 89' lang='lat' dir='ltr'>quibus</span> <span class='ocrx_word' id='word_1_463' title='bbox 1940 3301 2140 3370; x_wconf 90' lang='lat' dir='ltr'>utique</span> <span class='ocrx_word' id='word_1_464' title='bbox 2250 3300 2608 3355; x_wconf 91' lang='lat' dir='ltr'>cherrimum</span> <span class='ocrx_word' id='word_1_465' title='bbox 2639 3300 2895 3353; x_wconf 88' lang='lat' dir='ltr'>reddidit</span> <span class='ocrx_word' id='word_1_466' title='bbox 2929 3315 2940 3354; x_wconf 92' lang='lat'>:</span> <span class='ocrx_word' id='word_1_467' title='bbox 2975 3303 3107 3352; x_wconf 91' lang='lat' dir='ltr'>ante</span> <span class='ocrx_word' id='word_1_468' title='bbox 3150 3298 3311 3369; x_wconf 91' lang='lat' dir='ltr'>quod</span> <span class='ocrx_word' id='word_1_469' title='bbox 3347 3299 3660 3353; x_wconf 89' lang='lat' dir='ltr'>columnam</span> <span class='ocrx_word' id='word_1_470' title='bbox 3686 3305 3846 3362; x_wconf 81' lang='lat' dir='ltr'>argen-</span> 
     </span>
    </p>
   </div>
   <div class='ocr_carea' id='block_1_34' title="bbox 470 3384 3848 3460">
    <p class='ocr_par' dir='ltr' id='par_1_34' title="bbox 470 3384 3848 3460">
     <span class='ocr_line' id='line_1_34' title="bbox 470 3384 3848 3460; baseline -0.003 -19"><span class='ocrx_word' id='word_1_471' title='bbox 470 3387 713 3442; x_wconf 87' lang='lat' dir='ltr'>tctidem</span> <span class='ocrx_word' id='word_1_472' title='bbox 736 3386 896 3440; x_wconf 88' lang='lat' dir='ltr'>cerei</span> <span class='ocrx_word' id='word_1_473' title='bbox 913 3402 1020 3455; x_wconf 90' lang='lat' dir='ltr'>per</span> <span class='ocrx_word' id='word_1_474' title='bbox 1046 3386 1399 3440; x_wconf 88' lang='lat' dir='ltr'>festivitates</span> <span class='ocrx_word' id='word_1_475' title='bbox 1416 3389 1757 3458; x_wconf 88' lang='lat' dir='ltr'>pracipuas</span> <span class='ocrx_word' id='word_1_476' title='bbox 1782 3392 2144 3458; x_wconf 89' lang='lat' dir='ltr'>ponerentur</span> <span class='ocrx_word' id='word_1_477' title='bbox 2249 3392 2402 3443; x_wconf 91' lang='lat' dir='ltr'>team</span> <span class='ocrx_word' id='word_1_478' title='bbox 2433 3389 2643 3460; x_wconf 88' lang='lat' dir='ltr'>viginti</span> <span class='ocrx_word' id='word_1_479' title='bbox 2675 3392 2730 3442; x_wconf 90' lang='lat' dir='ltr'>et</span> <span class='ocrx_word' id='word_1_480' title='bbox 2769 3389 3031 3458; x_wconf 89' lang='lat' dir='ltr'>quinque</span> <span class='ocrx_word' id='word_1_481' title='bbox 3079 3387 3393 3457; x_wconf 88' lang='lat' dir='ltr'>librarum,</span> <span class='ocrx_word' id='word_1_482' title='bbox 3427 3387 3630 3458; x_wconf 91' lang='lat' dir='ltr'>partim</span> <span class='ocrx_word' id='word_1_483' title='bbox 3671 3384 3848 3437; x_wconf 84' lang='lat' dir='ltr'>deaura-</span> 
     </span>
    </p>
   </div>
   <div class='ocr_carea' id='block_1_35' title="bbox 468 3473 3847 3547">
    <p class='ocr_par' dir='ltr' id='par_1_35' title="bbox 468 3473 3847 3547">
     <span class='ocr_line' id='line_1_35' title="bbox 468 3473 3847 3547; baseline -0.002 -18"><span class='ocrx_word' id='word_1_484' title='bbox 468 3475 842 3546; x_wconf 90' lang='lat' dir='ltr'>lampadibus</span> <span class='ocrx_word' id='word_1_485' title='bbox 882 3475 1091 3528; x_wconf 87' lang='lat' dir='ltr'>subter</span> <span class='ocrx_word' id='word_1_486' title='bbox 1117 3475 1177 3527; x_wconf 91' lang='lat' dir='ltr'>in</span> <span class='ocrx_word' id='word_1_487' title='bbox 1207 3474 1381 3528; x_wconf 84' lang='lat' dir='ltr'>areis</span> <span class='ocrx_word' id='word_1_488' title='bbox 1424 3477 1594 3529; x_wconf 90' lang='lat' dir='ltr'>uncis</span> <span class='ocrx_word' id='word_1_489' title='bbox 1625 3492 1698 3530; x_wconf 89' lang='lat' dir='ltr'>ex</span> <span class='ocrx_word' id='word_1_490' title='bbox 1728 3477 1933 3531; x_wconf 91' lang='lat' dir='ltr'>eadem</span> <span class='ocrx_word' id='word_1_491' title='bbox 1964 3478 2134 3532; x_wconf 88' lang='lat' dir='ltr'>trabe</span> <span class='ocrx_word' id='word_1_492' title='bbox 2247 3482 2367 3533; x_wconf 90' lang='lat' dir='ltr'>tam</span> <span class='ocrx_word' id='word_1_493' title='bbox 2397 3478 2470 3531; x_wconf 91' lang='lat' dir='ltr'>ad</span> <span class='ocrx_word' id='word_1_494' title='bbox 2500 3478 2736 3531; x_wconf 88' lang='lat' dir='ltr'>modum</span> <span class='ocrx_word' id='word_1_495' title='bbox 2778 3478 2976 3547; x_wconf 88' lang='lat' dir='ltr'>magni</span> <span class='ocrx_word' id='word_1_496' title='bbox 3023 3476 3389 3545; x_wconf 88' lang='lat' dir='ltr'>candelabri,</span> <span class='ocrx_word' id='word_1_497' title='bbox 3437 3492 3545 3531; x_wconf 84' lang='lat' dir='ltr'>sex</span> <span class='ocrx_word' id='word_1_498' title='bbox 3590 3473 3847 3528; x_wconf 85' lang='lat' dir='ltr'>cubitorum</span> 
     </span>
    </p>
   </div>
   <div class='ocr_carea' id='block_1_36' title="bbox 474 3558 3847 3634">
    <p class='ocr_par' dir='ltr' id='par_1_36' title="bbox 474 3558 3847 3634">
     <span class='ocr_line' id='line_1_36' title="bbox 474 3558 3847 3634; baseline -0.002 -18"><span class='ocrx_word' id='word_1_499' title='bbox 474 3564 717 3634; x_wconf 89' lang='lat' dir='ltr'>triginta</span> <span class='ocrx_word' id='word_1_500' title='bbox 746 3564 805 3616; x_wconf 91' lang='lat' dir='ltr'>et</span> <span class='ocrx_word' id='word_1_501' title='bbox 833 3578 942 3616; x_wconf 92' lang='lat' dir='ltr'>sex</span> <span class='ocrx_word' id='word_1_502' title='bbox 973 3563 1479 3632; x_wconf 88' lang='lat' dir='ltr'>dependentibus;</span> <span class='ocrx_word' id='word_1_503' title='bbox 1512 3580 1645 3634; x_wconf 86' lang='lat' dir='ltr'>quae</span> <span class='ocrx_word' id='word_1_504' title='bbox 1675 3564 1949 3619; x_wconf 85' lang='lat' dir='ltr'>videlicet.</span> <span class='ocrx_word' id='word_1_505' title='bbox 1989 3582 2143 3620; x_wconf 88' lang='lat' dir='ltr'>area</span> <span class='ocrx_word' id='word_1_506' title='bbox 2250 3567 2310 3621; x_wconf 92' lang='lat' dir='ltr'>in</span> <span class='ocrx_word' id='word_1_507' title='bbox 2340 3565 2641 3620; x_wconf 89' lang='lat' dir='ltr'>altitudine</span> <span class='ocrx_word' id='word_1_508' title='bbox 2683 3565 2931 3633; x_wconf 90' lang='lat' dir='ltr'>habens,</span> <span class='ocrx_word' id='word_1_509' title='bbox 2977 3580 3157 3634; x_wconf 85' lang='lat' dir='ltr'>supra</span> <span class='ocrx_word' id='word_1_510' title='bbox 3198 3564 3399 3618; x_wconf 82' lang='lat' dir='ltr'>basim</span> <span class='ocrx_word' id='word_1_511' title='bbox 3448 3558 3847 3634; x_wconf 75' lang='lat' dir='ltr'>pcrphyreticam</span> 
     </span>
    </p>
   </div>
   <div class='ocr_carea' id='block_1_37' title="bbox 473 3642 3851 3725">
    <p class='ocr_par' dir='ltr' id='par_1_37' title="bbox 473 3642 3851 3725">
     <span class='ocr_line' id='line_1_37' title="bbox 473 3642 3851 3725; baseline -0.001 -20"><span class='ocrx_word' id='word_1_512' title='bbox 473 3651 699 3719; x_wconf 89' lang='lat' dir='ltr'>trabes,</span> <span class='ocrx_word' id='word_1_513' title='bbox 720 3651 898 3704; x_wconf 86' lang='lat' dir='ltr'>aereis</span> <span class='ocrx_word' id='word_1_514' title='bbox 921 3666 1089 3720; x_wconf 86' lang='lat' dir='ltr'>aeque</span> <span class='ocrx_word' id='word_1_515' title='bbox 1109 3650 1375 3705; x_wconf 89' lang='lat' dir='ltr'>brachiis</span> <span class='ocrx_word' id='word_1_516' title='bbox 1392 3667 1460 3705; x_wconf 90' lang='lat' dir='ltr'>ac</span> <span class='ocrx_word' id='word_1_517' title='bbox 1487 3653 1759 3708; x_wconf 91' lang='lat' dir='ltr'>manibus</span> <span class='ocrx_word' id='word_1_518' title='bbox 1792 3657 2139 3725; x_wconf 90' lang='lat' dir='ltr'>sustentata,</span> <span class='ocrx_word' id='word_1_519' title='bbox 2252 3655 2473 3725; x_wconf 91' lang='lat' dir='ltr'>statuit,</span> <span class='ocrx_word' id='word_1_520' title='bbox 2508 3670 2694 3724; x_wconf 90' lang='lat' dir='ltr'>super</span> <span class='ocrx_word' id='word_1_521' title='bbox 2738 3669 2915 3724; x_wconf 90' lang='lat' dir='ltr'>quam</span> <span class='ocrx_word' id='word_1_522' title='bbox 2943 3653 3219 3707; x_wconf 88' lang='lat' dir='ltr'>videlicet</span> <span class='ocrx_word' id='word_1_523' title='bbox 3264 3669 3487 3708; x_wconf 88' lang='lat' dir='ltr'>cereus</span> <span class='ocrx_word' id='word_1_524' title='bbox 3518 3663 3760 3721; x_wconf 87' lang='lat' dir='ltr'>magnus,</span> <span class='ocrx_word' id='word_1_525' title='bbox 3784 3642 3851 3712; x_wconf 82' lang='lat' dir='ltr'>qui</span> 
     </span>
    </p>
   </div>
   <div class='ocr_carea' id='block_1_38' title="bbox 474 3733 3848 3812">
    <p class='ocr_par' dir='ltr' id='par_1_38' title="bbox 474 3733 3848 3812">
     <span class='ocr_line' id='line_1_38' title="bbox 474 3733 3848 3812; baseline -0.004 -17"><span class='ocrx_word' id='word_1_526' title='bbox 474 3739 631 3795; x_wconf 91' lang='lat' dir='ltr'>trabi</span> <span class='ocrx_word' id='word_1_527' title='bbox 660 3739 898 3809; x_wconf 87' lang='lat' dir='ltr'>lignea,</span> <span class='ocrx_word' id='word_1_528' title='bbox 933 3754 1109 3809; x_wconf 90' lang='lat' dir='ltr'>quam</span> <span class='ocrx_word' id='word_1_529' title='bbox 1133 3739 1530 3808; x_wconf 90' lang='lat' dir='ltr'>pulcherrime</span> <span class='ocrx_word' id='word_1_530' title='bbox 1561 3741 1752 3811; x_wconf 91' lang='lat' dir='ltr'>sculpi</span> <span class='ocrx_word' id='word_1_531' title='bbox 1782 3744 1837 3796; x_wconf 91' lang='lat' dir='ltr'>et</span> <span class='ocrx_word' id='word_1_532' title='bbox 1865 3758 2008 3796; x_wconf 92' lang='lat' dir='ltr'>auro</span> <span class='ocrx_word' id='word_1_533' title='bbox 2040 3758 2144 3797; x_wconf 90' lang='lat' dir='ltr'>co-</span> <span class='ocrx_word' id='word_1_534' title='bbox 2253 3744 2509 3799; x_wconf 89' lang='lat' dir='ltr'>Sabbato</span> <span class='ocrx_word' id='word_1_535' title='bbox 2538 3743 2802 3812; x_wconf 88' lang='lat' dir='ltr'>paschali</span> <span class='ocrx_word' id='word_1_536' title='bbox 2832 3742 3276 3797; x_wconf 82' lang='lat' dir='ltr'>benedicendus</span> <span class='ocrx_word' id='word_1_537' title='bbox 3306 3746 3427 3811; x_wconf 89' lang='lat' dir='ltr'>est,</span> <span class='ocrx_word' id='word_1_538' title='bbox 3454 3738 3762 3796; x_wconf 87' lang='lat' dir='ltr'>solemniter</span> <span class='ocrx_word' id='word_1_539' title='bbox 3777 3733 3848 3784; x_wconf 87' lang='lat' dir='ltr'>de-</span> 
     </span>
    </p>
   </div>
   <div class='ocr_carea' id='block_1_39' title="bbox 475 3827 3853 3900">
    <p class='ocr_par' dir='ltr' id='par_1_39' title="bbox 475 3827 3853 3900">
     <span class='ocr_line' id='line_1_39' title="bbox 475 3827 3853 3900; baseline -0.001 -17"><span class='ocrx_word' id='word_1_540' title='bbox 475 3829 788 3898; x_wconf 89' lang='lat' dir='ltr'>lorumque</span> <span class='ocrx_word' id='word_1_541' title='bbox 808 3827 961 3881; x_wconf 88' lang='lat' dir='ltr'>fucis</span> <span class='ocrx_word' id='word_1_542' title='bbox 985 3827 1220 3881; x_wconf 90' lang='lat' dir='ltr'>interim</span> <span class='ocrx_word' id='word_1_543' title='bbox 1238 3828 1460 3883; x_wconf 89' lang='lat' dir='ltr'>fecerat</span> <span class='ocrx_word' id='word_1_544' title='bbox 1478 3830 1826 3885; x_wconf 90' lang='lat' dir='ltr'>Desiderius</span> <span class='ocrx_word' id='word_1_545' title='bbox 1846 3832 2143 3900; x_wconf 86' lang='lat' dir='ltr'>exornari,</span> <span class='ocrx_word' id='word_1_546' title='bbox 2252 3833 2389 3887; x_wconf 88' lang='lat' dir='ltr'>beat</span> <span class='ocrx_word' id='word_1_547' title='bbox 2419 3832 2680 3885; x_wconf 86' lang='lat' dir='ltr'>exaltari.</span> <span class='ocrx_word' id='word_1_548' title='bbox 2715 3831 2880 3885; x_wconf 90' lang='lat' dir='ltr'>Fecit</span> <span class='ocrx_word' id='word_1_549' title='bbox 2906 3835 2962 3885; x_wconf 91' lang='lat' dir='ltr'>et</span> <span class='ocrx_word' id='word_1_550' title='bbox 2991 3831 3257 3900; x_wconf 91' lang='lat' dir='ltr'>pharum,</span> <span class='ocrx_word' id='word_1_551' title='bbox 3292 3830 3357 3884; x_wconf 89' lang='lat' dir='ltr'>id</span> <span class='ocrx_word' id='word_1_552' title='bbox 3391 3834 3484 3884; x_wconf 91' lang='lat' dir='ltr'>est</span> <span class='ocrx_word' id='word_1_553' title='bbox 3514 3841 3758 3883; x_wconf 86' lang='lat' dir='ltr'>coronam</span> <span class='ocrx_word' id='word_1_554' title='bbox 3775 3834 3853 3874; x_wconf 75' lang='lat' dir='ltr'>ma-</span> 
     </span>
    </p>
   </div>
   <div class='ocr_carea' id='block_1_40' title="bbox 479 3910 3852 3991">
    <p class='ocr_par' dir='ltr' id='par_1_40' title="bbox 479 3910 3852 3991">
     <span class='ocr_line' id='line_1_40' title="bbox 479 3910 3852 3991; baseline -0.002 -19"><span class='ocrx_word' id='word_1_555' title='bbox 479 3916 804 3972; x_wconf 91' lang='lat' dir='ltr'>commissa</span> <span class='ocrx_word' id='word_1_556' title='bbox 850 3920 961 3986; x_wconf 89' lang='lat' dir='ltr'>est,</span> <span class='ocrx_word' id='word_1_557' title='bbox 995 3920 1054 3970; x_wconf 90' lang='lat' dir='ltr'>et</span> <span class='ocrx_word' id='word_1_558' title='bbox 1097 3932 1279 3987; x_wconf 89' lang='lat' dir='ltr'>supra</span> <span class='ocrx_word' id='word_1_559' title='bbox 1330 3934 1438 3972; x_wconf 91' lang='lat' dir='ltr'>sex</span> <span class='ocrx_word' id='word_1_560' title='bbox 1469 3920 1773 3974; x_wconf 90' lang='lat' dir='ltr'>columnas</span> <span class='ocrx_word' id='word_1_561' title='bbox 1805 3924 2143 3991; x_wconf 90' lang='lat' dir='ltr'>argenteas,</span> <span class='ocrx_word' id='word_1_562' title='bbox 2256 3921 2491 3991; x_wconf 87' lang='lat' dir='ltr'>ximam,</span> <span class='ocrx_word' id='word_1_563' title='bbox 2526 3921 2597 3974; x_wconf 91' lang='lat' dir='ltr'>de</span> <span class='ocrx_word' id='word_1_564' title='bbox 2628 3922 2879 3991; x_wconf 88' lang='lat' dir='ltr'>argento</span> <span class='ocrx_word' id='word_1_565' title='bbox 2924 3920 3205 3973; x_wconf 90' lang='lat' dir='ltr'>librarum</span> <span class='ocrx_word' id='word_1_566' title='bbox 3251 3918 3494 3973; x_wconf 88' lang='lat' dir='ltr'>circiter</span> <span class='ocrx_word' id='word_1_567' title='bbox 3531 3920 3755 3981; x_wconf 86' lang='lat' dir='ltr'>centum,</span> <span class='ocrx_word' id='word_1_568' title='bbox 3780 3910 3852 3962; x_wconf 80' lang='lat' dir='ltr'>ha-</span> 
     </span>
    </p>
   </div>
   <div class='ocr_carea' id='block_1_41' title="bbox 478 4004 3854 4079">
    <p class='ocr_par' dir='ltr' id='par_1_41' title="bbox 478 4004 3854 4079">
     <span class='ocr_line' id='line_1_41' title="bbox 478 4004 3854 4079; baseline -0.003 -21"><span class='ocrx_word' id='word_1_569' title='bbox 478 4007 735 4076; x_wconf 88' lang='lat' dir='ltr'>quatucr</span> <span class='ocrx_word' id='word_1_570' title='bbox 759 4006 816 4059; x_wconf 91' lang='lat' dir='ltr'>et</span> <span class='ocrx_word' id='word_1_571' title='bbox 848 4004 1032 4059; x_wconf 90' lang='lat' dir='ltr'>semis</span> <span class='ocrx_word' id='word_1_572' title='bbox 1056 4005 1115 4059; x_wconf 91' lang='lat' dir='ltr'>in</span> <span class='ocrx_word' id='word_1_573' title='bbox 1147 4005 1451 4061; x_wconf 89' lang='lat' dir='ltr'>altitudine</span> <span class='ocrx_word' id='word_1_574' title='bbox 1486 4008 1718 4061; x_wconf 88' lang='lat' dir='ltr'>cubitos</span> <span class='ocrx_word' id='word_1_575' title='bbox 1751 4008 2058 4077; x_wconf 90' lang='lat' dir='ltr'>habentes,</span> <span class='ocrx_word' id='word_1_576' title='bbox 2092 4012 2149 4063; x_wconf 90' lang='lat' dir='ltr'>et</span> <span class='ocrx_word' id='word_1_577' title='bbox 2255 4010 2405 4064; x_wconf 91' lang='lat' dir='ltr'>bens</span> <span class='ocrx_word' id='word_1_578' title='bbox 2437 4010 2496 4062; x_wconf 91' lang='lat' dir='ltr'>in</span> <span class='ocrx_word' id='word_1_579' title='bbox 2527 4008 2778 4062; x_wconf 88' lang='lat' dir='ltr'>circuitu</span> <span class='ocrx_word' id='word_1_580' title='bbox 2808 4008 3042 4062; x_wconf 88' lang='lat' dir='ltr'>cubitos</span> <span class='ocrx_word' id='word_1_581' title='bbox 3072 4007 3283 4079; x_wconf 88' lang='lat' dir='ltr'>viginti</span> <span class='ocrx_word' id='word_1_582' title='bbox 3315 4023 3454 4062; x_wconf 91' lang='lat' dir='ltr'>cum</span> <span class='ocrx_word' id='word_1_583' title='bbox 3484 4004 3760 4061; x_wconf 89' lang='lat' dir='ltr'>duodecim</span> <span class='ocrx_word' id='word_1_584' title='bbox 3775 4004 3854 4052; x_wconf 81' lang='lat' dir='ltr'>tur-</span> 
     </span>
    </p>
   </div>
   <div class='ocr_carea' id='block_1_42' title="bbox 479 4091 3854 4166">
    <p class='ocr_par' dir='ltr' id='par_1_42' title="bbox 479 4091 3854 4166">
     <span class='ocr_line' id='line_1_42' title="bbox 479 4091 3854 4166; baseline -0.001 -17"><span class='ocrx_word' id='word_1_585' title='bbox 479 4098 613 4150; x_wconf 92' lang='lat' dir='ltr'>octo</span> <span class='ocrx_word' id='word_1_586' title='bbox 644 4093 829 4148; x_wconf 90' lang='lat' dir='ltr'>libras</span> <span class='ocrx_word' id='word_1_587' title='bbox 858 4109 966 4163; x_wconf 89' lang='lat' dir='ltr'>per</span> <span class='ocrx_word' id='word_1_588' title='bbox 995 4094 1266 4166; x_wconf 90' lang='lat' dir='ltr'>singulas</span> <span class='ocrx_word' id='word_1_589' title='bbox 1296 4095 1355 4148; x_wconf 92' lang='lat' dir='ltr'>in</span> <span class='ocrx_word' id='word_1_590' title='bbox 1388 4096 1521 4165; x_wconf 90' lang='lat' dir='ltr'>ipsa</span> <span class='ocrx_word' id='word_1_591' title='bbox 1551 4096 1718 4151; x_wconf 91' lang='lat' dir='ltr'>chori</span> <span class='ocrx_word' id='word_1_592' title='bbox 1752 4096 1943 4151; x_wconf 85' lang='lat' dir='ltr'>fronte</span> <span class='ocrx_word' id='word_1_593' title='bbox 1975 4112 2149 4151; x_wconf 90' lang='lat' dir='ltr'>cons-</span> <span class='ocrx_word' id='word_1_594' title='bbox 2255 4098 2426 4152; x_wconf 89' lang='lat' dir='ltr'>ribus</span> <span class='ocrx_word' id='word_1_595' title='bbox 2456 4096 2835 4151; x_wconf 84' lang='lat' dir='ltr'>extrinsecus</span> <span class='ocrx_word' id='word_1_596' title='bbox 2858 4096 3355 4166; x_wconf 90' lang='lat' dir='ltr'>prominentibus,</span> <span class='ocrx_word' id='word_1_597' title='bbox 3378 4111 3489 4150; x_wconf 87' lang='lat' dir='ltr'>sex</span> <span class='ocrx_word' id='word_1_598' title='bbox 3510 4098 3565 4149; x_wconf 92' lang='lat' dir='ltr'>et</span> <span class='ocrx_word' id='word_1_599' title='bbox 3594 4091 3792 4163; x_wconf 77' lang='lat' dir='ltr'>triginta</span> <span class='ocrx_word' id='word_1_600' title='bbox 3807 4099 3854 4137; x_wconf 69' lang='lat' dir='ltr'>ex</span> 
     </span>
    </p>
   </div>
   <div class='ocr_carea' id='block_1_43' title="bbox 477 4175 3854 4256">
    <p class='ocr_par' dir='ltr' id='par_1_43' title="bbox 477 4175 3854 4256">
     <span class='ocr_line' id='line_1_43' title="bbox 477 4175 3854 4256; baseline -0.003 -19"><span class='ocrx_word' id='word_1_601' title='bbox 477 4183 651 4251; x_wconf 88' lang='lat' dir='ltr'>tituit,</span> <span class='ocrx_word' id='word_1_602' title='bbox 688 4181 800 4237; x_wconf 91' lang='lat' dir='ltr'>sub</span> <span class='ocrx_word' id='word_1_603' title='bbox 831 4197 947 4253; x_wconf 89' lang='lat' dir='ltr'>qua</span> <span class='ocrx_word' id='word_1_604' title='bbox 978 4182 1256 4237; x_wconf 89' lang='lat' dir='ltr'>nimirum</span> <span class='ocrx_word' id='word_1_605' title='bbox 1305 4184 1468 4238; x_wconf 90' lang='lat' dir='ltr'>trabe</span> <span class='ocrx_word' id='word_1_606' title='bbox 1500 4185 1759 4254; x_wconf 90' lang='lat' dir='ltr'>quinque</span> <span class='ocrx_word' id='word_1_607' title='bbox 1792 4200 2038 4239; x_wconf 90' lang='lat' dir='ltr'>numero</span> <span class='ocrx_word' id='word_1_608' title='bbox 2068 4188 2151 4240; x_wconf 92' lang='lat' dir='ltr'>te-</span> <span class='ocrx_word' id='word_1_609' title='bbox 2258 4202 2327 4242; x_wconf 91' lang='lat' dir='ltr'>ea</span> <span class='ocrx_word' id='word_1_610' title='bbox 2360 4185 2730 4256; x_wconf 89' lang='lat' dir='ltr'>lampadibus</span> <span class='ocrx_word' id='word_1_611' title='bbox 2761 4184 3232 4254; x_wconf 85' lang='lat' dir='ltr'>dependentibus</span> <span class='ocrx_word' id='word_1_612' title='bbox 3252 4225 3266 4252; x_wconf 92' lang='lat'>,</span> <span class='ocrx_word' id='word_1_613' title='bbox 3301 4199 3553 4254; x_wconf 89' lang='lat' dir='ltr'>eamque</span> <span class='ocrx_word' id='word_1_614' title='bbox 3580 4183 3729 4236; x_wconf 85' lang='lat' dir='ltr'>extra</span> <span class='ocrx_word' id='word_1_615' title='bbox 3752 4175 3854 4229; x_wconf 83' lang='lat' dir='ltr'>cho-</span> 
     </span>
    </p>
   </div>
   <div class='ocr_carea' id='block_1_44' title="bbox 477 4266 3856 4344">
    <p class='ocr_par' dir='ltr' id='par_1_44' title="bbox 477 4266 3856 4344">
     <span class='ocr_line' id='line_1_44' title="bbox 477 4266 3856 4344; baseline -0.003 -17"><span class='ocrx_word' id='word_1_616' title='bbox 477 4277 640 4328; x_wconf 88' lang='lat' dir='ltr'>retes</span> <span class='ocrx_word' id='word_1_617' title='bbox 680 4272 886 4326; x_wconf 90' lang='lat' dir='ltr'>iconas</span> <span class='ocrx_word' id='word_1_618' title='bbox 938 4271 1271 4342; x_wconf 90' lang='lat' dir='ltr'>suspendit,</span> <span class='ocrx_word' id='word_1_619' title='bbox 1320 4273 1605 4328; x_wconf 90' lang='lat' dir='ltr'>tredecim</span> <span class='ocrx_word' id='word_1_620' title='bbox 1650 4288 1793 4327; x_wconf 92' lang='lat' dir='ltr'>vero</span> <span class='ocrx_word' id='word_1_621' title='bbox 1834 4274 2151 4344; x_wconf 88' lang='lat' dir='ltr'>quadratas</span> <span class='ocrx_word' id='word_1_622' title='bbox 2257 4290 2390 4330; x_wconf 90' lang='lat' dir='ltr'>rum</span> <span class='ocrx_word' id='word_1_623' title='bbox 2421 4278 2553 4329; x_wconf 89' lang='lat' dir='ltr'>ante</span> <span class='ocrx_word' id='word_1_624' title='bbox 2586 4289 2824 4328; x_wconf 91' lang='lat' dir='ltr'>crucem</span> <span class='ocrx_word' id='word_1_625' title='bbox 2859 4272 3145 4343; x_wconf 84' lang='lat' dir='ltr'>majorem</span> <span class='ocrx_word' id='word_1_626' title='bbox 3185 4272 3334 4327; x_wconf 86' lang='lat' dir='ltr'>satis</span> <span class='ocrx_word' id='word_1_627' title='bbox 3357 4273 3525 4326; x_wconf 82' lang='lat' dir='ltr'>ﬁrma</span> <span class='ocrx_word' id='word_1_628' title='bbox 3555 4271 3724 4324; x_wconf 86' lang='lat' dir='ltr'>ferrea</span> <span class='ocrx_word' id='word_1_629' title='bbox 3742 4266 3856 4317; x_wconf 83' lang='lat' dir='ltr'>cate-</span> 
     </span>
    </p>
   </div>
   <div class='ocr_carea' id='block_1_45' title="bbox 478 4346 3857 4434">
    <p class='ocr_par' dir='ltr' id='par_1_45' title="bbox 478 4346 3857 4434">
     <span class='ocr_line' id='line_1_45' title="bbox 478 4346 3857 4434; baseline -0.003 -19"><span class='ocrx_word' id='word_1_630' title='bbox 478 4361 643 4432; x_wconf 90' lang='lat' dir='ltr'>paris</span> <span class='ocrx_word' id='word_1_631' title='bbox 673 4376 974 4415; x_wconf 85' lang='lat' dir='ltr'>mensurae</span> <span class='ocrx_word' id='word_1_632' title='bbox 997 4376 1065 4414; x_wconf 90' lang='lat' dir='ltr'>ac</span> <span class='ocrx_word' id='word_1_633' title='bbox 1094 4360 1378 4430; x_wconf 90' lang='lat' dir='ltr'>ponderis</span> <span class='ocrx_word' id='word_1_634' title='bbox 1411 4361 1671 4432; x_wconf 90' lang='lat' dir='ltr'>desuper</span> <span class='ocrx_word' id='word_1_635' title='bbox 1697 4363 1917 4416; x_wconf 91' lang='lat' dir='ltr'>statuit.</span> <span class='ocrx_word' id='word_1_636' title='bbox 1941 4362 1987 4415; x_wconf 87' lang='lat' dir='ltr'><strong>E</strong></span> <span class='ocrx_word' id='word_1_637' title='bbox 2016 4363 2151 4434; x_wconf 89' lang='lat' dir='ltr'>qui-</span> <span class='ocrx_word' id='word_1_638' title='bbox 2179 4346 2233 4407; x_wconf 86' lang='lat' dir='ltr'>D</span> <span class='ocrx_word' id='word_1_639' title='bbox 2259 4380 2353 4433; x_wconf 91' lang='lat' dir='ltr'>na,</span> <span class='ocrx_word' id='word_1_640' title='bbox 2382 4367 2608 4433; x_wconf 89' lang='lat' dir='ltr'>septem</span> <span class='ocrx_word' id='word_1_641' title='bbox 2631 4362 2929 4417; x_wconf 90' lang='lat' dir='ltr'>deauratis</span> <span class='ocrx_word' id='word_1_642' title='bbox 2960 4362 3131 4416; x_wconf 91' lang='lat' dir='ltr'>malis</span> <span class='ocrx_word' id='word_1_643' title='bbox 3147 4361 3451 4429; x_wconf 86' lang='lat' dir='ltr'>distincta,</span> <span class='ocrx_word' id='word_1_644' title='bbox 3471 4354 3767 4429; x_wconf 89' lang='lat' dir='ltr'>suspendit.</span> <span class='ocrx_word' id='word_1_645' title='bbox 3782 4347 3857 4404; x_wconf 81' lang='lat' dir='ltr'>His</span> 
     </span>
    </p>
   </div>
   <div class='ocr_carea' id='block_1_46' title="bbox 480 4440 3859 4522">
    <p class='ocr_par' dir='ltr' id='par_1_46' title="bbox 480 4440 3859 4522">
     <span class='ocr_line' id='line_1_46' title="bbox 480 4440 3859 4522; baseline -0.004 -18"><span class='ocrx_word' id='word_1_646' title='bbox 480 4450 598 4504; x_wconf 88' lang='lat' dir='ltr'>bus</span> <span class='ocrx_word' id='word_1_647' title='bbox 626 4448 903 4502; x_wconf 90' lang='lat' dir='ltr'>videlicet</span> <span class='ocrx_word' id='word_1_648' title='bbox 940 4448 1143 4502; x_wconf 90' lang='lat' dir='ltr'>decem</span> <span class='ocrx_word' id='word_1_649' title='bbox 1177 4465 1253 4501; x_wconf 89' lang='lat' dir='ltr'>ex</span> <span class='ocrx_word' id='word_1_650' title='bbox 1283 4449 1586 4520; x_wconf 88' lang='lat' dir='ltr'>quadratis</span> <span class='ocrx_word' id='word_1_651' title='bbox 1617 4451 1941 4520; x_wconf 89' lang='lat' dir='ltr'>pradictus</span> <span class='ocrx_word' id='word_1_652' title='bbox 1972 4451 2154 4505; x_wconf 88' lang='lat' dir='ltr'>frater</span> <span class='ocrx_word' id='word_1_653' title='bbox 2258 4452 2550 4522; x_wconf 88' lang='lat' dir='ltr'>tantisper</span> <span class='ocrx_word' id='word_1_654' title='bbox 2578 4452 2650 4505; x_wconf 92' lang='lat' dir='ltr'>de</span> <span class='ocrx_word' id='word_1_655' title='bbox 2683 4451 3144 4518; x_wconf 86' lang='lat' dir='ltr'>constructione,</span> <span class='ocrx_word' id='word_1_656' title='bbox 3179 4450 3643 4512; x_wconf 88' lang='lat' dir='ltr'>consecratione,</span> <span class='ocrx_word' id='word_1_657' title='bbox 3674 4440 3859 4513; x_wconf 86' lang='lat' dir='ltr'>partim-</span> 
     </span>
    </p>
   </div>
   <div class='ocr_carea' id='block_1_47' title="bbox 483 4532 3860 4611">
    <p class='ocr_par' dir='ltr' id='par_1_47' title="bbox 483 4532 3860 4611">
     <span class='ocr_line' id='line_1_47' title="bbox 483 4532 3860 4611; baseline -0.003 -21"><span class='ocrx_word' id='word_1_658' title='bbox 483 4537 639 4607; x_wconf 91' lang='lat' dir='ltr'>apud</span> <span class='ocrx_word' id='word_1_659' title='bbox 668 4536 1235 4606; x_wconf 89' lang='lat' dir='ltr'>Constantinopolim</span> <span class='ocrx_word' id='word_1_660' title='bbox 1277 4551 1489 4591; x_wconf 89' lang='lat' dir='ltr'>crcsso</span> <span class='ocrx_word' id='word_1_661' title='bbox 1523 4541 1768 4609; x_wconf 88' lang='lat' dir='ltr'>argento</span> <span class='ocrx_word' id='word_1_662' title='bbox 1800 4539 2053 4609; x_wconf 89' lang='lat' dir='ltr'>sculpsit</span> <span class='ocrx_word' id='word_1_663' title='bbox 2084 4554 2154 4594; x_wconf 87' lang='lat' dir='ltr'>ac</span> <span class='ocrx_word' id='word_1_664' title='bbox 2261 4555 2375 4611; x_wconf 90' lang='lat' dir='ltr'>que</span> <span class='ocrx_word' id='word_1_665' title='bbox 2389 4539 2766 4594; x_wconf 89' lang='lat' dir='ltr'>decoratione</span> <span class='ocrx_word' id='word_1_666' title='bbox 2797 4555 2967 4593; x_wconf 85' lang='lat' dir='ltr'>novae</span> <span class='ocrx_word' id='word_1_667' title='bbox 2997 4539 3262 4593; x_wconf 85' lang='lat' dir='ltr'>basilica</span> <span class='ocrx_word' id='word_1_668' title='bbox 3292 4537 3588 4609; x_wconf 90' lang='lat' dir='ltr'>quomodo</span> <span class='ocrx_word' id='word_1_669' title='bbox 3618 4532 3738 4585; x_wconf 85' lang='lat' dir='ltr'>libet</span> <span class='ocrx_word' id='word_1_670' title='bbox 3763 4537 3860 4611; x_wconf 59' lang='lat' dir='ltr'>exa-</span> 
     </span>
    </p>
   </div>
   <div class='ocr_carea' id='block_1_48' title="bbox 483 4610 3861 4699">
    <p class='ocr_par' dir='ltr' id='par_1_48' title="bbox 483 4610 3861 4699">
     <span class='ocr_line' id='line_1_48' title="bbox 483 4610 3861 4699; baseline -0.005 -17"><span class='ocrx_word' id='word_1_671' title='bbox 483 4624 807 4695; x_wconf 90' lang='lat' dir='ltr'>deauravit,</span> <span class='ocrx_word' id='word_1_672' title='bbox 840 4625 1127 4679; x_wconf 87' lang='lat' dir='ltr'>habentes</span> <span class='ocrx_word' id='word_1_673' title='bbox 1165 4640 1272 4693; x_wconf 93' lang='lat' dir='ltr'>per</span> <span class='ocrx_word' id='word_1_674' title='bbox 1300 4626 1574 4697; x_wconf 87' lang='lat' dir='ltr'>singulas</span> <span class='ocrx_word' id='word_1_675' title='bbox 1624 4627 1755 4681; x_wconf 89' lang='lat' dir='ltr'>alia</span> <span class='ocrx_word' id='word_1_676' title='bbox 1786 4628 1971 4682; x_wconf 87' lang='lat' dir='ltr'>libras</span> <span class='ocrx_word' id='word_1_677' title='bbox 2004 4646 2152 4699; x_wconf 81' lang='lat' dir='ltr'>qua-</span> <span class='ocrx_word' id='word_1_678' title='bbox 2262 4610 2430 4697; x_wconf 85' lang='lat' dir='ltr'>ratis,</span> <span class='ocrx_word' id='word_1_679' title='bbox 2463 4628 2538 4682; x_wconf 89' lang='lat' dir='ltr'>ad</span> <span class='ocrx_word' id='word_1_680' title='bbox 2573 4631 2789 4681; x_wconf 85' lang='lat' dir='ltr'>caetera</span> <span class='ocrx_word' id='word_1_681' title='bbox 2821 4627 3166 4681; x_wconf 90' lang='lat' dir='ltr'>monasterii</span> <span class='ocrx_word' id='word_1_682' title='bbox 3196 4627 3450 4681; x_wconf 83' lang='lat' dir='ltr'>adiﬁcia</span> <span class='ocrx_word' id='word_1_683' title='bbox 3480 4610 3861 4695; x_wconf 78' lang='lat' dir='ltr'>percomplenda</span> 
     </span>
    </p>
   </div>
   <div class='ocr_carea' id='block_1_49' title="bbox 480 4711 3784 4784">
    <p class='ocr_par' dir='ltr' id='par_1_49' title="bbox 480 4711 3784 4784">
     <span class='ocr_line' id='line_1_49' title="bbox 480 4711 3784 4784; baseline -0.003 -14"><span class='ocrx_word' id='word_1_684' title='bbox 480 4714 837 4784; x_wconf 88' lang='lat' dir='ltr'>tuordecim,</span> <span class='ocrx_word' id='word_1_685' title='bbox 872 4714 1001 4767; x_wconf 87' lang='lat' dir='ltr'>alia</span> <span class='ocrx_word' id='word_1_686' title='bbox 1041 4714 1352 4768; x_wconf 88' lang='lat' dir='ltr'>duodecim</span> <span class='ocrx_word' id='word_1_687' title='bbox 1393 4730 1404 4769; x_wconf 86' lang='lat'><strong>:</strong></span> <span class='ocrx_word' id='word_1_688' title='bbox 1439 4717 1725 4770; x_wconf 89' lang='lat' dir='ltr'>rotundas</span> <span class='ocrx_word' id='word_1_689' title='bbox 1772 4733 1915 4772; x_wconf 88' lang='lat' dir='ltr'>vero</span> <span class='ocrx_word' id='word_1_690' title='bbox 1948 4734 2154 4774; x_wconf 87' lang='lat' dir='ltr'>omnes</span> <span class='ocrx_word' id='word_1_691' title='bbox 2265 4718 2441 4772; x_wconf 91' lang='lat' dir='ltr'>simul</span> <span class='ocrx_word' id='word_1_692' title='bbox 2473 4732 2605 4770; x_wconf 90' lang='lat' dir='ltr'>cum</span> <span class='ocrx_word' id='word_1_693' title='bbox 2636 4719 2847 4769; x_wconf 87' lang='lat' dir='ltr'>nostro</span> <span class='ocrx_word' id='word_1_694' title='bbox 2878 4715 3185 4770; x_wconf 89' lang='lat' dir='ltr'>Desiderio</span> <span class='ocrx_word' id='word_1_695' title='bbox 3217 4715 3473 4769; x_wconf 88' lang='lat' dir='ltr'>reditum</span> <span class='ocrx_word' id='word_1_696' title='bbox 3513 4711 3784 4765; x_wconf 85' lang='lat' dir='ltr'>faciamus.</span> 
     </span>
    </p>
   </div>
   <div class='ocr_carea' id='block_1_50' title="bbox 486 4792 3861 4878">
    <p class='ocr_par' dir='ltr' id='par_1_50' title="bbox 486 4792 3861 4878">
     <span class='ocr_line' id='line_1_50' title="bbox 486 4792 3861 4878; baseline -0.005 -19"><span class='ocrx_word' id='word_1_697' title='bbox 486 4806 769 4877; x_wconf 89' lang='lat' dir='ltr'>argentea</span> <span class='ocrx_word' id='word_1_698' title='bbox 788 4802 980 4857; x_wconf 90' lang='lat' dir='ltr'>solum</span> <span class='ocrx_word' id='word_1_699' title='bbox 999 4817 1148 4856; x_wconf 85' lang='lat' dir='ltr'>urna</span> <span class='ocrx_word' id='word_1_700' title='bbox 1166 4806 1420 4874; x_wconf 90' lang='lat' dir='ltr'>quatuor</span> <span class='ocrx_word' id='word_1_701' title='bbox 1444 4804 1732 4859; x_wconf 91' lang='lat' dir='ltr'>librarum</span> <span class='ocrx_word' id='word_1_702' title='bbox 1750 4805 2152 4878; x_wconf 89' lang='lat' dir='ltr'>circumdans,</span> <span class='ocrx_word' id='word_1_703' title='bbox 2341 4806 2573 4859; x_wconf 63' lang='lat' dir='ltr'>Caetera</span> <span class='ocrx_word' id='word_1_704' title='bbox 2603 4805 2955 4859; x_wconf 79' lang='lat' dir='ltr'>monasterii</span> <span class='ocrx_word' id='word_1_705' title='bbox 2994 4803 3266 4858; x_wconf 69' lang='lat' dir='ltr'>aediﬁcia.</span> <span class='ocrx_word' id='word_1_706' title='bbox 3299 4834 3373 4842; x_wconf 89' lang='lat'><strong><em>—</em></strong></span> <span class='ocrx_word' id='word_1_707' title='bbox 3406 4803 3547 4857; x_wconf 90' lang='lat' dir='ltr'>Post</span> <span class='ocrx_word' id='word_1_708' title='bbox 3572 4792 3861 4853; x_wconf 77' lang='lat' dir='ltr'>transactam</span> 
     </span>
    </p>
   </div>
   <div class='ocr_carea' id='block_1_51' title="bbox 488 4878 3867 4968">
    <p class='ocr_par' dir='ltr' id='par_1_51' title="bbox 488 4878 3867 4968">
     <span class='ocr_line' id='line_1_51' title="bbox 488 4878 3867 4968; baseline -0.004 -19"><span class='ocrx_word' id='word_1_709' title='bbox 488 4897 705 4949; x_wconf 90' lang='lat' dir='ltr'>catera</span> <span class='ocrx_word' id='word_1_710' title='bbox 745 4891 1047 4947; x_wconf 90' lang='lat' dir='ltr'>coloribus</span> <span class='ocrx_word' id='word_1_711' title='bbox 1088 4908 1156 4946; x_wconf 90' lang='lat' dir='ltr'>ac</span> <span class='ocrx_word' id='word_1_712' title='bbox 1188 4892 1401 4963; x_wconf 84' lang='lat' dir='ltr'>figuris</span> <span class='ocrx_word' id='word_1_713' title='bbox 1448 4893 1691 4965; x_wconf 90' lang='lat' dir='ltr'>depingi</span> <span class='ocrx_word' id='word_1_714' title='bbox 1722 4910 1919 4965; x_wconf 83' lang='lat' dir='ltr'>graeca</span> <span class='ocrx_word' id='word_1_715' title='bbox 1946 4896 2160 4965; x_wconf 88' lang='lat' dir='ltr'>peritia</span> <span class='ocrx_word' id='word_1_716' title='bbox 2266 4878 3867 4968; x_wconf 48' lang='lat' dir='ltr'>igitursolemnemﬁbasilicadedicationem,cernenslje-</span> 
     </span>
    </p>
   </div>
   <div class='ocr_carea' id='block_1_52' title="bbox 487 4964 3865 5052">
    <p class='ocr_par' dir='ltr' id='par_1_52' title="bbox 487 4964 3865 5052">
     <span class='ocr_line' id='line_1_52' title="bbox 487 4964 3865 5052; baseline -0.004 -15"><span class='ocrx_word' id='word_1_717' title='bbox 487 4984 627 5038; x_wconf 87' lang='lat' dir='ltr'>fecit</span> <span class='ocrx_word' id='word_1_718' title='bbox 651 5001 664 5049; x_wconf 88' lang='lat'>;</span> <span class='ocrx_word' id='word_1_719' title='bbox 700 4984 821 5037; x_wconf 90' lang='lat' dir='ltr'>tres</span> <span class='ocrx_word' id='word_1_720' title='bbox 851 4997 995 5036; x_wconf 88' lang='lat' dir='ltr'>vero</span> <span class='ocrx_word' id='word_1_721' title='bbox 1020 4982 1163 5035; x_wconf 90' lang='lat' dir='ltr'>alias</span> <span class='ocrx_word' id='word_1_722' title='bbox 1196 4982 1267 5035; x_wconf 89' lang='lat' dir='ltr'>de</span> <span class='ocrx_word' id='word_1_723' title='bbox 1305 4982 1606 5051; x_wconf 88' lang='lat' dir='ltr'>quadratis</span> <span class='ocrx_word' id='word_1_724' title='bbox 1639 4964 1911 5052; x_wconf 81' lang='lat' dir='ltr'>ejusdem</span> <span class='ocrx_word' id='word_1_725' title='bbox 1941 4964 2160 5039; x_wconf 82' lang='lat' dir='ltr'>metalli</span> <span class='ocrx_word' id='word_1_726' title='bbox 2267 4964 2551 5051; x_wconf 79' lang='lat' dir='ltr'>siderius,</span> <span class='ocrx_word' id='word_1_727' title='bbox 2585 4981 2783 5035; x_wconf 87' lang='lat' dir='ltr'>divina</span> <span class='ocrx_word' id='word_1_728' title='bbox 2813 4982 3166 5049; x_wconf 88' lang='lat' dir='ltr'>cooperante</span> <span class='ocrx_word' id='word_1_729' title='bbox 3198 4979 3476 5047; x_wconf 79' lang='lat' dir='ltr'>potentia,</span> <span class='ocrx_word' id='word_1_730' title='bbox 3506 4972 3769 5041; x_wconf 88' lang='lat' dir='ltr'>simulque</span> <span class='ocrx_word' id='word_1_731' title='bbox 3794 4964 3865 5016; x_wconf 75' lang='lat' dir='ltr'>P8-</span> 
     </span>
    </p>
   </div>
   <div class='ocr_carea' id='block_1_53' title="bbox 489 5057 3864 5143">
    <p class='ocr_par' dir='ltr' id='par_1_53' title="bbox 489 5057 3864 5143">
     <span class='ocr_line' id='line_1_53' title="bbox 489 5057 3864 5143; baseline -0.002 -16"><span class='ocrx_word' id='word_1_732' title='bbox 489 5076 662 5143; x_wconf 89' lang='lat' dir='ltr'>atque</span> <span class='ocrx_word' id='word_1_733' title='bbox 712 5086 1010 5126; x_wconf 89' lang='lat' dir='ltr'>mensura</span> <span class='ocrx_word' id='word_1_734' title='bbox 1067 5070 1303 5140; x_wconf 89' lang='lat' dir='ltr'>patrari,</span> <span class='ocrx_word' id='word_1_735' title='bbox 1360 5085 1605 5124; x_wconf 88' lang='lat' dir='ltr'>suorum</span> <span class='ocrx_word' id='word_1_736' title='bbox 1649 5072 1941 5127; x_wconf 85' lang='lat' dir='ltr'>artiﬁcum</span> <span class='ocrx_word' id='word_1_737' title='bbox 1982 5089 2160 5143; x_wconf 89' lang='lat' dir='ltr'>opere</span> <span class='ocrx_word' id='word_1_738' title='bbox 2265 5072 2376 5126; x_wconf 88' lang='lat' dir='ltr'>tris</span> <span class='ocrx_word' id='word_1_739' title='bbox 2408 5069 2709 5124; x_wconf 88' lang='lat' dir='ltr'>Benedicti</span> <span class='ocrx_word' id='word_1_740' title='bbox 2740 5068 2989 5135; x_wconf 88' lang='lat' dir='ltr'>meritis,</span> <span class='ocrx_word' id='word_1_741' title='bbox 3023 5067 3219 5122; x_wconf 90' lang='lat' dir='ltr'>omnia</span> <span class='ocrx_word' id='word_1_742' title='bbox 3255 5082 3388 5137; x_wconf 83' lang='lat' dir='ltr'>qua</span> <span class='ocrx_word' id='word_1_743' title='bbox 3421 5066 3667 5134; x_wconf 75' lang='lat' dir='ltr'>caperet</span> <span class='ocrx_word' id='word_1_744' title='bbox 3689 5057 3864 5143; x_wconf 10' lang='lat' dir='ltr'>adipe“</span> 
     </span>
    </p>
   </div>
   <div class='ocr_carea' id='block_1_54' title="bbox 490 5142 3859 5233">
    <p class='ocr_par' dir='ltr' id='par_1_54' title="bbox 490 5142 3859 5233">
     <span class='ocr_line' id='line_1_54' title="bbox 490 5142 3859 5233; baseline -0.005 -18"><span class='ocrx_word' id='word_1_745' title='bbox 490 5142 863 5233; x_wconf 82' lang='lat' dir='ltr'>nequaquam</span> <span class='ocrx_word' id='word_1_746' title='bbox 912 5159 1218 5227; x_wconf 89' lang='lat' dir='ltr'>dissimili,</span> <span class='ocrx_word' id='word_1_747' title='bbox 1274 5159 1619 5213; x_wconf 89' lang='lat' dir='ltr'>Desiderius</span> <span class='ocrx_word' id='word_1_748' title='bbox 1647 5152 1852 5230; x_wconf 82' lang='lat' dir='ltr'>jussit.</span> <span class='ocrx_word' id='word_1_749' title='bbox 1901 5162 2159 5216; x_wconf 92' lang='lat' dir='ltr'>Alteram</span> <span class='ocrx_word' id='word_1_750' title='bbox 2269 5160 2506 5228; x_wconf 82' lang='lat' dir='ltr'>fectum,</span> <span class='ocrx_word' id='word_1_751' title='bbox 2539 5160 2712 5229; x_wconf 90' lang='lat' dir='ltr'>prout</span> <span class='ocrx_word' id='word_1_752' title='bbox 2733 5159 3053 5226; x_wconf 86' lang='lat' dir='ltr'>optaverat,</span> <span class='ocrx_word' id='word_1_753' title='bbox 3080 5142 3859 5224; x_wconf 72' lang='lat' dir='ltr'>pervenisse,audentiorjam-</span> 
     </span>
    </p>
   </div>
   <div class='ocr_carea' id='block_1_55' title="bbox 490 5232 3864 5326">
    <p class='ocr_par' dir='ltr' id='par_1_55' title="bbox 490 5232 3864 5326">
     <span class='ocr_line' id='line_1_55' title="bbox 490 5232 3864 5326; baseline -0.005 -21"><span class='ocrx_word' id='word_1_754' title='bbox 490 5232 726 5322; x_wconf 91' lang='lat' dir='ltr'>quoque</span> <span class='ocrx_word' id='word_1_755' title='bbox 749 5250 979 5302; x_wconf 91' lang='lat' dir='ltr'>iconam</span> <span class='ocrx_word' id='word_1_756' title='bbox 1003 5249 1330 5315; x_wconf 88' lang='lat' dir='ltr'>rotundam,</span> <span class='ocrx_word' id='word_1_757' title='bbox 1360 5264 1435 5302; x_wconf 91' lang='lat' dir='ltr'>ex</span> <span class='ocrx_word' id='word_1_758' title='bbox 1451 5252 1697 5319; x_wconf 89' lang='lat' dir='ltr'>utraque</span> <span class='ocrx_word' id='word_1_759' title='bbox 1718 5252 1882 5318; x_wconf 85' lang='lat' dir='ltr'>parte</span> <span class='ocrx_word' id='word_1_760' title='bbox 1913 5255 2160 5322; x_wconf 89' lang='lat' dir='ltr'>argento</span> <span class='ocrx_word' id='word_1_761' title='bbox 2268 5250 2385 5303; x_wconf 92' lang='lat' dir='ltr'>imo</span> <span class='ocrx_word' id='word_1_762' title='bbox 2409 5247 2704 5302; x_wconf 89' lang='lat' dir='ltr'>valentior</span> <span class='ocrx_word' id='word_1_763' title='bbox 2725 5246 2940 5314; x_wconf 89' lang='lat' dir='ltr'>factus,</span> <span class='ocrx_word' id='word_1_764' title='bbox 2962 5245 3141 5298; x_wconf 91' lang='lat' dir='ltr'>totius</span> <span class='ocrx_word' id='word_1_765' title='bbox 3165 5242 3417 5298; x_wconf 87' lang='lat' dir='ltr'>caenobii</span> <span class='ocrx_word' id='word_1_766' title='bbox 3437 5240 3701 5295; x_wconf 88' lang='lat' dir='ltr'>ambitum</span> <span class='ocrx_word' id='word_1_767' title='bbox 3720 5232 3864 5326; x_wconf 42' lang='lat' dir='ltr'>decvit&quot;</span> 
     </span>
    </p>
   </div>
   <div class='ocr_carea' id='block_1_56' title="bbox 492 5317 3859 5409">
    <p class='ocr_par' dir='ltr' id='par_1_56' title="bbox 492 5317 3859 5409">
     <span class='ocr_line' id='line_1_56' title="bbox 492 5317 3859 5409; baseline -0.006 -16"><span class='ocrx_word' id='word_1_768' title='bbox 492 5317 740 5393; x_wconf 70' lang='lat' dir='ltr'>mirifice</span> <span class='ocrx_word' id='word_1_769' title='bbox 787 5336 1017 5406; x_wconf 91' lang='lat' dir='ltr'>sculptc</span> <span class='ocrx_word' id='word_1_770' title='bbox 1065 5354 1132 5391; x_wconf 89' lang='lat' dir='ltr'>ac</span> <span class='ocrx_word' id='word_1_771' title='bbox 1181 5338 1461 5392; x_wconf 88' lang='lat' dir='ltr'>deaurato</span> <span class='ocrx_word' id='word_1_772' title='bbox 1506 5317 1807 5407; x_wconf 72' lang='lat' dir='ltr'>vestitam,</span> <span class='ocrx_word' id='word_1_773' title='bbox 1862 5317 2161 5409; x_wconf 74' lang='lat' dir='ltr'>argenteis</span> <span class='ocrx_word' id='word_1_774' title='bbox 2268 5338 2353 5390; x_wconf 92' lang='lat' dir='ltr'>vit</span> <span class='ocrx_word' id='word_1_775' title='bbox 2404 5335 2623 5406; x_wconf 89' lang='lat' dir='ltr'>ingenti</span> <span class='ocrx_word' id='word_1_776' title='bbox 2679 5333 2874 5387; x_wconf 90' lang='lat' dir='ltr'>animo</span> <span class='ocrx_word' id='word_1_777' title='bbox 2919 5332 3214 5402; x_wconf 89' lang='lat' dir='ltr'>spatiare;</span> <span class='ocrx_word' id='word_1_778' title='bbox 3263 5334 3336 5397; x_wconf 88' lang='lat' dir='ltr'>et,</span> <span class='ocrx_word' id='word_1_779' title='bbox 3370 5333 3431 5383; x_wconf 89' lang='lat' dir='ltr'>ut</span> <span class='ocrx_word' id='word_1_780' title='bbox 3471 5328 3594 5398; x_wconf 91' lang='lat' dir='ltr'>jam</span> <span class='ocrx_word' id='word_1_781' title='bbox 3622 5324 3685 5377; x_wconf 90' lang='lat' dir='ltr'>de</span> <span class='ocrx_word' id='word_1_782' title='bbox 3713 5317 3859 5384; x_wconf 73' lang='lat' dir='ltr'>aliqlﬂ&#39;</span> 
     </span>
    </p>
   </div>
   <div class='ocr_carea' id='block_1_57' title="bbox 496 5412 3858 5499">
    <p class='ocr_par' dir='ltr' id='par_1_57' title="bbox 496 5412 3858 5499">
     <span class='ocr_line' id='line_1_57' title="bbox 496 5412 3858 5499; baseline -0.005 -19"><span class='ocrx_word' id='word_1_783' title='bbox 496 5427 672 5480; x_wconf 88' lang='lat' dir='ltr'>etiam</span> <span class='ocrx_word' id='word_1_784' title='bbox 701 5423 884 5478; x_wconf 91' lang='lat' dir='ltr'>bullis</span> <span class='ocrx_word' id='word_1_785' title='bbox 906 5426 1283 5481; x_wconf 89' lang='lat' dir='ltr'>extrinsecus</span> <span class='ocrx_word' id='word_1_786' title='bbox 1312 5426 1370 5479; x_wconf 93' lang='lat' dir='ltr'>in</span> <span class='ocrx_word' id='word_1_787' title='bbox 1391 5442 1538 5498; x_wconf 78' lang='lat' dir='ltr'>gyro</span> <span class='ocrx_word' id='word_1_788' title='bbox 1571 5427 2009 5497; x_wconf 90' lang='lat' dir='ltr'>circumdatam,</span> <span class='ocrx_word' id='word_1_789' title='bbox 2035 5428 2162 5499; x_wconf 88' lang='lat' dir='ltr'>qui-</span> <span class='ocrx_word' id='word_1_790' title='bbox 2268 5427 2383 5481; x_wconf 91' lang='lat' dir='ltr'>bus</span> <span class='ocrx_word' id='word_1_791' title='bbox 2414 5424 2654 5491; x_wconf 89' lang='lat' dir='ltr'>fecerat,</span> <span class='ocrx_word' id='word_1_792' title='bbox 2688 5422 2949 5492; x_wconf 89' lang='lat' dir='ltr'>reliquas</span> <span class='ocrx_word' id='word_1_793' title='bbox 2981 5420 3272 5485; x_wconf 83' lang='lat' dir='ltr'>ofﬁcinas,</span> <span class='ocrx_word' id='word_1_794' title='bbox 3308 5434 3440 5473; x_wconf 90' lang='lat' dir='ltr'>cum</span> <span class='ocrx_word' id='word_1_795' title='bbox 3471 5416 3562 5470; x_wconf 88' lang='lat' dir='ltr'>his</span> <span class='ocrx_word' id='word_1_796' title='bbox 3591 5413 3743 5466; x_wconf 85' lang='lat' dir='ltr'>etiam</span> <span class='ocrx_word' id='word_1_797' title='bbox 3766 5412 3858 5472; x_wconf 56' lang='lat' dir='ltr'>qua?</span> 
     </span>
    </p>
   </div>
   <div class='ocr_carea' id='block_1_58' title="bbox 494 5499 3856 5585">
    <p class='ocr_par' dir='ltr' id='par_1_58' title="bbox 494 5499 3856 5585">
     <span class='ocr_line' id='line_1_58' title="bbox 494 5499 3856 5585; baseline -0.007 -17"><span class='ocrx_word' id='word_1_798' title='bbox 494 5515 629 5568; x_wconf 91' lang='lat' dir='ltr'>dam</span> <span class='ocrx_word' id='word_1_799' title='bbox 659 5513 875 5566; x_wconf 90' lang='lat' dir='ltr'>nobilis</span> <span class='ocrx_word' id='word_1_800' title='bbox 893 5517 1031 5565; x_wconf 78' lang='lat' dir='ltr'>tunc</span> <span class='ocrx_word' id='word_1_801' title='bbox 1053 5514 1224 5569; x_wconf 81' lang='lat' dir='ltr'>beato</span> <span class='ocrx_word' id='word_1_802' title='bbox 1241 5515 1562 5570; x_wconf 89' lang='lat' dir='ltr'>Benedicto</span> <span class='ocrx_word' id='word_1_803' title='bbox 1581 5532 1611 5569; x_wconf 90' lang='lat' dir='ltr'>a</span> <span class='ocrx_word' id='word_1_804' title='bbox 1629 5516 1793 5585; x_wconf 88' lang='lat' dir='ltr'>regia</span> <span class='ocrx_word' id='word_1_805' title='bbox 1812 5515 1957 5569; x_wconf 90' lang='lat' dir='ltr'>urbe</span> <span class='ocrx_word' id='word_1_806' title='bbox 1972 5518 2162 5570; x_wconf 89' lang='lat' dir='ltr'>trans-</span> <span class='ocrx_word' id='word_1_807' title='bbox 2266 5515 2520 5584; x_wconf 89' lang='lat' dir='ltr'>ipsemet</span> <span class='ocrx_word' id='word_1_808' title='bbox 2547 5515 2679 5566; x_wconf 89' lang='lat' dir='ltr'>ante</span> <span class='ocrx_word' id='word_1_809' title='bbox 2725 5510 3000 5565; x_wconf 89' lang='lat' dir='ltr'>ecclesia</span> <span class='ocrx_word' id='word_1_810' title='bbox 3046 5507 3544 5562; x_wconf 88' lang='lat' dir='ltr'>constructionem</span> <span class='ocrx_word' id='word_1_811' title='bbox 3582 5499 3856 5585; x_wconf 53' lang='lat' dir='ltr'>construxe:</span> 
     </span>
    </p>
   </div>
   <div class='ocr_carea' id='block_1_59' title="bbox 496 5572 3859 5674">
    <p class='ocr_par' dir='ltr' id='par_1_59' title="bbox 496 5572 3859 5674">
     <span class='ocr_line' id='line_1_59' title="bbox 496 5572 3859 5674; baseline -0.004 -18"><span class='ocrx_word' id='word_1_812' title='bbox 496 5601 701 5656; x_wconf 89' lang='lat' dir='ltr'>misit:</span> <span class='ocrx_word' id='word_1_813' title='bbox 746 5601 839 5655; x_wconf 89' lang='lat' dir='ltr'>cui</span> <span class='ocrx_word' id='word_1_814' title='bbox 885 5604 1259 5671; x_wconf 88' lang='lat' dir='ltr'>postmodum</span> <span class='ocrx_word' id='word_1_815' title='bbox 1302 5604 1516 5658; x_wconf 89' lang='lat' dir='ltr'>similis</span> <span class='ocrx_word' id='word_1_816' title='bbox 1566 5604 1745 5656; x_wconf 89' lang='lat' dir='ltr'>altera</span> <span class='ocrx_word' id='word_1_817' title='bbox 1789 5602 1915 5656; x_wconf 85' lang='lat' dir='ltr'>fieri</span> <span class='ocrx_word' id='word_1_818' title='bbox 1960 5603 2156 5674; x_wconf 87' lang='lat' dir='ltr'>jussa,</span> <span class='ocrx_word' id='word_1_819' title='bbox 2269 5606 2375 5667; x_wconf 87' lang='lat' dir='ltr'>rat,</span> <span class='ocrx_word' id='word_1_820' title='bbox 2420 5615 2727 5655; x_wconf 83' lang='lat' dir='ltr'>renovare.</span> <span class='ocrx_word' id='word_1_821' title='bbox 2764 5599 2835 5652; x_wconf 88' lang='lat' dir='ltr'>Et</span> <span class='ocrx_word' id='word_1_822' title='bbox 2863 5599 3050 5668; x_wconf 88' lang='lat' dir='ltr'>primo</span> <span class='ocrx_word' id='word_1_823' title='bbox 3101 5596 3334 5666; x_wconf 88' lang='lat' dir='ltr'>quidem</span> <span class='ocrx_word' id='word_1_824' title='bbox 3362 5594 3712 5651; x_wconf 75' lang='lat' dir='ltr'>claustrum,</span> <span class='ocrx_word' id='word_1_825' title='bbox 3747 5572 3859 5674; x_wconf 56' lang='grc' dir='ltr'>φξοξί</span> 
     </span>
    </p>
   </div>
   <div class='ocr_carea' id='block_1_60' title="bbox 496 5660 3857 5765">
    <p class='ocr_par' dir='ltr' id='par_1_60' title="bbox 496 5660 3857 5765">
     <span class='ocr_line' id='line_1_60' title="bbox 496 5660 3857 5765; baseline -0.007 -17"><span class='ocrx_word' id='word_1_826' title='bbox 496 5694 745 5765; x_wconf 88' lang='lat' dir='ltr'>utraque</span> <span class='ocrx_word' id='word_1_827' title='bbox 774 5693 869 5748; x_wconf 88' lang='lat' dir='ltr'>est</span> <span class='ocrx_word' id='word_1_828' title='bbox 897 5692 958 5746; x_wconf 91' lang='lat' dir='ltr'>in</span> <span class='ocrx_word' id='word_1_829' title='bbox 998 5690 1224 5746; x_wconf 86' lang='lat' dir='ltr'>ciburio</span> <span class='ocrx_word' id='word_1_830' title='bbox 1255 5692 1454 5747; x_wconf 88' lang='lat' dir='ltr'>altaris</span> <span class='ocrx_word' id='word_1_831' title='bbox 1506 5693 1642 5747; x_wconf 90' lang='lat' dir='ltr'>hinc</span> <span class='ocrx_word' id='word_1_832' title='bbox 1675 5692 1810 5746; x_wconf 89' lang='lat' dir='ltr'>inde</span> <span class='ocrx_word' id='word_1_833' title='bbox 1839 5660 2156 5763; x_wconf 59' lang='lat' dir='ltr'>suspensa:</span> <span class='ocrx_word' id='word_1_834' title='bbox 2265 5695 2440 5747; x_wconf 62' lang='lat' dir='ltr'>tanta</span> <span class='ocrx_word' id='word_1_835' title='bbox 2456 5686 3107 5762; x_wconf 86' lang='lat' dir='ltr'>congregationiadhuc</span> <span class='ocrx_word' id='word_1_836' title='bbox 3120 5660 3857 5756; x_wconf 61' lang='lat' dir='ltr'>permodicumesseccnsml-</span> 
     </span>
    </p>
   </div>
  </div>
