  <div class='ocr_page' id='page_1' title='image "/cluster/home/n/w/nwhite01/storage/ocr_20150623/149/hvd.32044054760079/478.png"; bbox 0 0 3988 6176; ppageno 0'>
   <div class='ocr_carea' id='block_1_1' title="bbox 112 392 206 456">
    <p class='ocr_par' dir='ltr' id='par_1_1' title="bbox 112 392 206 456">
     <span class='ocr_line' id='line_1_1' title="bbox 112 392 206 456; baseline 0 0"><span class='ocrx_word' id='word_1_1' title='bbox 112 392 206 456; x_wconf 72' lang='grc'><strong>945</strong></span> 
     </span>
    </p>
   </div>
   <div class='ocr_carea' id='block_1_2' title="bbox 1050 370 2460 444">
    <p class='ocr_par' dir='ltr' id='par_1_2' title="bbox 1050 370 2460 444">
     <span class='ocr_line' id='line_1_2' title="bbox 1050 370 2460 444; baseline -0.004 0"><span class='ocrx_word' id='word_1_2' title='bbox 1050 370 1587 444; x_wconf 66' lang='lat' dir='ltr'><strong>POSTMODUH‘</strong></span> <span class='ocrx_word' id='word_1_3' title='bbox 1618 372 2017 443; x_wconf 72' lang='lat' dir='ltr'><strong>VICTORIS</strong></span> <span class='ocrx_word' id='word_1_4' title='bbox 2053 378 2143 440; x_wconf 92' lang='lat' dir='ltr'>III</span> <span class='ocrx_word' id='word_1_5' title='bbox 2183 377 2460 441; x_wconf 62' lang='lat' dir='ltr'><strong>PAPIE.</strong></span> 
     </span>
    </p>
   </div>
   <div class='ocr_carea' id='block_1_3' title="bbox 3380 377 3499 441">
    <p class='ocr_par' dir='ltr' id='par_1_3' title="bbox 3380 377 3499 441">
     <span class='ocr_line' id='line_1_3' title="bbox 3380 377 3499 441; baseline 0 0"><span class='ocrx_word' id='word_1_6' title='bbox 3380 377 3499 441; x_wconf 86' lang='lat'><strong>946</strong></span> 
     </span>
    </p>
   </div>
   <div class='ocr_carea' id='block_1_4' title="bbox 106 560 3492 655">
    <p class='ocr_par' dir='ltr' id='par_1_4' title="bbox 106 560 3492 655">
     <span class='ocr_line' id='line_1_4' title="bbox 106 560 3492 655; baseline -0.001 -14"><span class='ocrx_word' id='word_1_7' title='bbox 106 584 334 655; x_wconf 82' lang='lat' dir='ltr'><strong>ampliare</strong></span> <span class='ocrx_word' id='word_1_8' title='bbox 360 580 718 646; x_wconf 89' lang='lat' dir='ltr'><strong>desiderans,</strong></span> <span class='ocrx_word' id='word_1_9' title='bbox 738 593 954 633; x_wconf 88' lang='lat' dir='ltr'><strong>everso</strong></span> <span class='ocrx_word' id='word_1_10' title='bbox 977 593 1115 633; x_wconf 85' lang='lat' dir='ltr'><strong>mox</strong></span> <span class='ocrx_word' id='word_1_11' title='bbox 1136 581 1334 633; x_wconf 78' lang='lat' dir='ltr'><strong>vetere</strong></span> <span class='ocrx_word' id='word_1_12' title='bbox 1354 577 1669 632; x_wconf 87' lang='lat' dir='ltr'><strong>refectorio</strong></span> <span class='ocrx_word' id='word_1_13' title='bbox 1695 618 1710 647; x_wconf 89' lang='lat'><strong>,</strong></span> <span class='ocrx_word' id='word_1_14' title='bbox 1742 560 1800 620; x_wconf 83' lang='grc' dir='ltr'>Α</span> <span class='ocrx_word' id='word_1_15' title='bbox 1829 578 2036 647; x_wconf 86' lang='lat' dir='ltr'><strong>sicque</strong></span> <span class='ocrx_word' id='word_1_16' title='bbox 2049 577 2286 647; x_wconf 75' lang='lat' dir='ltr'><strong>capituli</strong></span> <span class='ocrx_word' id='word_1_17' title='bbox 2308 576 2497 631; x_wconf 65' lang='lat' dir='ltr'><strong>aedem</strong></span> <span class='ocrx_word' id='word_1_18' title='bbox 2515 576 2588 630; x_wconf 90' lang='lat' dir='ltr'><strong>ab</strong></span> <span class='ocrx_word' id='word_1_19' title='bbox 2610 577 2873 631; x_wconf 80' lang='lat' dir='ltr'><strong>orientali</strong></span> <span class='ocrx_word' id='word_1_20' title='bbox 2891 582 3054 647; x_wconf 84' lang='lat' dir='ltr'><strong>parte</strong></span> <span class='ocrx_word' id='word_1_21' title='bbox 3066 594 3173 648; x_wconf 91' lang='lat' dir='ltr'><strong>per</strong></span> <span class='ocrx_word' id='word_1_22' title='bbox 3188 583 3492 636; x_wconf 85' lang='lat' dir='ltr'><strong>transver-</strong></span> 
     </span>
    </p>
   </div>
   <div class='ocr_carea' id='block_1_5' title="bbox 110 666 1717 744">
    <p class='ocr_par' dir='ltr' id='par_1_5' title="bbox 110 666 1717 744">
     <span class='ocr_line' id='line_1_5' title="bbox 110 666 1717 744; baseline -0.005 -16"><span class='ocrx_word' id='word_1_23' title='bbox 110 672 233 744; x_wconf 86' lang='lat' dir='ltr'><strong>quod</strong></span> <span class='ocrx_word' id='word_1_24' title='bbox 250 670 382 725; x_wconf 90' lang='lat' dir='ltr'><strong>satis</strong></span> <span class='ocrx_word' id='word_1_25' title='bbox 401 668 716 722; x_wconf 92' lang='lat' dir='ltr'><strong>enormiter</strong></span> <span class='ocrx_word' id='word_1_26' title='bbox 744 684 776 720; x_wconf 90' lang='lat' dir='ltr'><strong>a</strong></span> <span class='ocrx_word' id='word_1_27' title='bbox 808 667 993 721; x_wconf 78' lang='lat' dir='ltr'><strong>latere</strong></span> <span class='ocrx_word' id='word_1_28' title='bbox 1026 666 1264 736; x_wconf 87' lang='lat' dir='ltr'><strong>templo,</strong></span> <span class='ocrx_word' id='word_1_29' title='bbox 1290 683 1323 719; x_wconf 93' lang='lat' dir='ltr'><strong>a</strong></span> <span class='ocrx_word' id='word_1_30' title='bbox 1352 666 1543 720; x_wconf 87' lang='lat' dir='ltr'><strong>fronte</strong></span> <span class='ocrx_word' id='word_1_31' title='bbox 1574 680 1717 720; x_wconf 89' lang='lat' dir='ltr'><strong>vero</strong></span> 
     </span>
    </p>
   </div>
   <div class='ocr_carea' id='block_1_6' title="bbox 109 754 1720 829">
    <p class='ocr_par' dir='ltr' id='par_1_6' title="bbox 109 754 1720 829">
     <span class='ocr_line' id='line_1_6' title="bbox 109 754 1720 829; baseline -0.006 -13"><span class='ocrx_word' id='word_1_32' title='bbox 109 759 318 829; x_wconf 88' lang='lat' dir='ltr'><strong>capitulo</strong></span> <span class='ocrx_word' id='word_1_33' title='bbox 344 757 681 824; x_wconf 83' lang='lat' dir='ltr'><strong>inhaerebat,</strong></span> <span class='ocrx_word' id='word_1_34' title='bbox 715 756 991 826; x_wconf 88' lang='lat' dir='ltr'><strong>quodque</strong></span> <span class='ocrx_word' id='word_1_35' title='bbox 1023 756 1196 809; x_wconf 91' lang='lat' dir='ltr'><strong>etiam</strong></span> <span class='ocrx_word' id='word_1_36' title='bbox 1229 755 1359 824; x_wconf 92' lang='lat' dir='ltr'><strong>ipse</strong></span> <span class='ocrx_word' id='word_1_37' title='bbox 1389 755 1609 809; x_wconf 90' lang='lat' dir='ltr'><strong>dudum</strong></span> <span class='ocrx_word' id='word_1_38' title='bbox 1625 754 1720 807; x_wconf 87' lang='lat' dir='ltr'><strong>bis</strong></span> 
     </span>
    </p>
   </div>
   <div class='ocr_carea' id='block_1_7' title="bbox 108 843 1720 917">
    <p class='ocr_par' dir='ltr' id='par_1_7' title="bbox 108 843 1720 917">
     <span class='ocr_line' id='line_1_7' title="bbox 108 843 1720 917; baseline -0.006 -13"><span class='ocrx_word' id='word_1_39' title='bbox 108 857 323 917; x_wconf 88' lang='lat' dir='ltr'><strong>tempore</strong></span> <span class='ocrx_word' id='word_1_40' title='bbox 345 846 575 899; x_wconf 88' lang='lat' dir='ltr'><strong>diverso</strong></span> <span class='ocrx_word' id='word_1_41' title='bbox 607 844 947 911; x_wconf 87' lang='lat' dir='ltr'><strong>adauxerat,</strong></span> <span class='ocrx_word' id='word_1_42' title='bbox 978 844 1037 897; x_wconf 93' lang='lat' dir='ltr'><strong>in</strong></span> <span class='ocrx_word' id='word_1_43' title='bbox 1077 844 1356 897; x_wconf 81' lang='lat' dir='ltr'><strong>ulteriore</strong></span> <span class='ocrx_word' id='word_1_44' title='bbox 1392 843 1536 897; x_wconf 87' lang='lat' dir='ltr'><strong>illud</strong></span> <span class='ocrx_word' id='word_1_45' title='bbox 1558 845 1720 912; x_wconf 86' lang='lat' dir='ltr'><strong>parte</strong></span> 
     </span>
    </p>
   </div>
   <div class='ocr_carea' id='block_1_8' title="bbox 110 930 1719 1003">
    <p class='ocr_par' dir='ltr' id='par_1_8' title="bbox 110 930 1719 1003">
     <span class='ocr_line' id='line_1_8' title="bbox 110 930 1719 1003; baseline -0.006 -11"><span class='ocrx_word' id='word_1_46' title='bbox 110 937 250 992; x_wconf 84' lang='lat' dir='ltr'><strong>futuri</strong></span> <span class='ocrx_word' id='word_1_47' title='bbox 277 934 522 999; x_wconf 81' lang='lat' dir='ltr'><strong>claustri,</strong></span> <span class='ocrx_word' id='word_1_48' title='bbox 546 932 718 1003; x_wconf 91' lang='lat' dir='ltr'><strong>juxta</strong></span> <span class='ocrx_word' id='word_1_49' title='bbox 749 932 1135 986; x_wconf 89' lang='lat' dir='ltr'><strong>meridianum</strong></span> <span class='ocrx_word' id='word_1_50' title='bbox 1166 930 1395 985; x_wconf 87' lang='lat' dir='ltr'><strong>scilicet</strong></span> <span class='ocrx_word' id='word_1_51' title='bbox 1442 930 1573 984; x_wconf 90' lang='lat' dir='ltr'><strong>atrii</strong></span> <span class='ocrx_word' id='word_1_52' title='bbox 1617 946 1719 983; x_wconf 88' lang='lat' dir='ltr'><strong>ec-</strong></span> 
     </span>
    </p>
   </div>
   <div class='ocr_carea' id='block_1_9' title="bbox 110 1020 1719 1090">
    <p class='ocr_par' dir='ltr' id='par_1_9' title="bbox 110 1020 1719 1090">
     <span class='ocr_line' id='line_1_9' title="bbox 110 1020 1719 1090; baseline -0.004 -11"><span class='ocrx_word' id='word_1_53' title='bbox 110 1026 271 1080; x_wconf 65' lang='lat' dir='ltr'><strong>clesiae</strong></span> <span class='ocrx_word' id='word_1_54' title='bbox 298 1024 458 1089; x_wconf 91' lang='lat' dir='ltr'><strong>latus,</strong></span> <span class='ocrx_word' id='word_1_55' title='bbox 491 1022 772 1075; x_wconf 89' lang='lat' dir='ltr'><strong>decorum</strong></span> <span class='ocrx_word' id='word_1_56' title='bbox 801 1021 971 1073; x_wconf 86' lang='lat' dir='ltr'><strong>valde</strong></span> <span class='ocrx_word' id='word_1_57' title='bbox 1002 1020 1268 1089; x_wconf 85' lang='lat' dir='ltr'><strong>satisque</strong></span> <span class='ocrx_word' id='word_1_58' title='bbox 1300 1035 1579 1090; x_wconf 90' lang='lat' dir='ltr'><strong>magnum</strong></span> <span class='ocrx_word' id='word_1_59' title='bbox 1610 1035 1719 1073; x_wconf 91' lang='lat' dir='ltr'><strong>ex-</strong></span> 
     </span>
    </p>
   </div>
   <div class='ocr_carea' id='block_1_10' title="bbox 109 1107 1718 1180">
    <p class='ocr_par' dir='ltr' id='par_1_10' title="bbox 109 1107 1718 1180">
     <span class='ocr_line' id='line_1_10' title="bbox 109 1107 1718 1180; baseline -0.006 -12"><span class='ocrx_word' id='word_1_60' title='bbox 109 1114 298 1179; x_wconf 81' lang='lat' dir='ltr'><strong>struxit,</strong></span> <span class='ocrx_word' id='word_1_61' title='bbox 328 1110 695 1180; x_wconf 84' lang='lat' dir='ltr'><strong>diversisque</strong></span> <span class='ocrx_word' id='word_1_62' title='bbox 725 1112 908 1162; x_wconf 89' lang='lat' dir='ltr'><strong>totum</strong></span> <span class='ocrx_word' id='word_1_63' title='bbox 937 1108 1244 1162; x_wconf 91' lang='lat' dir='ltr'><strong>coloribus</strong></span> <span class='ocrx_word' id='word_1_64' title='bbox 1264 1108 1553 1175; x_wconf 91' lang='lat' dir='ltr'><strong>pictorum</strong></span> <span class='ocrx_word' id='word_1_65' title='bbox 1581 1107 1718 1159; x_wconf 88' lang='lat' dir='ltr'><strong>arti-</strong></span> 
     </span>
    </p>
   </div>
   <div class='ocr_carea' id='block_1_11' title="bbox 109 1194 1716 1268">
    <p class='ocr_par' dir='ltr' id='par_1_11' title="bbox 109 1194 1716 1268">
     <span class='ocr_line' id='line_1_11' title="bbox 109 1194 1716 1268; baseline -0.004 -14"><span class='ocrx_word' id='word_1_66' title='bbox 109 1203 213 1255; x_wconf 82' lang='lat' dir='ltr'><strong>ﬁcio</strong></span> <span class='ocrx_word' id='word_1_67' title='bbox 238 1200 487 1268; x_wconf 85' lang='lat' dir='ltr'><strong>compsit,</strong></span> <span class='ocrx_word' id='word_1_68' title='bbox 523 1203 579 1251; x_wconf 90' lang='lat' dir='ltr'><strong>et</strong></span> <span class='ocrx_word' id='word_1_69' title='bbox 601 1198 863 1267; x_wconf 87' lang='lat' dir='ltr'><strong>laqueari</strong></span> <span class='ocrx_word' id='word_1_70' title='bbox 893 1197 1163 1266; x_wconf 90' lang='lat' dir='ltr'><strong>apposito</strong></span> <span class='ocrx_word' id='word_1_71' title='bbox 1187 1196 1479 1262; x_wconf 78' lang='lat' dir='ltr'><strong>trabibus,</strong></span> <span class='ocrx_word' id='word_1_72' title='bbox 1497 1194 1716 1265; x_wconf 89' lang='lat' dir='ltr'><strong>tegulis</strong></span> 
     </span>
    </p>
   </div>
   <div class='ocr_carea' id='block_1_12' title="bbox 110 1284 1719 1358">
    <p class='ocr_par' dir='ltr' id='par_1_12' title="bbox 110 1284 1719 1358">
     <span class='ocr_line' id='line_1_12' title="bbox 110 1284 1719 1358; baseline -0.004 -15"><span class='ocrx_word' id='word_1_73' title='bbox 110 1291 320 1358; x_wconf 87' lang='lat' dir='ltr'><strong>desuper</strong></span> <span class='ocrx_word' id='word_1_74' title='bbox 347 1288 586 1356; x_wconf 89' lang='lat' dir='ltr'><strong>operuit.</strong></span> <span class='ocrx_word' id='word_1_75' title='bbox 619 1286 910 1357; x_wconf 91' lang='lat' dir='ltr'><strong>Legivum</strong></span> <span class='ocrx_word' id='word_1_76' title='bbox 936 1300 1173 1355; x_wconf 91' lang='lat' dir='ltr'><strong>quoque</strong></span> <span class='ocrx_word' id='word_1_77' title='bbox 1207 1284 1629 1354; x_wconf 84' lang='lat' dir='ltr'><strong>perpulchrum</strong></span> <span class='ocrx_word' id='word_1_78' title='bbox 1663 1285 1719 1336; x_wconf 91' lang='lat' dir='ltr'><strong>et</strong></span> 
     </span>
    </p>
   </div>
   <div class='ocr_carea' id='block_1_13' title="bbox 111 1373 1718 1444">
    <p class='ocr_par' dir='ltr' id='par_1_13' title="bbox 111 1373 1718 1444">
     <span class='ocr_line' id='line_1_13' title="bbox 111 1373 1718 1444; baseline -0.004 -12"><span class='ocrx_word' id='word_1_79' title='bbox 111 1379 330 1432; x_wconf 87' lang='lat' dir='ltr'><strong>eminens</strong></span> <span class='ocrx_word' id='word_1_80' title='bbox 352 1376 408 1429; x_wconf 92' lang='lat' dir='ltr'><strong>in</strong></span> <span class='ocrx_word' id='word_1_81' title='bbox 428 1391 497 1429; x_wconf 91' lang='lat' dir='ltr'><strong>eo</strong></span> <span class='ocrx_word' id='word_1_82' title='bbox 523 1374 1210 1444; x_wconf 89' lang='lat' dir='ltr'><strong>constituit,quod,valde</strong></span> <span class='ocrx_word' id='word_1_83' title='bbox 1228 1373 1506 1427; x_wconf 87' lang='lat' dir='ltr'><strong>decenter</strong></span> <span class='ocrx_word' id='word_1_84' title='bbox 1528 1387 1718 1443; x_wconf 91' lang='lat' dir='ltr'><strong>gypso</strong></span> 
     </span>
    </p>
   </div>
   <div class='ocr_carea' id='block_1_14' title="bbox 108 1460 1719 1532">
    <p class='ocr_par' dir='ltr' id='par_1_14' title="bbox 108 1460 1719 1532">
     <span class='ocr_line' id='line_1_14' title="bbox 108 1460 1719 1532; baseline -0.004 -15"><span class='ocrx_word' id='word_1_85' title='bbox 108 1468 355 1531; x_wconf 80' lang='lat' dir='ltr'><strong>vestitum,</strong></span> <span class='ocrx_word' id='word_1_86' title='bbox 373 1464 600 1518; x_wconf 89' lang='lat' dir='ltr'><strong>cunctis</strong></span> <span class='ocrx_word' id='word_1_87' title='bbox 631 1463 955 1532; x_wconf 86' lang='lat' dir='ltr'><strong>spectabile</strong></span> <span class='ocrx_word' id='word_1_88' title='bbox 988 1462 1260 1516; x_wconf 88' lang='lat' dir='ltr'><strong>reddidit.</strong></span> <span class='ocrx_word' id='word_1_89' title='bbox 1295 1462 1484 1532; x_wconf 80' lang='lat' dir='ltr'><strong>Cujus</strong></span> <span class='ocrx_word' id='word_1_90' title='bbox 1514 1460 1719 1514; x_wconf 89' lang='lat' dir='ltr'><strong>videli-</strong></span> 
     </span>
    </p>
   </div>
   <div class='ocr_carea' id='block_1_15' title="bbox 110 1550 1721 1624">
    <p class='ocr_par' dir='ltr' id='par_1_15' title="bbox 110 1550 1721 1624">
     <span class='ocr_line' id='line_1_15' title="bbox 110 1550 1721 1624; baseline -0.004 -16"><span class='ocrx_word' id='word_1_91' title='bbox 110 1559 179 1608; x_wconf 88' lang='lat' dir='ltr'><strong>cet</strong></span> <span class='ocrx_word' id='word_1_92' title='bbox 202 1554 389 1607; x_wconf 91' lang='lat' dir='ltr'><strong>domus</strong></span> <span class='ocrx_word' id='word_1_93' title='bbox 422 1552 811 1624; x_wconf 82' lang='lat' dir='ltr'><strong>longitudinis</strong></span> <span class='ocrx_word' id='word_1_94' title='bbox 848 1550 907 1605; x_wconf 92' lang='lat' dir='ltr'><strong>in</strong></span> <span class='ocrx_word' id='word_1_95' title='bbox 929 1550 1146 1604; x_wconf 86' lang='lat' dir='ltr'><strong>cubitis</strong></span> <span class='ocrx_word' id='word_1_96' title='bbox 1172 1550 1432 1620; x_wconf 91' lang='lat' dir='ltr'><strong>quinque</strong></span> <span class='ocrx_word' id='word_1_97' title='bbox 1455 1554 1511 1603; x_wconf 93' lang='lat' dir='ltr'><strong>et</strong></span> <span class='ocrx_word' id='word_1_98' title='bbox 1532 1564 1721 1602; x_wconf 89' lang='lat' dir='ltr'><strong>nona-</strong></span> 
     </span>
    </p>
   </div>
   <div class='ocr_carea' id='block_1_16' title="bbox 110 1637 1721 1712">
    <p class='ocr_par' dir='ltr' id='par_1_16' title="bbox 110 1637 1721 1712">
     <span class='ocr_line' id='line_1_16' title="bbox 110 1637 1721 1712; baseline -0.004 -17"><span class='ocrx_word' id='word_1_99' title='bbox 110 1644 237 1712; x_wconf 85' lang='lat' dir='ltr'><strong>ginta</strong></span> <span class='ocrx_word' id='word_1_100' title='bbox 253 1640 592 1708; x_wconf 83' lang='lat' dir='ltr'><strong>extenditur,</strong></span> <span class='ocrx_word' id='word_1_101' title='bbox 624 1640 867 1694; x_wconf 90' lang='lat' dir='ltr'><strong>latitudo</strong></span> <span class='ocrx_word' id='word_1_102' title='bbox 886 1640 947 1693; x_wconf 91' lang='lat' dir='ltr'><strong>in</strong></span> <span class='ocrx_word' id='word_1_103' title='bbox 974 1639 1168 1693; x_wconf 88' lang='lat' dir='ltr'><strong>tribus</strong></span> <span class='ocrx_word' id='word_1_104' title='bbox 1199 1642 1257 1692; x_wconf 92' lang='lat' dir='ltr'><strong>et</strong></span> <span class='ocrx_word' id='word_1_105' title='bbox 1284 1638 1491 1709; x_wconf 81' lang='lat' dir='ltr'><strong>viginti</strong></span> <span class='ocrx_word' id='word_1_106' title='bbox 1524 1637 1721 1707; x_wconf 88' lang='lat' dir='ltr'><strong>porri-</strong></span> 
     </span>
    </p>
   </div>
   <div class='ocr_carea' id='block_1_17' title="bbox 109 1726 1718 1800">
    <p class='ocr_par' dir='ltr' id='par_1_17' title="bbox 109 1726 1718 1800">
     <span class='ocr_line' id='line_1_17' title="bbox 109 1726 1718 1800; baseline -0.002 -17"><span class='ocrx_word' id='word_1_107' title='bbox 109 1731 249 1800; x_wconf 82' lang='lat' dir='ltr'><strong>gitur,</strong></span> <span class='ocrx_word' id='word_1_108' title='bbox 277 1731 330 1782; x_wconf 92' lang='lat' dir='ltr'><strong>in</strong></span> <span class='ocrx_word' id='word_1_109' title='bbox 358 1728 858 1799; x_wconf 88' lang='lat' dir='ltr'><strong>quintodecimum</strong></span> <span class='ocrx_word' id='word_1_110' title='bbox 887 1744 1029 1782; x_wconf 90' lang='lat' dir='ltr'><strong>vero</strong></span> <span class='ocrx_word' id='word_1_111' title='bbox 1067 1727 1312 1783; x_wconf 89' lang='lat' dir='ltr'><strong>altitudo</strong></span> <span class='ocrx_word' id='word_1_112' title='bbox 1345 1726 1681 1780; x_wconf 91' lang='lat' dir='ltr'><strong>sustollitur</strong></span> <span class='ocrx_word' id='word_1_113' title='bbox 1705 1743 1718 1791; x_wconf 91' lang='lat'>;</span> 
     </span>
    </p>
   </div>
   <div class='ocr_carea' id='block_1_18' title="bbox 108 1814 1726 1888">
    <p class='ocr_par' dir='ltr' id='par_1_18' title="bbox 108 1814 1726 1888">
     <span class='ocr_line' id='line_1_18' title="bbox 108 1814 1726 1888; baseline -0.004 -16"><span class='ocrx_word' id='word_1_114' title='bbox 108 1820 164 1872; x_wconf 85' lang='lat' dir='ltr'><strong>ab</strong></span> <span class='ocrx_word' id='word_1_115' title='bbox 188 1817 424 1872; x_wconf 79' lang='lat' dir='ltr'><strong>orientali</strong></span> <span class='ocrx_word' id='word_1_116' title='bbox 445 1820 613 1887; x_wconf 91' lang='lat' dir='ltr'><strong>parte</strong></span> <span class='ocrx_word' id='word_1_117' title='bbox 638 1816 868 1871; x_wconf 87' lang='lat' dir='ltr'><strong>habens</strong></span> <span class='ocrx_word' id='word_1_118' title='bbox 886 1816 1254 1888; x_wconf 90' lang='lat' dir='ltr'><strong>ingressum,</strong></span> <span class='ocrx_word' id='word_1_119' title='bbox 1276 1816 1351 1869; x_wconf 91' lang='lat' dir='ltr'><strong>ab</strong></span> <span class='ocrx_word' id='word_1_120' title='bbox 1375 1814 1726 1868; x_wconf 89' lang='lat' dir='ltr'><strong>occidentali</strong></span> 
     </span>
    </p>
   </div>
   <div class='ocr_carea' id='block_1_19' title="bbox 108 1903 1725 1975">
    <p class='ocr_par' dir='ltr' id='par_1_19' title="bbox 108 1903 1725 1975">
     <span class='ocr_line' id='line_1_19' title="bbox 108 1903 1725 1975; baseline -0.001 -17"><span class='ocrx_word' id='word_1_121' title='bbox 108 1921 219 1960; x_wconf 82' lang='lat' dir='ltr'><strong>vero</strong></span> <span class='ocrx_word' id='word_1_122' title='bbox 245 1906 515 1971; x_wconf 90' lang='lat' dir='ltr'><strong>absidam,</strong></span> <span class='ocrx_word' id='word_1_123' title='bbox 551 1908 683 1959; x_wconf 88' lang='lat' dir='ltr'><strong>ante</strong></span> <span class='ocrx_word' id='word_1_124' title='bbox 705 1921 881 1975; x_wconf 92' lang='lat' dir='ltr'><strong>quam</strong></span> <span class='ocrx_word' id='word_1_125' title='bbox 899 1904 1166 1974; x_wconf 90' lang='lat' dir='ltr'><strong>profecto</strong></span> <span class='ocrx_word' id='word_1_126' title='bbox 1193 1904 1385 1973; x_wconf 90' lang='lat' dir='ltr'><strong>ampla</strong></span> <span class='ocrx_word' id='word_1_127' title='bbox 1414 1903 1586 1957; x_wconf 84' lang='lat' dir='ltr'><strong>valde</strong></span> <span class='ocrx_word' id='word_1_128' title='bbox 1617 1903 1725 1957; x_wconf 87' lang='lat' dir='ltr'><strong>ab-</strong></span> 
     </span>
    </p>
   </div>
   <div class='ocr_carea' id='block_1_20' title="bbox 108 1991 1722 2048">
    <p class='ocr_par' dir='ltr' id='par_1_20' title="bbox 108 1991 1722 2048">
     <span class='ocr_line' id='line_1_20' title="bbox 108 1991 1722 2048; baseline -0.001 -1"><span class='ocrx_word' id='word_1_129' title='bbox 108 1994 229 2047; x_wconf 86' lang='lat' dir='ltr'><strong>batis</strong></span> <span class='ocrx_word' id='word_1_130' title='bbox 241 2009 424 2048; x_wconf 90' lang='lat' dir='ltr'><strong>mensa</strong></span> <span class='ocrx_word' id='word_1_131' title='bbox 437 2008 510 2047; x_wconf 84' lang='lat' dir='ltr'><strong>ex</strong></span> <span class='ocrx_word' id='word_1_132' title='bbox 525 1997 873 2047; x_wconf 91' lang='lat' dir='ltr'><strong>transverso</strong></span> <span class='ocrx_word' id='word_1_133' title='bbox 887 1994 1150 2047; x_wconf 89' lang='lat' dir='ltr'><strong>cernitur</strong></span> <span class='ocrx_word' id='word_1_134' title='bbox 1169 1993 1505 2047; x_wconf 89' lang='lat' dir='ltr'><strong>constituta.</strong></span> <span class='ocrx_word' id='word_1_135' title='bbox 1533 1991 1722 2045; x_wconf 90' lang='lat' dir='ltr'><strong>Habet</strong></span> 
     </span>
    </p>
   </div>
   <div class='ocr_carea' id='block_1_21' title="bbox 1829 665 3493 741">
    <p class='ocr_par' dir='ltr' id='par_1_21' title="bbox 1829 665 3493 741">
     <span class='ocr_line' id='line_1_21' title="bbox 1829 665 3493 741; baseline 0.003 -22"><span class='ocrx_word' id='word_1_136' title='bbox 1829 682 1961 719; x_wconf 91' lang='lat' dir='ltr'><strong>sum</strong></span> <span class='ocrx_word' id='word_1_137' title='bbox 1980 666 2303 733; x_wconf 78' lang='lat' dir='ltr'><strong>constituit,</strong></span> <span class='ocrx_word' id='word_1_138' title='bbox 2328 670 2392 720; x_wconf 92' lang='lat' dir='ltr'><strong>ut</strong></span> <span class='ocrx_word' id='word_1_139' title='bbox 2418 665 2662 720; x_wconf 88' lang='lat' dir='ltr'><strong>interior</strong></span> <span class='ocrx_word' id='word_1_140' title='bbox 2691 666 2825 735; x_wconf 89' lang='lat' dir='ltr'><strong>ejus</strong></span> <span class='ocrx_word' id='word_1_141' title='bbox 2839 665 3201 741; x_wconf 82' lang='lat' dir='ltr'><strong>frontispicii</strong></span> <span class='ocrx_word' id='word_1_142' title='bbox 3234 671 3493 741; x_wconf 88' lang='lat' dir='ltr'><strong>angulus</strong></span> 
     </span>
    </p>
   </div>
   <div class='ocr_carea' id='block_1_22' title="bbox 1825 755 3494 825">
    <p class='ocr_par' dir='ltr' id='par_1_22' title="bbox 1825 755 3494 825">
     <span class='ocr_line' id='line_1_22' title="bbox 1825 755 3494 825; baseline 0.003 -18"><span class='ocrx_word' id='word_1_143' title='bbox 1825 755 2042 823; x_wconf 82' lang='lat' dir='ltr'><strong>angulo</strong></span> <span class='ocrx_word' id='word_1_144' title='bbox 2073 755 2350 809; x_wconf 82' lang='lat' dir='ltr'><strong>exteriori</strong></span> <span class='ocrx_word' id='word_1_145' title='bbox 2368 755 2792 809; x_wconf 72' lang='lat' dir='ltr'><strong>titulibasilicze</strong></span> <span class='ocrx_word' id='word_1_146' title='bbox 2817 756 2895 808; x_wconf 85' lang='lat' dir='ltr'><strong>sit</strong></span> <span class='ocrx_word' id='word_1_147' title='bbox 2914 771 3241 825; x_wconf 80' lang='lat' dir='ltr'><strong>connexus,</strong></span> <span class='ocrx_word' id='word_1_148' title='bbox 3264 759 3494 812; x_wconf 88' lang='lat' dir='ltr'><strong>absidia</strong></span> 
     </span>
    </p>
   </div>
   <div class='ocr_carea' id='block_1_23' title="bbox 1824 843 3490 915">
    <p class='ocr_par' dir='ltr' id='par_1_23' title="bbox 1824 843 3490 915">
     <span class='ocr_line' id='line_1_23' title="bbox 1824 843 3490 915; baseline 0.003 -21"><span class='ocrx_word' id='word_1_149' title='bbox 1824 844 2168 911; x_wconf 89' lang='lat' dir='ltr'><strong>veroipsius</strong></span> <span class='ocrx_word' id='word_1_150' title='bbox 2190 844 2569 912; x_wconf 84' lang='lat' dir='ltr'><strong>appropriare</strong></span> <span class='ocrx_word' id='word_1_151' title='bbox 2601 843 2945 897; x_wconf 89' lang='lat' dir='ltr'><strong>dormitorio</strong></span> <span class='ocrx_word' id='word_1_152' title='bbox 2980 843 3270 897; x_wconf 88' lang='lat' dir='ltr'><strong>videatur.</strong></span> <span class='ocrx_word' id='word_1_153' title='bbox 3300 845 3490 915; x_wconf 89' lang='lat' dir='ltr'><strong>Cujus</strong></span> 
     </span>
    </p>
   </div>
   <div class='ocr_carea' id='block_1_24' title="bbox 1824 931 3495 1003">
    <p class='ocr_par' dir='ltr' id='par_1_24' title="bbox 1824 931 3495 1003">
     <span class='ocr_line' id='line_1_24' title="bbox 1824 931 3495 1003; baseline 0.002 -21"><span class='ocrx_word' id='word_1_154' title='bbox 1824 932 1917 984; x_wconf 64' lang='lat' dir='ltr'><strong>vid</strong></span> <span class='ocrx_word' id='word_1_155' title='bbox 1962 931 2091 983; x_wconf 69' lang='lat'><strong>:;.-.:</strong></span> <span class='ocrx_word' id='word_1_156' title='bbox 2143 933 2333 983; x_wconf 66' lang='grc' dir='ltr'><strong>ἶ)..ιυε</strong></span> <span class='ocrx_word' id='word_1_157' title='bbox 2366 932 2669 1001; x_wconf 83' lang='lat' dir='ltr'><strong>longitudo</strong></span> <span class='ocrx_word' id='word_1_158' title='bbox 2703 932 3038 985; x_wconf 88' lang='lat' dir='ltr'><strong>cubitorum</strong></span> <span class='ocrx_word' id='word_1_159' title='bbox 3069 933 3495 1003; x_wconf 85' lang='lat' dir='ltr'><strong>quinquaginta</strong></span> 
     </span>
    </p>
   </div>
   <div class='ocr_carea' id='block_1_25' title="bbox 1823 1020 3499 1090">
    <p class='ocr_par' dir='ltr' id='par_1_25' title="bbox 1823 1020 3499 1090">
     <span class='ocr_line' id='line_1_25' title="bbox 1823 1020 3499 1090; baseline 0.001 -17"><span class='ocrx_word' id='word_1_160' title='bbox 1823 1024 1879 1073; x_wconf 92' lang='lat' dir='ltr'><strong>et</strong></span> <span class='ocrx_word' id='word_1_161' title='bbox 1929 1020 2124 1088; x_wconf 88' lang='lat' dir='ltr'><strong>trium,</strong></span> <span class='ocrx_word' id='word_1_162' title='bbox 2186 1020 2425 1073; x_wconf 67' lang='lat' dir='ltr'><strong>latitudo</strong></span> <span class='ocrx_word' id='word_1_163' title='bbox 2456 1020 2684 1090; x_wconf 85' lang='lat' dir='ltr'><strong>viginti,</strong></span> <span class='ocrx_word' id='word_1_164' title='bbox 2738 1020 2981 1074; x_wconf 90' lang='lat' dir='ltr'><strong>altitudo</strong></span> <span class='ocrx_word' id='word_1_165' title='bbox 3036 1025 3229 1074; x_wconf 90' lang='lat' dir='ltr'><strong>autem</strong></span> <span class='ocrx_word' id='word_1_166' title='bbox 3275 1025 3407 1075; x_wconf 91' lang='lat' dir='ltr'><strong>octo</strong></span> <span class='ocrx_word' id='word_1_167' title='bbox 3440 1023 3499 1074; x_wconf 91' lang='lat' dir='ltr'><strong>et</strong></span> 
     </span>
    </p>
   </div>
   <div class='ocr_carea' id='block_1_26' title="bbox 1822 1108 3495 1175">
    <p class='ocr_par' dir='ltr' id='par_1_26' title="bbox 1822 1108 3495 1175">
     <span class='ocr_line' id='line_1_26' title="bbox 1822 1108 3495 1175; baseline 0.002 -14"><span class='ocrx_word' id='word_1_168' title='bbox 1822 1108 2029 1162; x_wconf 85' lang='lat' dir='ltr'><strong>decem</strong></span> <span class='ocrx_word' id='word_1_169' title='bbox 2058 1108 2327 1175; x_wconf 87' lang='lat' dir='ltr'><strong>habetur;</strong></span> <span class='ocrx_word' id='word_1_170' title='bbox 2363 1109 2537 1162; x_wconf 87' lang='lat' dir='ltr'><strong>habet</strong></span> <span class='ocrx_word' id='word_1_171' title='bbox 2562 1113 2755 1162; x_wconf 90' lang='lat' dir='ltr'><strong>autem</strong></span> <span class='ocrx_word' id='word_1_172' title='bbox 2786 1125 2818 1161; x_wconf 93' lang='lat' dir='ltr'><strong>a</strong></span> <span class='ocrx_word' id='word_1_173' title='bbox 2850 1110 3030 1163; x_wconf 86' lang='lat' dir='ltr'><strong>latere</strong></span> <span class='ocrx_word' id='word_1_174' title='bbox 3061 1126 3179 1164; x_wconf 89' lang='lat' dir='ltr'><strong>uno</strong></span> <span class='ocrx_word' id='word_1_175' title='bbox 3197 1110 3495 1164; x_wconf 90' lang='lat' dir='ltr'><strong>fenestras</strong></span> 
     </span>
    </p>
   </div>
   <div class='ocr_carea' id='block_1_27' title="bbox 1822 1197 3500 1268">
    <p class='ocr_par' dir='ltr' id='par_1_27' title="bbox 1822 1197 3500 1268">
     <span class='ocr_line' id='line_1_27' title="bbox 1822 1197 3500 1268; baseline 0.002 -19"><span class='ocrx_word' id='word_1_176' title='bbox 1822 1198 2048 1250; x_wconf 90' lang='lat' dir='ltr'><strong>vitreas</strong></span> <span class='ocrx_word' id='word_1_177' title='bbox 2085 1197 2572 1266; x_wconf 89' lang='lat' dir='ltr'><strong>speciosissimas</strong></span> <span class='ocrx_word' id='word_1_178' title='bbox 2604 1213 2836 1263; x_wconf 91' lang='lat' dir='ltr'><strong>novem,</strong></span> <span class='ocrx_word' id='word_1_179' title='bbox 2872 1198 2943 1251; x_wconf 89' lang='lat' dir='ltr'><strong>ab</strong></span> <span class='ocrx_word' id='word_1_180' title='bbox 2977 1198 3158 1251; x_wconf 91' lang='lat' dir='ltr'><strong>altero</strong></span> <span class='ocrx_word' id='word_1_181' title='bbox 3192 1199 3500 1268; x_wconf 90' lang='lat' dir='ltr'><strong>totidem,a</strong></span> 
     </span>
    </p>
   </div>
   <div class='ocr_carea' id='block_1_28' title="bbox 1822 1284 3494 1355">
    <p class='ocr_par' dir='ltr' id='par_1_28' title="bbox 1822 1284 3494 1355">
     <span class='ocr_line' id='line_1_28' title="bbox 1822 1284 3494 1355; baseline 0.001 -17"><span class='ocrx_word' id='word_1_182' title='bbox 1822 1284 2197 1354; x_wconf 87' lang='lat' dir='ltr'><strong>frontispicio</strong></span> <span class='ocrx_word' id='word_1_183' title='bbox 2228 1285 2545 1354; x_wconf 90' lang='lat' dir='ltr'><strong>aquilonali</strong></span> <span class='ocrx_word' id='word_1_184' title='bbox 2558 1290 2680 1340; x_wconf 89' lang='lat' dir='ltr'><strong>tres</strong></span> <span class='ocrx_word' id='word_1_185' title='bbox 2695 1286 3079 1355; x_wconf 90' lang='lat' dir='ltr'><strong>rotundas,ab</strong></span> <span class='ocrx_word' id='word_1_186' title='bbox 3094 1287 3337 1341; x_wconf 88' lang='lat' dir='ltr'><strong>australi</strong></span> <span class='ocrx_word' id='word_1_187' title='bbox 3351 1303 3494 1341; x_wconf 88' lang='lat' dir='ltr'><strong>vero</strong></span> 
     </span>
    </p>
   </div>
   <div class='ocr_carea' id='block_1_29' title="bbox 1823 1374 3495 1444">
    <p class='ocr_par' dir='ltr' id='par_1_29' title="bbox 1823 1374 3495 1444">
     <span class='ocr_line' id='line_1_29' title="bbox 1823 1374 3495 1444; baseline 0.001 -17"><span class='ocrx_word' id='word_1_188' title='bbox 1823 1374 1972 1427; x_wconf 85' lang='lat' dir='ltr'><strong>duas</strong></span> <span class='ocrx_word' id='word_1_189' title='bbox 2012 1390 2180 1443; x_wconf 62' lang='lat' dir='ltr'><strong>teque</strong></span> <span class='ocrx_word' id='word_1_190' title='bbox 2224 1375 2541 1440; x_wconf 88' lang='lat' dir='ltr'><strong>rotundas,</strong></span> <span class='ocrx_word' id='word_1_191' title='bbox 2591 1374 2853 1444; x_wconf 89' lang='lat' dir='ltr'><strong>laqueari</strong></span> <span class='ocrx_word' id='word_1_192' title='bbox 2903 1378 2958 1429; x_wconf 93' lang='lat' dir='ltr'><strong>et</strong></span> <span class='ocrx_word' id='word_1_193' title='bbox 3001 1377 3335 1444; x_wconf 90' lang='lat' dir='ltr'><strong>pavimento</strong></span> <span class='ocrx_word' id='word_1_194' title='bbox 3385 1390 3495 1429; x_wconf 91' lang='lat' dir='ltr'><strong>seu</strong></span> 
     </span>
    </p>
   </div>
   <div class='ocr_carea' id='block_1_30' title="bbox 1822 1463 3487 1532">
    <p class='ocr_par' dir='ltr' id='par_1_30' title="bbox 1822 1463 3487 1532">
     <span class='ocr_line' id='line_1_30' title="bbox 1822 1463 3487 1532; baseline 0.001 -17"><span class='ocrx_word' id='word_1_195' title='bbox 1822 1463 2070 1531; x_wconf 92' lang='lat' dir='ltr'><strong>picturis</strong></span> <span class='ocrx_word' id='word_1_196' title='bbox 2118 1463 2575 1532; x_wconf 86' lang='lat' dir='ltr'><strong>pretiosissimis</strong></span> <span class='ocrx_word' id='word_1_197' title='bbox 2622 1463 3132 1518; x_wconf 84' lang='lat' dir='ltr'><strong>sufﬁcientissimc</strong></span> <span class='ocrx_word' id='word_1_198' title='bbox 3191 1465 3487 1518; x_wconf 88' lang='lat' dir='ltr'><strong>decorata.</strong></span> 
     </span>
    </p>
   </div>
   <div class='ocr_carea' id='block_1_31' title="bbox 1824 1550 3491 1620">
    <p class='ocr_par' dir='ltr' id='par_1_31' title="bbox 1824 1550 3491 1620">
     <span class='ocr_line' id='line_1_31' title="bbox 1824 1550 3491 1620; baseline 0.001 -17"><span class='ocrx_word' id='word_1_199' title='bbox 1824 1551 2067 1603; x_wconf 88' lang='lat' dir='ltr'><strong>Tantam</strong></span> <span class='ocrx_word' id='word_1_200' title='bbox 2106 1555 2299 1604; x_wconf 88' lang='lat' dir='ltr'><strong>autem</strong></span> <span class='ocrx_word' id='word_1_201' title='bbox 2330 1555 2489 1619; x_wconf 90' lang='lat' dir='ltr'><strong>tunc,</strong></span> <span class='ocrx_word' id='word_1_202' title='bbox 2523 1567 2655 1604; x_wconf 91' lang='lat' dir='ltr'><strong>cum</strong></span> <span class='ocrx_word' id='word_1_203' title='bbox 2685 1552 2799 1604; x_wconf 91' lang='lat' dir='ltr'><strong>ista</strong></span> <span class='ocrx_word' id='word_1_204' title='bbox 2830 1550 3290 1620; x_wconf 78' lang='lat' dir='ltr'><strong>suti&#39;oderentur,</strong></span> <span class='ocrx_word' id='word_1_205' title='bbox 3314 1554 3491 1605; x_wconf 75' lang='lat' dir='ltr'><strong>terrae</strong></span> 
     </span>
    </p>
   </div>
   <div class='ocr_carea' id='block_1_32' title="bbox 1826 1638 3494 1711">
    <p class='ocr_par' dir='ltr' id='par_1_32' title="bbox 1826 1638 3494 1711">
     <span class='ocr_line' id='line_1_32' title="bbox 1826 1638 3494 1711; baseline 0.001 -20"><span class='ocrx_word' id='word_1_206' title='bbox 1826 1641 2085 1693; x_wconf 90' lang='lat' dir='ltr'><strong>motuum</strong></span> <span class='ocrx_word' id='word_1_207' title='bbox 2115 1639 2345 1708; x_wconf 88' lang='lat' dir='ltr'><strong>experti</strong></span> <span class='ocrx_word' id='word_1_208' title='bbox 2361 1654 2571 1693; x_wconf 91' lang='lat' dir='ltr'><strong>sumus</strong></span> <span class='ocrx_word' id='word_1_209' title='bbox 2594 1638 3011 1710; x_wconf 85' lang='lat' dir='ltr'><strong>frequentiam,</strong></span> <span class='ocrx_word' id='word_1_210' title='bbox 3037 1642 3097 1693; x_wconf 90' lang='lat' dir='ltr'><strong>ut</strong></span> <span class='ocrx_word' id='word_1_211' title='bbox 3116 1657 3232 1694; x_wconf 93' lang='lat' dir='ltr'><strong>uno</strong></span> <span class='ocrx_word' id='word_1_212' title='bbox 3256 1641 3494 1711; x_wconf 90' lang='lat' dir='ltr'><strong>quidem</strong></span> 
     </span>
    </p>
   </div>
   <div class='ocr_carea' id='block_1_33' title="bbox 1825 1727 3498 1799">
    <p class='ocr_par' dir='ltr' id='par_1_33' title="bbox 1825 1727 3498 1799">
     <span class='ocr_line' id='line_1_33' title="bbox 1825 1727 3498 1799; baseline 0.001 -20"><span class='ocrx_word' id='word_1_213' title='bbox 1825 1727 1918 1780; x_wconf 90' lang='lat' dir='ltr'><strong>die</strong></span> <span class='ocrx_word' id='word_1_214' title='bbox 1958 1727 2191 1781; x_wconf 90' lang='lat' dir='ltr'><strong>vicibus</strong></span> <span class='ocrx_word' id='word_1_215' title='bbox 2213 1727 2417 1782; x_wconf 90' lang='lat' dir='ltr'><strong>decem</strong></span> <span class='ocrx_word' id='word_1_216' title='bbox 2437 1730 2492 1780; x_wconf 89' lang='lat' dir='ltr'><strong>et</strong></span> <span class='ocrx_word' id='word_1_217' title='bbox 2514 1732 2761 1797; x_wconf 84' lang='lat' dir='ltr'><strong>septem.</strong></span> <span class='ocrx_word' id='word_1_218' title='bbox 2785 1744 2891 1797; x_wconf 90' lang='lat' dir='ltr'><strong>per</strong></span> <span class='ocrx_word' id='word_1_219' title='bbox 2911 1729 3061 1782; x_wconf 89' lang='lat' dir='ltr'><strong>alios</strong></span> <span class='ocrx_word' id='word_1_220' title='bbox 3098 1744 3240 1782; x_wconf 85' lang='lat' dir='ltr'><strong>vero</strong></span> <span class='ocrx_word' id='word_1_221' title='bbox 3276 1729 3498 1799; x_wconf 91' lang='lat' dir='ltr'><strong>aliquot</strong></span> 
     </span>
    </p>
   </div>
   <div class='ocr_carea' id='block_1_34' title="bbox 1826 1815 3498 1886">
    <p class='ocr_par' dir='ltr' id='par_1_34' title="bbox 1826 1815 3498 1886">
     <span class='ocr_line' id='line_1_34' title="bbox 1826 1815 3498 1886; baseline 0 -17"><span class='ocrx_word' id='word_1_222' title='bbox 1826 1815 1955 1869; x_wconf 88' lang='lat' dir='ltr'><strong>dies</strong></span> <span class='ocrx_word' id='word_1_223' title='bbox 1991 1831 2146 1869; x_wconf 91' lang='lat' dir='ltr'><strong>nunc</strong></span> <span class='ocrx_word' id='word_1_224' title='bbox 2175 1819 2447 1886; x_wconf 90' lang='lat' dir='ltr'><strong>quatuor,</strong></span> <span class='ocrx_word' id='word_1_225' title='bbox 2493 1832 2649 1869; x_wconf 93' lang='lat' dir='ltr'><strong>nunc</strong></span> <span class='ocrx_word' id='word_1_226' title='bbox 2688 1815 2945 1885; x_wconf 91' lang='lat' dir='ltr'><strong>duobus,</strong></span> <span class='ocrx_word' id='word_1_227' title='bbox 2978 1817 3150 1871; x_wconf 89' lang='lat' dir='ltr'><strong>modo</strong></span> <span class='ocrx_word' id='word_1_228' title='bbox 3182 1817 3355 1871; x_wconf 91' lang='lat' dir='ltr'><strong>etiam</strong></span> <span class='ocrx_word' id='word_1_229' title='bbox 3388 1832 3498 1870; x_wconf 89' lang='lat' dir='ltr'><strong>sex</strong></span> 
     </span>
    </p>
   </div>
   <div class='ocr_carea' id='block_1_35' title="bbox 1828 1904 3493 1975">
    <p class='ocr_par' dir='ltr' id='par_1_35' title="bbox 1828 1904 3493 1975">
     <span class='ocr_line' id='line_1_35' title="bbox 1828 1904 3493 1975; baseline 0.001 -19"><span class='ocrx_word' id='word_1_230' title='bbox 1828 1904 1921 1957; x_wconf 91' lang='lat' dir='ltr'><strong>vel</strong></span> <span class='ocrx_word' id='word_1_231' title='bbox 1942 1904 2199 1974; x_wconf 89' lang='lat' dir='ltr'><strong>quinque</strong></span> <span class='ocrx_word' id='word_1_232' title='bbox 2214 1905 2533 1972; x_wconf 90' lang='lat' dir='ltr'><strong>vicibus,id</strong></span> <span class='ocrx_word' id='word_1_233' title='bbox 2550 1921 2658 1974; x_wconf 90' lang='lat' dir='ltr'><strong>per</strong></span> <span class='ocrx_word' id='word_1_234' title='bbox 2672 1905 2799 1959; x_wconf 89' lang='lat' dir='ltr'><strong>dies</strong></span> <span class='ocrx_word' id='word_1_235' title='bbox 2815 1906 3087 1975; x_wconf 91' lang='lat' dir='ltr'><strong>singulos</strong></span> <span class='ocrx_word' id='word_1_236' title='bbox 3103 1906 3493 1959; x_wconf 88' lang='lat' dir='ltr'><strong>sentiremus:</strong></span> 
     </span>
    </p>
   </div>
   <div class='ocr_carea' id='block_1_36' title="bbox 1827 1992 3498 2064">
    <p class='ocr_par' dir='ltr' id='par_1_36' title="bbox 1827 1992 3498 2064">
     <span class='ocr_line' id='line_1_36' title="bbox 1827 1992 3498 2064; baseline 0.001 -19"><span class='ocrx_word' id='word_1_237' title='bbox 1827 1992 1986 2062; x_wconf 93' lang='lat' dir='ltr'><strong>quod</strong></span> <span class='ocrx_word' id='word_1_238' title='bbox 2008 1995 2167 2047; x_wconf 90' lang='lat' dir='ltr'><strong>certe</strong></span> <span class='ocrx_word' id='word_1_239' title='bbox 2188 1997 2429 2063; x_wconf 88' lang='lat' dir='ltr'><strong>propter</strong></span> <span class='ocrx_word' id='word_1_240' title='bbox 2449 1994 2789 2047; x_wconf 89' lang='lat' dir='ltr'><strong>innumeras</strong></span> <span class='ocrx_word' id='word_1_241' title='bbox 2814 1993 3089 2064; x_wconf 81' lang='lat' dir='ltr'><strong>ejusdem</strong></span> <span class='ocrx_word' id='word_1_242' title='bbox 3104 1995 3498 2063; x_wconf 88' lang='lat' dir='ltr'><strong>locisepultu-</strong></span> 
     </span>
    </p>
   </div>
   <div class='ocr_carea' id='block_1_37' title="bbox 108 2080 3497 2155">
    <p class='ocr_par' dir='ltr' id='par_1_37' title="bbox 108 2080 3497 2155">
     <span class='ocr_line' id='line_1_37' title="bbox 108 2080 3497 2155; baseline 0 -20"><span class='ocrx_word' id='word_1_243' title='bbox 108 2088 310 2137; x_wconf 85' lang='lat' dir='ltr'><strong>autema</strong></span> <span class='ocrx_word' id='word_1_244' title='bbox 338 2083 510 2136; x_wconf 88' lang='lat' dir='ltr'><strong>latere</strong></span> <span class='ocrx_word' id='word_1_245' title='bbox 560 2081 882 2136; x_wconf 90' lang='lat' dir='ltr'><strong>meridiano</strong></span> <span class='ocrx_word' id='word_1_246' title='bbox 912 2082 1208 2136; x_wconf 82' lang='lat' dir='ltr'><strong>fenestras</strong></span> <span class='ocrx_word' id='word_1_247' title='bbox 1238 2080 1680 2150; x_wconf 90' lang='lat' dir='ltr'><strong>quatuordecim</strong></span> <span class='ocrx_word' id='word_1_248' title='bbox 1702 2121 1716 2148; x_wconf 96' lang='lat'><strong>,</strong></span> <span class='ocrx_word' id='word_1_249' title='bbox 1746 2094 1801 2155; x_wconf 82' lang='grc' dir='ltr'>Β</span> <span class='ocrx_word' id='word_1_250' title='bbox 1828 2096 1929 2134; x_wconf 91' lang='lat' dir='ltr'><strong>ras</strong></span> <span class='ocrx_word' id='word_1_251' title='bbox 1959 2083 2099 2134; x_wconf 90' lang='lat' dir='ltr'><strong>tunc</strong></span> <span class='ocrx_word' id='word_1_252' title='bbox 2126 2082 2471 2137; x_wconf 81' lang='lat' dir='ltr'><strong>necessario</strong></span> <span class='ocrx_word' id='word_1_253' title='bbox 2502 2083 2773 2151; x_wconf 87' lang='lat' dir='ltr'><strong>violatas,</strong></span> <span class='ocrx_word' id='word_1_254' title='bbox 2809 2099 2942 2153; x_wconf 77' lang='lat' dir='ltr'><strong>quae</strong></span> <span class='ocrx_word' id='word_1_255' title='bbox 2974 2088 3313 2137; x_wconf 89' lang='lat' dir='ltr'><strong>sanctorum</strong></span> <span class='ocrx_word' id='word_1_256' title='bbox 3346 2082 3497 2137; x_wconf 88' lang='lat' dir='ltr'><strong>forte</strong></span> 
     </span>
    </p>
   </div>
   <div class='ocr_carea' id='block_1_38' title="bbox 108 2168 1719 2240">
    <p class='ocr_par' dir='ltr' id='par_1_38' title="bbox 108 2168 1719 2240">
     <span class='ocr_line' id='line_1_38' title="bbox 108 2168 1719 2240; baseline -0.001 -18"><span class='ocrx_word' id='word_1_257' title='bbox 108 2171 231 2223; x_wconf 88' lang='lat' dir='ltr'><strong>circa</strong></span> <span class='ocrx_word' id='word_1_258' title='bbox 256 2171 526 2240; x_wconf 88' lang='lat' dir='ltr'><strong>pulpitum</strong></span> <span class='ocrx_word' id='word_1_259' title='bbox 557 2172 700 2237; x_wconf 90' lang='lat' dir='ltr'><strong>tres,</strong></span> <span class='ocrx_word' id='word_1_260' title='bbox 732 2185 764 2222; x_wconf 90' lang='lat' dir='ltr'><strong>a</strong></span> <span class='ocrx_word' id='word_1_261' title='bbox 784 2169 1233 2239; x_wconf 90' lang='lat' dir='ltr'><strong>septentrionali</strong></span> <span class='ocrx_word' id='word_1_262' title='bbox 1264 2183 1406 2222; x_wconf 90' lang='lat' dir='ltr'><strong>vero</strong></span> <span class='ocrx_word' id='word_1_263' title='bbox 1423 2168 1571 2221; x_wconf 91' lang='lat' dir='ltr'><strong>duas</strong></span> <span class='ocrx_word' id='word_1_264' title='bbox 1587 2171 1719 2222; x_wconf 92' lang='lat' dir='ltr'><strong>tan-</strong></span> 
     </span>
    </p>
   </div>
   <div class='ocr_carea' id='block_1_39' title="bbox 106 2256 1717 2329">
    <p class='ocr_par' dir='ltr' id='par_1_39' title="bbox 106 2256 1717 2329">
     <span class='ocr_line' id='line_1_39' title="bbox 106 2256 1717 2329; baseline -0.002 -17"><span class='ocrx_word' id='word_1_265' title='bbox 106 2264 216 2327; x_wconf 86' lang='lat' dir='ltr'><strong>tum,</strong></span> <span class='ocrx_word' id='word_1_266' title='bbox 243 2259 377 2312; x_wconf 90' lang='lat' dir='ltr'><strong>duas</strong></span> <span class='ocrx_word' id='word_1_267' title='bbox 408 2274 646 2329; x_wconf 89' lang='lat' dir='ltr'><strong>quoque</strong></span> <span class='ocrx_word' id='word_1_268' title='bbox 689 2258 975 2312; x_wconf 87' lang='lat' dir='ltr'><strong>rotundas</strong></span> <span class='ocrx_word' id='word_1_269' title='bbox 1005 2260 1067 2311; x_wconf 91' lang='lat' dir='ltr'><strong>in</strong></span> <span class='ocrx_word' id='word_1_270' title='bbox 1116 2257 1410 2311; x_wconf 84' lang='lat' dir='ltr'><strong>frontibus</strong></span> <span class='ocrx_word' id='word_1_271' title='bbox 1439 2256 1717 2326; x_wconf 86' lang='lat' dir='ltr'><strong>singulis,</strong></span> 
     </span>
    </p>
   </div>
   <div class='ocr_carea' id='block_1_40' title="bbox 106 2344 1722 2417">
    <p class='ocr_par' dir='ltr' id='par_1_40' title="bbox 106 2344 1722 2417">
     <span class='ocr_line' id='line_1_40' title="bbox 106 2344 1722 2417; baseline -0.002 -18"><span class='ocrx_word' id='word_1_272' title='bbox 106 2362 272 2401; x_wconf 86' lang='lat' dir='ltr'><strong>omnes</strong></span> <span class='ocrx_word' id='word_1_273' title='bbox 297 2349 439 2400; x_wconf 89' lang='lat' dir='ltr'><strong>vitro</strong></span> <span class='ocrx_word' id='word_1_274' title='bbox 468 2351 590 2400; x_wconf 88' lang='lat' dir='ltr'><strong>tam</strong></span> <span class='ocrx_word' id='word_1_275' title='bbox 621 2362 811 2417; x_wconf 90' lang='lat' dir='ltr'><strong>gypso</strong></span> <span class='ocrx_word' id='word_1_276' title='bbox 825 2362 1000 2417; x_wconf 90' lang='lat' dir='ltr'><strong>quam</strong></span> <span class='ocrx_word' id='word_1_277' title='bbox 1022 2347 1261 2416; x_wconf 89' lang='lat' dir='ltr'><strong>plumbo</strong></span> <span class='ocrx_word' id='word_1_278' title='bbox 1294 2346 1607 2416; x_wconf 86' lang='lat' dir='ltr'><strong>insigniter</strong></span> <span class='ocrx_word' id='word_1_279' title='bbox 1634 2344 1722 2397; x_wconf 89' lang='lat' dir='ltr'><strong>la-</strong></span> 
     </span>
    </p>
   </div>
   <div class='ocr_carea' id='block_1_41' title="bbox 106 2433 1726 2506">
    <p class='ocr_par' dir='ltr' id='par_1_41' title="bbox 106 2433 1726 2506">
     <span class='ocr_line' id='line_1_41' title="bbox 106 2433 1726 2506; baseline -0.002 -18"><span class='ocrx_word' id='word_1_280' title='bbox 106 2435 318 2490; x_wconf 87' lang='lat' dir='ltr'><strong>boratas.</strong></span> <span class='ocrx_word' id='word_1_281' title='bbox 348 2437 518 2489; x_wconf 80' lang='lat' dir='ltr'><strong>Juxta</strong></span> <span class='ocrx_word' id='word_1_282' title='bbox 548 2435 817 2489; x_wconf 88' lang='lat' dir='ltr'><strong>eamdem</strong></span> <span class='ocrx_word' id='word_1_283' title='bbox 842 2450 1077 2506; x_wconf 89' lang='lat' dir='ltr'><strong>quoque</strong></span> <span class='ocrx_word' id='word_1_284' title='bbox 1116 2435 1354 2488; x_wconf 91' lang='lat' dir='ltr'><strong>domum</strong></span> <span class='ocrx_word' id='word_1_285' title='bbox 1386 2435 1458 2487; x_wconf 90' lang='lat' dir='ltr'><strong>ab</strong></span> <span class='ocrx_word' id='word_1_286' title='bbox 1479 2433 1726 2486; x_wconf 90' lang='lat' dir='ltr'><strong>australi</strong></span> 
     </span>
    </p>
   </div>
   <div class='ocr_carea' id='block_1_42' title="bbox 107 2522 1721 2593">
    <p class='ocr_par' dir='ltr' id='par_1_42' title="bbox 107 2522 1721 2593">
     <span class='ocr_line' id='line_1_42' title="bbox 107 2522 1721 2593; baseline -0.002 -16"><span class='ocrx_word' id='word_1_287' title='bbox 107 2528 234 2591; x_wconf 84' lang='lat' dir='ltr'><strong>parte</strong></span> <span class='ocrx_word' id='word_1_288' title='bbox 253 2525 554 2593; x_wconf 90' lang='lat' dir='ltr'><strong>coquinam</strong></span> <span class='ocrx_word' id='word_1_289' title='bbox 584 2523 849 2591; x_wconf 88' lang='lat' dir='ltr'><strong>fratrum,</strong></span> <span class='ocrx_word' id='word_1_290' title='bbox 865 2524 1117 2593; x_wconf 89' lang='lat' dir='ltr'><strong>amplam</strong></span> <span class='ocrx_word' id='word_1_291' title='bbox 1143 2524 1292 2577; x_wconf 90' lang='lat' dir='ltr'><strong>satis</strong></span> <span class='ocrx_word' id='word_1_292' title='bbox 1314 2527 1370 2577; x_wconf 91' lang='lat' dir='ltr'><strong>et</strong></span> <span class='ocrx_word' id='word_1_293' title='bbox 1394 2522 1721 2593; x_wconf 89' lang='lat' dir='ltr'><strong>pulchram,</strong></span> 
     </span>
    </p>
   </div>
   <div class='ocr_carea' id='block_1_43' title="bbox 108 2611 1726 2682">
    <p class='ocr_par' dir='ltr' id='par_1_43' title="bbox 108 2611 1726 2682">
     <span class='ocr_line' id='line_1_43' title="bbox 108 2611 1726 2682; baseline -0.001 -19"><span class='ocrx_word' id='word_1_294' title='bbox 108 2611 151 2663; x_wconf 90' lang='lat' dir='ltr'><strong>in</strong></span> <span class='ocrx_word' id='word_1_295' title='bbox 181 2612 386 2666; x_wconf 87' lang='lat' dir='ltr'><strong>duobus</strong></span> <span class='ocrx_word' id='word_1_296' title='bbox 415 2613 673 2666; x_wconf 88' lang='lat' dir='ltr'><strong>invicem</strong></span> <span class='ocrx_word' id='word_1_297' title='bbox 703 2613 989 2666; x_wconf 85' lang='lat' dir='ltr'><strong>connexis</strong></span> <span class='ocrx_word' id='word_1_298' title='bbox 1024 2612 1375 2679; x_wconf 88' lang='lat' dir='ltr'><strong>fornicibus,</strong></span> <span class='ocrx_word' id='word_1_299' title='bbox 1410 2627 1563 2682; x_wconf 91' lang='lat' dir='ltr'><strong>quos</strong></span> <span class='ocrx_word' id='word_1_300' title='bbox 1610 2625 1726 2663; x_wconf 91' lang='lat' dir='ltr'><strong>una</strong></span> 
     </span>
    </p>
   </div>
   <div class='ocr_carea' id='block_1_44' title="bbox 105 2700 1727 2770">
    <p class='ocr_par' dir='ltr' id='par_1_44' title="bbox 105 2700 1727 2770">
     <span class='ocr_line' id='line_1_44' title="bbox 105 2700 1727 2770; baseline 0 -19"><span class='ocrx_word' id='word_1_301' title='bbox 105 2702 285 2753; x_wconf 87' lang='lat' dir='ltr'><strong>tantum</strong></span> <span class='ocrx_word' id='word_1_302' title='bbox 308 2702 578 2756; x_wconf 87' lang='lat' dir='ltr'><strong>columna</strong></span> <span class='ocrx_word' id='word_1_303' title='bbox 609 2704 921 2767; x_wconf 88' lang='lat' dir='ltr'><strong>sustentet,</strong></span> <span class='ocrx_word' id='word_1_304' title='bbox 957 2702 1143 2755; x_wconf 82' lang='lat' dir='ltr'><strong>erexit</strong></span> <span class='ocrx_word' id='word_1_305' title='bbox 1170 2719 1184 2766; x_wconf 93' lang='lat'><strong>;</strong></span> <span class='ocrx_word' id='word_1_306' title='bbox 1218 2702 1487 2770; x_wconf 89' lang='lat' dir='ltr'><strong>interque</strong></span> <span class='ocrx_word' id='word_1_307' title='bbox 1536 2700 1727 2769; x_wconf 89' lang='lat' dir='ltr'><strong>ipsam</strong></span> 
     </span>
    </p>
   </div>
   <div class='ocr_carea' id='block_1_45' title="bbox 109 2788 1727 2861">
    <p class='ocr_par' dir='ltr' id='par_1_45' title="bbox 109 2788 1727 2861">
     <span class='ocr_line' id='line_1_45' title="bbox 109 2788 1727 2861; baseline 0.002 -23"><span class='ocrx_word' id='word_1_308' title='bbox 109 2791 151 2838; x_wconf 86' lang='lat' dir='ltr'><strong>et</strong></span> <span class='ocrx_word' id='word_1_309' title='bbox 184 2788 560 2857; x_wconf 85' lang='lat' dir='ltr'><strong>refectorium,</strong></span> <span class='ocrx_word' id='word_1_310' title='bbox 596 2789 823 2861; x_wconf 91' lang='lat' dir='ltr'><strong>gradus</strong></span> <span class='ocrx_word' id='word_1_311' title='bbox 852 2793 911 2843; x_wconf 90' lang='lat' dir='ltr'><strong>et</strong></span> <span class='ocrx_word' id='word_1_312' title='bbox 962 2789 1225 2860; x_wconf 88' lang='lat' dir='ltr'><strong>januam,</strong></span> <span class='ocrx_word' id='word_1_313' title='bbox 1275 2790 1429 2843; x_wconf 91' lang='lat' dir='ltr'><strong>unde</strong></span> <span class='ocrx_word' id='word_1_314' title='bbox 1474 2803 1727 2858; x_wconf 71' lang='lat' dir='ltr'><strong>quaeque</strong></span> 
     </span>
    </p>
   </div>
   <div class='ocr_carea' id='block_1_46' title="bbox 110 2877 1726 2932">
    <p class='ocr_par' dir='ltr' id='par_1_46' title="bbox 110 2877 1726 2932">
     <span class='ocr_line' id='line_1_46' title="bbox 110 2877 1726 2932; baseline 0 -4"><span class='ocrx_word' id='word_1_315' title='bbox 110 2879 402 2932; x_wconf 87' lang='lat' dir='ltr'><strong>necessaria</strong></span> <span class='ocrx_word' id='word_1_316' title='bbox 433 2879 491 2932; x_wconf 92' lang='lat' dir='ltr'><strong>in</strong></span> <span class='ocrx_word' id='word_1_317' title='bbox 545 2879 703 2932; x_wconf 90' lang='lat' dir='ltr'><strong>idem</strong></span> <span class='ocrx_word' id='word_1_318' title='bbox 733 2877 1113 2932; x_wconf 89' lang='lat' dir='ltr'><strong>refectorium</strong></span> <span class='ocrx_word' id='word_1_319' title='bbox 1170 2878 1297 2932; x_wconf 89' lang='lat' dir='ltr'><strong>sive</strong></span> <span class='ocrx_word' id='word_1_320' title='bbox 1346 2878 1726 2931; x_wconf 90' lang='lat' dir='ltr'><strong>conferantur</strong></span> 
     </span>
    </p>
   </div>
   <div class='ocr_carea' id='block_1_47' title="bbox 110 2964 1728 3035">
    <p class='ocr_par' dir='ltr' id='par_1_47' title="bbox 110 2964 1728 3035">
     <span class='ocr_line' id='line_1_47' title="bbox 110 2964 1728 3035; baseline 0.002 -20"><span class='ocrx_word' id='word_1_321' title='bbox 110 2964 210 3017; x_wconf 81' lang='lat' dir='ltr'><strong>sive</strong></span> <span class='ocrx_word' id='word_1_322' title='bbox 251 2966 596 3035; x_wconf 90' lang='lat' dir='ltr'><strong>referantur,</strong></span> <span class='ocrx_word' id='word_1_323' title='bbox 649 2966 971 3020; x_wconf 87' lang='lat' dir='ltr'><strong>constituit.</strong></span> <span class='ocrx_word' id='word_1_324' title='bbox 1028 2966 1117 3020; x_wconf 90' lang='lat' dir='ltr'><strong>Ex</strong></span> <span class='ocrx_word' id='word_1_325' title='bbox 1146 2966 1331 3019; x_wconf 91' lang='lat' dir='ltr'><strong>altera</strong></span> <span class='ocrx_word' id='word_1_326' title='bbox 1362 2982 1504 3019; x_wconf 90' lang='lat' dir='ltr'><strong>vero</strong></span> <span class='ocrx_word' id='word_1_327' title='bbox 1537 2965 1728 3035; x_wconf 89' lang='lat' dir='ltr'><strong>ipsius</strong></span> 
     </span>
    </p>
   </div>
   <div class='ocr_carea' id='block_1_48' title="bbox 113 3054 1723 3125">
    <p class='ocr_par' dir='ltr' id='par_1_48' title="bbox 113 3054 1723 3125">
     <span class='ocr_line' id='line_1_48' title="bbox 113 3054 1723 3125; baseline 0.001 -21"><span class='ocrx_word' id='word_1_328' title='bbox 113 3055 337 3123; x_wconf 58' lang='lat' dir='ltr'><strong>coquinae</strong></span> <span class='ocrx_word' id='word_1_329' title='bbox 364 3058 528 3124; x_wconf 88' lang='lat' dir='ltr'><strong>parte</strong></span> <span class='ocrx_word' id='word_1_330' title='bbox 567 3055 871 3109; x_wconf 84' lang='lat' dir='ltr'><strong>cellarium</strong></span> <span class='ocrx_word' id='word_1_331' title='bbox 915 3056 1140 3118; x_wconf 87' lang='lat' dir='ltr'><strong>statuit,</strong></span> <span class='ocrx_word' id='word_1_332' title='bbox 1171 3070 1246 3109; x_wconf 90' lang='lat' dir='ltr'><strong>ex</strong></span> <span class='ocrx_word' id='word_1_333' title='bbox 1280 3071 1397 3125; x_wconf 92' lang='lat' dir='ltr'><strong>quo</strong></span> <span class='ocrx_word' id='word_1_334' title='bbox 1428 3054 1723 3120; x_wconf 88' lang='lat' dir='ltr'><strong>videlicet,</strong></span> 
     </span>
    </p>
   </div>
   <div class='ocr_carea' id='block_1_49' title="bbox 108 3142 1729 3214">
    <p class='ocr_par' dir='ltr' id='par_1_49' title="bbox 108 3142 1729 3214">
     <span class='ocr_line' id='line_1_49' title="bbox 108 3142 1729 3214; baseline 0.001 -22"><span class='ocrx_word' id='word_1_335' title='bbox 108 3144 195 3194; x_wconf 87' lang='lat' dir='ltr'><strong>tam</strong></span> <span class='ocrx_word' id='word_1_336' title='bbox 241 3144 546 3198; x_wconf 82' lang='lat' dir='ltr'><strong>refectorio</strong></span> <span class='ocrx_word' id='word_1_337' title='bbox 606 3158 781 3213; x_wconf 89' lang='lat' dir='ltr'><strong>quam</strong></span> <span class='ocrx_word' id='word_1_338' title='bbox 830 3145 1101 3214; x_wconf 58' lang='lat' dir='ltr'><strong>coquinae</strong></span> <span class='ocrx_word' id='word_1_339' title='bbox 1147 3144 1425 3214; x_wconf 62' lang='lat' dir='ltr'><strong>quaelibet</strong></span> <span class='ocrx_word' id='word_1_340' title='bbox 1476 3142 1729 3196; x_wconf 89' lang='lat' dir='ltr'><strong>debeant</strong></span> 
     </span>
    </p>
   </div>
   <div class='ocr_carea' id='block_1_50' title="bbox 108 3230 1727 3286">
    <p class='ocr_par' dir='ltr' id='par_1_50' title="bbox 108 3230 1727 3286">
     <span class='ocr_line' id='line_1_50' title="bbox 108 3230 1727 3286; baseline 0.001 -5"><span class='ocrx_word' id='word_1_341' title='bbox 108 3232 399 3285; x_wconf 86' lang='lat' dir='ltr'><strong>necessaria</strong></span> <span class='ocrx_word' id='word_1_342' title='bbox 420 3232 627 3285; x_wconf 80' lang='lat' dir='ltr'><strong>tribui.</strong></span> <span class='ocrx_word' id='word_1_343' title='bbox 652 3231 795 3285; x_wconf 85' lang='lat' dir='ltr'><strong>Post</strong></span> <span class='ocrx_word' id='word_1_344' title='bbox 826 3232 955 3286; x_wconf 65' lang='lat' dir='ltr'><strong>haec</strong></span> <span class='ocrx_word' id='word_1_345' title='bbox 976 3248 1110 3286; x_wconf 91' lang='lat' dir='ltr'><strong>cum</strong></span> <span class='ocrx_word' id='word_1_346' title='bbox 1138 3231 1387 3285; x_wconf 90' lang='lat' dir='ltr'><strong>necdum</strong></span> <span class='ocrx_word' id='word_1_347' title='bbox 1417 3230 1727 3284; x_wconf 84' lang='lat' dir='ltr'><strong>sufficiens</strong></span> 
     </span>
    </p>
   </div>
   <div class='ocr_carea' id='block_1_51' title="bbox 109 3316 1728 3387">
    <p class='ocr_par' dir='ltr' id='par_1_51' title="bbox 109 3316 1728 3387">
     <span class='ocr_line' id='line_1_51' title="bbox 109 3316 1728 3387; baseline 0.002 -20"><span class='ocrx_word' id='word_1_348' title='bbox 109 3316 197 3369; x_wconf 87' lang='lat' dir='ltr'><strong>sibi</strong></span> <span class='ocrx_word' id='word_1_349' title='bbox 224 3319 287 3371; x_wconf 85' lang='lat' dir='ltr'><strong>ad</strong></span> <span class='ocrx_word' id='word_1_350' title='bbox 319 3323 539 3373; x_wconf 83' lang='lat' dir='ltr'><strong>tantam</strong></span> <span class='ocrx_word' id='word_1_351' title='bbox 571 3319 820 3374; x_wconf 89' lang='lat' dir='ltr'><strong>fratrum</strong></span> <span class='ocrx_word' id='word_1_352' title='bbox 846 3320 1279 3374; x_wconf 90' lang='lat' dir='ltr'><strong>multitudinem</strong></span> <span class='ocrx_word' id='word_1_353' title='bbox 1310 3320 1553 3374; x_wconf 90' lang='lat' dir='ltr'><strong>claustri</strong></span> <span class='ocrx_word' id='word_1_354' title='bbox 1587 3333 1728 3387; x_wconf 87' lang='lat' dir='ltr'><strong>spa-</strong></span> 
     </span>
    </p>
   </div>
   <div class='ocr_carea' id='block_1_52' title="bbox 112 3402 1731 3479">
    <p class='ocr_par' dir='ltr' id='par_1_52' title="bbox 112 3402 1731 3479">
     <span class='ocr_line' id='line_1_52' title="bbox 112 3402 1731 3479; baseline 0.004 -26"><span class='ocrx_word' id='word_1_355' title='bbox 112 3402 221 3458; x_wconf 86' lang='lat' dir='ltr'><strong>tium</strong></span> <span class='ocrx_word' id='word_1_356' title='bbox 245 3407 656 3477; x_wconf 84' lang='lat' dir='ltr'><strong>videretur,vir</strong></span> <span class='ocrx_word' id='word_1_357' title='bbox 698 3414 858 3463; x_wconf 88' lang='lat' dir='ltr'><strong>certe</strong></span> <span class='ocrx_word' id='word_1_358' title='bbox 885 3409 1282 3479; x_wconf 89' lang='lat' dir='ltr'><strong>magnanimis</strong></span> <span class='ocrx_word' id='word_1_359' title='bbox 1306 3413 1373 3475; x_wconf 25' lang='lat' dir='ltr'><strong>[et</strong></span> <span class='ocrx_word' id='word_1_360' title='bbox 1396 3408 1574 3461; x_wconf 91' lang='lat' dir='ltr'><strong>nimis</strong></span> <span class='ocrx_word' id='word_1_361' title='bbox 1606 3422 1731 3459; x_wconf 82' lang='lat' dir='ltr'><strong>Ina-</strong></span> 
     </span>
    </p>
   </div>
   <div class='ocr_carea' id='block_1_53' title="bbox 109 3495 1732 3567">
    <p class='ocr_par' dir='ltr' id='par_1_53' title="bbox 109 3495 1732 3567">
     <span class='ocr_line' id='line_1_53' title="bbox 109 3495 1732 3567; baseline 0.001 -21"><span class='ocrx_word' id='word_1_362' title='bbox 109 3506 212 3559; x_wconf 71' lang='lat' dir='ltr'><strong>gnaa</strong></span> <span class='ocrx_word' id='word_1_363' title='bbox 249 3495 488 3565; x_wconf 64' lang='lat' dir='ltr'><strong>fiduciae,</strong></span> <span class='ocrx_word' id='word_1_364' title='bbox 544 3496 953 3551; x_wconf 88' lang='lat' dir='ltr'><strong>dormitorium</strong></span> <span class='ocrx_word' id='word_1_365' title='bbox 992 3502 1168 3567; x_wconf 90' lang='lat' dir='ltr'><strong>atque</strong></span> <span class='ocrx_word' id='word_1_366' title='bbox 1218 3496 1566 3565; x_wconf 87' lang='lat' dir='ltr'><strong>capitulum,</strong></span> <span class='ocrx_word' id='word_1_367' title='bbox 1599 3510 1732 3565; x_wconf 62' lang='lat' dir='ltr'><strong>quas</strong></span> 
     </span>
    </p>
   </div>
   <div class='ocr_carea' id='block_1_54' title="bbox 111 3577 1735 3655">
    <p class='ocr_par' dir='ltr' id='par_1_54' title="bbox 111 3577 1735 3655">
     <span class='ocr_line' id='line_1_54' title="bbox 111 3577 1735 3655; baseline 0.002 -25"><span class='ocrx_word' id='word_1_368' title='bbox 111 3577 285 3635; x_wconf 87' lang='lat' dir='ltr'><strong>dudum</strong></span> <span class='ocrx_word' id='word_1_369' title='bbox 303 3584 557 3652; x_wconf 87' lang='lat' dir='ltr'><strong>ipsemet</strong></span> <span class='ocrx_word' id='word_1_370' title='bbox 573 3600 789 3655; x_wconf 90' lang='lat' dir='ltr'><strong>magno</strong></span> <span class='ocrx_word' id='word_1_371' title='bbox 807 3585 975 3639; x_wconf 88' lang='lat' dir='ltr'><strong>valde</strong></span> <span class='ocrx_word' id='word_1_372' title='bbox 998 3588 1239 3655; x_wconf 90' lang='lat' dir='ltr'><strong>sumptu</strong></span> <span class='ocrx_word' id='word_1_373' title='bbox 1255 3600 1324 3638; x_wconf 92' lang='lat' dir='ltr'><strong>ac</strong></span> <span class='ocrx_word' id='word_1_374' title='bbox 1342 3584 1541 3638; x_wconf 90' lang='lat' dir='ltr'><strong>studio</strong></span> <span class='ocrx_word' id='word_1_375' title='bbox 1562 3582 1735 3636; x_wconf 90' lang='lat' dir='ltr'><strong>fabri-</strong></span> 
     </span>
    </p>
   </div>
   <div class='ocr_carea' id='block_1_55' title="bbox 112 3673 1729 3741">
    <p class='ocr_par' dir='ltr' id='par_1_55' title="bbox 112 3673 1729 3741">
     <span class='ocr_line' id='line_1_55' title="bbox 112 3673 1729 3741; baseline 0.004 -23"><span class='ocrx_word' id='word_1_376' title='bbox 112 3675 320 3739; x_wconf 86' lang='lat' dir='ltr'><strong>caverat,</strong></span> <span class='ocrx_word' id='word_1_377' title='bbox 348 3689 455 3727; x_wconf 91' lang='lat' dir='ltr'><strong>nec</strong></span> <span class='ocrx_word' id='word_1_378' title='bbox 486 3689 611 3727; x_wconf 90' lang='lat' dir='ltr'><strong>non</strong></span> <span class='ocrx_word' id='word_1_379' title='bbox 632 3677 689 3726; x_wconf 92' lang='lat' dir='ltr'><strong>et</strong></span> <span class='ocrx_word' id='word_1_380' title='bbox 718 3675 977 3727; x_wconf 87' lang='lat' dir='ltr'><strong>veterem</strong></span> <span class='ocrx_word' id='word_1_381' title='bbox 1007 3673 1433 3727; x_wconf 79' lang='lat' dir='ltr'><strong>infirmantium</strong></span> <span class='ocrx_word' id='word_1_382' title='bbox 1472 3673 1729 3741; x_wconf 90' lang='lat' dir='ltr'><strong>domum,</strong></span> 
     </span>
    </p>
   </div>
   <div class='ocr_carea' id='block_1_56' title="bbox 117 3758 1738 3833">
    <p class='ocr_par' dir='ltr' id='par_1_56' title="bbox 117 3758 1738 3833">
     <span class='ocr_line' id='line_1_56' title="bbox 117 3758 1738 3833; baseline 0.004 -25"><span class='ocrx_word' id='word_1_383' title='bbox 117 3770 174 3809; x_wconf 82' lang='lat' dir='ltr'><strong>ex</strong></span> <span class='ocrx_word' id='word_1_384' title='bbox 194 3758 401 3831; x_wconf 89' lang='lat' dir='ltr'><strong>integro</strong></span> <span class='ocrx_word' id='word_1_385' title='bbox 430 3766 527 3817; x_wconf 89' lang='lat' dir='ltr'><strong>est</strong></span> <span class='ocrx_word' id='word_1_386' title='bbox 559 3777 894 3833; x_wconf 87' lang='lat' dir='ltr'><strong>aggressus</strong></span> <span class='ocrx_word' id='word_1_387' title='bbox 917 3765 1210 3832; x_wconf 86' lang='lat' dir='ltr'><strong>evertere,</strong></span> <span class='ocrx_word' id='word_1_388' title='bbox 1242 3767 1319 3831; x_wconf 91' lang='lat' dir='ltr'><strong>et,</strong></span> <span class='ocrx_word' id='word_1_389' title='bbox 1344 3762 1592 3816; x_wconf 90' lang='lat' dir='ltr'><strong>claustri</strong></span> <span class='ocrx_word' id='word_1_390' title='bbox 1622 3776 1738 3814; x_wconf 87' lang='lat' dir='ltr'><strong>am-</strong></span> 
     </span>
    </p>
   </div>
   <div class='ocr_carea' id='block_1_57' title="bbox 111 3844 1736 3922">
    <p class='ocr_par' dir='ltr' id='par_1_57' title="bbox 111 3844 1736 3922">
     <span class='ocr_line' id='line_1_57' title="bbox 111 3844 1736 3922; baseline 0.003 -25"><span class='ocrx_word' id='word_1_391' title='bbox 111 3844 288 3911; x_wconf 90' lang='lat' dir='ltr'><strong>pliandi</strong></span> <span class='ocrx_word' id='word_1_392' title='bbox 309 3852 649 3920; x_wconf 85' lang='lat' dir='ltr'><strong>occasione,</strong></span> <span class='ocrx_word' id='word_1_393' title='bbox 667 3851 908 3905; x_wconf 90' lang='lat' dir='ltr'><strong>easdem</strong></span> <span class='ocrx_word' id='word_1_394' title='bbox 924 3866 1161 3922; x_wconf 92' lang='lat' dir='ltr'><strong>quoque</strong></span> <span class='ocrx_word' id='word_1_395' title='bbox 1179 3852 1388 3905; x_wconf 90' lang='lat' dir='ltr'><strong>domos</strong></span> <span class='ocrx_word' id='word_1_396' title='bbox 1416 3850 1736 3919; x_wconf 90' lang='lat' dir='ltr'><strong>ampliores</strong></span> 
     </span>
    </p>
   </div>
   <div class='ocr_carea' id='block_1_58' title="bbox 113 3932 1737 4010">
    <p class='ocr_par' dir='ltr' id='par_1_58' title="bbox 113 3932 1737 4010">
     <span class='ocr_line' id='line_1_58' title="bbox 113 3932 1737 4010; baseline 0.001 -22"><span class='ocrx_word' id='word_1_397' title='bbox 113 3932 330 3991; x_wconf 82' lang='lat' dir='ltr'><strong>efﬁcere.</strong></span> <span class='ocrx_word' id='word_1_398' title='bbox 363 3939 655 4003; x_wconf 84' lang='lat' dir='ltr'><strong>Quoniam</strong></span> <span class='ocrx_word' id='word_1_399' title='bbox 677 3940 861 4010; x_wconf 90' lang='lat' dir='ltr'><strong>igitur</strong></span> <span class='ocrx_word' id='word_1_400' title='bbox 887 3940 1242 3994; x_wconf 83' lang='lat' dir='ltr'><strong>exteriorem</strong></span> <span class='ocrx_word' id='word_1_401' title='bbox 1265 3938 1592 3993; x_wconf 92' lang='lat' dir='ltr'><strong>dormitorii</strong></span> <span class='ocrx_word' id='word_1_402' title='bbox 1612 3953 1737 3991; x_wconf 87' lang='lat' dir='ltr'><strong>mu-</strong></span> 
     </span>
    </p>
   </div>
   <div class='ocr_carea' id='block_1_59' title="bbox 116 4027 1736 4099">
    <p class='ocr_par' dir='ltr' id='par_1_59' title="bbox 116 4027 1736 4099">
     <span class='ocr_line' id='line_1_59' title="bbox 116 4027 1736 4099; baseline -0.003 -16"><span class='ocrx_word' id='word_1_403' title='bbox 116 4037 218 4077; x_wconf 79' lang='lat' dir='ltr'><strong>mm</strong></span> <span class='ocrx_word' id='word_1_404' title='bbox 256 4042 425 4095; x_wconf 89' lang='lat' dir='ltr'><strong>porro</strong></span> <span class='ocrx_word' id='word_1_405' title='bbox 483 4029 667 4099; x_wconf 92' lang='lat' dir='ltr'><strong>longe</strong></span> <span class='ocrx_word' id='word_1_406' title='bbox 727 4028 800 4082; x_wconf 93' lang='lat' dir='ltr'><strong>ab</strong></span> <span class='ocrx_word' id='word_1_407' title='bbox 886 4029 1073 4083; x_wconf 90' lang='lat' dir='ltr'><strong>altero</strong></span> <span class='ocrx_word' id='word_1_408' title='bbox 1136 4029 1195 4082; x_wconf 91' lang='lat' dir='ltr'><strong>in</strong></span> <span class='ocrx_word' id='word_1_409' title='bbox 1251 4043 1466 4099; x_wconf 91' lang='lat' dir='ltr'><strong>magno</strong></span> <span class='ocrx_word' id='word_1_410' title='bbox 1519 4027 1736 4080; x_wconf 90' lang='lat' dir='ltr'><strong>montis</strong></span> 
     </span>
    </p>
   </div>
   <div class='ocr_carea' id='block_1_60' title="bbox 110 4114 1737 4188">
    <p class='ocr_par' dir='ltr' id='par_1_60' title="bbox 110 4114 1737 4188">
     <span class='ocr_line' id='line_1_60' title="bbox 110 4114 1737 4188; baseline 0 -22"><span class='ocrx_word' id='word_1_411' title='bbox 110 4114 390 4184; x_wconf 63' lang='lat' dir='ltr'><strong>praecipitio</strong></span> <span class='ocrx_word' id='word_1_412' title='bbox 418 4117 718 4172; x_wconf 86' lang='lat' dir='ltr'><strong>statuebat</strong></span> <span class='ocrx_word' id='word_1_413' title='bbox 748 4117 1001 4188; x_wconf 90' lang='lat' dir='ltr'><strong>erigere,</strong></span> <span class='ocrx_word' id='word_1_414' title='bbox 1033 4117 1293 4188; x_wconf 92' lang='lat' dir='ltr'><strong>quinque</strong></span> <span class='ocrx_word' id='word_1_415' title='bbox 1333 4131 1603 4170; x_wconf 90' lang='lat' dir='ltr'><strong>crossam</strong></span> <span class='ocrx_word' id='word_1_416' title='bbox 1631 4131 1737 4167; x_wconf 88' lang='lat' dir='ltr'><strong>cu-</strong></span> 
     </span>
    </p>
   </div>
   <div class='ocr_carea' id='block_1_61' title="bbox 110 4194 1739 4260">
    <p class='ocr_par' dir='ltr' id='par_1_61' title="bbox 110 4194 1739 4260">
     <span class='ocr_line' id='line_1_61' title="bbox 110 4194 1739 4260; baseline 0.005 -12"><span class='ocrx_word' id='word_1_417' title='bbox 110 4194 221 4254; x_wconf 88' lang='lat' dir='ltr'><strong>bitis</strong></span> <span class='ocrx_word' id='word_1_418' title='bbox 256 4206 571 4260; x_wconf 87' lang='lat' dir='ltr'><strong>maceriam</strong></span> <span class='ocrx_word' id='word_1_419' title='bbox 610 4205 669 4259; x_wconf 92' lang='lat' dir='ltr'><strong>in</strong></span> <span class='ocrx_word' id='word_1_420' title='bbox 714 4205 1093 4259; x_wconf 89' lang='lat' dir='ltr'><strong>fundamento</strong></span> <span class='ocrx_word' id='word_1_421' title='bbox 1133 4205 1405 4258; x_wconf 61' lang='lat' dir='ltr'><strong>maxima;</strong></span> <span class='ocrx_word' id='word_1_422' title='bbox 1447 4202 1739 4257; x_wconf 83' lang='lat' dir='ltr'><strong>firmitatis</strong></span> 
     </span>
    </p>
   </div>
   <div class='ocr_carea' id='block_1_62' title="bbox 110 4290 1739 4363">
    <p class='ocr_par' dir='ltr' id='par_1_62' title="bbox 110 4290 1739 4363">
     <span class='ocr_line' id='line_1_62' title="bbox 110 4290 1739 4363; baseline 0.002 -22"><span class='ocrx_word' id='word_1_423' title='bbox 110 4290 661 4361; x_wconf 71' lang='lat' dir='ltr'><strong>gratiajaciens,eam</strong></span> <span class='ocrx_word' id='word_1_424' title='bbox 693 4295 753 4347; x_wconf 90' lang='lat' dir='ltr'><strong>in</strong></span> <span class='ocrx_word' id='word_1_425' title='bbox 776 4294 1164 4347; x_wconf 90' lang='lat' dir='ltr'><strong>ducentorum</strong></span> <span class='ocrx_word' id='word_1_426' title='bbox 1195 4294 1385 4363; x_wconf 88' lang='lat' dir='ltr'><strong>spatio</strong></span> <span class='ocrx_word' id='word_1_427' title='bbox 1407 4293 1739 4346; x_wconf 87' lang='lat' dir='ltr'><strong>cubitorum</strong></span> 
     </span>
    </p>
   </div>
   <div class='ocr_carea' id='block_1_63' title="bbox 112 4376 1742 4452">
    <p class='ocr_par' dir='ltr' id='par_1_63' title="bbox 112 4376 1742 4452">
     <span class='ocr_line' id='line_1_63' title="bbox 112 4376 1742 4452; baseline 0.002 -22"><span class='ocrx_word' id='word_1_428' title='bbox 112 4386 193 4440; x_wconf 84' lang='lat' dir='ltr'><strong>per</strong></span> <span class='ocrx_word' id='word_1_429' title='bbox 216 4376 442 4452; x_wconf 91' lang='lat' dir='ltr'><strong>longum</strong></span> <span class='ocrx_word' id='word_1_430' title='bbox 474 4382 758 4450; x_wconf 80' lang='lat' dir='ltr'><strong>extendit,</strong></span> <span class='ocrx_word' id='word_1_431' title='bbox 790 4382 848 4435; x_wconf 91' lang='lat' dir='ltr'><strong>in</strong></span> <span class='ocrx_word' id='word_1_432' title='bbox 867 4382 1169 4436; x_wconf 90' lang='lat' dir='ltr'><strong>altitudine</strong></span> <span class='ocrx_word' id='word_1_433' title='bbox 1188 4387 1381 4436; x_wconf 90' lang='lat' dir='ltr'><strong>autem</strong></span> <span class='ocrx_word' id='word_1_434' title='bbox 1412 4382 1742 4435; x_wconf 90' lang='lat' dir='ltr'><strong>cubitorum</strong></span> 
     </span>
    </p>
   </div>
   <div class='ocr_carea' id='block_1_64' title="bbox 108 4463 1740 4542">
    <p class='ocr_par' dir='ltr' id='par_1_64' title="bbox 108 4463 1740 4542">
     <span class='ocr_line' id='line_1_64' title="bbox 108 4463 1740 4542; baseline 0.002 -22"><span class='ocrx_word' id='word_1_435' title='bbox 108 4463 311 4533; x_wconf 53' lang='lat' dir='ltr'><strong>triginta</strong></span> <span class='ocrx_word' id='word_1_436' title='bbox 338 4473 554 4537; x_wconf 90' lang='lat' dir='ltr'><strong>erexit,</strong></span> <span class='ocrx_word' id='word_1_437' title='bbox 590 4474 842 4541; x_wconf 89' lang='lat' dir='ltr'><strong>quatuor</strong></span> <span class='ocrx_word' id='word_1_438' title='bbox 869 4474 926 4524; x_wconf 89' lang='lat' dir='ltr'><strong>et</strong></span> <span class='ocrx_word' id='word_1_439' title='bbox 954 4471 1161 4542; x_wconf 88' lang='lat' dir='ltr'><strong>viginti</strong></span> <span class='ocrx_word' id='word_1_440' title='bbox 1212 4471 1429 4524; x_wconf 90' lang='lat' dir='ltr'><strong>cubitis</strong></span> <span class='ocrx_word' id='word_1_441' title='bbox 1460 4471 1519 4522; x_wconf 91' lang='lat' dir='ltr'><strong>in</strong></span> <span class='ocrx_word' id='word_1_442' title='bbox 1548 4470 1740 4523; x_wconf 88' lang='lat' dir='ltr'><strong>latitu-</strong></span> 
     </span>
    </p>
   </div>
   <div class='ocr_carea' id='block_1_65' title="bbox 112 4546 1740 4623">
    <p class='ocr_par' dir='ltr' id='par_1_65' title="bbox 112 4546 1740 4623">
     <span class='ocr_line' id='line_1_65' title="bbox 112 4546 1740 4623; baseline 0.005 -19"><span class='ocrx_word' id='word_1_443' title='bbox 112 4546 258 4607; x_wconf 84' lang='lat' dir='ltr'><strong>dinea</strong></span> <span class='ocrx_word' id='word_1_444' title='bbox 273 4571 435 4613; x_wconf 89' lang='lat' dir='ltr'><strong>muro</strong></span> <span class='ocrx_word' id='word_1_445' title='bbox 454 4560 725 4613; x_wconf 88' lang='lat' dir='ltr'><strong>interiori</strong></span> <span class='ocrx_word' id='word_1_446' title='bbox 744 4560 1088 4623; x_wconf 89' lang='lat' dir='ltr'><strong>distantem;</strong></span> <span class='ocrx_word' id='word_1_447' title='bbox 1115 4559 1341 4613; x_wconf 89' lang='lat' dir='ltr'><strong>habens</strong></span> <span class='ocrx_word' id='word_1_448' title='bbox 1359 4575 1391 4611; x_wconf 92' lang='lat' dir='ltr'><strong>a</strong></span> <span class='ocrx_word' id='word_1_449' title='bbox 1415 4559 1740 4612; x_wconf 88' lang='lat' dir='ltr'><strong>meridiano</strong></span> 
     </span>
    </p>
   </div>
   <div class='ocr_carea' id='block_1_66' title="bbox 114 4639 1742 4718">
    <p class='ocr_par' dir='ltr' id='par_1_66' title="bbox 114 4639 1742 4718">
     <span class='ocr_line' id='line_1_66' title="bbox 114 4639 1742 4718; baseline 0.004 -26"><span class='ocrx_word' id='word_1_450' title='bbox 114 4639 298 4696; x_wconf 84' lang='lat' dir='ltr'><strong>tantum</strong></span> <span class='ocrx_word' id='word_1_451' title='bbox 327 4646 626 4701; x_wconf 80' lang='lat' dir='ltr'><strong>fenestras</strong></span> <span class='ocrx_word' id='word_1_452' title='bbox 655 4648 882 4717; x_wconf 91' lang='lat' dir='ltr'><strong>amplas</strong></span> <span class='ocrx_word' id='word_1_453' title='bbox 912 4648 1141 4717; x_wconf 91' lang='lat' dir='ltr'><strong>viginti,</strong></span> <span class='ocrx_word' id='word_1_454' title='bbox 1168 4663 1200 4701; x_wconf 91' lang='lat' dir='ltr'><strong>e</strong></span> <span class='ocrx_word' id='word_1_455' title='bbox 1222 4647 1440 4718; x_wconf 89' lang='lat' dir='ltr'><strong>quibus</strong></span> <span class='ocrx_word' id='word_1_456' title='bbox 1470 4651 1591 4700; x_wconf 91' lang='lat' dir='ltr'><strong>tres</strong></span> <span class='ocrx_word' id='word_1_457' title='bbox 1624 4663 1742 4699; x_wconf 85' lang='lat' dir='ltr'><strong>ma-</strong></span> 
     </span>
    </p>
   </div>
   <div class='ocr_carea' id='block_1_67' title="bbox 1830 2168 3501 2241">
    <p class='ocr_par' dir='ltr' id='par_1_67' title="bbox 1830 2168 3501 2241">
     <span class='ocr_line' id='line_1_67' title="bbox 1830 2168 3501 2241; baseline 0.001 -20"><span class='ocrx_word' id='word_1_458' title='bbox 1830 2169 2133 2222; x_wconf 90' lang='lat' dir='ltr'><strong>hominum</strong></span> <span class='ocrx_word' id='word_1_459' title='bbox 2153 2168 2402 2238; x_wconf 89' lang='lat' dir='ltr'><strong>fuerant,</strong></span> <span class='ocrx_word' id='word_1_460' title='bbox 2424 2171 2661 2223; x_wconf 87' lang='lat' dir='ltr'><strong>nonabs</strong></span> <span class='ocrx_word' id='word_1_461' title='bbox 2685 2188 2748 2224; x_wconf 92' lang='lat' dir='ltr'><strong>re</strong></span> <span class='ocrx_word' id='word_1_462' title='bbox 2780 2172 3109 2241; x_wconf 88' lang='lat' dir='ltr'><strong>contigisse</strong></span> <span class='ocrx_word' id='word_1_463' title='bbox 3141 2172 3305 2225; x_wconf 90' lang='lat' dir='ltr'><strong>multi</strong></span> <span class='ocrx_word' id='word_1_464' title='bbox 3335 2173 3501 2241; x_wconf 89' lang='lat' dir='ltr'><strong>puta-</strong></span> 
     </span>
    </p>
   </div>
   <div class='ocr_carea' id='block_1_68' title="bbox 1829 2257 3502 2336">
    <p class='ocr_par' dir='ltr' id='par_1_68' title="bbox 1829 2257 3502 2336">
     <span class='ocr_line' id='line_1_68' title="bbox 1829 2257 3502 2336; baseline 0.001 -27"><span class='ocrx_word' id='word_1_465' title='bbox 1829 2258 2045 2311; x_wconf 89' lang='lat' dir='ltr'><strong>vimus.</strong></span> <span class='ocrx_word' id='word_1_466' title='bbox 2068 2257 2231 2310; x_wconf 89' lang='lat' dir='ltr'><strong>Alias</strong></span> <span class='ocrx_word' id='word_1_467' title='bbox 2264 2273 2406 2311; x_wconf 89' lang='lat' dir='ltr'><strong>sane</strong></span> <span class='ocrx_word' id='word_1_468' title='bbox 2430 2259 2577 2312; x_wconf 87' lang='lat' dir='ltr'><strong>satis</strong></span> <span class='ocrx_word' id='word_1_469' title='bbox 2614 2275 2747 2336; x_wconf 77' lang='lat' dir='ltr'><strong>raro</strong></span> <span class='ocrx_word' id='word_1_470' title='bbox 2785 2259 2893 2312; x_wconf 89' lang='lat' dir='ltr'><strong>hoc</strong></span> <span class='ocrx_word' id='word_1_471' title='bbox 2926 2262 2986 2313; x_wconf 91' lang='lat' dir='ltr'><strong>in</strong></span> <span class='ocrx_word' id='word_1_472' title='bbox 3022 2260 3150 2313; x_wconf 92' lang='lat' dir='ltr'><strong>loco</strong></span> <span class='ocrx_word' id='word_1_473' title='bbox 3184 2260 3339 2313; x_wconf 90' lang='lat' dir='ltr'><strong>solet</strong></span> <span class='ocrx_word' id='word_1_474' title='bbox 3372 2260 3502 2313; x_wconf 87' lang='lat' dir='ltr'><strong>ﬁeri</strong></span> 
     </span>
    </p>
   </div>
   <div class='ocr_carea' id='block_1_69' title="bbox 1826 2346 3499 2419">
    <p class='ocr_par' dir='ltr' id='par_1_69' title="bbox 1826 2346 3499 2419">
     <span class='ocr_line' id='line_1_69' title="bbox 1826 2346 3499 2419; baseline 0 -20"><span class='ocrx_word' id='word_1_475' title='bbox 1826 2349 2005 2399; x_wconf 74' lang='lat' dir='ltr'><strong>terrae</strong></span> <span class='ocrx_word' id='word_1_476' title='bbox 2036 2349 2252 2399; x_wconf 88' lang='lat' dir='ltr'><strong>motus.</strong></span> <span class='ocrx_word' id='word_1_477' title='bbox 2275 2346 2493 2399; x_wconf 75' lang='lat' dir='ltr'><strong>Verum</strong></span> <span class='ocrx_word' id='word_1_478' title='bbox 2524 2348 2800 2416; x_wconf 89' lang='lat' dir='ltr'><strong>quoniam</strong></span> <span class='ocrx_word' id='word_1_479' title='bbox 2842 2348 3055 2419; x_wconf 89' lang='lat' dir='ltr'><strong>ingens</strong></span> <span class='ocrx_word' id='word_1_480' title='bbox 3107 2347 3499 2417; x_wconf 66' lang='lat' dir='ltr'><strong>praecipitium</strong></span> 
     </span>
    </p>
   </div>
   <div class='ocr_carea' id='block_1_70' title="bbox 1829 2434 3498 2505">
    <p class='ocr_par' dir='ltr' id='par_1_70' title="bbox 1829 2434 3498 2505">
     <span class='ocr_line' id='line_1_70' title="bbox 1829 2434 3498 2505; baseline 0.001 -18"><span class='ocrx_word' id='word_1_481' title='bbox 1829 2434 1902 2487; x_wconf 89' lang='lat' dir='ltr'><strong>ab</strong></span> <span class='ocrx_word' id='word_1_482' title='bbox 1935 2434 2199 2488; x_wconf 89' lang='lat' dir='ltr'><strong>interiori</strong></span> <span class='ocrx_word' id='word_1_483' title='bbox 2231 2434 2555 2487; x_wconf 90' lang='lat' dir='ltr'><strong>dormitorii</strong></span> <span class='ocrx_word' id='word_1_484' title='bbox 2577 2439 2739 2503; x_wconf 89' lang='lat' dir='ltr'><strong>parte</strong></span> <span class='ocrx_word' id='word_1_485' title='bbox 2761 2436 3373 2505; x_wconf 82' lang='lat' dir='ltr'><strong>remanserat,crectis</strong></span> <span class='ocrx_word' id='word_1_486' title='bbox 3396 2451 3498 2489; x_wconf 91' lang='lat' dir='ltr'><strong>se-</strong></span> 
     </span>
    </p>
   </div>
   <div class='ocr_carea' id='block_1_71' title="bbox 1831 2522 3499 2594">
    <p class='ocr_par' dir='ltr' id='par_1_71' title="bbox 1831 2522 3499 2594">
     <span class='ocr_line' id='line_1_71' title="bbox 1831 2522 3499 2594; baseline 0 -17"><span class='ocrx_word' id='word_1_487' title='bbox 1831 2539 1940 2577; x_wconf 90' lang='lat' dir='ltr'><strong>cus</strong></span> <span class='ocrx_word' id='word_1_488' title='bbox 1989 2522 2252 2576; x_wconf 91' lang='lat' dir='ltr'><strong>eamdem</strong></span> <span class='ocrx_word' id='word_1_489' title='bbox 2296 2523 2532 2576; x_wconf 90' lang='lat' dir='ltr'><strong>domum</strong></span> <span class='ocrx_word' id='word_1_490' title='bbox 2583 2526 2869 2592; x_wconf 90' lang='lat' dir='ltr'><strong>cameris,</strong></span> <span class='ocrx_word' id='word_1_491' title='bbox 2912 2529 2966 2578; x_wconf 91' lang='lat' dir='ltr'><strong>et</strong></span> <span class='ocrx_word' id='word_1_492' title='bbox 3012 2528 3165 2579; x_wconf 90' lang='lat' dir='ltr'><strong>terra</strong></span> <span class='ocrx_word' id='word_1_493' title='bbox 3215 2525 3499 2594; x_wconf 84' lang='lat' dir='ltr'><strong>saxisque</strong></span> 
     </span>
    </p>
   </div>
   <div class='ocr_carea' id='block_1_72' title="bbox 1833 2610 3503 2683">
    <p class='ocr_par' dir='ltr' id='par_1_72' title="bbox 1833 2610 3503 2683">
     <span class='ocr_line' id='line_1_72' title="bbox 1833 2610 3503 2683; baseline -0.001 -17"><span class='ocrx_word' id='word_1_494' title='bbox 1833 2616 2046 2666; x_wconf 78' lang='lat' dir='ltr'><strong>caetera</strong></span> <span class='ocrx_word' id='word_1_495' title='bbox 2079 2611 2314 2679; x_wconf 90' lang='lat' dir='ltr'><strong>replens</strong></span> <span class='ocrx_word' id='word_1_496' title='bbox 2348 2610 2607 2681; x_wconf 89' lang='lat' dir='ltr'><strong>injectis,</strong></span> <span class='ocrx_word' id='word_1_497' title='bbox 2642 2611 2895 2683; x_wconf 91' lang='lat' dir='ltr'><strong>itemque</strong></span> <span class='ocrx_word' id='word_1_498' title='bbox 2943 2616 3075 2666; x_wconf 89' lang='lat' dir='ltr'><strong>ante</strong></span> <span class='ocrx_word' id='word_1_499' title='bbox 3120 2613 3503 2666; x_wconf 86' lang='lat' dir='ltr'><strong>refectorium</strong></span> 
     </span>
    </p>
   </div>
   <div class='ocr_carea' id='block_1_73' title="bbox 1833 2700 3501 2768">
    <p class='ocr_par' dir='ltr' id='par_1_73' title="bbox 1833 2700 3501 2768">
     <span class='ocr_line' id='line_1_73' title="bbox 1833 2700 3501 2768; baseline 0.001 -16"><span class='ocrx_word' id='word_1_500' title='bbox 1833 2701 1893 2753; x_wconf 91' lang='lat' dir='ltr'><strong>in</strong></span> <span class='ocrx_word' id='word_1_501' title='bbox 1924 2700 2117 2754; x_wconf 88' lang='lat' dir='ltr'><strong>fronte</strong></span> <span class='ocrx_word' id='word_1_502' title='bbox 2148 2700 2423 2753; x_wconf 90' lang='lat' dir='ltr'><strong>videlicet</strong></span> <span class='ocrx_word' id='word_1_503' title='bbox 2453 2700 2717 2768; x_wconf 90' lang='lat' dir='ltr'><strong>claustri,</strong></span> <span class='ocrx_word' id='word_1_504' title='bbox 2754 2718 2937 2755; x_wconf 91' lang='lat' dir='ltr'><strong>curva</strong></span> <span class='ocrx_word' id='word_1_505' title='bbox 2967 2702 3352 2755; x_wconf 88' lang='lat' dir='ltr'><strong>nihilominus</strong></span> <span class='ocrx_word' id='word_1_506' title='bbox 3401 2717 3501 2753; x_wconf 89' lang='lat' dir='ltr'><strong>ca-</strong></span> 
     </span>
    </p>
   </div>
   <div class='ocr_carea' id='block_1_74' title="bbox 1834 2789 3503 2859">
    <p class='ocr_par' dir='ltr' id='par_1_74' title="bbox 1834 2789 3503 2859">
     <span class='ocr_line' id='line_1_74' title="bbox 1834 2789 3503 2859; baseline 0.001 -18"><span class='ocrx_word' id='word_1_507' title='bbox 1834 2804 1997 2842; x_wconf 91' lang='lat' dir='ltr'><strong>mera</strong></span> <span class='ocrx_word' id='word_1_508' title='bbox 2040 2789 2361 2842; x_wconf 88' lang='lat' dir='ltr'><strong>cisternam</strong></span> <span class='ocrx_word' id='word_1_509' title='bbox 2414 2790 2728 2843; x_wconf 87' lang='lat' dir='ltr'><strong>maximam</strong></span> <span class='ocrx_word' id='word_1_510' title='bbox 2773 2790 3093 2859; x_wconf 90' lang='lat' dir='ltr'><strong>fabricans,</strong></span> <span class='ocrx_word' id='word_1_511' title='bbox 3146 2792 3224 2844; x_wconf 91' lang='lat' dir='ltr'><strong>ita</strong></span> <span class='ocrx_word' id='word_1_512' title='bbox 3268 2791 3503 2843; x_wconf 90' lang='lat' dir='ltr'><strong>demum</strong></span> 
     </span>
    </p>
   </div>
   <div class='ocr_carea' id='block_1_75' title="bbox 1834 2878 3503 2949">
    <p class='ocr_par' dir='ltr' id='par_1_75' title="bbox 1834 2878 3503 2949">
     <span class='ocr_line' id='line_1_75' title="bbox 1834 2878 3503 2949; baseline 0 -18"><span class='ocrx_word' id='word_1_513' title='bbox 1834 2878 2015 2931; x_wconf 89' lang='lat' dir='ltr'><strong>totius</strong></span> <span class='ocrx_word' id='word_1_514' title='bbox 2048 2878 2293 2931; x_wconf 90' lang='lat' dir='ltr'><strong>claustri</strong></span> <span class='ocrx_word' id='word_1_515' title='bbox 2325 2878 2701 2947; x_wconf 85' lang='lat' dir='ltr'><strong>superﬁciem</strong></span> <span class='ocrx_word' id='word_1_516' title='bbox 2741 2880 3108 2949; x_wconf 63' lang='lat' dir='ltr'><strong>coaequavit;</strong></span> <span class='ocrx_word' id='word_1_517' title='bbox 3148 2895 3289 2933; x_wconf 90' lang='lat' dir='ltr'><strong>mox</strong></span> <span class='ocrx_word' id='word_1_518' title='bbox 3307 2880 3503 2949; x_wconf 91' lang='lat' dir='ltr'><strong>itaque</strong></span> 
     </span>
    </p>
   </div>
   <div class='ocr_carea' id='block_1_76' title="bbox 1834 2966 3505 3037">
    <p class='ocr_par' dir='ltr' id='par_1_76' title="bbox 1834 2966 3505 3037">
     <span class='ocr_line' id='line_1_76' title="bbox 1834 2966 3505 3037; baseline -0.001 -19"><span class='ocrx_word' id='word_1_519' title='bbox 1834 2981 2009 3019; x_wconf 89' lang='lat' dir='ltr'><strong>arcus</strong></span> <span class='ocrx_word' id='word_1_520' title='bbox 2046 2981 2152 3034; x_wconf 87' lang='lat' dir='ltr'><strong>per</strong></span> <span class='ocrx_word' id='word_1_521' title='bbox 2183 2982 2394 3036; x_wconf 88' lang='lat' dir='ltr'><strong>gyrum</strong></span> <span class='ocrx_word' id='word_1_522' title='bbox 2425 2966 2921 3021; x_wconf 89' lang='lat' dir='ltr'><strong>deambulatorios</strong></span> <span class='ocrx_word' id='word_1_523' title='bbox 2954 2983 3137 3037; x_wconf 90' lang='lat' dir='ltr'><strong>super</strong></span> <span class='ocrx_word' id='word_1_524' title='bbox 3165 2970 3395 3021; x_wconf 89' lang='lat' dir='ltr'><strong>centum</strong></span> <span class='ocrx_word' id='word_1_525' title='bbox 3448 2968 3505 3018; x_wconf 90' lang='lat' dir='ltr'><strong>et</strong></span> 
     </span>
    </p>
   </div>
   <div class='ocr_carea' id='block_1_77' title="bbox 1839 3054 3505 3125">
    <p class='ocr_par' dir='ltr' id='par_1_77' title="bbox 1839 3054 3505 3125">
     <span class='ocr_line' id='line_1_77' title="bbox 1839 3054 3505 3125; baseline 0 -18"><span class='ocrx_word' id='word_1_526' title='bbox 1839 3054 2043 3107; x_wconf 91' lang='lat' dir='ltr'><strong>decem</strong></span> <span class='ocrx_word' id='word_1_527' title='bbox 2058 3069 2421 3107; x_wconf 90' lang='lat' dir='ltr'><strong>marmoreas</strong></span> <span class='ocrx_word' id='word_1_528' title='bbox 2436 3054 2819 3107; x_wconf 89' lang='lat' dir='ltr'><strong>columnellas</strong></span> <span class='ocrx_word' id='word_1_529' title='bbox 2835 3056 3505 3125; x_wconf 89' lang='lat' dir='ltr'><strong>instituens,claustrum</strong></span> 
     </span>
    </p>
   </div>
   <div class='ocr_carea' id='block_1_78' title="bbox 1843 3142 3501 3213">
    <p class='ocr_par' dir='ltr' id='par_1_78' title="bbox 1843 3142 3501 3213">
     <span class='ocr_line' id='line_1_78' title="bbox 1843 3142 3501 3213; baseline 0.001 -18"><span class='ocrx_word' id='word_1_530' title='bbox 1843 3158 2014 3195; x_wconf 91' lang='lat' dir='ltr'><strong>omne</strong></span> <span class='ocrx_word' id='word_1_531' title='bbox 2032 3142 2527 3211; x_wconf 89' lang='lat' dir='ltr'><strong>inlongitudinem</strong></span> <span class='ocrx_word' id='word_1_532' title='bbox 2547 3143 2874 3196; x_wconf 89' lang='lat' dir='ltr'><strong>cubitorum</strong></span> <span class='ocrx_word' id='word_1_533' title='bbox 2894 3145 3124 3196; x_wconf 88' lang='lat' dir='ltr'><strong>centum</strong></span> <span class='ocrx_word' id='word_1_534' title='bbox 3144 3147 3200 3196; x_wconf 89' lang='lat' dir='ltr'><strong>et</strong></span> <span class='ocrx_word' id='word_1_535' title='bbox 3221 3143 3501 3213; x_wconf 93' lang='lat' dir='ltr'><strong>quinque,</strong></span> 
     </span>
    </p>
   </div>
   <div class='ocr_carea' id='block_1_79' title="bbox 1839 3229 3498 3302">
    <p class='ocr_par' dir='ltr' id='par_1_79' title="bbox 1839 3229 3498 3302">
     <span class='ocr_line' id='line_1_79' title="bbox 1839 3229 3498 3302; baseline 0 -19"><span class='ocrx_word' id='word_1_536' title='bbox 1839 3230 1900 3283; x_wconf 89' lang='lat' dir='ltr'><strong>in</strong></span> <span class='ocrx_word' id='word_1_537' title='bbox 1922 3231 2282 3283; x_wconf 89' lang='lat' dir='ltr'><strong>latitudinem</strong></span> <span class='ocrx_word' id='word_1_538' title='bbox 2311 3245 2451 3283; x_wconf 88' lang='lat' dir='ltr'><strong>vero</strong></span> <span class='ocrx_word' id='word_1_539' title='bbox 2470 3230 2726 3299; x_wconf 90' lang='lat' dir='ltr'><strong>quinque</strong></span> <span class='ocrx_word' id='word_1_540' title='bbox 2765 3234 2821 3284; x_wconf 93' lang='lat' dir='ltr'><strong>et</strong></span> <span class='ocrx_word' id='word_1_541' title='bbox 2848 3231 3222 3302; x_wconf 88' lang='lat' dir='ltr'><strong>septuaginta</strong></span> <span class='ocrx_word' id='word_1_542' title='bbox 3250 3229 3498 3284; x_wconf 89' lang='lat' dir='ltr'><strong>diffudit.</strong></span> 
     </span>
    </p>
   </div>
   <div class='ocr_carea' id='block_1_80' title="bbox 1838 3318 3505 3389">
    <p class='ocr_par' dir='ltr' id='par_1_80' title="bbox 1838 3318 3505 3389">
     <span class='ocr_line' id='line_1_80' title="bbox 1838 3318 3505 3389; baseline 0.001 -18"><span class='ocrx_word' id='word_1_543' title='bbox 1838 3318 2026 3388; x_wconf 85' lang='lat' dir='ltr'><strong>Cujus</strong></span> <span class='ocrx_word' id='word_1_544' title='bbox 2048 3318 2185 3389; x_wconf 93' lang='lat' dir='ltr'><strong>quia</strong></span> <span class='ocrx_word' id='word_1_545' title='bbox 2211 3333 2277 3372; x_wconf 93' lang='lat' dir='ltr'><strong>ea</strong></span> <span class='ocrx_word' id='word_1_546' title='bbox 2308 3334 2618 3388; x_wconf 72' lang='lat' dir='ltr'><strong>pars,quce</strong></span> <span class='ocrx_word' id='word_1_547' title='bbox 2638 3318 2881 3389; x_wconf 81' lang='lat' dir='ltr'><strong>majoris</strong></span> <span class='ocrx_word' id='word_1_548' title='bbox 2912 3320 3177 3373; x_wconf 68' lang='lat' dir='ltr'><strong>basilicae</strong></span> <span class='ocrx_word' id='word_1_549' title='bbox 3210 3323 3335 3373; x_wconf 90' lang='lat' dir='ltr'><strong>erat</strong></span> <span class='ocrx_word' id='word_1_550' title='bbox 3358 3335 3505 3373; x_wconf 92' lang='lat' dir='ltr'><strong>con-</strong></span> 
     </span>
    </p>
   </div>
   <div class='ocr_carea' id='block_1_81' title="bbox 1838 3400 3502 3477">
    <p class='ocr_par' dir='ltr' id='par_1_81' title="bbox 1838 3400 3502 3477">
     <span class='ocr_line' id='line_1_81' title="bbox 1838 3400 3502 3477; baseline 0 -17"><span class='ocrx_word' id='word_1_551' title='bbox 1838 3407 2021 3477; x_wconf 92' lang='lat' dir='ltr'><strong>tigua,</strong></span> <span class='ocrx_word' id='word_1_552' title='bbox 2058 3408 2109 3460; x_wconf 90' lang='lat' dir='ltr'><strong>si</strong></span> <span class='ocrx_word' id='word_1_553' title='bbox 2140 3407 2375 3460; x_wconf 76' lang='lat' dir='ltr'><strong>caeteris</strong></span> <span class='ocrx_word' id='word_1_554' title='bbox 2394 3400 2931 3477; x_wconf 64' lang='lat' dir='ltr'><strong>coaequareturnon</strong></span> <span class='ocrx_word' id='word_1_555' title='bbox 2956 3411 3128 3477; x_wconf 89' lang='lat' dir='ltr'><strong>aptus</strong></span> <span class='ocrx_word' id='word_1_556' title='bbox 3148 3408 3206 3460; x_wconf 92' lang='lat' dir='ltr'><strong>in</strong></span> <span class='ocrx_word' id='word_1_557' title='bbox 3237 3408 3502 3461; x_wconf 89' lang='lat' dir='ltr'><strong>eamdem</strong></span> 
     </span>
    </p>
   </div>
   <div class='ocr_carea' id='block_1_82' title="bbox 1837 3495 3505 3566">
    <p class='ocr_par' dir='ltr' id='par_1_82' title="bbox 1837 3495 3505 3566">
     <span class='ocr_line' id='line_1_82' title="bbox 1837 3495 3505 3566; baseline 0.001 -18"><span class='ocrx_word' id='word_1_558' title='bbox 1837 3495 2145 3549; x_wconf 90' lang='lat' dir='ltr'><strong>basilicam</strong></span> <span class='ocrx_word' id='word_1_559' title='bbox 2166 3498 2327 3549; x_wconf 90' lang='lat' dir='ltr'><strong>esset</strong></span> <span class='ocrx_word' id='word_1_560' title='bbox 2360 3496 2699 3566; x_wconf 91' lang='lat' dir='ltr'><strong>ingressus,</strong></span> <span class='ocrx_word' id='word_1_561' title='bbox 2726 3496 2939 3549; x_wconf 88' lang='lat' dir='ltr'><strong>subtus</strong></span> <span class='ocrx_word' id='word_1_562' title='bbox 2959 3497 3093 3550; x_wconf 91' lang='lat' dir='ltr'><strong>item</strong></span> <span class='ocrx_word' id='word_1_563' title='bbox 3117 3499 3172 3550; x_wconf 87' lang='lat' dir='ltr'><strong>et</strong></span> <span class='ocrx_word' id='word_1_564' title='bbox 3196 3512 3377 3566; x_wconf 93' lang='lat' dir='ltr'><strong>super</strong></span> <span class='ocrx_word' id='word_1_565' title='bbox 3399 3496 3505 3549; x_wconf 92' lang='lat' dir='ltr'><strong>de-</strong></span> 
     </span>
    </p>
   </div>
   <div class='ocr_carea' id='block_1_83' title="bbox 1838 3582 3502 3655">
    <p class='ocr_par' dir='ltr' id='par_1_83' title="bbox 1838 3582 3502 3655">
     <span class='ocr_line' id='line_1_83' title="bbox 1838 3582 3502 3655; baseline 0.001 -19"><span class='ocrx_word' id='word_1_566' title='bbox 1838 3584 2262 3638; x_wconf 88' lang='lat' dir='ltr'><strong>ambulatorios</strong></span> <span class='ocrx_word' id='word_1_567' title='bbox 2311 3583 2572 3637; x_wconf 89' lang='lat' dir='ltr'><strong>fornices</strong></span> <span class='ocrx_word' id='word_1_568' title='bbox 2604 3582 2775 3653; x_wconf 90' lang='lat' dir='ltr'><strong>fecit,</strong></span> <span class='ocrx_word' id='word_1_569' title='bbox 2809 3587 2865 3637; x_wconf 90' lang='lat' dir='ltr'><strong>et</strong></span> <span class='ocrx_word' id='word_1_570' title='bbox 2914 3585 2972 3637; x_wconf 91' lang='lat' dir='ltr'><strong>in</strong></span> <span class='ocrx_word' id='word_1_571' title='bbox 3012 3585 3147 3655; x_wconf 84' lang='lat' dir='ltr'><strong>ejus</strong></span> <span class='ocrx_word' id='word_1_572' title='bbox 3186 3585 3502 3655; x_wconf 89' lang='lat' dir='ltr'><strong>utriusque</strong></span> 
     </span>
    </p>
   </div>
   <div class='ocr_carea' id='block_1_84' title="bbox 1839 3673 3507 3744">
    <p class='ocr_par' dir='ltr' id='par_1_84' title="bbox 1839 3673 3507 3744">
     <span class='ocr_line' id='line_1_84' title="bbox 1839 3673 3507 3744; baseline 0.001 -18"><span class='ocrx_word' id='word_1_573' title='bbox 1839 3673 2145 3743; x_wconf 88' lang='lat' dir='ltr'><strong>angularis</strong></span> <span class='ocrx_word' id='word_1_574' title='bbox 2176 3688 2538 3727; x_wconf 89' lang='lat' dir='ltr'><strong>marmoreos</strong></span> <span class='ocrx_word' id='word_1_575' title='bbox 2571 3674 3040 3744; x_wconf 84' lang='lat' dir='ltr'><strong>gradus,quibus</strong></span> <span class='ocrx_word' id='word_1_576' title='bbox 3070 3675 3130 3727; x_wconf 91' lang='lat' dir='ltr'><strong>in</strong></span> <span class='ocrx_word' id='word_1_577' title='bbox 3163 3677 3376 3728; x_wconf 81' lang='lat' dir='ltr'><strong>caetera</strong></span> <span class='ocrx_word' id='word_1_578' title='bbox 3407 3674 3507 3727; x_wconf 91' lang='lat' dir='ltr'><strong>de-</strong></span> 
     </span>
    </p>
   </div>
   <div class='ocr_carea' id='block_1_85' title="bbox 1840 3763 3511 3834">
    <p class='ocr_par' dir='ltr' id='par_1_85' title="bbox 1840 3763 3511 3834">
     <span class='ocr_line' id='line_1_85' title="bbox 1840 3763 3511 3834; baseline 0 -19"><span class='ocrx_word' id='word_1_579' title='bbox 1840 3763 2528 3831; x_wconf 86' lang='lat' dir='ltr'><strong>scenderetur,instituit;</strong></span> <span class='ocrx_word' id='word_1_580' title='bbox 2544 3763 2615 3815; x_wconf 91' lang='lat' dir='ltr'><strong>ad</strong></span> <span class='ocrx_word' id='word_1_581' title='bbox 2630 3763 2946 3832; x_wconf 88' lang='lat' dir='ltr'><strong>capitulum</strong></span> <span class='ocrx_word' id='word_1_582' title='bbox 2961 3764 3196 3833; x_wconf 90' lang='lat' dir='ltr'><strong>quidem</strong></span> <span class='ocrx_word' id='word_1_583' title='bbox 3211 3763 3511 3834; x_wconf 87' lang='lat' dir='ltr'><strong>quintode-</strong></span> 
     </span>
    </p>
   </div>
   <div class='ocr_carea' id='block_1_86' title="bbox 1843 3852 3503 3922">
    <p class='ocr_par' dir='ltr' id='par_1_86' title="bbox 1843 3852 3503 3922">
     <span class='ocr_line' id='line_1_86' title="bbox 1843 3852 3503 3922; baseline 0.001 -18"><span class='ocrx_word' id='word_1_584' title='bbox 1843 3852 2079 3919; x_wconf 91' lang='lat' dir='ltr'><strong>cimum,</strong></span> <span class='ocrx_word' id='word_1_585' title='bbox 2113 3867 2146 3904; x_wconf 90' lang='lat' dir='ltr'><strong>a</strong></span> <span class='ocrx_word' id='word_1_586' title='bbox 2178 3852 2492 3905; x_wconf 89' lang='lat' dir='ltr'><strong>refectorio</strong></span> <span class='ocrx_word' id='word_1_587' title='bbox 2512 3867 2653 3905; x_wconf 86' lang='lat' dir='ltr'><strong>vero</strong></span> <span class='ocrx_word' id='word_1_588' title='bbox 2672 3852 2843 3905; x_wconf 89' lang='lat' dir='ltr'><strong>tertio</strong></span> <span class='ocrx_word' id='word_1_589' title='bbox 2867 3852 3180 3919; x_wconf 89' lang='lat' dir='ltr'><strong>decimum,</strong></span> <span class='ocrx_word' id='word_1_590' title='bbox 3202 3854 3503 3922; x_wconf 90' lang='lat' dir='ltr'><strong>totumque</strong></span> 
     </span>
    </p>
   </div>
   <div class='ocr_carea' id='block_1_87' title="bbox 1842 3938 3510 4008">
    <p class='ocr_par' dir='ltr' id='par_1_87' title="bbox 1842 3938 3510 4008">
     <span class='ocr_line' id='line_1_87' title="bbox 1842 3938 3510 4008; baseline 0 -16"><span class='ocrx_word' id='word_1_591' title='bbox 1842 3940 1902 3992; x_wconf 89' lang='lat' dir='ltr'><strong>in</strong></span> <span class='ocrx_word' id='word_1_592' title='bbox 1930 3938 2178 3992; x_wconf 90' lang='lat' dir='ltr'><strong>circuitu</strong></span> <span class='ocrx_word' id='word_1_593' title='bbox 2223 3942 2277 3991; x_wconf 91' lang='lat' dir='ltr'><strong>et</strong></span> <span class='ocrx_word' id='word_1_594' title='bbox 2306 3938 2556 4007; x_wconf 89' lang='lat' dir='ltr'><strong>lapideis</strong></span> <span class='ocrx_word' id='word_1_595' title='bbox 2597 3939 2952 4008; x_wconf 83' lang='lat' dir='ltr'><strong>pavimentis</strong></span> <span class='ocrx_word' id='word_1_596' title='bbox 2992 3940 3245 3992; x_wconf 89' lang='lat' dir='ltr'><strong>bisantei</strong></span> <span class='ocrx_word' id='word_1_597' title='bbox 3275 3939 3510 3992; x_wconf 79' lang='lat' dir='ltr'><strong>artificii</strong></span> 
     </span>
    </p>
   </div>
   <div class='ocr_carea' id='block_1_88' title="bbox 1844 4026 3509 4097">
    <p class='ocr_par' dir='ltr' id='par_1_88' title="bbox 1844 4026 3509 4097">
     <span class='ocr_line' id='line_1_88' title="bbox 1844 4026 3509 4097; baseline 0 -16"><span class='ocrx_word' id='word_1_598' title='bbox 1844 4026 2075 4094; x_wconf 89' lang='lat' dir='ltr'><strong>stravit,</strong></span> <span class='ocrx_word' id='word_1_599' title='bbox 2110 4029 2167 4080; x_wconf 93' lang='lat' dir='ltr'><strong>et</strong></span> <span class='ocrx_word' id='word_1_600' title='bbox 2194 4026 2442 4095; x_wconf 89' lang='lat' dir='ltr'><strong>picturis</strong></span> <span class='ocrx_word' id='word_1_601' title='bbox 2460 4026 2877 4094; x_wconf 78' lang='lat' dir='ltr'><strong>pulcherrimis</strong></span> <span class='ocrx_word' id='word_1_602' title='bbox 2909 4028 3178 4097; x_wconf 90' lang='lat' dir='ltr'><strong>compsit.</strong></span> <span class='ocrx_word' id='word_1_603' title='bbox 3214 4028 3374 4081; x_wconf 75' lang='lat' dir='ltr'><strong>Nihil</strong></span> <span class='ocrx_word' id='word_1_604' title='bbox 3396 4028 3509 4081; x_wconf 90' lang='lat' dir='ltr'><strong>hoc</strong></span> 
     </span>
    </p>
   </div>
   <div class='ocr_carea' id='block_1_89' title="bbox 1840 4114 3508 4186">
    <p class='ocr_par' dir='ltr' id='par_1_89' title="bbox 1840 4114 3508 4186">
     <span class='ocr_line' id='line_1_89' title="bbox 1840 4114 3508 4186; baseline 0 -17"><span class='ocrx_word' id='word_1_605' title='bbox 1840 4119 2107 4170; x_wconf 89' lang='lat' dir='ltr'><strong>moratus</strong></span> <span class='ocrx_word' id='word_1_606' title='bbox 2126 4114 2379 4183; x_wconf 89' lang='lat' dir='ltr'><strong>expleto,</strong></span> <span class='ocrx_word' id='word_1_607' title='bbox 2403 4114 2686 4167; x_wconf 89' lang='lat' dir='ltr'><strong>solarium</strong></span> <span class='ocrx_word' id='word_1_608' title='bbox 2707 4115 2905 4183; x_wconf 90' lang='lat' dir='ltr'><strong>palatii</strong></span> <span class='ocrx_word' id='word_1_609' title='bbox 2937 4116 3121 4185; x_wconf 91' lang='lat' dir='ltr'><strong>illius,</strong></span> <span class='ocrx_word' id='word_1_610' title='bbox 3153 4116 3311 4186; x_wconf 93' lang='lat' dir='ltr'><strong>quod</strong></span> <span class='ocrx_word' id='word_1_611' title='bbox 3336 4132 3370 4169; x_wconf 91' lang='lat' dir='ltr'><strong>a</strong></span> <span class='ocrx_word' id='word_1_612' title='bbox 3402 4116 3508 4169; x_wconf 82' lang='lat' dir='ltr'><strong>Ri-</strong></span> 
     </span>
    </p>
   </div>
   <div class='ocr_carea' id='block_1_90' title="bbox 1844 4202 3513 4274">
    <p class='ocr_par' dir='ltr' id='par_1_90' title="bbox 1844 4202 3513 4274">
     <span class='ocr_line' id='line_1_90' title="bbox 1844 4202 3513 4274; baseline 0 -17"><span class='ocrx_word' id='word_1_613' title='bbox 1844 4203 2047 4258; x_wconf 90' lang='lat' dir='ltr'><strong>cherio</strong></span> <span class='ocrx_word' id='word_1_614' title='bbox 2065 4206 2319 4272; x_wconf 83' lang='lat' dir='ltr'><strong>cceptum</strong></span> <span class='ocrx_word' id='word_1_615' title='bbox 2348 4203 2475 4271; x_wconf 92' lang='lat' dir='ltr'><strong>ipse</strong></span> <span class='ocrx_word' id='word_1_616' title='bbox 2514 4202 2861 4272; x_wconf 89' lang='lat' dir='ltr'><strong>perfecerat,</strong></span> <span class='ocrx_word' id='word_1_617' title='bbox 2899 4204 2969 4257; x_wconf 86' lang='lat' dir='ltr'><strong>ab</strong></span> <span class='ocrx_word' id='word_1_618' title='bbox 2998 4205 3311 4257; x_wconf 89' lang='lat' dir='ltr'><strong>eminentia</strong></span> <span class='ocrx_word' id='word_1_619' title='bbox 3329 4206 3513 4274; x_wconf 91' lang='lat' dir='ltr'><strong>priori</strong></span> 
     </span>
    </p>
   </div>
   <div class='ocr_carea' id='block_1_91' title="bbox 1843 4290 3510 4361">
    <p class='ocr_par' dir='ltr' id='par_1_91' title="bbox 1843 4290 3510 4361">
     <span class='ocr_line' id='line_1_91' title="bbox 1843 4290 3510 4361; baseline -0.001 -15"><span class='ocrx_word' id='word_1_620' title='bbox 1843 4293 1916 4346; x_wconf 85' lang='lat' dir='ltr'><strong>ad</strong></span> <span class='ocrx_word' id='word_1_621' title='bbox 1948 4292 2193 4345; x_wconf 89' lang='lat' dir='ltr'><strong>claustri</strong></span> <span class='ocrx_word' id='word_1_622' title='bbox 2214 4291 2513 4361; x_wconf 89' lang='lat' dir='ltr'><strong>planitiem</strong></span> <span class='ocrx_word' id='word_1_623' title='bbox 2544 4290 2836 4359; x_wconf 91' lang='lat' dir='ltr'><strong>deposuit,</strong></span> <span class='ocrx_word' id='word_1_624' title='bbox 2863 4293 3052 4361; x_wconf 89' lang='lat' dir='ltr'><strong>adque</strong></span> <span class='ocrx_word' id='word_1_625' title='bbox 3083 4293 3230 4345; x_wconf 89' lang='lat' dir='ltr'><strong>inibi</strong></span> <span class='ocrx_word' id='word_1_626' title='bbox 3250 4293 3510 4345; x_wconf 78' lang='lat' dir='ltr'><strong>infirmo-</strong></span> 
     </span>
    </p>
   </div>
   <div class='ocr_carea' id='block_1_92' title="bbox 1846 4379 3514 4449">
    <p class='ocr_par' dir='ltr' id='par_1_92' title="bbox 1846 4379 3514 4449">
     <span class='ocr_line' id='line_1_92' title="bbox 1846 4379 3514 4449; baseline 0.001 -15"><span class='ocrx_word' id='word_1_627' title='bbox 1846 4397 1975 4434; x_wconf 88' lang='lat' dir='ltr'><strong>rum</strong></span> <span class='ocrx_word' id='word_1_628' title='bbox 2000 4380 2243 4434; x_wconf 88' lang='lat' dir='ltr'><strong>fratrum</strong></span> <span class='ocrx_word' id='word_1_629' title='bbox 2274 4380 2530 4449; x_wconf 88' lang='lat' dir='ltr'><strong>quietem</strong></span> <span class='ocrx_word' id='word_1_630' title='bbox 2561 4379 2880 4433; x_wconf 86' lang='lat' dir='ltr'><strong>constituit.</strong></span> <span class='ocrx_word' id='word_1_631' title='bbox 2920 4382 3104 4433; x_wconf 72' lang='lat' dir='ltr'><strong>l’orro</strong></span> <span class='ocrx_word' id='word_1_632' title='bbox 3128 4381 3201 4434; x_wconf 91' lang='lat' dir='ltr'><strong>ab</strong></span> <span class='ocrx_word' id='word_1_633' title='bbox 3233 4381 3514 4435; x_wconf 90' lang='lat' dir='ltr'><strong>occiden-</strong></span> 
     </span>
    </p>
   </div>
   <div class='ocr_carea' id='block_1_93' title="bbox 1844 4467 3516 4540">
    <p class='ocr_par' dir='ltr' id='par_1_93' title="bbox 1844 4467 3516 4540">
     <span class='ocr_line' id='line_1_93' title="bbox 1844 4467 3516 4540; baseline 0.001 -18"><span class='ocrx_word' id='word_1_634' title='bbox 1844 4469 1945 4523; x_wconf 86' lang='lat' dir='ltr'><strong>tali</strong></span> <span class='ocrx_word' id='word_1_635' title='bbox 1974 4472 2136 4538; x_wconf 89' lang='lat' dir='ltr'><strong>parte</strong></span> <span class='ocrx_word' id='word_1_636' title='bbox 2168 4468 2433 4535; x_wconf 88' lang='lat' dir='ltr'><strong>claustri,</strong></span> <span class='ocrx_word' id='word_1_637' title='bbox 2470 4467 2638 4536; x_wconf 82' lang='lat' dir='ltr'><strong>juxta</strong></span> <span class='ocrx_word' id='word_1_638' title='bbox 2671 4469 2986 4521; x_wconf 88' lang='lat' dir='ltr'><strong>cisternam</strong></span> <span class='ocrx_word' id='word_1_639' title='bbox 3032 4468 3309 4524; x_wconf 85' lang='lat' dir='ltr'><strong>videlicet</strong></span> <span class='ocrx_word' id='word_1_640' title='bbox 3339 4486 3516 4540; x_wconf 89' lang='lat' dir='ltr'><strong>quam</strong></span> 
     </span>
    </p>
   </div>
   <div class='ocr_carea' id='block_1_94' title="bbox 1850 4556 3512 4629">
    <p class='ocr_par' dir='ltr' id='par_1_94' title="bbox 1850 4556 3512 4629">
     <span class='ocr_line' id='line_1_94' title="bbox 1850 4556 3512 4629; baseline 0.001 -18"><span class='ocrx_word' id='word_1_641' title='bbox 1850 4558 2259 4627; x_wconf 57' lang='lat' dir='ltr'><strong>praediximus,</strong></span> <span class='ocrx_word' id='word_1_642' title='bbox 2276 4556 2483 4610; x_wconf 87' lang='lat' dir='ltr'><strong>cellam</strong></span> <span class='ocrx_word' id='word_1_643' title='bbox 2507 4556 2861 4610; x_wconf 90' lang='lat' dir='ltr'><strong>novitiorum</strong></span> <span class='ocrx_word' id='word_1_644' title='bbox 2884 4558 3086 4612; x_wconf 89' lang='lat' dir='ltr'><strong>ordine</strong></span> <span class='ocrx_word' id='word_1_645' title='bbox 3106 4560 3253 4613; x_wconf 91' lang='lat' dir='ltr'><strong>satis</strong></span> <span class='ocrx_word' id='word_1_646' title='bbox 3274 4560 3512 4629; x_wconf 89' lang='lat' dir='ltr'><strong>aptavit,</strong></span> 
     </span>
    </p>
   </div>
   <div class='ocr_carea' id='block_1_95' title="bbox 1842 4644 3512 4718">
    <p class='ocr_par' dir='ltr' id='par_1_95' title="bbox 1842 4644 3512 4718">
     <span class='ocr_line' id='line_1_95' title="bbox 1842 4644 3512 4718; baseline 0.002 -20"><span class='ocrx_word' id='word_1_647' title='bbox 1842 4646 1915 4699; x_wconf 86' lang='lat' dir='ltr'><strong>in</strong></span> <span class='ocrx_word' id='word_1_648' title='bbox 1946 4662 2062 4716; x_wconf 91' lang='lat' dir='ltr'><strong>qua</strong></span> <span class='ocrx_word' id='word_1_649' title='bbox 2099 4646 2373 4699; x_wconf 88' lang='lat' dir='ltr'><strong>videlicet</strong></span> <span class='ocrx_word' id='word_1_650' title='bbox 2404 4644 2600 4714; x_wconf 91' lang='lat' dir='ltr'><strong>iidem,</strong></span> <span class='ocrx_word' id='word_1_651' title='bbox 2640 4645 2813 4715; x_wconf 87' lang='lat' dir='ltr'><strong>juxta</strong></span> <span class='ocrx_word' id='word_1_652' title='bbox 2844 4647 3118 4718; x_wconf 88' lang='lat' dir='ltr'><strong>regulare</strong></span> <span class='ocrx_word' id='word_1_653' title='bbox 3150 4649 3477 4702; x_wconf 87' lang='lat' dir='ltr'><strong>institutum</strong></span> <span class='ocrx_word' id='word_1_654' title='bbox 3498 4690 3512 4715; x_wconf 93' lang='lat'><strong>,</strong></span> 
     </span>
    </p>
   </div>
   <div class='ocr_carea' id='block_1_96' title="bbox 118 4726 3519 4807">
    <p class='ocr_par' dir='ltr' id='par_1_96' title="bbox 118 4726 3519 4807">
     <span class='ocr_line' id='line_1_96' title="bbox 118 4726 3519 4807; baseline 0.002 -23"><span class='ocrx_word' id='word_1_655' title='bbox 118 4726 256 4784; x_wconf 60' lang='lat' dir='ltr'><strong>Ximte</strong></span> <span class='ocrx_word' id='word_1_656' title='bbox 300 4735 492 4789; x_wconf 88' lang='lat' dir='ltr'><strong>tribus</strong></span> <span class='ocrx_word' id='word_1_657' title='bbox 537 4736 909 4789; x_wconf 89' lang='lat' dir='ltr'><strong>columnellis</strong></span> <span class='ocrx_word' id='word_1_658' title='bbox 954 4738 1313 4799; x_wconf 79' lang='lat' dir='ltr'><strong>marmoreis</strong></span> <span class='ocrx_word' id='word_1_659' title='bbox 1374 4736 1698 4790; x_wconf 89' lang='lat' dir='ltr'><strong>fulciuntur</strong></span> <span class='ocrx_word' id='word_1_660' title='bbox 1726 4752 1738 4789; x_wconf 87' lang='lat'><strong>:</strong></span> <span class='ocrx_word' id='word_1_661' title='bbox 1770 4737 1827 4799; x_wconf 91' lang='lat' dir='ltr'><strong>D</strong></span> <span class='ocrx_word' id='word_1_662' title='bbox 1859 4738 1915 4788; x_wconf 92' lang='lat' dir='ltr'><strong>et</strong></span> <span class='ocrx_word' id='word_1_663' title='bbox 1943 4734 2208 4788; x_wconf 87' lang='lat' dir='ltr'><strong>meditari</strong></span> <span class='ocrx_word' id='word_1_664' title='bbox 2226 4734 2606 4803; x_wconf 88' lang='lat' dir='ltr'><strong>etquiescere</strong></span> <span class='ocrx_word' id='word_1_665' title='bbox 2628 4737 2801 4804; x_wconf 89' lang='lat' dir='ltr'><strong>atque</strong></span> <span class='ocrx_word' id='word_1_666' title='bbox 2832 4737 3145 4790; x_wconf 88' lang='lat' dir='ltr'><strong>comedere</strong></span> <span class='ocrx_word' id='word_1_667' title='bbox 3175 4739 3377 4792; x_wconf 90' lang='lat' dir='ltr'><strong>novitii</strong></span> <span class='ocrx_word' id='word_1_668' title='bbox 3403 4738 3519 4807; x_wconf 85' lang='lat' dir='ltr'><strong>ipsi</strong></span> 
     </span>
    </p>
   </div>
   <div class='ocr_carea' id='block_1_97' title="bbox 114 4822 1748 4895">
    <p class='ocr_par' dir='ltr' id='par_1_97' title="bbox 114 4822 1748 4895">
     <span class='ocr_line' id='line_1_97' title="bbox 114 4822 1748 4895; baseline 0.004 -24"><span class='ocrx_word' id='word_1_669' title='bbox 114 4830 222 4883; x_wconf 73' lang='lat' dir='ltr'><strong>qua:</strong></span> <span class='ocrx_word' id='word_1_670' title='bbox 243 4822 511 4877; x_wconf 88' lang='lat' dir='ltr'><strong>videlicet</strong></span> <span class='ocrx_word' id='word_1_671' title='bbox 536 4824 750 4877; x_wconf 89' lang='lat' dir='ltr'><strong>domus</strong></span> <span class='ocrx_word' id='word_1_672' title='bbox 784 4825 963 4895; x_wconf 92' lang='lat' dir='ltr'><strong>longe</strong></span> <span class='ocrx_word' id='word_1_673' title='bbox 994 4824 1191 4893; x_wconf 91' lang='lat' dir='ltr'><strong>priore</strong></span> <span class='ocrx_word' id='word_1_674' title='bbox 1222 4824 1488 4893; x_wconf 88' lang='lat' dir='ltr'><strong>amplior,</strong></span> <span class='ocrx_word' id='word_1_675' title='bbox 1522 4824 1748 4877; x_wconf 81' lang='lat' dir='ltr'><strong>firmior</strong></span> 
     </span>
    </p>
   </div>
   <div class='ocr_carea' id='block_1_98' title="bbox 115 4908 1749 4982">
    <p class='ocr_par' dir='ltr' id='par_1_98' title="bbox 115 4908 1749 4982">
     <span class='ocr_line' id='line_1_98' title="bbox 115 4908 1749 4982; baseline 0.003 -22"><span class='ocrx_word' id='word_1_676' title='bbox 115 4915 167 4955; x_wconf 72' lang='lat' dir='ltr'><strong>ac</strong></span> <span class='ocrx_word' id='word_1_677' title='bbox 188 4908 498 4980; x_wconf 88' lang='lat' dir='ltr'><strong>pulchrior,</strong></span> <span class='ocrx_word' id='word_1_678' title='bbox 525 4912 797 4967; x_wconf 89' lang='lat' dir='ltr'><strong>studiose</strong></span> <span class='ocrx_word' id='word_1_679' title='bbox 816 4912 993 4966; x_wconf 91' lang='lat' dir='ltr'><strong>nimis</strong></span> <span class='ocrx_word' id='word_1_680' title='bbox 1014 4914 1108 4966; x_wconf 88' lang='lat' dir='ltr'><strong>est</strong></span> <span class='ocrx_word' id='word_1_681' title='bbox 1135 4916 1193 4966; x_wconf 91' lang='lat' dir='ltr'><strong>et</strong></span> <span class='ocrx_word' id='word_1_682' title='bbox 1214 4913 1515 4966; x_wconf 87' lang='lat' dir='ltr'><strong>fabrorum</strong></span> <span class='ocrx_word' id='word_1_683' title='bbox 1539 4912 1749 4982; x_wconf 89' lang='lat' dir='ltr'><strong>peritia</strong></span> 
     </span>
    </p>
   </div>
   <div class='ocr_carea' id='block_1_99' title="bbox 115 4988 1751 5070">
    <p class='ocr_par' dir='ltr' id='par_1_99' title="bbox 115 4988 1751 5070">
     <span class='ocr_line' id='line_1_99' title="bbox 115 4988 1751 5070; baseline 0.005 -24"><span class='ocrx_word' id='word_1_684' title='bbox 115 4988 358 5052; x_wconf 79' lang='lat' dir='ltr'><strong>lateribus</strong></span> <span class='ocrx_word' id='word_1_685' title='bbox 388 5004 566 5069; x_wconf 84' lang='lat' dir='ltr'><strong>tecta,</strong></span> <span class='ocrx_word' id='word_1_686' title='bbox 598 5005 654 5054; x_wconf 93' lang='lat' dir='ltr'><strong>et</strong></span> <span class='ocrx_word' id='word_1_687' title='bbox 670 5002 961 5070; x_wconf 90' lang='lat' dir='ltr'><strong>pictorum</strong></span> <span class='ocrx_word' id='word_1_688' title='bbox 981 5001 1231 5055; x_wconf 86' lang='lat' dir='ltr'><strong>artiﬁcio</strong></span> <span class='ocrx_word' id='word_1_689' title='bbox 1257 5001 1561 5055; x_wconf 91' lang='lat' dir='ltr'><strong>coloribus</strong></span> <span class='ocrx_word' id='word_1_690' title='bbox 1579 5001 1751 5054; x_wconf 91' lang='lat' dir='ltr'><strong>deco-</strong></span> 
     </span>
    </p>
   </div>
   <div class='ocr_carea' id='block_1_100' title="bbox 118 5084 1755 5159">
    <p class='ocr_par' dir='ltr' id='par_1_100' title="bbox 118 5084 1755 5159">
     <span class='ocr_line' id='line_1_100' title="bbox 118 5084 1755 5159; baseline 0.001 -18"><span class='ocrx_word' id='word_1_691' title='bbox 118 5084 433 5155; x_wconf 69' lang='lat' dir='ltr'><strong>mtagjuxta</strong></span> <span class='ocrx_word' id='word_1_692' title='bbox 464 5105 644 5158; x_wconf 88' lang='lat' dir='ltr'><strong>quam</strong></span> <span class='ocrx_word' id='word_1_693' title='bbox 687 5091 881 5159; x_wconf 89' lang='lat' dir='ltr'><strong>etiam,</strong></span> <span class='ocrx_word' id='word_1_694' title='bbox 927 5089 986 5143; x_wconf 89' lang='lat' dir='ltr'><strong>in</strong></span> <span class='ocrx_word' id='word_1_695' title='bbox 1020 5090 1290 5143; x_wconf 87' lang='lat' dir='ltr'><strong>ulteriori</strong></span> <span class='ocrx_word' id='word_1_696' title='bbox 1336 5089 1524 5159; x_wconf 89' lang='lat' dir='ltr'><strong>capite</strong></span> <span class='ocrx_word' id='word_1_697' title='bbox 1562 5088 1755 5158; x_wconf 86' lang='lat' dir='ltr'><strong>ipsius</strong></span> 
     </span>
    </p>
   </div>
   <div class='ocr_carea' id='block_1_101' title="bbox 114 5172 1762 5248">
    <p class='ocr_par' dir='ltr' id='par_1_101' title="bbox 114 5172 1762 5248">
     <span class='ocr_line' id='line_1_101' title="bbox 114 5172 1762 5248; baseline 0.007 -26"><span class='ocrx_word' id='word_1_698' title='bbox 114 5172 424 5229; x_wconf 67' lang='lat' dir='ltr'><strong>vestiarium</strong></span> <span class='ocrx_word' id='word_1_699' title='bbox 456 5177 704 5231; x_wconf 88' lang='lat' dir='ltr'><strong>fratrum</strong></span> <span class='ocrx_word' id='word_1_700' title='bbox 743 5179 1090 5246; x_wconf 88' lang='lat' dir='ltr'><strong>construxit,</strong></span> <span class='ocrx_word' id='word_1_701' title='bbox 1113 5194 1360 5248; x_wconf 88' lang='lat' dir='ltr'><strong>parvum</strong></span> <span class='ocrx_word' id='word_1_702' title='bbox 1377 5178 1634 5248; x_wconf 91' lang='lat' dir='ltr'><strong>quidem,</strong></span> <span class='ocrx_word' id='word_1_703' title='bbox 1652 5177 1762 5234; x_wconf 85' lang='lat' dir='ltr'><strong>sed</strong></span> 
     </span>
    </p>
   </div>
   <div class='ocr_carea' id='block_1_102' title="bbox 122 5259 1100 5339">
    <p class='ocr_par' dir='ltr' id='par_1_102' title="bbox 122 5259 1100 5339">
     <span class='ocr_line' id='line_1_102' title="bbox 122 5259 1100 5339; baseline 0.012 -31"><span class='ocrx_word' id='word_1_704' title='bbox 122 5259 245 5313; x_wconf 88' lang='lat' dir='ltr'><strong>satis</strong></span> <span class='ocrx_word' id='word_1_705' title='bbox 272 5270 614 5333; x_wconf 88' lang='lat' dir='ltr'><strong>competens</strong></span> <span class='ocrx_word' id='word_1_706' title='bbox 642 5267 1100 5339; x_wconf 89' lang='lat' dir='ltr'><strong>pulchrumque.</strong></span> 
     </span>
    </p>
   </div>
   <div class='ocr_carea' id='block_1_103' title="bbox 96 5345 1753 5427">
    <p class='ocr_par' dir='ltr' id='par_1_103' title="bbox 96 5345 1753 5427">
     <span class='ocr_line' id='line_1_103' title="bbox 96 5345 1753 5427; baseline 0.001 -18"><span class='ocrx_word' id='word_1_707' title='bbox 96 5402 101 5409; x_wconf 92' lang='lat'><strong>.</strong></span> <span class='ocrx_word' id='word_1_708' title='bbox 175 5345 394 5423; x_wconf 81' lang='lat' dir='ltr'><strong>Religio</strong></span> <span class='ocrx_word' id='word_1_709' title='bbox 406 5370 557 5424; x_wconf 82' lang='lat' dir='ltr'><strong>erga</strong></span> <span class='ocrx_word' id='word_1_710' title='bbox 577 5354 986 5411; x_wconf 79' lang='lat' dir='ltr'><strong>defunctorum</strong></span> <span class='ocrx_word' id='word_1_711' title='bbox 1008 5371 1352 5427; x_wconf 82' lang='lat' dir='ltr'><strong>corpora.-—</strong></span> <span class='ocrx_word' id='word_1_712' title='bbox 1367 5356 1475 5411; x_wconf 80' lang='lat' dir='ltr'><strong>llis</strong></span> <span class='ocrx_word' id='word_1_713' title='bbox 1495 5355 1753 5410; x_wconf 89' lang='lat' dir='ltr'><strong>triennio</strong></span> 
     </span>
    </p>
   </div>
   <div class='ocr_carea' id='block_1_104' title="bbox 122 5433 1755 5516">
    <p class='ocr_par' dir='ltr' id='par_1_104' title="bbox 122 5433 1755 5516">
     <span class='ocr_line' id='line_1_104' title="bbox 122 5433 1755 5516; baseline 0.006 -28"><span class='ocrx_word' id='word_1_714' title='bbox 122 5433 324 5492; x_wconf 83' lang='lat' dir='ltr'><strong>circiter</strong></span> <span class='ocrx_word' id='word_1_715' title='bbox 352 5445 804 5514; x_wconf 89' lang='lat' dir='ltr'><strong>consummatis,</strong></span> <span class='ocrx_word' id='word_1_716' title='bbox 837 5447 1140 5499; x_wconf 91' lang='lat' dir='ltr'><strong>monteme</strong></span> <span class='ocrx_word' id='word_1_717' title='bbox 1171 5445 1450 5516; x_wconf 88' lang='lat' dir='ltr'><strong>vestigio,</strong></span> <span class='ocrx_word' id='word_1_718' title='bbox 1484 5445 1583 5515; x_wconf 92' lang='lat' dir='ltr'><strong>qui</strong></span> <span class='ocrx_word' id='word_1_719' title='bbox 1603 5445 1755 5498; x_wconf 91' lang='lat' dir='ltr'><strong>intra</strong></span> 
     </span>
    </p>
   </div>
   <div class='ocr_carea' id='block_1_105' title="bbox 112 5518 1755 5605">
    <p class='ocr_par' dir='ltr' id='par_1_105' title="bbox 112 5518 1755 5605">
     <span class='ocr_line' id='line_1_105' title="bbox 112 5518 1755 5605; baseline 0.007 -30"><span class='ocrx_word' id='word_1_720' title='bbox 112 5518 335 5596; x_wconf 64' lang='lat' dir='ltr'><strong>iacebat,</strong></span> <span class='ocrx_word' id='word_1_721' title='bbox 359 5528 659 5586; x_wconf 79' lang='lat' dir='ltr'><strong>suﬁ‘odere</strong></span> <span class='ocrx_word' id='word_1_722' title='bbox 673 5547 1008 5604; x_wconf 89' lang='lat' dir='ltr'><strong>aggressus</strong></span> <span class='ocrx_word' id='word_1_723' title='bbox 1020 5535 1249 5603; x_wconf 90' lang='lat' dir='ltr'><strong>est,per</strong></span> <span class='ocrx_word' id='word_1_724' title='bbox 1265 5533 1508 5605; x_wconf 92' lang='lat' dir='ltr'><strong>longum</strong></span> <span class='ocrx_word' id='word_1_725' title='bbox 1525 5533 1755 5588; x_wconf 90' lang='lat' dir='ltr'><strong>scilicet</strong></span> 
     </span>
    </p>
   </div>
   <div class='ocr_carea' id='block_1_106' title="bbox 66 5611 1755 5694">
    <p class='ocr_par' dir='ltr' id='par_1_106' title="bbox 66 5611 1755 5694">
     <span class='ocr_line' id='line_1_106' title="bbox 66 5611 1755 5694; baseline 0.008 -29"><span class='ocrx_word' id='word_1_726' title='bbox 66 5676 67 5679; x_wconf 22' lang='grc' dir='ltr'><strong>η</strong></span> <span class='ocrx_word' id='word_1_727' title='bbox 117 5611 303 5669; x_wconf 80' lang='lat' dir='ltr'><strong>cubitis</strong></span> <span class='ocrx_word' id='word_1_728' title='bbox 319 5620 561 5672; x_wconf 89' lang='lat' dir='ltr'><strong>centum</strong></span> <span class='ocrx_word' id='word_1_729' title='bbox 575 5622 632 5675; x_wconf 89' lang='lat' dir='ltr'><strong>et</strong></span> <span class='ocrx_word' id='word_1_730' title='bbox 650 5621 929 5693; x_wconf 88' lang='lat' dir='ltr'><strong>quinque,</strong></span> <span class='ocrx_word' id='word_1_731' title='bbox 952 5637 1059 5693; x_wconf 91' lang='lat' dir='ltr'><strong>per</strong></span> <span class='ocrx_word' id='word_1_732' title='bbox 1076 5622 1256 5676; x_wconf 91' lang='lat' dir='ltr'><strong>latum</strong></span> <span class='ocrx_word' id='word_1_733' title='bbox 1277 5626 1471 5677; x_wconf 88' lang='lat' dir='ltr'><strong>autem</strong></span> <span class='ocrx_word' id='word_1_734' title='bbox 1496 5623 1755 5694; x_wconf 90' lang='lat' dir='ltr'><strong>quadra-</strong></span> 
     </span>
    </p>
   </div>
   <div class='ocr_carea' id='block_1_107' title="bbox 66 5696 1757 5787">
    <p class='ocr_par' dir='ltr' id='par_1_107' title="bbox 66 5696 1757 5787">
     <span class='ocr_line' id='line_1_107' title="bbox 66 5696 1757 5787; baseline 0.01 -34"><span class='ocrx_word' id='word_1_735' title='bbox 66 5696 71 5787; x_wconf 32' lang='grc' dir='ltr'><strong>ἰ</strong></span> <span class='ocrx_word' id='word_1_736' title='bbox 114 5697 247 5769; x_wconf 76' lang='lat' dir='ltr'><strong>ginta</strong></span> <span class='ocrx_word' id='word_1_737' title='bbox 281 5709 339 5761; x_wconf 89' lang='lat' dir='ltr'><strong>et</strong></span> <span class='ocrx_word' id='word_1_738' title='bbox 366 5721 603 5779; x_wconf 86' lang='lat' dir='ltr'><strong>novem,</strong></span> <span class='ocrx_word' id='word_1_739' title='bbox 656 5724 766 5781; x_wconf 91' lang='lat' dir='ltr'><strong>per</strong></span> <span class='ocrx_word' id='word_1_740' title='bbox 800 5710 982 5766; x_wconf 88' lang='lat' dir='ltr'><strong>altum</strong></span> <span class='ocrx_word' id='word_1_741' title='bbox 1030 5727 1174 5768; x_wconf 89' lang='lat' dir='ltr'><strong>vero</strong></span> <span class='ocrx_word' id='word_1_742' title='bbox 1217 5711 1457 5769; x_wconf 89' lang='lat' dir='ltr'><strong>circiter</strong></span> <span class='ocrx_word' id='word_1_743' title='bbox 1492 5715 1757 5787; x_wconf 81' lang='lat' dir='ltr'><strong>septem;</strong></span> 
     </span>
    </p>
   </div>
   <div class='ocr_carea' id='block_1_108' title="bbox 1859 4823 3519 4895">
    <p class='ocr_par' dir='ltr' id='par_1_108' title="bbox 1859 4823 3519 4895">
     <span class='ocr_line' id='line_1_108' title="bbox 1859 4823 3519 4895; baseline 0.001 -17"><span class='ocrx_word' id='word_1_744' title='bbox 1859 4824 2160 4887; x_wconf 88' lang='lat' dir='ltr'><strong>deberent;</strong></span> <span class='ocrx_word' id='word_1_745' title='bbox 2196 4824 2401 4892; x_wconf 90' lang='lat' dir='ltr'><strong>sicque</strong></span> <span class='ocrx_word' id='word_1_746' title='bbox 2426 4823 2550 4893; x_wconf 87' lang='lat' dir='ltr'><strong>jam</strong></span> <span class='ocrx_word' id='word_1_747' title='bbox 2595 4823 2827 4877; x_wconf 89' lang='lat' dir='ltr'><strong>tandem</strong></span> <span class='ocrx_word' id='word_1_748' title='bbox 2861 4824 3096 4894; x_wconf 90' lang='lat' dir='ltr'><strong>fratres,</strong></span> <span class='ocrx_word' id='word_1_749' title='bbox 3139 4827 3235 4895; x_wconf 90' lang='lat' dir='ltr'><strong>qui</strong></span> <span class='ocrx_word' id='word_1_750' title='bbox 3273 4830 3519 4880; x_wconf 88' lang='lat' dir='ltr'><strong>eatenus</strong></span> 
     </span>
    </p>
   </div>
   <div class='ocr_carea' id='block_1_109' title="bbox 1861 4911 3523 4986">
    <p class='ocr_par' dir='ltr' id='par_1_109' title="bbox 1861 4911 3523 4986">
     <span class='ocr_line' id='line_1_109' title="bbox 1861 4911 3523 4986; baseline 0.001 -20"><span class='ocrx_word' id='word_1_751' title='bbox 1861 4928 2044 4982; x_wconf 90' lang='lat' dir='ltr'><strong>super</strong></span> <span class='ocrx_word' id='word_1_752' title='bbox 2062 4916 2142 4965; x_wconf 92' lang='lat' dir='ltr'><strong>tot</strong></span> <span class='ocrx_word' id='word_1_753' title='bbox 2174 4912 2458 4981; x_wconf 89' lang='lat' dir='ltr'><strong>operibus</strong></span> <span class='ocrx_word' id='word_1_754' title='bbox 2478 4911 2795 4981; x_wconf 73' lang='lat' dir='ltr'><strong>inquietati</strong></span> <span class='ocrx_word' id='word_1_755' title='bbox 2808 4929 2875 4966; x_wconf 89' lang='lat' dir='ltr'><strong>ac</strong></span> <span class='ocrx_word' id='word_1_756' title='bbox 2904 4914 3523 4986; x_wconf 88' lang='lat' dir='ltr'><strong>molestatiplusquam</strong></span> 
     </span>
    </p>
   </div>
   <div class='ocr_carea' id='block_1_110' title="bbox 1861 5001 3521 5073">
    <p class='ocr_par' dir='ltr' id='par_1_110' title="bbox 1861 5001 3521 5073">
     <span class='ocr_line' id='line_1_110' title="bbox 1861 5001 3521 5073; baseline 0.001 -19"><span class='ocrx_word' id='word_1_757' title='bbox 1861 5001 2009 5055; x_wconf 89' lang='lat' dir='ltr'><strong>satis</strong></span> <span class='ocrx_word' id='word_1_758' title='bbox 2040 5002 2402 5069; x_wconf 88' lang='lat' dir='ltr'><strong>exstiterant,</strong></span> <span class='ocrx_word' id='word_1_759' title='bbox 2432 5004 2754 5069; x_wconf 81' lang='lat' dir='ltr'><strong>opportuna</strong></span> <span class='ocrx_word' id='word_1_760' title='bbox 2785 5003 2957 5055; x_wconf 87' lang='lat' dir='ltr'><strong>simul</strong></span> <span class='ocrx_word' id='word_1_761' title='bbox 2983 5007 3282 5056; x_wconf 87' lang='lat' dir='ltr'><strong>etamcena</strong></span> <span class='ocrx_word' id='word_1_762' title='bbox 3303 5004 3521 5073; x_wconf 83' lang='lat' dir='ltr'><strong>quietis</strong></span> 
     </span>
    </p>
   </div>
   <div class='ocr_carea' id='block_1_111' title="bbox 1863 5090 3521 5162">
    <p class='ocr_par' dir='ltr' id='par_1_111' title="bbox 1863 5090 3521 5162">
     <span class='ocr_line' id='line_1_111' title="bbox 1863 5090 3521 5162; baseline 0.003 -19"><span class='ocrx_word' id='word_1_763' title='bbox 1863 5091 2114 5144; x_wconf 87' lang='lat' dir='ltr'><strong>statione</strong></span> <span class='ocrx_word' id='word_1_764' title='bbox 2136 5090 2381 5159; x_wconf 91' lang='lat' dir='ltr'><strong>locatos,</strong></span> <span class='ocrx_word' id='word_1_765' title='bbox 2415 5090 2605 5143; x_wconf 88' lang='lat' dir='ltr'><strong>ordini</strong></span> <span class='ocrx_word' id='word_1_766' title='bbox 2627 5090 2698 5143; x_wconf 90' lang='lat' dir='ltr'><strong>de</strong></span> <span class='ocrx_word' id='word_1_767' title='bbox 2734 5094 2951 5143; x_wconf 63' lang='lat' dir='ltr'><strong>caetero</strong></span> <span class='ocrx_word' id='word_1_768' title='bbox 2984 5090 3264 5161; x_wconf 88' lang='lat' dir='ltr'><strong>regulari,</strong></span> <span class='ocrx_word' id='word_1_769' title='bbox 3307 5096 3521 5162; x_wconf 87' lang='lat' dir='ltr'><strong>quanto</strong></span> 
     </span>
    </p>
   </div>
   <div class='ocr_carea' id='block_1_112' title="bbox 1865 5177 3523 5251">
    <p class='ocr_par' dir='ltr' id='par_1_112' title="bbox 1865 5177 3523 5251">
     <span class='ocr_line' id='line_1_112' title="bbox 1865 5177 3523 5251; baseline 0.002 -18"><span class='ocrx_word' id='word_1_770' title='bbox 1865 5178 2192 5233; x_wconf 91' lang='lat' dir='ltr'><strong>ordinatius</strong></span> <span class='ocrx_word' id='word_1_771' title='bbox 2229 5182 2387 5232; x_wconf 90' lang='lat' dir='ltr'><strong>tanto</strong></span> <span class='ocrx_word' id='word_1_772' title='bbox 2441 5177 2771 5232; x_wconf 89' lang='lat' dir='ltr'><strong>districtius</strong></span> <span class='ocrx_word' id='word_1_773' title='bbox 2827 5193 3065 5247; x_wconf 88' lang='lat' dir='ltr'><strong>operam</strong></span> <span class='ocrx_word' id='word_1_774' title='bbox 3125 5179 3266 5233; x_wconf 89' lang='lat' dir='ltr'><strong>dare</strong></span> <span class='ocrx_word' id='word_1_775' title='bbox 3313 5183 3523 5251; x_wconf 86' lang='lat' dir='ltr'><strong>perdo-</strong></span> 
     </span>
    </p>
   </div>
   <div class='ocr_carea' id='block_1_113' title="bbox 1862 5267 2000 5321">
    <p class='ocr_par' dir='ltr' id='par_1_113' title="bbox 1862 5267 2000 5321">
     <span class='ocr_line' id='line_1_113' title="bbox 1862 5267 2000 5321; baseline 0 0"><span class='ocrx_word' id='word_1_776' title='bbox 1862 5267 2000 5321; x_wconf 90' lang='lat' dir='ltr'><strong>cuit.</strong></span> 
     </span>
    </p>
   </div>
   <div class='ocr_carea' id='block_1_114' title="bbox 1933 5354 3525 5426">
    <p class='ocr_par' dir='ltr' id='par_1_114' title="bbox 1933 5354 3525 5426">
     <span class='ocr_line' id='line_1_114' title="bbox 1933 5354 3525 5426; baseline 0.003 -17"><span class='ocrx_word' id='word_1_777' title='bbox 1933 5355 2042 5409; x_wconf 89' lang='lat' dir='ltr'><strong>His</strong></span> <span class='ocrx_word' id='word_1_778' title='bbox 2071 5354 2254 5426; x_wconf 90' lang='lat' dir='ltr'><strong>igitur</strong></span> <span class='ocrx_word' id='word_1_779' title='bbox 2272 5355 2546 5410; x_wconf 91' lang='lat' dir='ltr'><strong>omnibus</strong></span> <span class='ocrx_word' id='word_1_780' title='bbox 2577 5370 2651 5408; x_wconf 84' lang='lat' dir='ltr'><strong>ex</strong></span> <span class='ocrx_word' id='word_1_781' title='bbox 2671 5357 2806 5410; x_wconf 92' lang='lat' dir='ltr'><strong>voto</strong></span> <span class='ocrx_word' id='word_1_782' title='bbox 2836 5354 3139 5426; x_wconf 87' lang='lat' dir='ltr'><strong>perfectis,</strong></span> <span class='ocrx_word' id='word_1_783' title='bbox 3160 5359 3525 5414; x_wconf 87' lang='lat' dir='ltr'><strong>etinteriori-</strong></span> 
     </span>
    </p>
   </div>
   <div class='ocr_carea' id='block_1_115' title="bbox 1859 5443 3523 5519">
    <p class='ocr_par' dir='ltr' id='par_1_115' title="bbox 1859 5443 3523 5519">
     <span class='ocr_line' id='line_1_115' title="bbox 1859 5443 3523 5519; baseline 0.004 -21"><span class='ocrx_word' id='word_1_784' title='bbox 1859 5444 1975 5499; x_wconf 91' lang='lat' dir='ltr'><strong>bus</strong></span> <span class='ocrx_word' id='word_1_785' title='bbox 2007 5444 2252 5497; x_wconf 90' lang='lat' dir='ltr'><strong>fratrum</strong></span> <span class='ocrx_word' id='word_1_786' title='bbox 2292 5443 2548 5498; x_wconf 82' lang='lat' dir='ltr'><strong>ofﬁcinis</strong></span> <span class='ocrx_word' id='word_1_787' title='bbox 2591 5444 3033 5515; x_wconf 91' lang='lat' dir='ltr'><strong>decentissime,</strong></span> <span class='ocrx_word' id='word_1_788' title='bbox 3068 5450 3129 5501; x_wconf 92' lang='lat' dir='ltr'><strong>ut</strong></span> <span class='ocrx_word' id='word_1_789' title='bbox 3179 5452 3523 5519; x_wconf 84' lang='lat' dir='ltr'><strong>optaverat,</strong></span> 
     </span>
    </p>
   </div>
   <div class='ocr_carea' id='block_1_116' title="bbox 1863 5532 3529 5602">
    <p class='ocr_par' dir='ltr' id='par_1_116' title="bbox 1863 5532 3529 5602">
     <span class='ocr_line' id='line_1_116' title="bbox 1863 5532 3529 5602; baseline 0.003 -14"><span class='ocrx_word' id='word_1_790' title='bbox 1863 5533 2313 5602; x_wconf 90' lang='lat' dir='ltr'><strong>consummatis,</strong></span> <span class='ocrx_word' id='word_1_791' title='bbox 2346 5532 2419 5585; x_wconf 91' lang='lat' dir='ltr'><strong>ad</strong></span> <span class='ocrx_word' id='word_1_792' title='bbox 2452 5532 2746 5587; x_wconf 91' lang='lat' dir='ltr'><strong>exteriora</strong></span> <span class='ocrx_word' id='word_1_793' title='bbox 2777 5549 2843 5587; x_wconf 92' lang='lat' dir='ltr'><strong>se</strong></span> <span class='ocrx_word' id='word_1_794' title='bbox 2866 5533 3247 5591; x_wconf 87' lang='lat' dir='ltr'><strong>nihilominus</strong></span> <span class='ocrx_word' id='word_1_795' title='bbox 3281 5538 3529 5593; x_wconf 81' lang='lat' dir='ltr'><strong>aedificia</strong></span> 
     </span>
    </p>
   </div>
   <div class='ocr_carea' id='block_1_117' title="bbox 1863 5620 3528 5697">
    <p class='ocr_par' dir='ltr' id='par_1_117' title="bbox 1863 5620 3528 5697">
     <span class='ocr_line' id='line_1_117' title="bbox 1863 5620 3528 5697; baseline 0.002 -20"><span class='ocrx_word' id='word_1_796' title='bbox 1863 5622 2212 5677; x_wconf 89' lang='lat' dir='ltr'><strong>monasterii</strong></span> <span class='ocrx_word' id='word_1_797' title='bbox 2225 5621 2583 5691; x_wconf 86' lang='lat' dir='ltr'><strong>perﬁcienda</strong></span> <span class='ocrx_word' id='word_1_798' title='bbox 2599 5620 2852 5695; x_wconf 90' lang='lat' dir='ltr'><strong>impiger</strong></span> <span class='ocrx_word' id='word_1_799' title='bbox 2872 5640 2940 5678; x_wconf 91' lang='lat' dir='ltr'><strong>ac</strong></span> <span class='ocrx_word' id='word_1_800' title='bbox 2960 5625 3132 5680; x_wconf 86' lang='lat' dir='ltr'><strong>fortis</strong></span> <span class='ocrx_word' id='word_1_801' title='bbox 3155 5626 3528 5697; x_wconf 60' lang='lat' dir='ltr'><strong>accingitAb</strong></span> 
     </span>
    </p>
   </div>
   <div class='ocr_carea' id='block_1_118' title="bbox 1864 5711 3529 5788">
    <p class='ocr_par' dir='ltr' id='par_1_118' title="bbox 1864 5711 3529 5788">
     <span class='ocr_line' id='line_1_118' title="bbox 1864 5711 3529 5788; baseline 0 -18"><span class='ocrx_word' id='word_1_802' title='bbox 1864 5711 2217 5770; x_wconf 88' lang='lat' dir='ltr'><strong>occidentali</strong></span> <span class='ocrx_word' id='word_1_803' title='bbox 2242 5711 2427 5788; x_wconf 88' lang='lat' dir='ltr'><strong>igitur</strong></span> <span class='ocrx_word' id='word_1_804' title='bbox 2454 5714 2618 5785; x_wconf 90' lang='lat' dir='ltr'><strong>parte</strong></span> <span class='ocrx_word' id='word_1_805' title='bbox 2636 5711 2889 5785; x_wconf 89' lang='lat' dir='ltr'><strong>primum</strong></span> <span class='ocrx_word' id='word_1_806' title='bbox 2912 5715 3228 5772; x_wconf 89' lang='lat' dir='ltr'><strong>maceriam</strong></span> <span class='ocrx_word' id='word_1_807' title='bbox 3257 5715 3529 5770; x_wconf 81' lang='lat' dir='ltr'><strong>firmissi-</strong></span> 
     </span>
    </p>
   </div>
  </div>
