3988 6176
481 352 602 417 947

1483 347 1757 410 GESTA
1797 345 2217 411 DESIDERII
2254 343 2613 411 ABBATIS
2656 346 2900 409 CASIN

3730 356 3824 420 948

2770 510 2811 533 ο

484 570 641 609 mam
692 553 953 626 erigens,
996 554 1230 623 portam
1261 566 1410 620 pene
1441 551 1672 605 cubitos
1702 551 1945 622 triginta
1975 553 2145 604 extra
2169 536 2221 598 Α
2259 548 2490 603 loribus
2512 548 3060 620 pietorumingenio
3072 548 3424 617 decoratum,
3446 549 3822 608 ibidemexstrui

488 646 751 698 veterem
798 642 869 696 de
928 640 1233 712 quadratis
1263 656 1332 693 ac
1381 642 1564 694 sectis
1596 639 1890 709 lapidibus
1922 639 2142 705 statuit,

484 747 667 801 supra
695 746 870 801 quam
900 733 1122 783 turrem
1152 728 1540 782 fortissimam
1566 728 1625 781 in
1644 730 1895 797 quatuor
1913 727 2145 798 magnis

485 818 779 872 columnis
810 820 1064 871 erectam
1093 816 1316 884 ingenti
1340 831 1570 869 camera
1605 814 1990 869 conﬁrmavit.
2030 814 2148 867 Ve-

488 922 644 977 rum,
669 922 801 960 cum
819 905 1083 959 exterius
1108 904 1491 973 pracipitium
1522 907 1747 973 pateret
1776 903 2147 971 immensum,

488 993 752 1048 tumulus
783 1009 924 1047 vero
940 992 1187 1046 interius
1209 1007 1461 1062 magnus
1475 992 1779 1059 existeret,
1796 1006 1865 1045 eo
1880 990 2146 1057 defosso,

486 1082 877 1151 pracipitium
915 1080 1060 1133 illud
1099 1081 1263 1133 saxis
1297 1080 1429 1149 ejus
1463 1083 1518 1133 et
1550 1082 1724 1148 terra,
1761 1080 1987 1132 clivoso
2017 1078 2154 1131 licet

486 1172 737 1239 tramite,
767 1170 1033 1238 pervium
1067 1168 1237 1236 fecit;
1266 1168 1465 1238 ibique
1490 1166 1682 1237 juxta,
1728 1171 1893 1221 extra
1924 1170 2152 1236 portam

489 1258 739 1327 scilicet,
760 1256 1191 1311 xenodochium
1223 1256 1540 1309 maximum
1574 1256 1905 1309 fabricavit.
1953 1255 2152 1325 Itaque

492 1346 727 1399 demum
760 1346 897 1398 hinc
929 1345 1063 1397 inde
1082 1360 1248 1398 muro
1281 1345 1558 1415 contigue
1591 1360 1658 1397 ac
1681 1344 1980 1411 civitatum
1995 1358 2157 1397 more

494 1435 717 1488 munito
747 1434 1093 1487 universum
1125 1432 1545 1485 monasterium
1578 1431 2014 1500 circumsepsit.
2038 1431 2156 1484 De-

499 1521 638 1576 hinc
666 1521 985 1591 aquilonali
1013 1522 1176 1589 parte
1206 1519 1480 1588 palatium
1509 1519 1848 1589 quantitatis
1880 1533 1997 1571 non
2028 1532 2158 1571 mo-

490 1608 640 1663 dica
670 1609 745 1662 ad
776 1608 1076 1677 hospitum
1105 1607 1882 1678 quorumquereceptionem
1907 1606 2161 1680 adifica-

494 1697 616 1767 vit;
646 1697 961 1767 pristinum
992 1711 1225 1765 quoque
1257 1699 1416 1749 tanto
1448 1695 1665 1748 decore
1697 1695 2049 1762 construxit,
2100 1699 2163 1749 ut

495 1785 663 1840 multi
692 1784 1149 1855 peregrinorum
1192 1783 1306 1836 huc
1363 1782 1741 1853 venientium,
1793 1784 2159 1854 ignorantes,

2256 635 2463 707 jussit.
2492 639 2642 691 Ante
2672 637 2864 707 ipsius
2894 652 3147 707 namque
3178 637 3337 691 Beati
3367 637 3575 692 Martini
3618 640 3827 696 altarium

2263 725 2521 779 tabulam
2553 730 2891 796 argenteam
2922 741 2989 779 ac
3020 726 3373 795 deauratam,
3405 730 3457 780 et
3510 727 3831 796 pulcherrime

2264 813 2574 883 sculptam,
2605 816 2856 883 quatuor
2884 817 2941 867 et
2975 813 3363 884 quadraginta
3388 814 3558 869 libras
3584 815 3832 870 habentem

2268 901 2613 955 Desiderius
2628 904 2845 971 patrari
2868 902 3182 969 mandavit,
3208 903 3266 956 in
3279 918 3388 973 qua
3409 918 3595 957 omnes
3623 902 3724 957 fere
3734 904 3833 958 bea-

2268 990 2310 1043 ti
2343 990 2728 1060 evangelista
2748 990 3004 1045 Matthai
3031 993 3088 1044 et
3099 992 3289 1044 sancti
3311 991 3649 1046 confessoris
3668 992 3835 1047 Christi

2268 1077 2501 1131 Martini
2519 1077 2848 1147 desculpsit
2866 1078 3171 1133 historias.
3191 1077 3353 1132 Fecit
3374 1083 3617 1148 etportas
3632 1081 3837 1135 areasin

2269 1166 2552 1236 ingressu
2566 1165 2617 1235 ej
2627 1166 2836 1220 usdem
2867 1166 3161 1221 ecclesia.
3186 1166 3361 1221 Juxta
3377 1167 3620 1221 eamdem
3636 1184 3751 1222 vero
3768 1169 3841 1221 ba-

2270 1254 2501 1308 silicam
2557 1255 3024 1308 mansiunculam
3081 1255 3140 1308 in
3189 1270 3306 1324 qua
3334 1254 3456 1324 ipse
3483 1260 3708 1310 maneret
3733 1272 3839 1310 con-

2271 1347 2533 1411 struens,
2557 1342 2826 1396 trabibus
2858 1343 3145 1412 appositis
3162 1342 3380 1413 tegulis
3393 1344 3630 1414 desuper
3650 1346 3840 1413 operuit.

2273 1431 2415 1484 Hac
2446 1430 2567 1493 ubi.
2600 1435 2952 1500 cooperante
2984 1430 3435 1500 Domino,prout
3455 1436 3720 1500 optaverat
3743 1448 3841 1486 con-

2273 1518 2608 1586 summavit,
2664 1519 2824 1572 Beati
2869 1518 3281 1573 Bartholomai
3314 1519 3600 1572 basilicam
3635 1519 3847 1573 cumim-

2272 1610 2427 1661 trum
2457 1606 2740 1660 universo
2771 1610 3066 1661 conventu
3103 1607 3277 1661 tertio
3308 1606 3503 1661 Nonas
3547 1608 3803 1661 Januarias
3824 1623 3847 1659 a

2272 1696 2523 1760 Joanne,
2558 1694 2741 1765 hujus
2758 1698 2890 1748 ante
2924 1695 3180 1749 canobii
3209 1694 3509 1763 monacho,
3530 1699 3654 1765 post
3676 1694 3848 1749 Sorano

2272 1783 2553 1852 episcopo
2599 1782 2737 1837 fecit
2786 1782 3431 1852 solemniterdedicari;
3473 1783 3529 1836 in
3555 1783 3705 1853 cujus
3729 1782 3849 1836 altari

499 1872 674 1944 quasi
690 1873 764 1926 ad
795 1871 1108 1926 ecclesiam
1127 1871 1351 1939 sapius
1366 1870 1504 1924 illuc
1523 1871 1742 1925 oraturi
1758 1870 2159 1925 convenerint.
2194 1901 2242 1966 Β
2273 1871 2583 1941 apostolicr
2614 1871 2880 1940 corporis
2894 1874 3117 1940 partem
3135 1886 3255 1925 non
3277 1871 3546 1943 exiguam
3572 1872 3623 1925 in
3639 1874 3852 1942 argentea

499 1961 637 2016 Non
666 1960 959 2025 cessabat,
985 1959 1121 2012 dum
1143 1959 1257 2012 ista
1290 1961 1626 2029 agerentur,
1655 1958 2004 2013 Desiderius
2037 1974 2168 2013 con-

504 2047 811 2120 quirendis
843 2047 1115 2100 ecclesia
1165 2046 1526 2101 ornamentis
1563 2046 1865 2115 insudare,
1894 2051 1951 2100 et
1994 2046 2172 2101 unde-

505 2151 739 2207 cunque
758 2137 981 2205 posset,
1004 2134 1459 2204 quibuscumque
1486 2137 1691 2204 posset
1722 2134 2003 2205 ingeniis,
2037 2150 2170 2204 qua

507 2226 643 2297 ejus
668 2229 798 2294 apta
821 2226 1027 2278 essent
1056 2223 1475 2291 pulchritudini
1514 2238 1884 2292 comparare.

576 2312 854 2368 Ecclesia
903 2310 963 2365 S.
999 2311 1256 2364 Martini
1296 2312 1683 2365 construitur.
1724 2310 2071 2366 Dedicatur.
2104 2340 2173 2350 —

509 2400 748 2456 Christo
797 2399 978 2471 igitur
1033 2399 1203 2465 duce,
1256 2400 1448 2453 omnia
1478 2400 1613 2466 sibi,
1645 2403 1819 2468 prout
1848 2402 2169 2469 optaverat,

510 2489 789 2543 evenisse
820 2502 1197 2558 cognoscens
1214 2487 1349 2540 hinc
1379 2488 1451 2540 ad
1481 2488 1795 2541 ecclesiam
1828 2488 1989 2542 Beati
2021 2487 2174 2541 Mar-

510 2577 640 2644 tini,
673 2592 806 2647 qua
829 2574 954 2630 sola
974 2575 1096 2629 fere
1112 2574 1235 2646 jam
1258 2575 1408 2629 intra
1431 2577 1773 2631 monasterii
1790 2576 2072 2630 ambitum
2102 2576 2173 2629 de

514 2664 818 2718 veteribus
841 2660 1109 2717 adiﬁciis
1141 2667 1524 2731 remanserat,
1566 2664 1963 2719 renovandam
1991 2667 2175 2717 totum

519 2767 624 2807 cor
653 2751 998 2805 Desiderius
1012 2751 1204 2805 vertit.
1226 2751 1427 2804 Diruta
1441 2767 1692 2822 namque
1710 2752 1891 2821 priori
1905 2751 2177 2822 ejusdem

518 2840 684 2895 Beati
715 2840 949 2893 Martini
993 2839 1259 2908 basilica,
1288 2839 1587 2910 jactisque
1616 2841 1675 2893 in
1705 2840 1926 2895 Christi
1947 2841 2181 2895 nomine

521 2928 940 2996 fundamentis,
976 2928 1153 2996 coepit
1183 2926 1453 2997 ejusdem
1484 2928 1756 2982 ecclesia
1807 2929 2094 2983 fabricam
2122 2928 2182 2982 in

520 3016 889 3088 longitudine
904 3015 1236 3069 cubitorum
1249 3015 1421 3069 trium
1441 3019 1498 3069 et
1509 3016 1916 3089 quadraginta,
1931 3017 2184 3071 latitudi-

523 3121 599 3160 ne
627 3105 836 3176 viginti
865 3108 920 3158 et
942 3107 1093 3171 octo,
1119 3104 1422 3158 altitudine
1452 3105 1661 3176 viginti
1691 3109 1748 3159 et
1778 3110 2059 3176 quatuor;
2095 3106 2185 3159 fe-

524 3196 761 3249 nestras
783 3208 925 3247 vero
943 3192 1016 3247 ab
1037 3192 1345 3246 unolatere
1364 3208 1595 3262 novem,
1612 3194 1683 3247 ab
1704 3194 1885 3248 altero
1910 3194 2182 3263 totidem;

524 3282 793 3352 porticus
824 3281 997 3335 etiam
1028 3281 1337 3351 utriusque
1366 3281 1623 3351 parietes
1655 3283 1714 3335 in
1743 3282 2047 3337 sexdecim
2078 3298 2186 3336 cu-

526 3371 783 3426 bitorum
837 3369 1139 3423 altitudine
1196 3369 1457 3439 erigens,
1510 3369 1790 3425 fenestris
1824 3374 2096 3441 quatuor,
2130 3373 2187 3425 et

528 3462 780 3530 quatuor
810 3456 1164 3526 totidemque
1185 3455 1257 3509 ab
1285 3455 1466 3511 altero
1498 3458 1785 3528 distinxit,
1819 3462 1875 3514 et
1903 3460 2036 3514 illas
2067 3460 2190 3531 qui-

530 3548 664 3602 dem
694 3562 826 3617 qua
857 3546 916 3598 in
946 3545 1079 3597 navi
1110 3548 1267 3613 sunt,
1292 3545 1530 3613 plumbo
1563 3547 1741 3602 simul
1770 3553 1828 3602 et
1848 3549 2000 3603 vitro
2032 3564 2191 3603 com-

529 3633 722 3706 pactis
751 3631 968 3686 tabulis
1002 3631 1161 3685 ferro
1192 3631 1391 3702 ligatis
1421 3632 1679 3687 inclusit.
1713 3634 1778 3688 In
1820 3634 2188 3705 frontispicio

531 3737 709 3793 porro
740 3719 1013 3791 ejusdem
1034 3719 1305 3773 ecclesia
1329 3719 1622 3777 fenestras
1651 3724 1794 3792 tres,
1828 3739 1897 3777 ac
1924 3740 2100 3778 unam
2130 3725 2191 3780 in

533 3810 743 3866 absida
782 3808 1177 3877 distinguens,
1212 3808 1424 3862 similis
1447 3810 1681 3865 decoris
1708 3814 1927 3881 patrari
1955 3815 2189 3870 manda-

531 3899 635 3953 vit.
670 3898 807 3952 Illas
858 3900 1050 3951 autem
1097 3913 1230 3967 qua
1285 3898 1345 3950 in
1375 3898 1700 3966 porticibus
1746 3904 1902 3971 sunt,
1932 3918 2190 3973 gypseae

530 3987 788 4059 quidem,
821 3987 946 4056 pari
966 4002 1107 4040 vero
1123 3987 1333 4040 decore
1349 3990 1695 4042 construxit.
1718 3989 2035 4046 Columnas
2047 3980 2190 4048 vero

532 4091 745 4130 novem
791 4074 864 4128 ab
896 4091 1010 4128 uno
1057 4074 1258 4142 latere,
1283 4075 1641 4146 totidemque
1663 4077 1735 4131 ab
1766 4079 1949 4133 altero
1980 4081 2186 4135 erexit.

532 4162 721 4219 Secus
775 4163 965 4233 ipsam
1023 4179 1257 4234 quoque
1289 4163 1603 4218 ecclesiam
1651 4170 1891 4221 curvato
1941 4169 2186 4239 pariete,

532 4251 775 4307 brevem
805 4252 1041 4323 quidem
1075 4252 1180 4306 sed
1210 4252 1624 4323 perpulchram
1655 4254 1912 4332 domum,
1942 4258 2013 4310 ad
2032 4256 2189 4327 ejus-

534 4341 668 4395 dein
724 4341 995 4396 ecclesia
1050 4341 1440 4396 ministerium
1490 4344 1839 4399 construxit.
1882 4343 2191 4402 Cancellos

530 4445 675 4484 vero
701 4429 966 4499 lapideos
987 4433 1121 4483 ante
1146 4429 1307 4483 Beati
1345 4430 1580 4484 Martini
1608 4431 1877 4487 altarium
1908 4434 2191 4492 miriﬁcos

528 4518 752 4589 patrari
780 4517 953 4586 fecit;
986 4518 1253 4571 absidam
1282 4522 1476 4572 autem
1504 4521 1737 4575 musivo
1756 4522 2192 4579 decenterves-

2276 1958 2603 2013 recondidit
2634 1974 2842 2029 capsa,
2866 1959 2922 2012 in
2957 1975 3070 2030 qua
3092 1959 3268 2013 etiam
3285 1958 3394 2014 has
3409 1959 3667 2030 reliquias
3685 1959 3845 2029 posuit,

2276 2046 2349 2100 de
2378 2046 2569 2116 lapide
2598 2049 2785 2101 sancti
2815 2046 3105 2117 Sepulcri,
3137 2052 3193 2102 et
3223 2052 3558 2102 sanctorum
3592 2047 3795 2102 Joannis
3816 2050 3854 2100 et

2277 2134 2465 2204 Pauli,
2492 2134 2937 2203 Viti,Januarii,
2965 2134 3261 2189 Hermetis
3282 2139 3339 2189 et
3358 2134 3719 2207 Quadraginta
3744 2149 3854 2187 mar-

2279 2224 2492 2292 tyrum.
2518 2222 2834 2277 Enimvero
2857 2224 3031 2277 tanta
3059 2223 3216 2294 apud
3249 2224 3570 2277 Romanum
3596 2221 3855 2293 pontiﬁcem

2283 2310 2630 2365 Desiderius
2661 2311 3027 2365 auctoritatis
3048 2311 3377 2366 habebatur
3414 2316 3469 2366 et
3498 2311 3700 2383 gratia,
3727 2313 3789 2377 ut,
3818 2309 3857 2361 in

2284 2399 2737 2470 quibuscunque
2765 2398 2942 2452 vellet
2969 2400 3210 2469 proprio
3226 2403 3465 2470 pastore
3486 2399 3712 2453 viduatis
3730 2396 3862 2450 eccle-

2286 2487 2395 2541 siis
2451 2486 2546 2540 vel
2577 2486 2886 2555 coenobiis,
2911 2486 3075 2557 juris
3116 2489 3171 2542 ei
3199 2492 3367 2542 esset
3396 2488 3521 2542 suis
3550 2502 3619 2540 ex
3646 2485 3859 2540 fratribus

2286 2576 2602 2645 episcOpos
2622 2574 2982 2629 substituere
3012 2575 3104 2630 vel
3135 2576 3405 2631 abbates.
3440 2576 3567 2630 Non
3592 2575 3745 2628 multo
3768 2575 3861 2643 post

2286 2663 2416 2717 hac
2446 2664 2727 2733 temporis
2762 2663 3016 2733 evoluto,
3043 2663 3329 2719 adiculas
3360 2680 3585 2736 quoque
3610 2664 3860 2732 illas,quas

2287 2752 2475 2806 instar
2513 2751 2763 2805 turrium
2791 2750 2852 2805 in
2873 2752 3007 2806 atrii
3031 2752 3289 2808 diximus
3321 2754 3551 2825 angulis
3569 2751 3862 2815 constitutas,

2288 2840 2530 2895 alteram
2578 2840 2650 2894 ab
2701 2840 2908 2895 eodem
2948 2841 3196 2911 Joanne,
3232 2842 3472 2897 alteram
3502 2858 3533 2896 a
3578 2842 3748 2896 Leone
3771 2837 3870 2893 fecit

2289 2929 2619 2999 Aquinensi
2677 2928 2958 2999 episcopo
3017 2945 3231 3001 magna
3263 2946 3398 2985 cum
3442 2931 3629 2986 latitia
3655 2926 3866 2992 dedicari,
3948 3000 3949 3003 η

2291 3022 2499 3089 quarto
2533 3017 2673 3071 Idus
2702 3018 3092 3088 Septembris.
3153 3018 3309 3074 Sane
3340 3021 3400 3074 in
3429 3020 3588 3074 altari
3632 3017 3768 3072 Beati
3803 3030 3871 3068 ar-

2293 3106 2566 3177 changeli
2590 3105 2895 3160 Michaelis
2926 3106 3212 3178 reliquias
3224 3109 3488 3162 condidit
3500 3109 3793 3162 sanctorum
3804 3102 3871 3154 Ni-

2295 3195 2498 3249 candri
2526 3197 2583 3248 et
2604 3194 2907 3265 Marciani,
2937 3194 3184 3250 Joannis
3215 3199 3274 3250 et
3292 3197 3477 3267 Pauli,
3504 3196 3628 3260 Viti,
3657 3189 3873 3247 Mercurii

2295 3286 2353 3339 et
2382 3283 2730 3352 Gatharina,
2765 3286 2822 3337 et
2870 3283 3159 3338 vocabula
3215 3291 3555 3341 sanctorum
3589 3281 3875 3354 Apollinaris

2298 3372 2584 3443 episcopi,
2620 3371 2824 3426 Prothi
2854 3374 2912 3426 et
2940 3372 3276 3444 Hiacinthi;
3309 3373 3493 3429 altare
3509 3388 3640 3428 vero
3659 3367 3876 3442 principis

2296 3460 2699 3530 apostolorum
2717 3460 2836 3514 Leo
2850 3461 3215 3532 Aquinensis
3228 3462 3551 3533 episcopus
3567 3462 3740 3515 divino
3751 3456 3877 3512 nomi-

2299 3550 2382 3620 ni,
2413 3550 2543 3620 ipso
2575 3549 2789 3604 domno
2812 3549 3022 3604 abbate
3042 3550 3423 3623 omniumque
3440 3551 3877 3619 fratrumprasen-

2299 3644 2356 3694 te
2385 3641 2698 3707 conventu,
2732 3654 2865 3693 cum
2893 3654 3108 3711 magna
3148 3640 3355 3695 latitia
3397 3644 3454 3695 et
3498 3640 3773 3696 devotione
3803 3649 3871 3688 sa-

2303 3729 2506 3782 cravit.
2540 3727 2606 3780 In
2636 3727 2844 3781 eodem
2874 3742 3019 3781 vero
3039 3728 3245 3783 altario
3278 3729 3595 3784 recondita
3633 3729 3752 3782 sunt
3780 3720 3878 3776 reli-

2304 3818 2458 3887 quia
2487 3818 2652 3870 ista:
2688 3816 2761 3870 de
2782 3815 3042 3886 quinque
3069 3816 3326 3887 panibus
3354 3817 3707 3884 hordeaceis,
3722 3818 3767 3868 et
3782 3825 3880 3865 san-

2305 3908 2531 3961 ctorum
2563 3904 2962 3975 apostolorum
2976 3906 3155 3975 Petri,
3177 3906 3459 3975 Matthai,
3480 3905 3692 3972 Jacobi,
3710 3896 3881 3956 Nazarii

2302 3999 2359 4049 et
2387 3995 2565 4061 Celsi,
2599 3994 2883 4061 Januarii,
2911 3992 3267 4049 Felicissimi
3297 4000 3357 4050 et
3387 3995 3635 4068 Agapiti,
3656 3990 3818 4061 Sergii
3846 3988 3883 4038 el

2303 4084 2540 4151 Bacchi,
2586 4082 2870 4138 Nicandri
2902 4087 2957 4137 et
3009 4083 3309 4154 Marciani,
3365 4085 3605 4152 Aurelii,
3676 4072 3881 4134 Pmtasii,

2301 4172 2604 4226 Fortunati
2635 4176 2692 4227 et
2732 4171 3200 4243 sociorumejus,
3235 4176 3294 4226 et
3321 4174 3393 4228 de
3407 4166 3885 4228 vestimentistrium

2339 4276 2636 4317 uerorum.

2339 4278 2636 4317 uerorum.

2298 4278 2336 4334 Ρ
2374 4334 2557 4389 Varia
2589 4332 2663 4387 ab
2690 4334 3137 4403 auctorisscopo
3166 4332 3361 4388 aliena
3385 4321 3887 4388 οωίιιιιηιιιτ.-Ηιισ

2303 4438 2482 4494 usque
2511 4422 2628 4477 Leo
2656 4422 3038 4476 Marsicanus
3054 4421 3422 4477 Cassinense
3448 4421 3773 4477 Cbronicum
3784 4426 3884 4485 per-

2301 4510 2490 4565 duxit.
2528 4510 2665 4575 Qua
2700 4526 2840 4565 vero
2869 4517 3213 4583 sequuntur,
3246 4526 3277 4565 a
3308 4511 3502 4566 Petro
3529 4510 3760 4564 Diacono
3775 4498 3891 4556 addi-

529 4606 679 4676 tivit,
711 4606 772 4659 in
802 4622 915 4676 qua
947 4606 1119 4660 etiam
1150 4607 1348 4660 aureis
1377 4607 1592 4662 litteris
1651 4608 1762 4663 hos
1808 4625 2025 4667 versus
2057 4612 2193 4668 des-
2218 4595 2274 4663 Β
2304 4603 2360 4653 ιθ
2391 4604 2547 4668 sunt:
2585 4603 2644 4651 ιιι
2672 4599 2923 4669 ipsemet
2954 4604 3275 4653 διέθείθειιτ
3304 4602 3369 4654 in
3400 4600 3454 4654 Ρ
3456 4617 3492 4654 ι’
3494 4598 3652 4669 01090
3676 4594 3781 4650 Ῑίίπ
3782 4591 3801 4644 ί
3830 4603 3885 4676 ¹Ῠ’

530 4694 682 4751 cribi
711 4693 849 4749 fecit
871 4709 882 4748 :

533 4819 807 4875 Cultibus
829 4820 1153 4874 exstiterat
1198 4820 1482 4892 quondam
1513 4821 1674 4877 locus
1711 4824 1829 4878 iste
1888 4825 2121 4880 dicatus

527 4909 909 4978 Damonicis,
944 4908 1120 4980 inque
1149 4909 1258 4963 hoc
1291 4910 1502 4981 templo
1528 4919 1847 4967 veneratus
1889 4914 2116 4985 Apollo.

532 4996 694 5062 Quod
722 4997 915 5053 Pater
955 4997 1067 5052 buc
1112 5013 1446 5069 properans
1491 5000 1855 5057 Benedictus
1893 5003 1956 5057 in
2003 5004 2191 5058 omni-

1902 5092 1919 5165 [
1930 5096 2194 5164 potentis

537 5207 739 5263 Vertit
771 5211 992 5267 honore
1015 5212 1146 5281 Dei,
1180 5212 1435 5266 Martini
1464 5219 1522 5267 et
1555 5215 1787 5270 nomine
1843 5219 2057 5272 sancti.

534 5296 659 5351 Hoc
689 5298 1045 5355 Desiderius
1068 5307 1203 5372 post
1234 5308 1464 5356 centum
1502 5302 1694 5357 lustra
1735 5312 2047 5361 vetustum.

529 5383 905 5458 Parvumque
936 5391 1178 5458 evertit,
1222 5392 1557 5460 renovavit,
1617 5392 1861 5463 compsit
1907 5399 1964 5447 et
2004 5396 2187 5450 auxit.

529 5471 661 5527 Jam
713 5489 856 5528 vero
905 5476 1097 5545 ipsius
1139 5478 1409 5534 ecclesia
1452 5479 1849 5549 pavimentum
1897 5498 2073 5552 quam
2118 5484 2195 5539 sit

533 5563 941 5633 conspicuum,
967 5580 1139 5635 quam
1163 5568 1504 5636 speciosum
1523 5584 1592 5623 ac
1628 5568 1998 5625 diversorum
2033 5588 2193 5626 mar-

530 5666 762 5705 morum
778 5652 1202 5722 multiplicitate
1222 5658 1803 5723 constratum,oculis
1821 5661 2079 5716 omnium
2091 5680 2190 5733 pa-

525 5741 628 5803 tet.
653 5739 943 5819 Legivum
975 5757 1210 5816 quoque
1231 5745 1716 5821 pulcherrimum,
1742 5763 1882 5805 auro
1904 5753 2076 5824 atque
2095 5767 2190 5810 co-

2302 4703 2467 4760 quem
2522 4686 2831 4759 Baynaldo
2883 4686 3091 4742 abbati
3128 4689 3528 4759 nuncupavit;
3558 4685 3660 4741 sed
3687 4696 3791 4736 cum
3817 4672 3890 4728 ille

2300 4776 2480 4830 multa
2503 4775 2933 4831 interseruerit
2964 4791 3095 4847 qua
3122 4775 3198 4830 ad
3212 4774 3626 4831 illustrandum
3644 4761 3887 4827 Desideril

2315 4864 2502 4918 Vitam
2551 4879 2664 4918 non
2709 4864 2984 4934 attinent,
3046 4879 3113 4918 ea
3144 4862 3504 4919 solummodo
3532 4863 3780 4928 deinceps
3814 4851 3894 4904 Ιιιισ

2298 4954 2679 5025 proferemus
2724 4968 2854 5024 qua
2881 4952 2958 5007 ad
2993 4968 3121 5007 rem
3144 4959 3409 5007 nostram
3440 4952 3671 5019 facient,
3699 4938 3891 5001 caeteris

2305 5041 2562 5097 omissis.
2615 5040 2683 5095 In
2741 5042 2932 5113 capite
2978 5041 3049 5095 35
3084 5042 3207 5113 agit
3263 5042 3338 5096 de
3381 5030 3887 5106 Alberico,Alfauoi

2302 5130 2515 5185 Amata
2572 5135 2629 5184 et
2690 5129 3078 5185 Constantino
3105 5129 3279 5201 Afro,
3310 5129 3612 5186 monachis
3634 5122 3893 5181 Cassinen-

2305 5219 2492 5289 sibus,
2555 5233 2793 5290 quorum
2841 5218 3111 5289 opuscula
3169 5225 3479 5284 recenset;
3525 5231 3648 5290 quae
3688 5214 3805 5266 item
3849 5204 3889 5254 in

2306 5307 2569 5379 ejusdem
2601 5307 2862 5361 auctoris
2890 5306 3095 5361 libello
3122 5307 3211 5361 De
3261 5308 3416 5361 viris
3445 5301 3762 5361 illustribus
3787 5294 3888 5350 Cas"

2305 5395 2653 5450 sinensibus
2681 5395 2876 5449 videri
2896 5401 3166 5466 possunt.

2374 5483 2727 5539 Alexander
2735 5499 2883 5555 papa
2894 5500 2959 5537 sa
2969 5500 3097 5538 num
3114 5484 3316 5539 reddit
3329 5476 3801 5545 daemoniacum,“
3816 5479 3895 5521 ωο·

2305 5573 2537 5629 nasteri
2540 5589 2572 5628 ο
2576 5573 2680 5644 pri
2690 5571 2903 5644 vilegia
2917 5572 3204 5629 concedit.
3218 5603 3285 5613 —
3296 5571 3579 5643 Sequenti
3591 5575 3816 5636 tempore
3825 5570 3891 5649 su:

2302 5643 2610 5734 pradictus
2639 5678 2790 5732 papa
2812 5643 3167 5731 Alexander,
3200 5662 3421 5718 Urbem
3441 5658 3756 5732 egrediens,
3780 5643 3893 5734 venit

2304 5733 2377 5808 ad
2433 5751 2547 5808 hoc
2594 5750 3039 5809 monasterium.
3092 5749 3203 5821 Qui
3231 5766 3265 5806 a
3292 5748 3601 5807 Desiderio
3629 5733 3893 5803 honoriﬁce
