3940 6174
129 370 223 435 949
246 426 251 431 .
1064 364 1597 431 POSTMODUM
1668 360 1721 425 V

1901 363 2055 426 )RIS
2109 363 2197 424 III
2257 358 2508 425 PAPIE

3396 368 3517 429 950

126 568 415 635 susceptus,
446 563 581 617 dum
610 564 842 619 abbatis
865 580 1178 634 cameram,
1202 581 1335 636 quae
1361 564 1530 635 juxta
1548 562 1735 617 eccle-
1760 548 1831 609 Δί’
1850 578 2065 617 annum
2095 561 2253 617 1031.
2289 561 2510 616 Eodem
2568 562 2741 616 etiam
2796 578 2949 618 anno
2979 564 3098 618 Leo
3143 570 3197 620 et
3222 565 3507 622 Girardus

131 658 250 710 siam
266 651 441 707 Sancti
468 652 696 706 Nicolai
729 655 1068 707 constructa
1098 655 1210 723 est,
1235 653 1555 723 ingressus
1578 650 1730 705 fuis-

124 747 211 812 set,
240 740 609 795 daemoniacus
642 741 880 810 quidam
912 741 986 795 ab
1039 757 1106 795 eo
1135 740 1431 795 liberatus
1460 745 1570 808 est,
1614 742 1724 792 etc.

125 832 254 885 Fecit
278 831 545 900 praeterea
601 829 756 883 idem
806 830 1223 884 sanctissimus
1259 828 1523 898 pontifex
1570 827 1730 880 Patri

125 918 383 973 Desiderio
402 916 776 988 privilegium
799 918 870 972 de
896 919 1254 973 monasterio
1276 917 1508 972 Sanctae
1530 915 1730 969 Mariae

123 1008 170 1061 in
186 1006 431 1071 Palladio,
451 1007 562 1059 etc.

176 1095 398 1149 Monast.
423 1092 487 1147 S.
506 1094 729 1165 Angeli
748 1095 823 1149 de
844 1094 1097 1149 Formis.
1114 1125 1183 1133 —
1200 1094 1476 1149 Paridem
1495 1098 1729 1163 tempus

122 1183 406 1237 Richardus
440 1182 721 1252 princeps
778 1198 885 1251 per
911 1186 1273 1254 praeceptum
1321 1183 1528 1237 obtulit
1558 1184 1731 1236 beato

120 1271 387 1326 Benedicto
411 1270 724 1325 ecclesiam
741 1270 940 1325 Sancti
960 1272 1192 1343 Angeli,
1209 1287 1342 1341 qum
1356 1273 1729 1340 nuncupatur

115 1360 171 1413 ad
196 1358 434 1428 Formas,
468 1358 541 1412 de
572 1374 685 1429 qua
717 1359 1017 1428 superius,
1051 1362 1313 1429 tempore
1346 1359 1572 1413 scilicet
1599 1359 1731 1412 Bal-

120 1447 251 1500 duini
276 1447 514 1515 abbatis,
546 1447 797 1517 qualiter
825 1447 999 1501 nobis
1018 1463 1049 1500 a
1063 1448 1286 1502 Marino
1310 1464 1458 1518 papa
1477 1463 1728 1501 conces-

114 1550 168 1587 sa
184 1535 485 1603 sitplenius
504 1535 882 1605 scripsimus.
903 1534 1041 1604 Sed,
1060 1536 1195 1605 quia
1212 1534 1526 1605 Capuanus
1546 1536 1730 1589 archi-

112 1623 386 1692 episcOpus
440 1624 600 1677 illam
659 1639 728 1678 eo
778 1628 1042 1693 tempore
1093 1624 1402 1691 retinebat,
1444 1624 1730 1694 praefatus

114 1711 351 1780 princeps
376 1712 624 1782 cupiens
645 1712 725 1765 ibi
753 1712 949 1766 facere
975 1712 1397 1766 monasterium
1426 1715 1559 1766 ante
1591 1727 1731 1782 sep-

107 1801 199 1852 tem
227 1799 449 1853 circiter
497 1815 685 1854 annos
712 1816 845 1855 cum
888 1816 957 1854 eo
988 1800 1437 1869 concambiavit,
1464 1801 1597 1854 data
1622 1816 1729 1870 pro

108 1886 211 1955 ipsa
236 1886 336 1940 alia
384 1887 758 1942 ecclesia.....
809 1892 865 1942 et
896 1888 1245 1943 Cassinensi
1267 1889 1541 1942 coenobio
1571 1905 1729 1958 prae-

106 1975 284 2029 dictam
312 1977 627 2031 ecclesiam
658 1976 884 2031 obtulit.
934 1976 1021 2046 Et,
1067 1977 1343 2047 quoniam
1374 1977 1545 2031 locus
1575 1977 1731 2031 idem

102 2063 239 2117 valde
270 2079 534 2119 amcenus
557 2068 611 2119 et
641 2065 789 2119 satis
822 2068 993 2135 aptus
1014 2067 1375 2120 monasterio
1404 2070 1533 2120 erat
1565 2082 1732 2137 roga-

101 2152 459 2207 vithumiliter
494 2154 865 2207 Desiderium
891 2156 951 2208 ut
970 2169 1076 2224 pro
1107 2169 1305 2209 amore
1336 2170 1447 2208 suo
1497 2154 1730 2224 specia-

101 2238 210 2292 liter
233 2241 357 2295 inde
386 2241 658 2296 studeret
687 2257 700 2311 ;
732 2241 890 2312 quod
921 2244 977 2296 et
998 2242 1137 2296 fecit
1158 2243 1230 2296 de
1256 2243 1615 2297 monasterio
1639 2242 1733 2297 Al-

99 2325 311 2398 banetaa,
369 2330 663 2400 integram
720 2330 980 2384 omnium
1027 2330 1330 2384 mobilium
1359 2331 1729 2385 medietatem

96 2416 376 2485 accipiens,
396 2421 607 2471 etcum
634 2417 943 2472 medietate
976 2418 1150 2472 etiam
1182 2418 1585 2489 ejusdemloci
1605 2435 1727 2473 mo-

92 2504 375 2559 nachorum
406 2506 551 2560 illuc
574 2506 979 2562 transmittens
1007 2523 1021 2577 ;
1055 2507 1350 2578 coepitque
1381 2507 1730 2562 Desiderius

99 2590 216 2645 illud
244 2594 536 2649 aediﬁcare
567 2610 639 2649 ex
693 2595 925 2666 integro
968 2598 1085 2648 tam
1117 2596 1411 2665 speciose,
1444 2597 1562 2649 tam
1590 2612 1731 2666 spa-

99 2679 236 2745 tiose,
258 2682 750 2752 quemadmodum
769 2684 942 2738 hodie
965 2683 1245 2753 cernitur,
1265 2684 1366 2738 ubi
1384 2685 1558 2739 etiam
1580 2686 1731 2738 intra

97 2766 246 2822 breve
273 2772 509 2839 tempus
541 2770 927 2841 quadraginta
958 2774 1015 2825 et
1036 2786 1104 2826 eo
1123 2772 1375 2841 amplius
1406 2772 1729 2826 monachos

94 2856 411 2926 regulariter
440 2859 715 2913 victuros
748 2860 1121 2930 aggregavit.

146 2943 269 3014 Imp.
292 2945 409 3000 CP.
430 2947 609 3001 dona.
633 2946 884 3001 —Circa
907 2948 1018 3002 hos
1033 2948 1161 3002 dies
1178 2947 1429 3003 Michael
1442 2948 1728 3003 Constan-

92 3032 478 3102 tin0politanus
496 3035 831 3105 imperator,
848 3036 1007 3089 Patri
1023 3036 1333 3091 Desiderio
1350 3053 1458 3106 per
1470 3037 1727 3107 nuntios,

90 3134 215 3189 quos
240 3123 308 3176 ad
325 3139 461 3179 eum
489 3123 725 3194 direxit,
752 3124 903 3178 dona
927 3124 1353 3195 quamplurima
1376 3126 1726 3190 transmisit,

91 3224 316 3276 poscens
336 3215 397 3266 ut
426 3227 543 3282 pro
566 3228 633 3266 se
662 3228 731 3266 ac
751 3212 980 3282 liberis,
1010 3216 1066 3267 et
1085 3229 1192 3284 pro
1213 3216 1369 3268 statu
1389 3214 1616 3283 imperii
1634 3215 1731 3268 sui

87 3295 171 3350 Dei
196 3300 618 3370 omnipotentis
650 3300 1019 3355 clementiam
1040 3302 1284 3356 assidue
1307 3302 1725 3372 supplicarent,

85 3383 304 3457 Insuper
331 3390 519 3443 etiam
548 3389 622 3443 ob
646 3388 836 3443 Patris
858 3389 1163 3444 Benedicti
1183 3391 1595 3459 reverentiam,
1619 3407 1726 3461 pro

83 3474 241 3530 salute
268 3477 485 3532 animae
523 3493 669 3543 suae,
694 3493 801 3547 per
830 3480 1191 3547 praeceptum
1212 3494 1390 3534 aurea
1420 3480 1579 3533 bulla
1600 3480 1729 3534 bul-

83 3560 235 3617 latum
263 3565 575 3620 constituit
604 3568 669 3620 ut
696 3582 804 3636 per
830 3582 1013 3620 unum
1042 3582 1336 3638 quemque
1359 3584 1574 3622 annum
1614 3568 1728 3623 hoc

80 3654 485 3708 monasterium
512 3645 759 3723 accipiat
778 3654 847 3709 de
868 3655 1080 3723 palatio
1102 3655 1729 3726 ConstantinOpolitani

79 3737 282 3808 imperii
328 3744 465 3797 auri
516 3742 701 3797 libras
751 3743 962 3815 viginti
991 3747 1259 3814 quatuor,
1293 3748 1349 3799 et
1378 3744 1550 3815 pallia
1579 3761 1728 3816 qua-

80 3826 192 3881 tuor
214 3831 280 3883 ad
308 3835 546 3885 nostrae
579 3832 1063 3903 congregationis
1104 3834 1616 3888 sustentationem.

133 3916 501 3973 Monasteria
523 3918 773 3974 Cassino
785 3919 1107 3975 tributa.——
1122 3921 1395 3975 Borellus
1412 3926 1605 3976 autem
1625 3936 1728 3976 co-

79 4017 185 4057 mes
196 4004 412 4061 Borelli
433 4006 689 4077 majoris
702 4007 1021 4077 ﬁlius,cum
1036 4010 1110 4063 ob
1128 4009 1408 4063 nonnulla
1426 4026 1532 4064 sua
1544 4011 1603 4064 in
1616 4010 1729 4065 hoc

77 4089 194 4146 loco
233 4096 488 4150 serutia
543 4095 834 4150 Desiderii
868 4096 1319 4152 familiaritatem
1361 4098 1577 4153 fuisset
1613 4114 1731 4153 non

76 4178 338 4237 immerito
357 4184 641 4255 adeptus,
673 4185 1097 4239 monasterium
1127 4185 1327 4240 Sancti
1354 4188 1535 4258 Petri,
1573 4189 1731 4259 quod

72 4274 294 4326 vocatur
322 4273 397 4327 de
449 4272 762 4341 Avellana,
818 4274 976 4343 quod
1030 4274 1306 4329 videlicet
1334 4278 1500 4345 pater
1538 4276 1731 4346 ipsius

76 4354 223 4412 beato
255 4360 577 4415 Dominico
606 4364 737 4415 ante
769 4366 1018 4433 quatuor
1037 4364 1093 4417 et
1123 4363 1513 4435 quadraginta
1541 4380 1728 4419 annos

76 4445 136 4499 ad
149 4449 620 4505 construendum
645 4450 981 4517 tradiderat,
1002 4451 1278 4521 quodque
1292 4452 1447 4507 idem
1461 4454 1727 4508 Borellus

71 4535 199 4588 satis
235 4539 432 4607 ampla
462 4541 761 4593 terrarum
815 4540 1206 4595 concessione
1254 4541 1557 4612 ditaverat,
1601 4559 1734 4597 cum

1846 648 2114 703 Fundani
2164 650 2561 704 consules.....
2596 666 2711 704 una
2767 666 2900 704 cum
2927 652 3241 718 Richardo,
3278 670 3506 726 cogno-

1847 742 2043 793 mento
2094 738 2163 792 de
2222 738 2459 807 Aquila,
2487 738 2823 792 obtulerunt
2862 739 2998 794 huic
3029 740 3157 795 loco
3190 744 3506 797 ecclesiam

1847 825 2042 880 Sancti
2067 827 2291 880 Onufrii
2324 842 2454 880 cum
2477 827 2846 896 pertinentiis
2871 829 3019 882 suis.
3052 828 3122 882 Et
3140 832 3415 899 quoniam
3436 834 3513 886 lo-

1850 931 1957 968 cus
2017 916 2163 968 idem
2200 915 2414 968 habilis
2454 915 2525 969 ad
2574 916 3037 971 construendum
3088 920 3513 973 monasterium

1851 1003 2346 1072 erat,Desiderius
2362 1004 2606 1073 cupiens
2622 1004 2837 1058 ibidem
2851 1004 3045 1059 facere
3064 1008 3509 1077 monasterium,

1847 1106 1958 1159 per
1986 1090 2299 1145 Girardum
2332 1091 2716 1160 praepositum
2742 1092 2939 1146 Sancti
2984 1093 3216 1149 Nieolai
3261 1096 3319 1149 in
3350 1096 3509 1167 Pica,

1850 1179 1950 1248 qui
1995 1179 2233 1249 quintus
2262 1182 2396 1249 post
2425 1196 2558 1234 eum
2588 1180 2771 1251 hujus
2806 1183 3057 1236 coenobii
3103 1183 3289 1238 abbas
3321 1184 3514 1239 factus

1847 1270 1939 1321 est
1969 1267 2028 1321 in
2062 1270 2274 1321 statum
2306 1283 2421 1338 quo
2452 1284 2607 1322 nunc
2640 1270 2900 1323 cernitur
2928 1270 3133 1325 erexit.

1925 1354 2216 1409 Pontifex
2243 1356 2304 1409 in
2334 1356 2617 1410 bonorum
2658 1357 2972 1412 invasores
2998 1358 3366 1413 decernit.—
3391 1360 3513 1415 Eo-

1852 1444 1982 1498 dem
2000 1446 2264 1514 tempore
2325 1445 2775 1499 Rosellanensis
2803 1445 3091 1500 Ecclesiae
3126 1448 3411 1517 pontifex,
3443 1450 3514 1503 ad

1850 1531 1961 1586 hoc
1994 1533 2328 1587 emnobium
2358 1533 2627 1600 veniens,
2662 1550 2777 1588 non
2807 1550 3007 1603 parvae
3035 1536 3304 1605 pecuniae
3343 1553 3511 1591 sum-

1845 1636 2000 1673 mam
2022 1621 2082 1673 in
2096 1620 2208 1675 hoc
2224 1620 2355 1675 loco
2372 1621 2663 1689 deposuit.
2688 1621 2854 1686 Quod
2869 1623 3238 1679 ubiJordano
3256 1626 3510 1696 principi

1843 1708 2095 1762 relatum
2128 1711 2238 1778 est,
2264 1709 2470 1763 missis
2494 1709 3080 1779 militibus,eamdem
3112 1714 3421 1782 pecuniam
3442 1713 3514 1768 de

1846 1797 2119 1851 ecclesia:
2145 1798 2469 1853 secretario
2499 1797 2860 1853 abstractam
2890 1801 2962 1853 ad
2995 1816 3060 1855 se
3084 1801 3302 1856 deferri
3347 1818 3512 1855 man-

1843 1885 2025 1939 davit.
2062 1886 2301 1940 Fratres
2324 1890 2518 1940 autem
2548 1887 2619 1940 ad
2644 1887 2773 1941 haec
2799 1904 2810 1941 :
2847 1888 3334 1959 Peeuniam,quaa
3356 1891 3514 1943 Patri

1844 1974 2172 2029 Benedicto
2195 1975 2417 2029 credita
2436 1979 2546 2044 est,
2581 1991 2692 2030 nos
2715 1975 2892 2030 alicui
2922 1977 3245 2031 viventium
3278 1978 3514 2033 minime

1845 2062 2094 2132 damus;
2155 2063 2263 2116 sed
2319 2063 2480 2117 illam
2509 2063 2568 2116 in
2600 2065 2921 2118 secretario
2963 2068 3269 2133 ponentes,
3302 2066 3514 2122 exinde

1845 2151 1944 2221 qui
1974 2152 2427 2220 praesumpserit
2448 2151 2695 2205 auferat.
2724 2151 2939 2206 Milites
2963 2168 3102 2208 vero
3126 2154 3253 2208 haec
3275 2156 3514 2209 audien-

1845 2240 1958 2306 tes,
1989 2241 2044 2293 et
2075 2239 2366 2293 diabolico
2398 2240 2634 2294 stimulo
2658 2240 2907 2294 debriati
2937 2242 3089 2310 (sic),
3115 2244 3427 2311 pecuniam
3440 2244 3512 2298 de

1847 2328 2168 2382 secretario
2186 2328 2458 2382 ecclesiae
2476 2328 2891 2383 abstrahentes
2905 2330 2978 2382 ad
2998 2330 3323 2399 principem
3351 2332 3510 2386 defe-

1848 2418 2002 2469 runt.
2062 2415 2309 2469 Tantum
2358 2431 2501 2469 vero
2551 2420 2608 2469 et
2639 2420 2753 2469 tam
2803 2418 3054 2471 immane
3097 2420 3153 2472 et
3182 2419 3508 2474 inauditum

1849 2502 2133 2575 ﬂagitium
2163 2503 2434 2575 Gregorii
2465 2520 2633 2574 papae
2655 2504 2793 2559 dum
2822 2506 3196 2574 pervenisset
3212 2507 3285 2560 ad
3306 2523 3503 2576 aures,

1846 2591 2031 2663 hujus
2059 2592 2408 2646 temeritatis
2454 2608 2669 2648 noxam
2696 2592 2936 2648 inultam
2969 2609 3107 2649 esse
3134 2610 3248 2650 non
3282 2596 3539 2666 ferens,’

1847 2684 1903 2734 et
1926 2696 2140 2735 verens
2154 2697 2248 2749 ne,
2268 2681 2536 2751 exemplo
2550 2680 2733 2751 hujus
2750 2682 3051 2752 facinoris,
3077 2683 3288 2737 iterum
3306 2687 3511 2739 nostra

1847 2766 2101 2823 ecclesia
2120 2770 2462 2839 violaretur,
2491 2770 2755 2823 divinum
2785 2769 3042 2824 ofﬁcium
3078 2772 3138 2825 in
3166 2772 3362 2827 Patris
3396 2774 3511 2828 Be-

1846 2857 2062 2911 nedicti
2080 2858 2334 2911 ecclesia
2352 2859 2653 2912 interdixit
2672 2858 2993 2931 altariaque
3020 2861 3212 2914 omnia
3226 2862 3512 2917 denudari

1845 2944 2003 3013 fecit,
2022 2961 2304 3000 asserens
2323 2947 2479 3017 quod
2499 2947 2555 2999 in
2570 2950 2727 3000 tanto
2743 2949 2971 3002 scelere
2992 2949 3187 3003 nimiae
3200 2951 3510 3020 negligen-

1843 3032 1940 3088 tiae
1971 3037 2025 3087 et
2049 3035 2263 3088 acriter
2292 3035 2651 3089 ulciscendae
2684 3036 3006 3089 timiditatis
3039 3039 3095 3090 et
3134 3038 3507 3092 Desiderium

1844 3137 1912 3175 ac
1946 3122 2158 3176 fratres
2177 3138 2428 3192 arguere
2459 3125 2684 3191 posset,
2719 3126 2775 3177 et
2807 3125 3051 3194 gravius
3081 3124 3500 3193 (se)adversus

1844 3211 2370 3282 congregationem
2387 3214 2650 3264 nostram
2674 3212 3033 3265 commoveri
3053 3213 3417 3282 debere,nisi
3439 3230 3508 3269 ea

1844 3316 1958 3371 qua
1988 3300 2181 3354 locum
2198 3301 2379 3354 istum
2394 3315 2631 3369 semper
2658 3299 2961 3369 dilexerat,
2983 3300 3267 3356 charitate
3286 3304 3505 3357 detine-

1842 3392 2006 3443 retur
2029 3405 2043 3459 ;
2076 3388 2371 3458 siquidem
2396 3387 2762 3442 tolerabilius
2782 3388 2898 3442 sibi
2926 3389 3224 3444 videretur
3252 3391 3427 3445 villas
3449 3395 3506 3445 et

1848 3476 2090 3531 castella
2120 3476 2294 3531 nobis
2315 3476 2664 3545 pertinentia
2684 3477 2742 3530 in
2764 3478 3023 3547 praedam
3046 3483 3099 3532 et
3121 3480 3507 3550 direptionem

1846 3566 1994 3633 dari,
2029 3580 2205 3636 quam
2232 3567 2295 3618 ut
2323 3568 2566 3618 sanctus
2596 3564 2785 3634 locus,
2812 3568 2868 3619 et
2894 3582 3000 3635 per
3024 3570 3200 3621 totam
3222 3568 3507 3625 Christia-

1845 3655 2083 3708 nitatem
2139 3654 2407 3707 famosus
2438 3657 2494 3707 et
2541 3654 2920 3723 venerabilis,
2954 3658 3127 3710 tantae
3166 3657 3505 3728 ignominiae

1844 3743 2107 3813 periculo
2140 3741 2495 3813 subjaceret.
2530 3742 2645 3797 Sed
2679 3744 2871 3798 nonin
2898 3743 3159 3816 longum,
3193 3750 3507 3818 postquam

1846 3831 2104 3886 officium
2127 3831 2198 3885 de
2230 3831 2484 3885 ecclesia
2527 3834 2731 3885 nostra
2762 3833 3134 3888 interdictum
3166 3838 3277 3904 est,
3312 3837 3511 3891 vindi-

1846 3924 1995 3975 ctam
2016 3920 2241 3974 distulit
2271 3920 2511 3973 dextera
2559 3920 2683 3974 Dei.
2718 3920 2865 3973 Nam
2896 3922 3175 3992 princeps
3218 3926 3362 3978 tanti
3405 3942 3503 3981 au-

1845 4011 1973 4063 ctor
2021 4008 2291 4077 sceleris,
2352 4010 2661 4078 postquam
2691 4011 3000 4078 pecuniam
3032 4013 3276 4082 accepit,
3304 4013 3503 4069 lumen

1846 4098 2060 4151 amisit.
2093 4097 2252 4151 Idem
2283 4112 2427 4150 vero
2457 4112 2607 4166 papa
2637 4095 2970 4168 Gregorius
3015 4101 3074 4152 in
3130 4102 3381 4157 concilio
3404 4120 3504 4157 re-

1846 4185 2050 4239 sidens
2074 4184 2376 4240 constituit
2398 4187 2477 4254 ut,
2500 4185 2552 4237 si
2574 4186 2708 4254 quis
2730 4186 3223 4259 Normannorum,
3244 4192 3338 4243 vel
3361 4208 3506 4261 quo-

1844 4273 2121 4328 rumlibet
2149 4273 2470 4343 hominum,
2504 4274 2744 4343 praedia,
2781 4277 3154 4344 monasteria,
3188 4278 3359 4333 villas
3396 4296 3504 4335 seu

1845 4363 2273 4432 possessiones
2304 4361 2488 4432 hujus
2511 4363 2765 4417 coenobii
2793 4362 3174 4420 Cassinensis
3202 4368 3503 4440 invaserit,

1846 4455 1903 4507 et
1934 4452 2031 4506 bis
2062 4451 2154 4505 vel
2182 4456 2272 4505 ter
2302 4450 2634 4506 admonitus
2666 4467 2784 4507 non
2807 4454 3224 4526 emendaverit,
3259 4472 3502 4511 excom-

1844 4540 2223 4594 municationi
2258 4539 2581 4612 subjaceat,
2638 4540 2826 4596 donec
2862 4543 3177 4613 resipiscat
3206 4549 3262 4599 et
3294 4545 3504 4601 Eccle-

77 4624 335 4680 ecclesiis
367 4629 431 4681 et
462 4626 697 4681 colonis
728 4630 784 4682 et
814 4643 947 4681 cum
978 4629 1256 4683 omnibus
1287 4631 1521 4685 omnino
1551 4632 1733 4700 perti-
1765 4627 1819 4689 D
1846 4631 1954 4685 siae
1980 4629 2323 4683 satisfaciat.

78 4712 275 4765 nentiis
296 4728 367 4767 ac
402 4714 907 4784 possessionibus
924 4715 1075 4785 suis,
1107 4717 1264 4787 quod
1282 4720 1374 4771 est
1399 4721 1553 4772 terra
1567 4719 1735 4789 quin-

74 4810 171 4866 que
220 4800 479 4857 millium
533 4803 769 4857 circiter
823 4803 1174 4874 modiorum,
1219 4806 1396 4860 Beato
1420 4806 1734 4863 Benedicto

72 4884 498 4945 dovotissimus
551 4891 779 4961 obtulit,
837 4895 947 4946 etc.
1010 4892 1351 4949 Theodinus
1409 4910 1642 4966 quoque
1682 4899 1739 4951 et

72 4972 366 5033 (alerisius
398 4982 584 5049 atque
617 4979 957 5034 Bernardus
976 4980 1302 5036 Balvenses
1326 4982 1591 5052 comites,
1621 5000 1735 5039 non

78 5064 240 5119 multo
259 5072 404 5136 post
426 5070 490 5121 et
509 5067 620 5135 ipsi
635 5083 871 5139 quoque
888 5071 1309 5125 monasterium
1331 5070 1528 5125 Sancti
1561 5072 1735 5144 Petri,

71 5152 212 5219 quod
244 5154 435 5209 situm
469 5158 566 5209 est
593 5155 653 5209 in
684 5157 837 5211 valle
864 5157 935 5211 de
965 5158 1147 5228 Lacu,
1181 5159 1409 5213 etaliud
1442 5166 1736 5216 monaste-

70 5237 210 5294 rium
264 5243 663 5298 eremitarum
694 5245 753 5298 in
782 5245 912 5300 loco
952 5247 1052 5316 qui
1084 5246 1297 5301 dicitur
1324 5248 1563 5302 Pratum
1592 5249 1737 5305 Car-

69 5325 282 5400 desum,
336 5347 486 5402 quae
535 5332 808 5387 nimirum
841 5337 897 5388 et
924 5334 1055 5405 ipsa
1086 5335 1469 5391 nihilominus
1500 5353 1534 5390 a
1560 5339 1736 5394 beato

66 5413 362 5475 Dominico
416 5422 559 5475 ante
615 5438 735 5476 non
774 5422 979 5492 plures
1011 5439 1200 5477 annos
1218 5423 1458 5479 fundata
1489 5428 1737 5482 exstite-

68 5509 202 5571 rant,
235 5509 370 5577 pari
402 5509 588 5564 modo
618 5512 679 5565 in
709 5511 821 5566 hoc
842 5513 1202 5568 monasterio
1234 5512 1589 5569 obtulerunt.
1622 5520 1734 5572 etc.

57 5590 135 5647 De
160 5594 260 5650 liis
287 5600 693 5654 monasteriis
723 5605 911 5655 actum
926 5606 1018 5655 est
1048 5602 1110 5655 in
1126 5601 1299 5673 lngus
1329 5602 1550 5658 Saeculi
1559 5611 1737 5675 parte

61 5686 373 5755 superiori,
388 5686 462 5741 in
490 5684 617 5743 Vita
629 5689 825 5745 sancti
838 5689 1136 5747 Dominiei
1157 5690 1396 5748 abbatis
1416 5691 1638 5749 Sorani
1662 5694 1738 5751 ad

1918 4719 2174 4773 Diversa
2200 4719 2273 4774 de
2303 4720 2647 4792 quibusdam
2671 4722 3037 4777 omittuntur.
3072 4754 3140 4762 —
3174 4723 3379 4796 Capite
3398 4726 3502 4781 48.

1850 4808 2078 4863 Petrus
2108 4808 2181 4862 de
2223 4806 2551 4864 Guinizone
2582 4815 2640 4864 et
2700 4810 2998 4865 Gebizone
3038 4812 3160 4881 piis
3205 4815 3510 4870 monachis

1854 4897 1996 4968 agit,
2024 4896 2098 4950 de
2129 4896 2339 4968 quibus
2356 4898 2516 4952 infra
2532 4898 2811 4952 dicemus.
2832 4898 2899 4952 In
2913 4899 3339 4956 duobusautem
3363 4905 3510 4975 capi-

1858 4985 2017 5039 tibus
2058 5001 2187 5056 quae
2232 4993 2557 5057 sequuntur
2591 4986 2785 5041 fusius
2831 4988 3081 5043 disserit
3111 4989 3186 5042 de
3235 4990 3512 5047 dissidiis

1858 5076 2021 5129 inter
2077 5074 2430 5145 Gregorium
2477 5092 2685 5147 papam
2743 5082 2805 5130 et
2832 5076 3151 5131 Henricum
3182 5086 3508 5150 augustum,

1851 5169 1966 5219 tum
2025 5163 2096 5218 de
2135 5161 2418 5235 colloquio
2471 5165 2634 5219 inter
2678 5165 2941 5219 eumdem
2985 5166 3403 5237 imperatorem
3455 5176 3514 5225 et

1846 5251 2252 5321 Desiderium,
2287 5268 2417 5324 qua)
2446 5253 2543 5307 hic
2574 5252 2768 5307 fusms
2801 5255 3084 5325 persequi
3115 5271 3226 5310 non
3254 5266 3439 5313 vacat.

1917 5341 2220 5397 Adunutio
2251 5357 2377 5395 eum
2410 5341 2708 5395 fratribus
2729 5340 3242 5400 Cluniacensibus.
3259 5348 3515 5403 —-Circa

1850 5432 1978 5486 haec
2010 5433 2272 5500 tempora
2304 5430 2477 5501 Hugo
2491 5429 2850 5484 venerabilis
2869 5431 3055 5487 abbas
3072 5433 3506 5503 Cluniacensis,

1847 5520 1940 5575 vir
1968 5518 2370 5573 celeberrimae
2394 5518 2530 5572 vitae
2561 5535 2627 5572 ac
2660 5516 2852 5587 famae,
2885 5520 2958 5575 ad
2987 5522 3181 5577 Patris
3206 5524 3507 5579 Benedicti

1843 5608 2044 5664 limina
2073 5606 2244 5662 valde
2261 5607 2511 5662 devotus
2532 5607 2800 5675 advenit;
2821 5625 2998 5680 quem
3010 5613 3368 5668 venerabilis
3392 5615 3509 5667 De-

1845 5696 2106 5757 siderius
2124 5695 2471 5771 honorifice,
2490 5701 2553 5754 ut
2569 5698 2792 5755 tantum
2804 5698 3051 5759 decebat
3068 5700 3284 5774 virum,
3310 5701 3507 5757 susci-
