3988 6176
1471 326 1744 392 GESTA
1784 326 2203 394 DESIDERII
2243 330 2607 398 ABBATIS
2645 334 2917 399 CASIN.

497 322 610 388 951
1471 326 1744 392 GESTA
1784 326 2129 393 DESIDEE

2243 330 2607 398 ABBATIS
2645 334 2895 399 CASIN
2904 383 2917 397 .
3750 348 3846 412 992

493 523 686 595 piens,
706 525 764 578 et
793 524 1134 579 societatem
1165 523 1644 581 Cluniacensium
1665 526 1915 581 fratrum
1941 530 2166 583 nostrae
2192 518 2238 582 Α
2273 530 2384 587 hoc
2414 534 2543 589 loco
2602 534 2864 590 describi
2928 538 3229 609 prmeepit,
3261 555 3499 609 quorum
3524 542 3727 599 nomina
3744 546 3844 603 haec

498 612 980 684 congregationis
1014 612 1370 685 adjungens,
1395 617 1735 670 memoriam
1764 616 1998 670 illorum
2014 617 2166 686 apud
2272 626 2447 677 sunt:
2481 623 2877 693 Augustinum
2911 630 3117 681 contra
3146 626 3440 699 Faustum,
3476 630 3550 684 De
3578 646 3729 701 opere
3751 650 3844 690 mo-

496 716 630 771 nos,
655 703 997 772 nostraeque
1013 704 1673 791 congregationisapud
1704 704 1856 774 illos,
1883 704 1942 757 in
1980 708 2167 759 morte
2272 711 2617 781 nachorum,
2653 712 2736 766 De
2768 729 3041 769 sermone
3059 716 3289 770 Domini
3318 718 3374 770 in
3391 722 3588 788 monte,
3614 720 3844 778 Homilies

496 791 553 844 et
581 790 639 843 in
670 790 787 842 vita
815 790 991 843 iidem
1035 790 1147 843 viri
1178 790 1550 845 venerabiles
1582 808 1641 844 in
1679 795 2023 862 perpetuum
2052 793 2160 847 ha-
2274 801 2695 871 quinquaginta
2713 817 2893 871 super
2911 803 3230 873 Epistolam
3252 805 3322 858 ad
3346 806 3641 873 Romanos,
3662 810 3845 864 Sermo-

493 877 745 932 bendam
764 882 1105 945 sanxerunt,
1124 878 1421 933 Nonnulla
1441 879 1746 951 subjungit
1770 881 1844 934 de
1870 880 2161 951 Gregorio
2270 904 2377 943 nes
2407 894 2465 942 in
2498 889 2793 959 Epistolas
2819 891 3002 955 Pauli,
3039 892 3121 946 De
3160 892 3371 947 Genesi
3402 894 3471 947 ad
3498 894 3849 967 litteram,Epi.

497 971 556 1021 et
568 967 890 1021 Randiscio
899 967 1036 1037 piis,
1062 968 1381 1035 monachis,
1402 968 1476 1022 de
1495 969 1707 1039 quibus
1724 969 1951 1039 egimus
1963 970 2024 1022 in
2035 971 2159 1040 pri-
2270 978 2453 1031 stolas
2473 977 2938 1048 ejus,Pastorale
2952 979 3003 1049 ej
3014 981 3197 1046 us,De
3215 982 3498 1051 baptismo
3510 984 3847 1053 parvulorum;

503 1071 596 1109 ma
624 1055 797 1126 bqjus
825 1055 1048 1108 Sueculi
1062 1062 1255 1125 parte,
1274 1072 1409 1126 pag.
1432 1055 1555 1124 103,
1576 1062 1711 1126 etc.,
1731 1058 1831 1111 ubi
1848 1059 1957 1113 hoc
1971 1054 2157 1129 ipsum
2265 1066 2648 1120 Ambrosium
2663 1067 2744 1120 De
2760 1067 2940 1122 rebus
2954 1070 3145 1138 gestis
3158 1070 3217 1123 in
3230 1070 3476 1124 ecclesia
3489 1071 3849 1127 Mediolanensi

503 1142 785 1197 Cbronici
798 1142 970 1197 Cassi
975 1144 1179 1197 nensis
1196 1149 1384 1213 caput,
1403 1150 1459 1198 et
1477 1144 1592 1198 alia
1609 1145 1881 1200 nonnulla
1897 1162 1975 1201 ex
1986 1147 2159 1201 Petri
2262 1154 2346 1208 De
2363 1155 2737 1224 patriarchis,
2758 1157 2842 1210 De
2857 1156 2968 1210 ﬁde
2991 1157 3062 1210 ad
3091 1157 3424 1212 Gratianum
3455 1160 3809 1228 imperatorem
3834 1180 3845 1226 ;

492 1231 956 1295 continuatione,
990 1231 1100 1285 sub
1133 1232 1351 1285 Leonis
1374 1235 1625 1301 nomine,
1650 1241 1709 1287 ut
1738 1234 1905 1305 vulgo
1925 1235 2009 1304 lit,
2038 1235 2157 1290 lau-

491 1318 564 1373 da
577 1319 781 1372 vimus.
816 1319 1012 1373 Porro
1034 1319 1302 1390 Angelus
1341 1320 1414 1374 de
1435 1321 1620 1386 Nuce,
1638 1322 1700 1375 in
1719 1324 1877 1376 notis
1904 1324 1980 1377 ad
2005 1324 2158 1379 hunc

488 1404 944 1477 locum,profert
965 1407 1274 1462 Desiderii
1303 1409 1610 1479 epistolam
1642 1410 1719 1464 ad
1758 1410 2010 1465 Petrum
2033 1412 2155 1466 Da-

486 1494 687 1561 miani,
723 1511 830 1567 qua
858 1495 977 1566 ipsi
1008 1501 1122 1549 tam
1156 1497 1387 1551 viventi
1418 1514 1585 1568 quam
1618 1497 1897 1553 defuncto
1926 1515 2066 1553 suas
2095 1505 2153 1554 et

490 1584 669 1637 totius
698 1584 1183 1655 congregationis
1214 1584 1597 1641 Cassinensis
1644 1602 1715 1641 ac
1741 1603 2149 1643 successorum

486 1685 724 1726 suorum
747 1688 967 1743 preces
989 1672 1327 1743 pollicetur.

563 1775 896 1848 Gregorius
906 1793 1055 1848 papa
1075 1784 1133 1832 et
1151 1777 1258 1832 alii
1268 1778 1530 1850 benigne
1550 1780 1741 1856 accipi
1746 1786 1941 1836 untur.
1957 1811 2029 1821 -—-
2043 1782 2154 1837 Ro-

485 1863 701 1920 bertus
722 1864 1088 1920 Guiscardus
1107 1866 1459 1937 Gregorium
1471 1885 1701 1939 papam,
1735 1885 1901 1941 quem
1938 1868 2152 1924 Henri-
2176 1887 2223 1948 Β

486 1967 591 2007 cus
620 1954 1014 2024 imperatoria
1032 1970 1170 2008 arce
1194 1954 1403 2009 Sancti
1422 1956 1643 2027 Angeli
1660 1956 1965 2012 obsessum
1990 1963 2151 2013 tene-

483 2040 606 2110 bat,
627 2040 932 2109 liberavit,
967 2058 1207 2114 eumque
1236 2043 1309 2097 ad
1342 2043 1474 2109 hoc,
1517 2046 1707 2116 inquit
1736 2045 1981 2114 Petrus,
2016 2062 2146 2101 mo-

483 2129 808 2183 nasterium
839 2146 1028 2200 usque
1053 2131 1508 2196 deduxit.Quem
1530 2135 1920 2203 apostolicum
1941 2138 2149 2190 noster

484 2216 669 2271 abbas
692 2232 881 2287 usque
901 2218 972 2271 ad
990 2218 1177 2287 ipsius
1200 2221 1440 2287 exitum,
1468 2237 1600 2275 cum
1613 2223 1914 2293 episcopis
1932 2228 1989 2277 et
2014 2240 2147 2278 car-

481 2302 778 2359 dinalibus
800 2305 899 2375 qui
930 2320 1065 2359 eum
1097 2308 1284 2361 secuti
1322 2308 1965 2379 fuerant,sustentavit.

550 2392 775 2446 Donum
797 2393 860 2447 S.
884 2395 1101 2448 crucis.
1123 2425 1191 2433 —
1209 2386 1318 2449 His
1335 2412 1511 2465 porro
1523 2399 1890 2467 temporibus
1910 2400 2146 2470 quidam

478 2480 845 2535 Amalﬂtanae
894 2483 1151 2537 civitatis
1185 2484 1427 2553 nobilis,
1459 2486 1677 2540 mundo
1710 2488 2145 2559 mundanisque

480 2570 755 2624 omnibus
787 2570 1230 2641 abrenuntians,
1264 2573 1335 2626 ad
1376 2573 1532 2627 hunc
1562 2575 1754 2628 locum
1779 2578 2067 2645 pervenit,
2089 2580 2147 2631 et

477 2673 512 2711 a
529 2658 839 2712 Desiderio
857 2661 1155 2729 gratanter
1174 2665 1491 2731 susceptus
1511 2667 1567 2715 et
1585 2664 1909 2717 monachus
1926 2664 2140 2735 factus,

478 2749 701 2816 partem
752 2762 868 2801 non
920 2750 1195 2819 exiguam
1226 2750 1370 2820 ligni
1429 2751 1753 2806 salutifera)
1805 2755 1862 2805 et
1888 2753 2141 2809 vivificaa

477 2835 676 2889 crucis
716 2851 858 2890 auro
914 2839 971 2890 et
1024 2837 1316 2905 lapidibus
1366 2839 1645 2907 pretiosis
1694 2842 1963 2894 ornatam
1993 2845 2050 2895 et
2078 2843 2139 2897 in

475 2939 655 2978 aurea
683 2924 850 2978 icona
873 2925 1140 2994 locatam,
1167 2940 1341 2995 quam
1362 2926 1491 2995 ipse
1523 2926 1597 2980 de
1618 2927 1830 2996 palatio
1854 2928 2138 2984 Constan-

474 3011 857 3083 tinopolitano
883 3013 1205 3067 abstulerat
1235 3014 1292 3067 in
1329 3014 1736 3085 conjuratione
1767 3032 1901 3087 quae
1934 3022 2141 3073 contra

473 3100 821 3155 Michaelem
843 3102 1250 3172 imperatorem
1282 3101 1436 3157 facta
1465 3107 1576 3173 est,
1610 3104 1782 3160 beato
1815 3105 2137 3162 Benedicto

474 3189 898 3245 devotissimus
946 3191 1172 3245 obtulit.
1205 3191 1554 3246 Desiderius
1594 3195 1810 3260 autem,
1857 3196 1995 3263 post
2019 3195 2136 3250 ista

2259 1244 2578 1298 Sermones
2608 1244 2776 1314 ejus;
2817 1246 3157 1316 Hegistrum
3196 1247 3414 1301 Leonis
3452 1264 3623 1317 papae,
3665 1249 3844 1319 Regis-

2254 1333 2406 1386 trum
2427 1332 2641 1387 Felicis
2673 1349 2872 1402 papm;
2908 1334 3194 1404 Regulam
3226 1334 3460 1403 Basilii;
3494 1335 3847 1405 Hieronymum

2257 1436 2438 1491 super
2492 1420 2877 1489 Ezechielem,
2939 1437 3120 1491 super
3171 1422 3465 1491 Epistolas
3509 1424 3678 1490 Pauli,
3706 1440 3847 1493 super

2255 1510 2562 1564 duodecim
2588 1509 2908 1579 prophetas
2930 1527 2945 1574 ;
2991 1509 3378 1581 Eugesipium
3396 1530 3408 1577 ;
3438 1512 3727 1567 Sermones
3757 1512 3840 1567 Se-

2253 1599 2513 1663 veriani;
2546 1598 2870 1652 Historiam
2924 1599 3264 1668 Anastasii;
3325 1600 3630 1654 Historiam
3656 1600 3847 1671 Lango-

2252 1686 2590 1755 bardorum,
2636 1686 2980 1741 Gotthorum
3009 1689 3066 1741 et
3103 1687 3533 1757 Vandalorum;
3580 1688 3846 1743 Historiam

2253 1774 2531 1829 Jordauis
2548 1775 2811 1844 episcopi
2833 1774 2905 1829 de
2925 1776 3208 1830 Romanis
3229 1780 3286 1830 et
3302 1776 3562 1845 Gotthis;
3588 1777 3846 1830 Historiam

2254 1863 2530 1935 Gregorii
2551 1863 2952 1932 Turonensis;
2977 1862 3308 1933 Josephum
3339 1864 3411 1919 de
3442 1864 3589 1919 bello
3616 1863 3846 1928 Judaico;

2258 1951 2577 2005 Historiam
2614 1950 2890 2018 Cornelii,
2941 1967 3073 2004 cum
3122 1951 3412 2020 Homero;
3451 1952 3744 2006 Historiam
3767 1950 3844 2004 Er-

2255 2039 2573 2108 chemperti
2592 2058 2606 2105 ;
2642 2039 2859 2093 Bedam
2878 2055 3060 2108 super
3079 2039 3319 2093 Tobiam
3339 2056 3354 2107 ;
3377 2041 3456 2095 De
3486 2040 3626 2094 locis
3640 2041 3842 2108 sanctis;

2251 2127 2638 2199 Evangelium
2683 2127 2970 2198 majorem
3019 2143 3161 2182 auro
3219 2131 3275 2182 et
3302 2128 3594 2197 lapidibus
3622 2128 3845 2199 pretiosis

2252 2219 2543 2281 ornatum,
2574 2216 2635 2269 in
2665 2231 2780 2285 quo
2809 2216 2918 2269 has
2948 2215 3230 2286 reliquias
3259 2217 3478 2285 posuit,
3512 2217 3579 2270 de
3599 2216 3740 2287 ligno
3765 2216 3845 2269 Do-

2251 2305 2392 2358 mini
2423 2306 2480 2359 et
2509 2304 2580 2358 de
2611 2304 2981 2359 vestimentis
3005 2305 3193 2358 sancti
3222 2304 3470 2360 Joannis
3493 2305 3845 2376 evangelista;

2250 2393 2567 2447 Sermones
2617 2393 2835 2448 Leonis
2884 2409 3083 2462 papae;
3116 2392 3444 2448 Sermones
3475 2393 3725 2465 Gregorii
3765 2392 3848 2445 Na-

2248 2482 2507 2536 zianzeni
2524 2497 2539 2550 ;
2555 2482 2891 2536 Doctrinam
2924 2482 3161 2535 Patrum
3185 2480 3737 2551 ;Sacramentorium
3751 2497 3848 2534 cum

2246 2570 2699 2640 Martyrologio;
2733 2569 3268 2623 Sacramentorium
3306 2571 3469 2625 aliud
3497 2587 3510 2639 ;
3541 2570 3683 2624 Ordo
3717 2568 3845 2638 Epis-

2249 2659 2506 2727 copalis;
2558 2658 2924 2713 Gualfridum
2954 2659 3036 2712 De
3084 2657 3332 2727 officiis;
3378 2658 3567 2729 Super
3589 2658 3846 2730 regulam;

2248 2747 2626 2800 l’assionaria
2657 2748 2835 2799 totius
2867 2747 3023 2815 anni,
3082 2746 3268 2801 libros
3300 2751 3586 2818 quatuor;
3617 2746 3849 2816 Antipho-

2248 2835 2409 2889 naria
2441 2836 2512 2889 de
2542 2834 2635 2889 die
2667 2835 2803 2904 duo,
2828 2834 2888 2887 in
2919 2834 3101 2889 choro
3133 2850 3376 2905 semper
3403 2836 3693 2901 habenda;
3720 2834 3847 2888 Anti-

2246 2925 2594 2993 phonarium
2643 2923 2716 2977 de
2745 2926 2947 2993 nocte;
2987 2923 3151 2977 Vitas
3182 2925 3460 2993 Patrum;
3494 2925 3737 2978 Instituta
3758 2923 3845 2975 Pa-

2242 3016 2431 3081 trum;
2462 3014 2646 3066 Actus
2677 3012 3080 3081 apostolorum
3110 3026 3244 3066 cum
3277 3011 3560 3083 Epistolis
3601 3010 3847 3066 canonicis

2243 3106 2300 3155 et
2331 3100 2757 3171 Apocalypsin;
2792 3100 3087 3169 Epistolas
3130 3101 3334 3171 Pauli;
3377 3102 3848 3170 Paralipomenon;

2243 3205 2426 3260 super
2481 3189 2719 3244 Cantica
2751 3187 3119 3243 canticorum
3164 3187 3469 3260 Origenis,
3518 3189 3760 3261 Gregorii
3802 3188 3847 3239 et

568 3242 573 3244 .
1206 3242 1549 3246 --η-η-η-
1597 3242 1810 3260 πηω,
1858 3242 1992 3263 τη,
2019 3242 2136 3250 ____
2287 3242 2338 3260 η
2366 3242 2413 3244 ,γ
2498 3242 2543 3244 ,ν
2670 3242 2673 3243 ,
3269 3242 3469 3260 υθήη,
3536 3242 3687 3261 κησκ

473 3278 730 3348 Capuam
750 3294 1029 3350 pergens,
1055 3284 1111 3333 et
1127 3279 1399 3334 ofﬁcinas
1416 3282 1760 3335 monasterii
1798 3282 2057 3352 Capuani
2074 3284 2135 3338 in
2165 3242 2217 3305 Ο
2242 3277 2917 3349 Ιὶθιτθηεεινίὶςιῐοαηοθω
2932 3276 3427 3347 Chrysostomum
3450 3279 3521 3333 de
3535 3278 3847 3347 reparatione

472 3368 662 3422 ruinis
680 3368 808 3438 jam
837 3368 1064 3437 positas
1096 3383 1372 3436 cernens,
1406 3368 1477 3422 ad
1508 3370 1949 3425 renovationem
1971 3371 2132 3427 illius

471 3455 732 3510 animum
786 3455 964 3509 dedit.
1019 3456 1264 3525 Dirupta
1311 3471 1564 3526 namque
1620 3458 1804 3526 priori
1850 3459 2126 3531 ecclesia,

464 3542 652 3615 jussit
681 3544 933 3598 conduci
963 3543 1223 3597 artifices
1256 3543 1406 3598 alios
1438 3545 1510 3598 ad
1533 3545 1804 3614 capitella
1826 3547 2124 3603 columna-

469 3646 601 3685 rum
618 3631 765 3684 miro
797 3646 973 3700 opere
1002 3629 1290 3685 facienda.
1317 3630 1708 3704 Evocansque
1753 3634 1828 3688 ad
1857 3651 1923 3690 se
1945 3636 2133 3691 Bene-

467 3718 688 3774 dictum
740 3719 1012 3790 ejusdem
1048 3719 1164 3774 loci
1210 3721 1613 3791 praepositum,
1669 3724 1955 3792 praecepit
1983 3729 2045 3779 ut
2073 3725 2135 3781 in

471 3806 743 3878 ejusdem
766 3806 1039 3861 ecclesiae
1069 3808 1448 3861 renovatione
1471 3808 1744 3863 omnibus
1765 3809 1947 3865 rebus
1970 3814 2132 3881 post-

465 3894 701 3964 positis,
738 3893 1074 3963 specialiter
1101 3894 1414 3965 iuvigilare
1444 3896 1731 3951 studeret.
1776 3896 1966 3969 Cujus
2033 3900 2129 3956 ille

472 3983 720 4052 imperio
779 3997 993 4052 parens
1053 3982 1242 4037 Patris
1298 3982 1599 4039 Benedicti
1628 3984 1933 4041 basilicam
1973 3987 2131 4044 sicut

475 4086 634 4125 nunc
668 4071 946 4140 cernitur,
971 4070 1425 4140 pulcherrimam
1454 4072 1601 4127 satis
1633 4076 1981 4146 construxit,
2012 4079 2124 4132 etc.

544 4177 757 4233 Obitus
773 4176 1045 4245 Roberti,
1069 4176 1278 4231 eximii
1286 4175 1712 4235 bene/actoris.
1734 4181 1943 4237 —Hoc
1955 4198 2127 4255 anno,

463 4266 716 4335 scilicet,
764 4271 825 4319 ut
869 4271 1063 4320 monet
1109 4266 1467 4338 Angelusde
1503 4268 1688 4336 Nuce,
1723 4268 1880 4341 1085,
1922 4286 2128 4327 mense

466 4356 642 4421 Julia,
678 4355 776 4409 die
814 4355 973 4410 festo
1001 4356 1196 4409 sancti
1216 4355 1442 4425 Alexii,
1486 4358 1784 4413 Robertus
1848 4358 2126 4415 Guiscar-

464 4446 576 4500 dus
611 4442 850 4514 Apuliae
880 4444 997 4497 dux
1015 4443 1177 4513 obiit,
1203 4446 1314 4499 etc.
1353 4445 1483 4498 Non
1513 4449 1705 4499 autem
1728 4446 2127 4503 videturindi-

460 4548 646 4606 gnum
690 4532 785 4585 hic
816 4547 890 4585 ex
910 4534 1072 4600 parte
1094 4532 1289 4602 aliqua
1319 4548 1608 4587 summam
1640 4534 1998 4589 oblationum
2035 4537 2123 4590 is-

459 4624 579 4678 tius
611 4620 800 4690 ducis,
825 4619 1076 4689 ejusque
1110 4620 1389 4692 conjugis
1424 4620 1783 4692 Sicelgaitae,
1818 4624 1888 4676 ad
1921 4624 2122 4678 scien-

455 4711 596 4765 tiam
617 4712 990 4780 posterorum
1020 4709 1354 4777 adnectere,
1412 4710 1511 4779 qui
1545 4725 1727 4780 supra
1758 4726 1964 4766 omnes
1994 4712 2120 4767 fere

459 4799 555 4854 sui
576 4798 858 4866 temporis
891 4797 1169 4851 mortales
1214 4797 1408 4851 locum
1439 4797 1637 4867 istum,
1672 4802 1896 4868 patrem
1944 4800 2116 4854 Desi-

457 4888 684 4944 derium
714 4890 772 4941 et
791 4889 1059 4941 nostram
1088 4886 1611 4957 congregationem
1652 4886 1925 4959 diligere,
1960 4888 2115 4942 exal-

454 4979 580 5031 tare
627 4978 684 5030 et
740 4975 1030 5029 honorare
1062 4974 1430 5029 studuerunt.
1467 4973 1675 5045 Capite
1714 4974 1804 5045 58,
1835 4982 2116 5031 recenset

460 5064 682 5119 Petrus
734 5063 1084 5119 donationes
1114 5062 1252 5117 illas
1298 5061 1670 5133 singillatim,
1718 5069 1777 5118 et
1821 5064 2115 5135 capitibus

456 5153 842 5223 sequentibus
880 5152 1031 5207 alias
1068 5151 1141 5205 ab
1174 5152 1315 5206 aliis
1348 5152 1499 5205 viris
1546 5151 1846 5206 nobilibus
1894 5152 2109 5223 factas,

456 5240 648 5311 capite
676 5238 764 5307 62,
800 5241 923 5311 agit
954 5241 1028 5295 de
1063 5239 1390 5309 Guaiferio,
1440 5255 1605 5312 quem
1639 5240 1817 5293 etiam
1846 5239 2113 5294 laudavit

453 5329 516 5382 in
544 5327 702 5382 libro
732 5327 819 5382 De
854 5329 1008 5382 viris
1035 5328 1394 5399 illustribus,
1426 5344 1549 5399 cap.
1573 5326 1662 5382 29.
1699 5327 1800 5382 ubi
1828 5328 2112 5383 Benedic-

450 5419 549 5472 tus
578 5415 679 5486 qui
709 5417 766 5470 et
788 5416 1125 5471 Guaiferius
1155 5418 1399 5472 dicitur.

520 5503 879 5561 Desiderius
900 5505 1208 5561 nonnullos
1237 5507 1473 5562 codices
1501 5503 1772 5561 describi
1791 5508 1961 5559 curat
1980 5522 1995 5571 ;
2017 5504 2114 5576 qui

449 5594 813 5650 indicantur.
845 5621 916 5632 —
943 5592 1075 5647 Non
1093 5595 1288 5649 solum
1300 5597 1495 5650 autem
1514 5595 1575 5648 in
1588 5592 1879 5663 aediﬁciis,
1901 5607 2114 5648 verum

448 5684 624 5739 etiam
644 5681 703 5736 in
722 5680 894 5737 libris
916 5680 1328 5739 describendis
1349 5698 1588 5753 operam
1602 5681 1950 5737 Desiderius
1973 5682 2112 5738 dare

446 5770 871 5850 permaximam
886 5768 1131 5828 studuit.
1164 5769 1415 5830 Codices
1442 5785 1695 5848 namque
1715 5769 2033 5831 nonnullos
2050 5770 2112 5827 in

2239 3366 2428 3437 lapsi;
2462 3365 2773 3437 Dialogum
2802 3380 2979 3435 quem
3008 3366 3139 3436 ipse
3167 3380 3305 3419 cum
3344 3367 3619 3421 Alberico
3648 3366 3846 3419 diacono

2239 3456 2419 3508 edidit
2449 3454 2521 3509 de
2553 3453 2856 3508 miraculis
2907 3453 3340 3509 monachorum
3369 3456 3485 3510 loci
3517 3455 3716 3520 istius;
3745 3453 3849 3506 Dia-

2238 3543 2442 3614 logum
2495 3543 2686 3608 aliud;
2720 3541 3032 3614 Dialogum
3059 3542 3132 3596 de
3159 3542 3280 3596 vita
3332 3544 3524 3598 sancti
3564 3540 3847 3605 Benedicti,

2243 3632 2503 3686 Ililarius
2533 3631 2949 3701 mysteriorum
2980 3633 3036 3685 et
3066 3630 3435 3702 Hymnorum
3465 3651 3480 3697 ;
3512 3627 3846 3687 Seduliumde

2238 3720 2579 3792 Evangeliis
2603 3719 2968 3789 ;Juvencum
2998 3719 3071 3773 de
3091 3718 3471 3791 Evangeliis;
3504 3718 3845 3781 Medicinalis;

2240 3810 2590 3865 Psalterium
2616 3825 2630 3879 ;
2662 3807 3050 3863 Cresconium
3073 3808 3143 3862 de
3163 3807 3342 3863 bellis
3367 3809 3619 3878 Lihicis;
3665 3808 3847 3860 Versus

2236 3900 2497 3969 Arichis,
2532 3898 2697 3952 Pauli
2725 3899 2782 3951 et
2835 3895 3057 3965 Caroli;
3088 3896 3323 3951 Versus
3355 3897 3623 3966 Paulini;
3651 3896 3845 3950 Cicero.

2237 4004 2371 4044 nem
2427 3988 2509 4042 De
2554 3990 2759 4040 natura
2793 3985 3065 4049 deorum;
3096 3984 3368 4040 Instituta
3399 3985 3733 4053 Justiniani;
3758 3982 3847 4035 No-

2234 4078 2448 4133 vellam
2505 4074 2669 4147 ejus;
2729 4073 3066 4128 Terentium
3097 4091 3111 4138 ;
3154 4073 3472 4129 Horatium
3501 4090 3630 4129 cum
3656 4085 3846 4144 geome-

2231 4168 2375 4233 tria;
2402 4165 2672 4220 Ovidium
2702 4162 3050 4228 Fastorum;
3082 4161 3404 4234 Senecam;
3441 4162 3731 4234 Virgilium
3745 4172 3847 4215 cum

2232 4256 2447 4327 egloga
2476 4251 2824 4320 Theodorii;
2848 4251 3155 4305 Donatum.

2301 4361 2534 4416 Fames.
2566 4388 2636 4398 —-
2668 4358 2796 4412 Hoc
2827 4360 3114 4427 praeterea
3129 4359 3398 4428 tempore
3431 4359 3682 4413 latrones
3705 4355 3847 4409 noctu

2228 4450 2413 4522 hujus
2444 4448 2635 4503 nostri
2651 4445 2995 4500 monasterii
3014 4445 3279 4516 ingressi
3303 4446 3629 4513 cellarium,
3650 4456 3842 4498 carnes.

2229 4553 2491 4607 caseum,
2526 4535 2870 4605 lardumque
2902 4533 3325 4604 subripientes,
3362 4551 3513 4590 suos
3555 4534 3646 4588 bis
3674 4528 3844 4585 merci-

2226 4629 2341 4683 bus
2372 4624 2647 4681 sacculos
2680 4622 3104 4692 impleverunt;
3164 4622 3328 4677 foras
3384 4627 3581 4679 autem
3623 4617 3841 4693 egressi,

2226 4716 2498 4771 sacculos
2537 4727 2690 4784 quos
2733 4711 3117 4780 impleverant
3145 4711 3349 4766 levare
3392 4713 3605 4780 conati,
3648 4708 3842 4763 minime

2226 4804 2560 4876 potuerunt.
2612 4800 2759 4854 Dein
2809 4798 3012 4853 relicta
3068 4799 3304 4854 sarcina
3335 4804 3629 4855 tentantes
3658 4799 3840 4868 fugam,

2226 4910 2334 4965 per
2371 4892 2554 4946 totius
2605 4903 2926 4943 excursum
2985 4888 3175 4943 noctis
3233 4889 3584 4943 monasterii
3628 4884 3844 4940 claustra

2227 4982 2682 5046 circumeuntes,
2743 4976 2961 5030 nullam
3016 4976 3365 5048 egrediendi
3407 4977 3726 5031 facultatem
3760 4984 3841 5040 pe-

2216 5072 2375 5127 nitus
2434 5065 2722 5137 consequi
2801 5065 3131 5134 valuerunt,
3189 5067 3300 5119 etc.
3376 5065 3507 5119 Hoc
3584 5064 3832 5133 praeterea

2212 5163 2473 5229 tempore
2496 5156 2683 5209 fames
2708 5154 2958 5207 maxima
2975 5169 3084 5223 per
3101 5156 3277 5207 totam
3307 5151 3438 5208 fere
3470 5152 3683 5207 Italiam
3709 5148 3832 5204 facta

2213 5250 2323 5317 est,
2366 5247 2529 5300 Tunc
2587 5243 2931 5297 Desiderius
2962 5257 3096 5295 cum
3137 5241 3424 5296 fratribus
3448 5238 3836 5296 communicato

2213 5334 2481 5403 consilio,
2503 5332 2669 5387 cibos
2700 5330 3104 5402 indigentibus
3117 5329 3490 5385 abundanter
3517 5323 3833 5385 conferebat.

2274 5439 2537 5490 Defuncto
2589 5434 2865 5501 pontiﬁce,
2909 5439 3159 5498 papatum
3215 5434 3501 5498 suscipere
3572 5436 3753 5480 renuit.
3786 5448 3832 5460 -—

2210 5522 2362 5570 Anno
2418 5523 2591 5569 autem
2657 5515 2941 5565 Dominicis
2996 5515 3373 5564 incarnationis
3468 5512 3728 5563 millesimo
3774 5518 3836 5554 oc-

2210 5600 2464 5663 togesimo
2499 5596 2699 5659 quinto.
2740 5593 3022 5643 indictione
3070 5598 3269 5649 octava,
3309 5605 3436 5642 cum
3474 5588 3769 5641 venerabilis
3790 5594 3835 5632 ac

2213 5700 2417 5750 semper
2443 5683 2734 5734 recolendas
2762 5682 3024 5732 memoria
3044 5680 3270 5731 domnus
3298 5680 3594 5743 Gregorius
3613 5673 3834 5739 septimus

2212 5789 2347 5844 papa
2383 5774 2522 5842 apud
2583 5772 2858 5826 Salernum
2934 5772 3230 5825 inﬁmitate
3290 5782 3486 5840 magna
3554 5764 3831 5819 deﬁceretur
