3988 6176
190 332 288 399 993
590 364 595 369 η
1125 322 1665 389 POSTMODUM
1715 323 1783 385 Vl

1913 318 2105 384 ORIS
2144 321 2231 384 IIl
2274 320 2528 384 PAPIE

3445 330 3567 392 954

187 527 534 598 interrogatus
552 526 680 579 ante
710 524 865 579 diem
882 524 1117 580 tertium
1133 525 1333 580 obitus
1361 525 1456 580 sui
1481 525 1554 579 ab
1573 523 1799 594 episco-
1824 508 1872 567 Α
1910 521 1998 575 eis
2020 523 2322 591 promptos
2353 524 2409 575 et
2437 524 2676 591 paratos
2698 524 2770 576 ad
2796 540 2920 578 rem
2946 525 3134 594 ipsam
3159 527 3401 582 invenit.
3449 526 3564 582 Sed

187 621 260 689 pis
296 621 345 671 et
385 613 789 681 cardinalibus,
837 613 939 684 qui
994 616 1131 668 tunc
1162 630 1276 668 una
1308 631 1441 668 cum
1486 612 1794 667 Desiderio

184 708 467 778 prasentes
485 704 662 770 erant,
683 702 819 772 quid
844 706 977 772 post
991 718 1164 757 suum
1178 702 1399 756 obitum
1414 702 1485 755 de
1511 703 1789 755 Romanae

185 795 318 850 sedis
347 790 963 860 ordinationejuberet,
990 791 1321 861 respondit:
1357 794 1419 844 ut
1447 791 1496 843 si
1532 804 1786 860 unquam

179 883 344 953 aliquo
371 880 530 934 modo
561 883 825 948 possent,
851 879 1122 934 eumdem
1156 879 1528 933 Desiderium
1560 879 1629 931 ad
1678 878 1789 930 hoc

180 972 399 1026 ofﬁcium
411 968 904 1038 promoverent.ls
917 969 1071 1022 enim
1084 971 1303 1036 prater
1319 968 1375 1021 id
1389 968 1543 1037 quod
1563 967 1788 1035 primus

178 1059 447 1128 presbyter
475 1056 790 1110 cardinalis
826 1057 1107 1111 Romana
1140 1059 1277 1110 tunc
1302 1056 1585 1109 Ecclesia
1605 1056 1784 1122 esset,

175 1153 219 1201 et
242 1146 517 1216 prudentia
540 1145 813 1214 maxima,
830 1150 885 1199 et
908 1145 1193 1215 religione
1220 1143 1529 1215 singulari,
1564 1147 1619 1197 et
1640 1142 1790 1212 prin-

176 1236 337 1305 cipum
355 1233 928 1288 circummanentium
958 1234 1212 1288 amicitia
1242 1232 1421 1286 multa
1437 1232 1701 1301 polleret.
1727 1230 1788 1284 Si

173 1338 287 1376 vero
315 1322 457 1375 hunc
478 1322 812 1376 nullatenus
843 1323 1082 1377 ﬂectere
1122 1322 1192 1375 ad
1225 1322 1338 1375 ista
1373 1320 1655 1385 valerent,
1690 1322 1789 1373 aut

171 1410 574 1480 archiepiscopu
584 1427 637 1464 m
656 1411 1116 1483 Lugdunensem
1130 1411 1400 1481 Ugonem
1414 1410 1789 1463 autOttonem

168 1497 479 1566 Ostiensem,
515 1501 613 1552 aut
645 1498 981 1553 Lucensem
1011 1499 1356 1567 episcopum
1380 1513 1395 1566 ς
1415 1512 1587 1567 quem
1618 1496 1787 1565 prius

167 1601 225 1640 ex
252 1586 334 1639 his
363 1585 577 1641 habere
594 1589 860 1657 possent,
886 1588 947 1642 in
976 1602 1184 1658 papam
1208 1586 1430 1657 eligere
1460 1589 1594 1655 post
1616 1600 1789 1638 suum

166 1674 354 1729 obitum
399 1676 751 1745 quantocius
775 1676 1143 1729 festinarent.
1176 1675 1303 1730 Hoc
1328 1677 1543 1728 statuto
1575 1673 1788 1726 defun-

166 1767 274 1816 ctus
301 1766 403 1832 est,
434 1767 644 1819 octavo
669 1764 898 1819 scilicet
931 1764 1228 1818 Kalendas
1258 1762 1439 1832 Junii,
1473 1762 1567 1815 die
1588 1758 1787 1817 Domi-

1909 612 2045 681 quia
2077 610 2277 665 fervor
2307 610 2530 663 astatis
2552 611 2770 665 nimius
2804 616 3269 685 erat,propterea
3288 620 3425 670 tunc
3448 617 3565 670 Ro-

1908 713 2060 751 mam
2092 698 2176 753 ire
2225 698 2602 765 distulerunt,
2654 716 2967 771 quousque
3003 718 3068 756 se
3100 708 3155 757 et
3186 705 3344 758 calor
3373 705 3565 758 atatis

1909 786 2359 850 imminueret,ct
2376 791 2637 857 tempora
2656 790 2883 842 infirma
2898 792 3564 863 transirent.Postquam

1909 890 2049 929 vero
2080 876 2357 944 princeps
2391 878 2678 931 conducto
2711 880 2975 932 exercitu
3035 879 3215 949 hujus
3256 881 3343 934 rei
3374 882 3564 950 gratia

1912 964 2154 1019 Romam
2170 964 2731 1035 eundiCampaniam
2758 970 2934 1035 venit,
2964 968 3378 1022 comitantibus
3393 969 3565 1023 etiam

1910 1068 1974 1106 se
2003 1069 2120 1107 una
2160 1069 2289 1106 cum
2341 1053 2646 1107 Desiderio
2697 1057 2994 1109 nonnullis
3024 1058 3273 1125 partium
3319 1058 3565 1112 istarum

1907 1141 2227 1211 episcopis,
2255 1142 2381 1211 ipse
2407 1148 2723 1212 suspectus
2744 1146 3158 1214 pradictorum
3180 1146 3564 1201 consiliorum

1905 1228 2158 1297 amplius
2190 1229 2514 1298 procedere
2539 1231 2741 1298 noluit,
2772 1232 2976 1286 dicens
3006 1234 3182 1303 quod,
3209 1234 3325 1287 nisi
3354 1234 3561 1287 Jorda-

1908 1330 2021 1370 nus
2034 1317 2307 1387 princeps
2321 1322 2587 1373 etcomes
2605 1320 3015 1390 Raynult‘us,et
3029 1322 3292 1391 episcopi
3316 1322 3563 1376 Romani

1906 1404 2079 1459 ﬁdem
2098 1421 2265 1459 suam
2288 1407 2403 1459 sibi
2432 1410 2712 1475 prasenti
2738 1409 2961 1477 darent,
2997 1410 3212 1464 nullam
3231 1426 3411 1480 super
3449 1410 3560 1465 hac

1904 1509 1968 1547 re
2021 1496 2136 1548 vim
2168 1494 2250 1547 illi
2295 1494 2580 1565 illaturos,
2624 1512 2813 1566 nequc
2835 1497 3223 1553 aliosinferre
3244 1514 3558 1570 passuros,

1903 1583 2032 1651 ipse
2055 1598 2186 1637 cum
2212 1583 2298 1637 eis
2333 1584 2664 1638 nullatenus
2694 1591 2991 1657 pergeret.
3029 1587 3436 1642 Renuentibus
3470 1588 3560 1642 fa-

1903 1686 2060 1739 cere,
2093 1671 2203 1725 hac
2235 1672 2306 1725 de
2337 1688 2515 1726 causa
2548 1689 2646 1727 res
2668 1676 2805 1727 tunc
2840 1673 3055 1729 infecta
3074 1676 3377 1731 remansit.

1971 1759 2259 1831 Eligitur.
2305 1792 2374 1800 —
2408 1761 2537 1815 Jam
2587 1762 2709 1817 fere
2740 1778 2931 1817 annus
2962 1764 3019 1818 in
3052 1766 3153 1818 tali
3184 1765 3560 1821 fluctuatione

162 1853 286 1919 nica,
308 1854 360 1905 et
386 1852 810 1907 honorabiliter
841 1853 992 1907 intra
1021 1852 1336 1907 ecclesiam
1358 1851 1511 1905 beati
1532 1849 1789 1903 Matthai
1825 1876 1874 1938 Β
1898 1850 2233 1938 transierat,
2256 1865 2371 1920 quo
2396 1850 2453 1903 in
2471 1850 2611 1904 sede
2630 1852 2954 1920 apostolica
2977 1853 3172 1907 nullus
3191 1856 3395 1923 pastor
3412 1858 3557 1926 erat,

163 1941 382 2009 apostoli
411 1945 466 1995 et
495 1942 886 2013 evangelista
919 1941 1210 2011 sepultus,
1242 1956 1373 1994 cum
1422 1940 1683 1995 sedisset
1728 1939 1788 1992 in

157 2028 455 2097 pontiﬁcatu
473 2030 649 2084 annis
673 2030 1001 2099 duodecim,
1052 2045 1255 2084 mense
1277 2045 1414 2097 uno,
1439 2029 1650 2083 diebus
1681 2027 1787 2081 tri-

158 2117 271 2171 bus.
317 2116 379 2169 Et
408 2119 687 2187 quoniam
720 2119 982 2172 Romana
1012 2118 1279 2171 Ecclesia
1330 2121 1568 2186 pastore
1609 2116 1787 2169 desti-

158 2207 255 2259 tuta
280 2210 656 2275 remanserat,
680 2211 738 2261 et
759 2206 1022 2261 haretici
1045 2211 1218 2277 atque
1242 2206 1605 2260 schismatici
1626 2218 1788 2258 more

155 2292 389 2362 luporum
416 2294 582 2348 illam
608 2296 945 2349 nitebantur
963 2295 1264 2362 invadere,
1290 2294 1637 2347 Desiderius
1672 2309 1788 2346 una

155 2395 262 2434 cum
308 2383 602 2452 episcOpis
651 2386 707 2437 et
737 2382 1155 2452 cardinalibus,
1220 2398 1327 2436 nec
1357 2398 1473 2437 non
1532 2384 1587 2435 et
1616 2381 1786 2435 laicis

156 2469 442 2541 religiosis,
477 2471 586 2541 qui
613 2471 901 2526 hactenus
932 2472 992 2525 in
1010 2471 1299 2525 catholica
1316 2473 1554 2536 unitate,
1574 2473 1631 2523 et
1648 2470 1786 2524 obe-

155 2556 339 2612 dientia
366 2575 530 2629 papa
573 2560 850 2631 Gregorii
897 2560 1147 2615 ﬁdeliter
1174 2561 1571 2630 perstiterant,
1614 2559 1789 2628 coepit

150 2647 463 2702 unanimiter
489 2664 677 2719 agere
707 2648 958 2719 qualiter
983 2665 1111 2703 eam
1133 2652 1339 2718 posset
1362 2648 1785 2702 decentissime

153 2734 406 2790 ordinare.
431 2736 886 2809 Miseruntergo
919 2740 975 2791 et
991 2738 1308 2792 convenire
1331 2737 1599 2790 fecerunt
1616 2735 1784 2788 undi-

149 2837 244 2891 que
270 2827 426 2893 aptas
480 2825 627 2879 huic
658 2825 855 2879 ofﬁcio
898 2841 1214 2896 personas,
1275 2830 1564 2897 quatenus
1596 2840 1671 2878 ex
1695 2823 1783 2878 eis

149 2912 372 2965 unanimi
401 2929 711 2968 consensu
742 2929 871 2969 eam
900 2929 1217 2983 personam
1250 2930 1382 2968 cum
1397 2913 1587 2985 gratia
1604 2916 1784 2966 etau-

148 2997 264 3053 xilio
294 3000 391 3055 Dei
421 3002 734 3074 eligerent,
771 3018 903 3073 qua
922 3002 1133 3057 idonea
1162 3006 1218 3056 et
1249 3005 1380 3072 apta
1412 3005 1568 3055 tanto
1589 3001 1782 3054 ordini

148 3090 303 3142 esset.
333 3090 771 3145 Convenientes
801 3095 935 3160 post
958 3091 1086 3145 hac
1110 3091 1181 3144 ad
1214 3090 1561 3161 praedictum
1595 3089 1782 3144 abba-

152 3177 246 3229 tem
297 3178 560 3249 episcopi
615 3182 672 3233 et
696 3179 1048 3249 cardinales,
1081 3182 1385 3249 caperunt
1424 3194 1556 3233 eum
1604 3193 1787 3248 super

146 3264 345 3331 praefati
396 3266 702 3336 pontiﬁcis
751 3267 981 3337 judicio
1014 3267 1310 3337 appellare
1333 3270 1511 3337 utque
1542 3267 1601 3320 in
1627 3270 1784 3320 tanta

144 3355 387 3422 temporis
400 3356 763 3410 necessitate
778 3355 1127 3425 periclitanti
1145 3356 1492 3411 subveniret
1526 3355 1781 3409 Eclesia

141 3445 382 3511 papatum
421 3443 832 3514 suscipiendo,
885 3444 1314 3498 instantissime
1356 3444 1642 3515 ﬂagitare.
1688 3444 1779 3497 Ad

143 3526 247 3582 hac
259 3530 350 3584 ille
369 3535 647 3602 papatum
661 3532 896 3603 quidem
912 3548 977 3587 se
991 3534 1299 3602 suscipere
1313 3533 1781 3587 obstinatissima

139 3621 503 3687 responsione
540 3622 883 3687 recusavit;
910 3621 1044 3675 aliis
1076 3637 1217 3675 vero
1267 3622 1485 3692 quibus
1517 3621 1698 3676 sciret
1726 3625 1783 3677 et
1830 3666 1835 3669 .

140 3710 317 3773 posset
354 3709 575 3778 modis,
634 3709 706 3762 ad
737 3710 1017 3763 Romana
1048 3708 1335 3764 Ecclesia
1368 3710 1675 3764 servitium
1714 3726 1781 3765 se

138 3799 376 3861 paratum
405 3812 551 3851 esse
576 3797 915 3866 spOpondit.
944 3798 1047 3852 Die
1066 3798 1451 3853 Pentecostes
1466 3799 1781 3854 Savinensi

137 3882 388 3954 episcopo
444 3888 503 3939 et
564 3885 841 3940 Gratiano
875 3887 1060 3941 Roma
1092 3887 1466 3941 venientibus
1498 3888 1776 3957 occurrit,

136 3968 317 4042 eisque
345 3975 531 4029 verba
555 3990 691 4045 qua
723 3990 857 4028 cum
888 3976 1039 4045 papa
1067 3975 1357 4046 Gregorio
1388 3975 1459 4029 de
1492 3975 1780 4029 Ecclesiae

135 4059 478 4117 ordinatione
526 4063 819 4117 habuerat
872 4064 1105 4128 retulit;
1137 4064 1477 4134 pariterque
1529 4080 1662 4119 cum
1692 4065 1781 4118 eis

134 4144 429 4205 Jordanum
461 4151 798 4221 principem
830 4155 887 4206 et
918 4152 1274 4222 Reynult‘um
1318 4153 1589 4206 comitem
1619 4152 1779 4221 adiit,

133 4237 285 4306 atque
312 4239 380 4292 ad
412 4240 734 4295 servitium
752 4239 1177 4311 etadjutorium
1199 4241 1478 4295 Romana
1494 4241 1781 4295 Ecclesia

134 4322 476 4395 adhortatus,
511 4328 912 4384 libentissime
934 4329 1007 4383 ad
1051 4329 1247 4383 omnia
1268 4332 1506 4399 paratos
1537 4330 1779 4386 invenit.

132 4410 296 4484 Capit
316 4416 532 4471 deinde
565 4418 966 4472 cardinalibus
998 4419 1381 4473 vehementer
1410 4419 1688 4473 insistere
1722 4422 1784 4474 ut

134 4499 192 4554 de
218 4505 512 4572 pontiﬁcis
554 4506 815 4578 eligendi
844 4522 1099 4576 persona
1118 4508 1470 4579 quantocius
1493 4508 1780 4563 delibera-

1818 3223 1872 3289 C

1898 1937 2095 1991 nullus
2123 1938 2407 1992 Dominici
2422 1939 2627 2009 gregis
2651 1955 2850 1993 curam
2870 1941 3135 2011 gerebat,
3156 1945 3213 1996 et
3228 1942 3546 1998 Guibertus

1898 2024 2298 2079 haresiarcha
2315 2042 2459 2081 oves
2490 2027 2707 2081 Christi
2742 2030 3033 2100 sanguine
3064 2031 3400 2100 redemptae
3429 2032 3558 2088 suis

1900 2129 2032 2167 cum
2046 2116 2404 2185 sequacibus
2417 2114 2689 2183 laniabat,
2713 2133 2844 2170 cum
2860 2118 3013 2171 circa
3031 2118 3381 2173 Paschalem
3397 2120 3561 2175 festi-

1898 2203 2137 2256 vitatem
2155 2204 2418 2274 episcOpi
2438 2207 2493 2257 et
2511 2205 2841 2261 cardinales
2872 2207 3149 2261 Romana
3170 2207 3455 2263 Ecclesia
3487 2209 3559 2265 de

1900 2290 2156 2345 diversis
2190 2292 2455 2360 partibus
2487 2294 2728 2347 Romam
2763 2296 3205 2363 convenientes,
3238 2297 3559 2351 mandave-

1897 2382 2033 2432 runt
2059 2380 2341 2448 praedicto
2372 2381 2565 2434 abbati
2600 2383 2659 2435 ut
2674 2398 2785 2435 una
2808 2398 2938 2435 cum
2964 2384 3261 2452 episcopis
3295 2388 3350 2437 et
3368 2385 3558 2438 cardi-

1861 2467 2129 2528 ,nalibus
2164 2469 2463 2537 Romanis,
2502 2470 2599 2541 qui
2625 2485 2827 2524 secum
2863 2474 3001 2525 tunc
3058 2473 3456 2539 morabantur,
3500 2476 3558 2527 et

1896 2572 2028 2609 cum
2051 2554 2280 2609 Gisulfo
2311 2556 2676 2612 Salernitano
2708 2560 2994 2629 principe,
3013 2560 3113 2629 qui
3143 2564 3332 2614 tunca
3361 2560 3555 2615 Cisal-

1895 2646 2051 2715 pinis
2099 2645 2369 2714 partibus
2418 2649 2680 2713 venerat,
2724 2647 2794 2700 ad
2828 2662 2931 2701 eos
2965 2650 3314 2717 quantocius
3344 2665 3554 2722 perge-

1894 2737 2043 2803 rent,
2095 2738 2385 2804 quatenus
2430 2735 2501 2788 de
2554 2736 2833 2791 Romana
2868 2735 3156 2791 Ecclesia
3190 2738 3556 2793 ordinatione

1895 2823 2069 2875 simul
2101 2824 2436 2877 tractarent.
2471 2822 2573 2877 Ille
2603 2824 2746 2877 nihil
2765 2825 3081 2894 suspicans
3104 2826 3175 2880 de
3200 2827 3555 2897 sejamillos

1892 2911 2112 2982 aliquid
2152 2912 2432 2983 cogitare,
2485 2928 2617 2966 cum
2642 2912 2765 2981 jam
2822 2914 2980 2967 nulla
3015 2914 3086 2968 de
3131 2930 3200 2969 eo
3232 2916 3447 2970 mentio
3484 2915 3557 2970 ab

1894 3000 2088 3069 aliquo
2120 2999 2307 3068 ﬁeret,
2333 3002 2655 3069 assumptis
2686 3001 2951 3070 praefatis
2987 3003 3284 3071 omnibus,
3336 3005 3559 3057 Roma-

1892 3104 2027 3142 nam
2063 3090 2329 3157 pervenit
2383 3088 2455 3142 ad
2486 3088 2712 3142 urbem.
2751 3089 2831 3144 Eo
2877 3091 2968 3143 die
3001 3106 3116 3161 quo
3150 3091 3449 3161 applicuit,
3495 3092 3555 3146 in

1910 3177 2134 3247 vigiliis
2163 3177 2568 3244 Pentecostes,
2620 3178 2875 3232 instante
2908 3179 3213 3233 Desiderio
3238 3182 3301 3233 ut
3331 3179 3558 3249 pontiﬁ-

1894 3269 2061 3319 catus
2089 3280 2240 3334 apex
2269 3280 2655 3334 personarum
2695 3281 2896 3319 earum
2929 3266 3343 3338 injungeretur
3378 3268 3556 3323 alicui

1892 3369 2025 3424 qua
2055 3352 2147 3407 vel
2165 3353 2313 3423 ipsis
2347 3353 2437 3407 vel
2468 3354 2521 3407 ei
2560 3354 2910 3407 videbantur
2942 3355 3200 3426 idonea,
3232 3360 3556 3411 renuorunt

1892 3457 2143 3511 prorsus
2166 3442 2356 3495 omnis
2383 3442 2687 3496 Romanus
2725 3445 2781 3496 et
2812 3444 3011 3497 clerus
3045 3446 3101 3498 et
3130 3446 3382 3514 populus
3410 3460 3555 3500 con-

1894 3532 2133 3585 sentire.
2160 3530 2271 3583 Per
2289 3532 2464 3584 totam
2495 3531 2897 3600 autemipsam
2916 3531 3068 3585 diem
3083 3533 3261 3586 multa
3280 3532 3554 3604 frequen-

1895 3619 1991 3687 tia,
2027 3622 2311 3689 quotquot
2343 3619 2648 3673 catholica
2677 3619 2826 3689 parti
2876 3619 3170 3690 favebant,
3202 3624 3319 3674 tam
3355 3622 3559 3677 clerici

1894 3723 2067 3778 quam
2082 3708 2234 3777 laici,
2250 3708 2323 3761 ad
2341 3723 2473 3761 eum
2493 3707 3059 3778 convenientes,jam
3075 3710 3232 3763 circa
3245 3725 3558 3781 vesperam

1894 3797 2244 3867 congregati
2257 3798 2393 3849 sunt
2407 3796 2628 3865 pariter
2644 3811 2872 3866 omnes,
2892 3799 3006 3850 tam
3025 3798 3291 3867 episcopi
3307 3802 3361 3854 et
3374 3800 3561 3853 cardi-

1893 3886 2059 3940 nales
2093 3901 2267 3955 quam
2298 3888 2353 3939 et
2384 3886 2582 3939 cateri
2613 3885 2879 3955 Romani,
2909 3887 3008 3956 qui
3032 3887 3089 3939 in
3112 3887 3557 3945 ﬁdelitatebeati

1893 3973 2053 4028 Petri
2084 3974 2484 4043 apostolorum
2507 3974 2792 4043 principis
2823 3976 3305 4047 perseverabant,
3353 3978 3413 4031 in
3435 3979 3556 4034 dia-

1895 4063 2124 4116 coniam
2146 4064 2369 4115 sancta
2401 4061 2621 4129 Lucia,
2644 4077 2776 4131 qua
2795 4061 3061 4132 estjuxta
3090 4063 3265 4133 Septe
3298 4066 3446 4121 solis
3464 4067 3555 4141 (f.,

1894 4150 2335 4219 Septizonium),
2369 4152 2794 4220 caperuntque
2827 4166 3031 4205 omnes
3064 4153 3420 4208 unanimiter
3445 4155 3555 4210 De-

1894 4239 2180 4294 siderium
2218 4238 2420 4292 multis
2452 4238 2733 4307 precibus
2764 4239 3082 4294 obsecrare
3132 4243 3196 4293 ut
3226 4242 3556 4298 Romanum

1891 4328 2290 4398 pontiﬁcatum
2310 4327 2618 4395 suscipere
2632 4341 2749 4380 non
2763 4331 3099 4397 recusaret;
3123 4344 3377 4399 eumque
3395 4330 3557 4385 obte-

1892 4419 2050 4470 stare
2080 4430 2186 4485 per
2206 4415 2424 4484 divina,
2458 4430 2565 4484 per
2582 4414 2837 4468 humana
2868 4416 3083 4485 omnia,
3119 4420 3180 4471 ut
3210 4419 3558 4474 subveniret

1892 4505 2248 4576 periclitanti
2267 4503 2555 4557 Ecclesia
2588 4504 2648 4557 in
2678 4504 2986 4576 naufragio
3019 4506 3352 4561 constituta
3376 4507 3555 4575 ,mul-

132 4569 261 4659 rent,
283 4598 337 4648 et
366 4600 431 4649 ut
463 4596 539 4649 ad
573 4569 941 4649 comitissam
984 4569 1323 4650 Mathildam
1352 4597 1554 4651 literas
1586 4599 1780 4652 mitte-
1812 4569 1873 4638 θ
1893 4569 2067 4649 toties
2091 4594 2162 4647 ad
2187 4609 2379 4665 genua
2407 4592 2562 4663 ejus,
2597 4569 3399 4665 nonnullisvlacrymantibus',
3427 4611 3555 4650 om-

130 4683 257 4747 rent,
288 4688 587 4752 quatenus
615 4684 882 4738 studeret
913 4687 973 4737 ut
1005 4688 1059 4737 et
1108 4685 1148 4737 ii
1188 4700 1342 4755 quos
1392 4685 1779 4755 pradiximus

131 4768 394 4840 episcopi,
428 4777 487 4826 et
519 4776 805 4843 quotquot
836 4772 1066 4827 idonea
1095 4776 1251 4827 tanto
1274 4773 1470 4828 ofﬁcio
1502 4790 1778 4843 persona

127 4851 543 4925 iudicarentur,
582 4861 825 4915 Romam
861 4860 990 4914 sine
1007 4862 1275 4915 tarditate
1304 4862 1593 4916 venirent.
1613 4863 1779 4926 Quod

130 4940 201 4996 illi
230 4945 425 5001 facere
457 4948 860 5019 negligentes,
895 4964 1027 5003 cum
1058 4949 1314 5003 Jordano
1345 4950 1607 5020 principe
1630 4952 1779 5007 clam

132 5033 609 5090 machinabantur
628 5038 818 5091 eidem
848 5038 1043 5092 abbati
1073 5039 1425 5108 pastoralem
1456 5054 1656 5093 curam
1685 5040 1777 5094 in-

119 5116 377 5193 jungere,
399 5128 459 5179 et
491 5126 878 5180 suasionibus
910 5126 1109 5180 multis
1131 5126 1468 5181 nitebantur
1484 5143 1616 5181 eum
1634 5144 1779 5199 quo-

126 5221 230 5276 quo
250 5213 423 5267 modo
446 5214 1076 5285 Romamfperducere,
1102 5218 1371 5283 putantes
1401 5216 1690 5271 violenter
1709 5233 1776 5273 se

126 5292 175 5350 id
203 5298 252 5351 ei
273 5315 459 5368 posse
490 5302 821 5371 imponere:
856 5303 1564 5374 quodipsepersentiens,
1586 5307 1779 5360 omni-

126 5386 282 5441 modo
306 5404 568 5444 renuere
597 5394 651 5444 et
682 5392 1091 5446 contradicere
1113 5394 1323 5463 coepit;
1349 5392 1555 5463 sicque
1572 5394 1645 5446 ad
1667 5394 1780 5449 hoc

126 5477 543 5532 monasterium
572 5494 876 5550 reversus,
896 5481 1109 5535 iterum
1130 5480 1529 5535 Nortmannos
1553 5482 1780 5537 etLan-

123 5561 439 5634 gobardos,
494 5568 556 5621 et
583 5582 790 5624 omnes
837 5571 1125 5641 quotquot
1177 5570 1386 5640 potuit,
1428 5570 1651 5626 hortari
1706 5572 1782 5627 ad

126 5646 394 5710 Romana
425 5653 716 5714 Ecclesia
744 5658 1056 5715 servitium
1082 5658 1280 5733 coepit,
1338 5661 1395 5714 et
1432 5659 1650 5716 multos
1699 5675 1774 5717 ex

1896 4700 2004 4738 nes
2024 4684 2515 4753 paritcrruentes.
2534 4682 2881 4736 Desiderius
2901 4699 3062 4751 vero,
3096 4683 3194 4754 qui
3210 4683 3555 4754 jamdudum

1898 4773 2243 4827 decreverat
2272 4771 2447 4824 vitam
2474 4786 2643 4823 suam
2666 4771 2722 4823 in
2753 4773 2950 4841 quiete
2982 4772 3338 4843 transigere,
3373 4775 3430 4827 et
3459 4773 3559 4843 qui

1896 4862 2092 4932 magis
2107 4859 2410 4929 optabatin
2428 4859 2623 4912 divina
2640 4861 3116 4931 peregrinatione
3135 4876 3309 4915 suum
3322 4864 3554 4931 tempus

1898 4951 2067 5004 ﬁnire
2107 4949 2285 5018 coepit
2327 4947 2677 5002 omnimodis
2725 4949 3005 5017 refutare,
3055 4953 3110 5003 et
3157 4950 3270 5003 hoc
3301 4965 3369 5004 se
3406 4965 3555 5003 nun-

1899 5054 2072 5110 quam
2112 5052 2546 5091 consensurum
2577 5036 2821 5091 ﬁrmiter
2858 5036 3285 5106 repromittere.
3329 5037 3555 5092 Instare

1901 5127 1984 5181 illi
2012 5127 2411 5194 vehementer,
2443 5125 3204 5195 perseveranterinsistere;
3226 5126 3353 5195 ipse
3372 5126 3554 5181 vehe-

1898 5217 2153 5271 mentius
2202 5215 2393 5283 reniti,
2445 5215 2725 5269 resistere
2772 5214 3275 5285 perseverantius,
3316 5216 3551 5270 dicens:

1905 5326 1929 5356 cx
1954 5306 2068 5359 Pro
2093 5307 2251 5358 certo
2284 5304 2488 5357 sciatis
2516 5303 2670 5373 quia,
2704 5302 2756 5356 si
2779 5302 3032 5373 aliquam
3056 5302 3196 5356 mihi
3218 5304 3557 5359 violentiam

1900 5409 2081 5463 super
2109 5392 2220 5446 hoc
2250 5391 2585 5461 intuleritis,
2611 5406 2724 5462 ego
2755 5391 3011 5461 quidem,
3044 5394 3218 5461 prout
3258 5392 3431 5447 citius
3452 5406 3554 5463 po-

1895 5484 2085 5552 tuero,
2118 5480 2434 5536 Cassinum
2456 5479 2686 5550 redibo,
2713 5481 2770 5534 et
2790 5479 2949 5536 nullo
2964 5481 3137 5535 modo
3149 5481 3555 5552 unquaminde

1892 5586 1986 5626 me
2017 5570 2337 5626 intromitto
2362 5587 2376 5635 ;
2419 5584 2530 5625 vos
2552 5571 2767 5639 autem,
2799 5570 3042 5640 propter
3070 5569 3204 5640 hoc,
3237 5569 3555 5624 ridiculum

1892 5675 2171 5737 magnum
2199 5661 2256 5715 et
2284 5657 2458 5715 vobis
2487 5661 2545 5716 et
2574 5660 2855 5716 Romana
2878 5658 3166 5717 Ecclesia
3191 5657 3390 5715 facitis
3415 5672 3428 5715 :
3451 5678 3472 5709 η
