3940 6174
417 255 538 318 955

1419 245 1689 309 GESTA
1725 242 2149 307 DESIDERII
2191 243 2562 307 ABBATIS
2611 244 2853 307 CASIN

3671 255 3767 317 956

409 452 545 522 quia
591 449 816 505 tardior
838 447 962 519 jam
994 447 1138 501 hora
1174 447 1571 515 processerat,
1594 442 1929 496 imminente
1945 440 2070 513 jam
2089 445 2147 514 λ
2182 441 2361 496 nullis
2379 443 2616 498 omnino
2646 443 3011 514 argumentis
3027 444 3099 498 ad
3121 460 3323 499 eorum
3350 447 3584 514 potuerit
3607 447 3762 503 horta-

406 542 602 606 nocte,
635 539 709 592 ad
732 553 842 592 sua
885 536 1104 607 quique
1150 532 1385 588 reversi
1414 533 1571 586 sunt.
1606 530 1845 585 Summo
1877 544 2065 597 mane,

406 627 713 682 Dominica
742 626 1149 687 Pentecostes,
1183 636 1389 676 omnes
1440 620 1793 673 unanimiter
1830 618 1902 671 ad
1933 633 2068 671 eum

405 716 621 770 iterum
651 713 1093 780 convenientes,
1117 710 1322 765 eadem
1353 711 1657 777 coeperunt
1688 710 1977 776 repetere;
2010 707 2067 759 et

410 805 540 874 ipse
572 802 955 856 nihilominus
984 800 1042 854 in
1056 798 1240 854 semel
1255 798 1369 851 ﬁxa
1383 796 1675 851 sententia
1718 795 2064 864 perdurare.

405 893 690 945 Videntes
725 905 791 944 se
822 890 1058 943 omnino
1081 888 1207 958 jam
1252 885 1399 940 nihil
1429 884 1738 956 proﬁcere,
1794 883 2069 937 dixerunt

403 980 713 1035 Desiderio
743 976 1074 1049 presbyteri
1087 979 1142 1030 et
1160 973 1493 1029 cardinales
1513 972 1777 1043 episcopi
1791 970 2069 1042 quoniam

404 1082 816 1139 quemcunque
846 1067 973 1136 ipse
987 1065 1103 1118 illis
1122 1063 1545 1129 consuluisset,
1569 1060 1858 1131 ipsumilli
1878 1059 2065 1128 parati

403 1160 606 1211 essent
626 1156 869 1226 eligere.
906 1154 1097 1222 Unde,
1119 1168 1251 1206 cum
1280 1150 1496 1205 Cencio
1512 1151 1910 1204 Romanorum
1928 1162 2067 1201 con-

405 1244 535 1299 sule
566 1243 816 1298 consilio
848 1241 1067 1310 habito,
1102 1241 1335 1295 tendem
1352 1242 1415 1293 ut
1434 1237 1728 1292 Ostiensis
1750 1237 2071 1307 episcopus

404 1348 554 1402 papa
584 1332 926 1403 eligeretur,
960 1329 1241 1383 decrevit.
1269 1330 1411 1382 Post
1440 1328 1569 1382 haec
1599 1326 1967 1397 quaesierunt
1997 1322 2070 1376 ab

410 1436 479 1475 eo
512 1423 575 1474 ut
604 1421 801 1490 ipsum
830 1418 1187 1488 pontificem,
1220 1432 1395 1487 quem
1427 1415 1741 1487 eligerent,
1773 1413 1830 1466 in
1862 1411 2073 1467 Cassi-

409 1507 583 1563 nensi
612 1506 970 1561 monasterio
985 1506 1274 1575 reciperet
1294 1522 1308 1569 ;
1325 1519 1575 1574 eumque
1593 1503 1781 1556 donec
1803 1500 2073 1554 Ecclesia

407 1595 909 1666 tranquillaretur,
931 1608 1063 1647 cum
1078 1592 1208 1647 suis
1226 1591 1502 1646 omnibus
1522 1592 1904 1653 sustentaret,
1924 1588 2079 1642 sicut

409 1686 467 1738 et
493 1683 565 1738 de
587 1682 924 1753 supradicto
947 1698 1098 1752 papa
1118 1680 1405 1751 Gregorio
1439 1678 1659 1734 fecerat
1682 1693 1694 1733 :
1716 1677 1874 1749 quod
1907 1675 2075 1731 Desi-

410 1772 611 1827 derius
639 1771 1034 1825 libentissime
1056 1770 1252 1823 facere
1283 1768 1642 1838 repromisit,
1676 1771 1732 1821 et
1762 1782 1871 1836 per
1901 1764 2066 1820 feru-

412 1861 529 1914 lam
559 1875 735 1930 quam
786 1874 963 1913 manu
994 1858 1293 1929 gestabat,
1344 1872 1450 1911 eos
1481 1856 1539 1909 in
1572 1856 1686 1910 fide
1733 1871 1841 1908 sua
1874 1855 1945 1908 de
1968 1854 2082 1907 hoc

415 1947 738 2002 investivit.
771 1946 915 2001 Cum
947 1947 1139 2000 autem
1164 1943 1287 2015 jam
1304 1943 1548 2015 jamque
1573 1943 1645 1997 de
1675 1941 2082 2011 Ostiensiepi-

419 2050 606 2105 scopo
637 2035 1041 2103 decernerent,
1074 2037 1314 2104 repente
1347 2033 1559 2086 iterum
1589 2031 1827 2102 quidam
1857 2031 1929 2085 de
1951 2045 2081 2083 car-

415 2123 710 2179 dinalibus
725 2127 927 2177 contra
945 2136 1204 2176 canones
1229 2122 1378 2174 hanc
1394 2135 1532 2174 esse
1552 2120 1900 2173 electionem
1922 2118 1984 2171 af
1985 2118 2080 2171 fir-

420 2228 611 2282 mans,
645 2227 1015 2282 nequaquam
1058 2225 1125 2264 sc
1155 2224 1589 2264 consensurum
1622 2207 1911 2262 clamavit.
1953 2206 2076 2260 Illis

418 2317 525 2371 pro
582 2304 867 2369 tempore,
921 2315 1026 2368 pro
1059 2299 1414 2353 necessitate
1461 2297 1573 2351 hoc
1606 2296 1765 2351 ferre
1809 2297 2082 2365 oportere

417 2389 845 2457 astruentibus,
875 2402 1245 2458 nequaquam
1270 2401 1403 2440 eum
1429 2385 1505 2439 ad
1534 2401 1703 2439 suam
1731 2384 2082 2439 sententiam

426 2480 663 2533 ﬂectere
704 2476 1033 2531 valuerunt.
1085 2475 1322 2542 Verum,
1356 2476 1417 2528 ut
1449 2474 1781 2543 sapientum
1811 2472 2088 2526 Salomon

428 2567 669 2636 sapiens
699 2567 1007 2618 attestatur
1062 2578 1179 2617 non
1208 2566 1299 2616 est
1341 2562 1676 2632 prudentia,
1700 2577 1818 2615 non
1832 2563 1923 2614 est
1956 2574 2088 2613 con-

424 2653 623 2707 silium
646 2656 850 2706 contra
881 2651 1066 2704 Deum
1098 2650 1263 2719 (Pro.
1292 2666 1413 2717 XXI,
1445 2648 1556 2718 30).
1602 2649 1740 2702 Mox
1773 2648 1925 2701 enim
1957 2647 2085 2717 epi-

423 2739 591 2809 scopi
620 2743 677 2794 et
707 2739 1037 2793 cardinales
1068 2754 1183 2791 una
1218 2722 1351 2791 cum
1381 2737 1541 2791 clero
1563 2740 1620 2791 et
1638 2736 1854 2806 populo
1882 2736 1942 2789 in
1966 2736 2092 2790 De-

426 2828 632 2884 siderii
689 2828 961 2882 duritiam
1018 2825 1479 2894 stomachantes,
1516 2828 1573 2879 et
1614 2824 1884 2879 videntes
1917 2840 1983 2879 se
2011 2823 2092 2878 nil

424 2933 605 2988 posse
637 2932 769 2971 cum
793 2932 862 2971 eo
902 2915 1182 2986 precibus
1214 2930 1414 2987 agere,
1448 2916 1778 2968 statuerunt
1800 2913 2090 2968 violenter

425 3021 669 3060 causam
698 3004 1003 3075 perficere.
1038 3003 1297 3057 Tandem
1327 3003 1522 3073 itaque
1574 3002 1844 3056 universi
1872 3000 2093 3071 pariter

424 3111 540 3149 uno
574 3109 874 3149 consensu
899 3094 957 3147 et
984 3092 1177 3147 animo
1209 3091 1372 3146 illum
1395 3091 1716 3160 capientes,
1750 3090 1999 3143 invitum
2039 3091 2096 3143 et

2112 1815 2164 1877 Β

2182 535 2375 585 menta
2403 533 2890 603 precationesque
2920 532 3171 587 deﬂecti.
3219 534 3348 588 Non
3388 535 3566 589 tamen
3591 537 3653 589 ob
3679 537 3766 592 hoc

2182 619 2515 674 cardinales
2547 624 2604 674 et
2633 621 2918 691 episcopi,
2943 621 3043 691 qui
3082 637 3215 674 cum
3247 636 3314 676 eo
3341 626 3515 691 erant,
3544 624 3770 693 aliquate-

2184 723 2298 761 nus
2315 708 2711 778 quiescentes,
2735 709 2995 763 Jordano
3017 710 3265 779 principi
3287 710 3497 764 instare
3526 717 3774 781 coeperunt

2187 798 2252 850 ut
2299 796 2649 866 quantocius
2679 800 3045 866 properaret,
3091 801 3147 851 et
3176 802 3409 867 propter
3434 801 3776 853 consecratio-

2187 902 2321 941 nem
2351 886 2621 957 ejusdem
2652 886 2825 941 electi
2866 887 3109 940 Romam
3146 902 3280 941 cum
3300 887 3386 941 eis
3411 892 3675 959 pergeret.
3694 888 3777 952 Qui

2188 966 2325 1030 cum
2350 991 2564 1046 magno
2595 974 2859 1029 exercitu
2888 976 2958 1029 ad
2989 975 3102 1029 hoc
3132 976 3540 1031 monasterium
3554 977 3773 1044 veniens,

2185 1066 2396 1137 partim
2451 1063 2852 1118 dehortatione
2909 1063 3102 1133 ipsius
3135 1064 3325 1133 electi,
3368 1065 3565 1133 partim
3611 1066 3774 1120 timore

2185 1154 2408 1210 aestatis
2438 1152 2689 1206 ulterius
2716 1152 2997 1223 progredi
3026 1153 3260 1218 nolens,
3306 1168 3575 1207 reversus
3602 1158 3694 1207 est.

2263 1240 2586 1295 ConciIium
2611 1229 2843 1310 Capuae.
2876 1239 3496 1295 Romeonsecratur.
3530 1240 3780 1295 Cassinum

2187 1329 2369 1384 redit.
2410 1359 2481 1366 —
2509 1327 2792 1398 Sequenti
2819 1344 2994 1398 anno,
3037 1328 3329 1383 mediante
3358 1328 3778 1400 Quadragesima,

2184 1417 2338 1487 apud
2382 1417 2638 1485 Capuam
2697 1416 2945 1471 concilio
3004 1417 3423 1486 episcoporum
3461 1424 3786 1490 congregato,

2187 1522 2321 1561 cum
2351 1505 2670 1575 prmdictus
2702 1504 2928 1559 electus
2960 1520 3072 1559 una
3104 1521 3237 1559 cum
3259 1505 3551 1575 episcopis
3578 1509 3628 1559 et
3645 1507 3786 1560 cardi-

2188 1593 2421 1649 nalibus
2444 1592 2728 1647 Romanis
2750 1592 2940 1647 eidem
2953 1594 3203 1648 concilio
3217 1594 3571 1663 praefuisset,
3585 1592 3783 1648 Cencius

2189 1683 2363 1735 etiam
2396 1682 2793 1736 Romanorum
2835 1681 3046 1736 consul
3076 1697 3210 1736 cum
3241 1682 3377 1736 aliis
3406 1683 3676 1737 nobilibus
3703 1684 3781 1737 Ro-

2188 1771 2400 1838 manis,
2426 1773 2482 1824 et
2512 1770 2809 1824 Jordanus
2837 1770 3139 1840 princeps,
3163 1774 3219 1825 et
3243 1770 3540 1841 Rogerius
3569 1771 3672 1823 dux
3690 1786 3787 1823 cum

2192 1860 2467 1914 omnibus
2516 1859 2641 1913 fere
2700 1859 2829 1913 suis
2886 1859 3264 1928 optimatibus
3304 1858 3669 1925 intert‘uisset,
3690 1868 3788 1927 post

2190 1948 2366 2002 ﬁnem
2416 1947 2649 2001 concilii
2696 1962 2908 2001 rursus
2938 1947 3256 2017 insperate,
3296 1948 3353 2001 et
3376 1946 3516 2000 nihil
3549 1962 3611 2000 eo
3639 1946 3697 1999 de
3722 1946 3789 1998 his

2193 2037 2555 2106 suspicante,
2617 2050 2745 2090 cem
2797 2036 2998 2089 multis
3051 2036 3337 2106 precibus
3384 2035 3735 2105 lacrymisque
3767 2049 3789 2086 a

2195 2124 2431 2179 clericis
2484 2126 2541 2179 et
2592 2124 2765 2178 laicis
2822 2129 3270 2195 perurgeretur,
3325 2124 3502 2178 biduo
3532 2122 3787 2177 immobilis

2194 2213 2466 2283 perstitit.
2522 2212 2781 2267 Tandem
2831 2228 2964 2266 cum
2993 2212 3113 2266 dux
3143 2215 3199 2266 et
3226 2213 3525 2283 princeps,
3575 2227 3673 2266 una
3696 2227 3793 2265 cum

2197 2301 2497 2372 episcopis
2528 2303 2883 2372 caeterisque
2915 2300 3223 2356 catholicis
3246 2301 3421 2369 viris,
3455 2298 3679 2355 ﬂuentes
3694 2298 3792 2370 ejus

2195 2390 2447 2459 pedibus
2469 2388 2827 2459 adjacerent,
2852 2390 3052 2444 multis
3066 2389 3402 2444 rationibus
3419 2392 3475 2445 et
3496 2389 3795 2445 orationibus

2198 2481 2441 2533 coactus
2473 2478 2573 2530 vix
2600 2477 2835 2532 tandem
2884 2478 3221 2546 succubuit,
3253 2481 3316 2533 et
3346 2478 3675 2548 praeteritam
3707 2476 3795 2530 ele-

2198 2566 2451 2620 ctionem
2498 2566 2696 2620 crucis
2746 2570 2803 2621 et
2828 2581 3106 2635 purpurae
3147 2568 3552 2637 resumptione
3574 2564 3790 2630 firmavit,

2199 2655 2547 2710 duodecimo
2583 2654 2810 2708 scilicet
2842 2653 3137 2707 Kalendas
3155 2654 3405 2725 Aprilis,
3457 2655 3722 2709 Dominica
3758 2652 3797 2703 in

2201 2744 2405 2798 Ramis
2427 2743 2771 2812 palmarum.
2799 2742 2938 2797 Inde
2977 2741 3297 2797 Cassinum
3313 2758 3608 2811 reversus,
3632 2740 3797 2796 ibidem

2197 2830 2434 2885 Pascha
2477 2829 2815 2885 celebravit.
2880 2829 3123 2883 Peracta
3162 2828 3507 2899 festivitate,
3565 2846 3680 2883 cum
3724 2826 3801 2879 Ca-

2198 2935 2392 2990 puano
2445 2934 2513 2973 ac
2561 2918 2930 2972 Salernitano
2968 2918 3230 2987 principe
3294 2919 3535 2974 Romam
3578 2915 3804 2987 perrexit,

2201 3025 2270 3063 ac
2295 3007 2466 3077 juxta
2481 3007 2775 3062 civitatem
2791 3006 3128 3061 Ostiensem
3149 3006 3416 3062 Tiberim
3441 3023 3566 3061 cum
3588 3005 3802 3061 omnibus

2200 3097 2522 3166 transiens,
2553 3112 2688 3150 cum
2718 3096 2888 3167 gravi
2922 3095 3260 3150 infirmitate
3285 3097 3649 3162 detineretur,
3679 3095 3802 3146 extra

427 3186 776 3239 renitentem
841 3183 1154 3249 attrahunt,
1204 3185 1260 3236 et
1292 3181 1365 3235 ad
1397 3180 1713 3234 ecclesiam
1755 3177 2097 3248 praedictam
2131 3164 2747 3256 Οροι-ιξουιηέεωοιῖ
2788 3184 2943 3237 pem
2999 3184 3247 3238 ιθηιοι-ίει
3309 3184 3465 3239 ﬁxit;
3509 3181 3803 3253 etquoniam

425 3274 648 3329 Christi
667 3272 947 3343 martyris
966 3272 1165 3325 Luciae
1187 3270 1534 3340 perducunt,
1556 3268 1753 3338 ibique
1784 3265 2100 3337 cumjuxta

437 3378 662 3419 morem
678 3362 965 3416 Ecclesiae
997 3360 1308 3430 eligentes,
1343 3357 1602 3411 Victoris
1617 3357 1669 3410 ei
1684 3372 1897 3410 nomen
1914 3355 2098 3425 impo-

442 3455 605 3507 nunt.
634 3451 751 3505 Sed
781 3449 1058 3520 quoniam
1091 3447 1218 3501 haec
1249 3446 1461 3515 omnia,
1494 3447 1558 3499 ut
1586 3445 1869 3515 diximus,
1896 3448 2099 3499 contra

432 3539 567 3610 ejus
597 3538 854 3592 animum
876 3540 933 3591 et
958 3536 1318 3590 voluntatem
1348 3532 1636 3603 fecerunt,
1671 3548 1916 3603 cappam
1962 3532 2097 3604 qui-

433 3629 567 3682 dem
605 3626 853 3680 rubeam
884 3623 1184 3692 induebat,
1217 3623 1408 3677 albam
1442 3636 1579 3677 vero
1609 3636 1909 3693 nunquam
1923 3621 1976 3676 ei
2003 3636 2101 3690 po-

444 3717 682 3771 tuerunt
708 3714 974 3768 induere.

507 3823 689 3876 Roma
721 3819 999 3875 discedit.
1022 3819 1633 3873 Cassinimoratur.-—
1655 3815 1934 3887 Eoigitur
1950 3817 2099 3869 tem-

434 3926 579 3983 pore
633 3909 952 3979 praefectus
984 3908 1357 3979 imperatoris
1381 3923 1413 3960 a
1468 3906 1617 3960 duce
1649 3909 1706 3960 et
1736 3904 1871 3976 ejus
1912 3906 2098 3959 matre

438 3999 747 4067 dimissus,
782 4001 1023 4068 propter
1051 3997 1193 4051 illud
1223 3995 1498 4050 videlicet
1529 3994 1751 4064 odium,
1784 3994 1942 4064 quod
1972 3994 2099 4062 epi-

446 4089 614 4159 scopi
658 4090 714 4143 et
758 4087 1109 4156 cardinales,
1171 4085 1423 4140 faciente
1478 4086 1671 4138 tamen
1728 4082 2098 4137 Salernitano

434 4178 701 4249 principe
723 4175 1153 4231 Salernitanum
1184 4173 1697 4242 archiepiscopum
1720 4186 1962 4225 sacrare
1988 4186 2099 4224 no-

436 4266 695 4335 luerunt,
756 4265 848 4319 die
896 4267 1191 4333 noctuque
1223 4277 1356 4315 cum
1389 4259 1703 4331 aliquantis
1755 4275 1871 4313 mre
1901 4258 2101 4329 iniquo

438 4354 750 4410 conductis
799 4353 859 4406 in
906 4351 1242 4422 capitolium
1284 4353 1485 4404 contra
1536 4348 1806 4403 eumdem
1850 4347 2102 4401 electum

438 4442 823 4511 conveniens,
846 4439 1298 4510 persecutiones
1330 4438 1384 4492 ei
1408 4437 1696 4491 maximas
1718 4435 1927 4489 intulit.
1959 4436 2104 4489 Post

2204 3276 2521 3330 Ravennae
2569 3273 2972 3347 haeresiarcha
3025 3272 3426 3344 (Guibertus),
3488 3274 3581 3343 qui
3623 3271 3802 3324 vivente

2200 3378 2351 3434 papa
2382 3362 2669 3434 Gregorio
2690 3363 2962 3431 papatum
2993 3361 3316 3432 invaserat,
3340 3361 3642 3416 ecclesiam
3655 3356 3803 3413 Sancti

2204 3451 2365 3506 Petri
2397 3453 2618 3504 armata
2646 3465 2823 3504 manu
2852 3450 3105 3519 tenebat,
3141 3465 3257 3504 non
3306 3450 3537 3521 integro
3568 3449 3649 3503 die
3676 3463 3702 3500 a
3723 3444 3803 3498 mi-

2207 3540 2409 3595 litibus
2440 3538 2751 3610 principis,
2788 3538 2894 3592 Dei
2925 3538 3143 3592 auxilio
3175 3540 3510 3610 expugnata
3546 3540 3599 3591 et
3624 3535 3803 3602 recepta

2209 3632 2320 3684 est.
2355 3628 2659 3683 Dominico
2692 3642 2837 3682 vero
2861 3627 2953 3681 die
2983 3629 3120 3696 post
3148 3627 3515 3681 Dominicam
3540 3622 3803 3679 Ascensio-

2208 3734 2364 3786 nem,
2395 3717 2596 3771 multis
2632 3716 2915 3771 Romanis
2974 3718 3032 3770 et
3060 3715 3340 3771 omnibus
3372 3715 3496 3770 fere
3525 3711 3804 3768 Transtibe-

2211 3807 2361 3861 riuis
2422 3805 2771 3860 solemniter
2818 3820 2951 3859 cum
3005 3804 3259 3858 maxima
3301 3803 3622 3875 frequentia
3648 3814 3806 3855 occur-

2210 3895 2497 3960 rentibus,
2557 3892 2842 3962 praet‘atus
2900 3893 3127 3947 electus
3159 3908 3192 3946 a
3231 3893 3518 3947 Romanis
3547 3886 3804 3961 episcopis,

2209 3983 2471 4037 Ostiensi
2506 3982 2801 4050 videlicet,
2845 3981 3301 4050 Tusculanensi,
3346 3979 3650 4036 Portuensi
3675 3980 3806 4045 atque

2210 4071 2558 4141 Albanensi,
2594 4070 2995 4125 cardinalibus
3025 4085 3258 4141 quoque
3291 4072 3351 4124 et
3378 4069 3661 4140 epis00pis
3678 4067 3806 4133 atque

2210 4159 3005 4231 abbatibusjquamplurimis
3034 4159 3482 4227 assistentibus,
3497 4172 3647 4213 more
3661 4152 3807 4209 eccle-

2210 4250 2454 4306 siastico
2477 4250 2863 4304 consecratus
2895 4251 2952 4302 et
2978 4247 3038 4301 in
3070 4248 3457 4318 apostolicam
3478 4246 3662 4300 sedem
3689 4243 3808 4295 loca-

2208 4343 2307 4395 tus
2339 4343 2431 4394 est
2480 4338 2728 4408 septima
2783 4338 2920 4392 Idus
2971 4336 3141 4390 Maii:
3178 4352 3296 4407 quo
3327 4336 3501 4391 etiam
3530 4335 3614 4389 die
3641 4342 3808 4399 corpus

2211 4428 2397 4482 sancti
2421 4426 2789 4482 confessoris
2810 4425 3031 4480 Christi
3062 4425 3336 4479 Nicolaia
3358 4424 3583 4479 civitate
3595 4414 3806 4475 Mirensi.

436 4533 693 4603 quatuor
720 4506 1035 4583 dies-idem
1065 4528 1291 4582 electus
1326 4527 1571 4579 Romam
1601 4539 1910 4596 egressus,
1945 4521 2106 4576 venit
2128 4506 2191 4578 β
2210 4518 2268 4571 in
2300 4533 2413 4588 qua
2443 4532 2549 4586 per
2574 4531 2763 4569 annos
2778 4514 3189 4585 septingentos
3206 4513 3578 4591 septuaginta
3603 4509 3807 4581 quinque

437 4620 694 4674 Ardeam
724 4618 925 4687 ibique
955 4632 1062 4686 per
1098 4615 1355 4671 triduum
1386 4616 1741 4683 remoratus,
1775 4611 1917 4667 abiit
1955 4612 2103 4665 Ter-

439 4710 720 4776 racinam,
753 4706 826 4761 ab
866 4705 1001 4759 inde
1044 4719 1282 4758 crucem
1319 4706 1375 4757 et
1406 4702 1774 4772 chlamydem
1815 4704 1871 4755 et
1893 4703 2106 4755 caetera

439 4797 818 4869 pontiﬁcatus
845 4793 1102 4865 insignia
1134 4793 1213 4846 ita
1275 4791 1515 4861 dimisit,
1555 4795 1617 4845 ut
1648 4791 1736 4844 eis
1754 4789 2003 4844 ulterius
2022 4789 2105 4842 uti

441 4888 601 4942 nullo
631 4900 890 4956 unquam
921 4882 1092 4936 modo
1111 4878 1751 4951 persuaderipotuerit,
1774 4878 2104 4932 decernens

440 4976 638 5046 potius
652 4973 810 5028 omni
839 4972 975 5026 vitae
999 4986 1125 5025 suae
1152 4973 1413 5038 tempore
1432 4968 1491 5021 in
1523 4966 1722 5021 divina
1753 4966 2103 5037 peregrina-

442 5065 600 5117 tione
656 5064 834 5117 vitam
864 5061 1054 5130 ﬁnire,
1088 5057 1418 5130 quamtanti
1436 5056 1664 5110 ordinis
1686 5054 1954 5109 fascibus
1972 5069 2105 5125 gra-

444 5150 713 5204 vissimis
762 5150 911 5205 colla
954 5150 1318 5203 submittere.
1352 5145 1742 5200 Insistebatur
1772 5144 1828 5197 ei
1847 5142 2106 5213 quotidie

444 5238 747 5309 precibus,
799 5238 1197 5307 lacrymisque
1239 5233 1641 5300 creberrimis,
1675 5231 2109 5302 objiciebantur

447 5325 851 5381 Ecclesiarum
884 5341 1098 5396 magna
1129 5324 1491 5387 discrimina;
1516 5321 1900 5392 ingerebatur
1917 5318 2106 5389 pluri-

448 5429 674 5471 marum
693 5413 940 5482 perditio
957 5414 1305 5481 animarum,
1321 5412 1538 5482 quibus
1552 5412 1607 5465 ei
1621 5408 2105 5464 manifestissime

450 5504 648 5559 divina
693 5500 1017 5573 indignatio
1075 5501 1511 5569 intendebatur;
1556 5499 1760 5569 sicque
1792 5496 2108 5550 Cassinum

449 5606 738 5649 reversus
771 5592 887 5646 est.
911 5588 1338 5659 Caeterum-per
1369 5589 1507 5643 anni
1540 5587 1720 5643 totius
1749 5584 2108 5640 curriculum

456 5681 604 5741 adeo
635 5679 852 5738 mentis
884 5676 1020 5753 ejus
1038 5676 1412 5752 propositum
1432 5674 1730 5733 immobile
1752 5674 2027 5749 perstitit,
2045 5676 2110 5730 ut

2209 4605 2532 4677 quieverat,
2594 4605 2791 4658 Barim
2833 4603 3089 4657 delatum
3138 4605 3251 4656 est.
3311 4601 3627 4655 Praedictus
3661 4599 3806 4650 autem

2210 4695 2475 4767 pontifex
2518 4708 2626 4764 per
2683 4695 2813 4747 octo
2844 4692 3079 4746 circiter
3117 4690 3245 4754 dies
3277 4691 3482 4745 Romae
3513 4686 3803 4743 remoratus,

2214 4800 2326 4839 una
2362 4799 2494 4838 cum
2524 4780 2825 4852 praedictis
2848 4780 3216 4851 principibus
3229 4778 3301 4833 ad
3320 4778 3433 4833 hoc
3450 4773 3804 4832 monasterium

2214 4872 2403 4927 rediit.

2287 4962 2524 5016 Romam
2554 4958 2722 5012 adiit.
2765 4958 2879 5012 Ubi
2912 4958 3121 5012 turbze.
3153 4987 3224 4997 —
3252 4957 3396 5011 Post
3429 4954 3805 5025 cxiguumvero

2215 5049 2500 5120 temporis
2515 5047 2767 5118 spatium
2789 5047 3093 5102 comitissa
3112 5045 3407 5100 Mathildis
3425 5045 3615 5098 urbem
3625 5037 3802 5095 adiens,

2215 5139 2449 5209 magnis
2496 5137 2767 5191 eumdem
2823 5135 3160 5205 pontificem
3208 5129 3703 5204 supplicationibus
3726 5133 3803 5190 per

2214 5228 2448 5299 legatos
2479 5223 2890 5294 interpellavit,
2907 5226 3197 5294 quatenus
3212 5222 3345 5293 ejus
3377 5212 3799 5287 fruiaspectibus,

2216 5317 2348 5388 ejus
2371 5316 2544 5386 potiri
2565 5313 2875 5383 colloquiis
2907 5317 3255 5367 mereretur.
3290 5311 3432 5363 Eam
3461 5308 3653 5379 quippe
3694 5313 3799 5353 cau-

2217 5421 2344 5461 sam
2366 5404 2481 5458 sibi
2516 5404 2761 5456 Romam
2790 5401 3067 5455 veniendi
3087 5396 3798 5469 fuissepermaximamsug-

2214 5494 2476 5567 gerebat.
2491 5490 2754 5563 Cogebat
2774 5490 3043 5560 corporis
3073 5489 3323 5560 languor
3351 5487 3480 5542 loco
3501 5498 3606 5537 non
3627 5479 3795 5565 absce-

2214 5583 2357 5640 dere
2382 5596 2397 5652 ;
2426 5579 2534 5635 sed
2555 5578 2692 5650 quia
2720 5594 2826 5648 pro
2861 5581 3085 5632 sanctae
3108 5577 3348 5631 utilitate
3370 5570 3632 5628 Ecclesiae
3656 5573 3797 5652 omnl-

2212 5672 2331 5730 bus
2349 5651 2416 5727 se
2446 5667 2824 5742 disposuerat
2840 5666 2935 5723 vel
2959 5665 3239 5723 extremis
3264 5660 3536 5736 periculis
3555 5651 3793 5728 objectare
