3940 6174
163 331 258 398 957

1084 305 1624 372 POSTMODUM
1669 299 2055 366 VICTORIS
2096 298 2183 364 III
2229 301 2502 362 PAPZE.

3404 314 3524 377 958

156 529 250 583 iter
276 536 369 592 per
398 531 543 572 mare
571 527 904 585 aggressus
952 512 1065 565 est.
1110 508 1375 578 Cumque
1420 505 1491 559 ad
1538 502 1759 592 Urbem
1788 483 1837 536 Α
1869 501 2167 592 episcopis
2182 501 2239 554 et
2259 500 2656 555 cardinalibus
2671 503 2918 559 consilio
2932 505 3227 577 habito,de
3245 512 3519 569 omnibus

159 590 499 686 pervenisset,
531 619 561 656 a
583 600 887 656 comitissa
917 601 975 653 et
995 596 1129 667 ejus
1162 596 1425 650 exercitu
1441 610 1509 647 ac
1528 590 1762 646 caeteris

158 681 446 757 beatiPetri
474 691 741 746 ﬁdelibus
783 687 1166 742 devotissime
1206 681 1765 748 ofﬁciosissimeque

164 788 437 855 susceptus
474 783 579 849 est,
629 785 802 848 atque
850 776 1003 845 apud
1044 774 1358 828 ecclesiam
1413 769 1567 824 beati
1608 765 1764 855 Petri

159 880 265 931 octo
293 854 481 926 diebus
519 866 861 938 permansit.
894 862 1115 917 Deinde
1147 861 1204 915 in
1228 860 1544 914 festivitate
1576 854 1761 910 sancti

155 960 402 1017 Barnabaa
430 970 603 1027 super
630 954 810 1007 altare
851 949 1049 1005 Sancti
1079 949 1238 1002 Petri
1271 947 1515 1001 missam
1550 944 1763 999 solem-

153 1052 276 1106 niter
309 1046 620 1113 celebrans,
650 1042 854 1096 eadem
875 1040 989 1108 die,
1017 1037 1232 1093 auxilio
1263 1040 1319 1090 et
1355 1051 1465 1106 ope
1494 1033 1756 1104 praefatae

151 1137 449 1201 comitissae,
472 1149 575 1203 per
599 1130 1001 1185 transtiberim
1021 1129 1263 1182 Romam
1283 1125 1535 1178 intravit.
1551 1124 1768 1176 Trans-

151 1226 348 1281 tiberim
381 1228 509 1277 tunc
539 1224 737 1288 totam,
793 1219 1308 1285 Romanorumque
1347 1212 1767 1283 permaximam

149 1318 359 1385 partem,
392 1314 444 1363 ct
470 1309 772 1376 nobilium,
805 1321 954 1376 pene
972 1320 1205 1359 omnem
1234 1301 1533 1372 populum,
1558 1299 1769 1354 castel-

147 1403 249 1457 lum
292 1414 509 1471 quoque
550 1396 739 1451 sancti
779 1393 1011 1465 Angeli,
1047 1392 1354 1447 basilicam
1396 1389 1559 1443 Beati
1588 1387 1764 1454 Petri,

151 1490 406 1544 civitatem
440 1486 774 1541 Ostiensem
813 1498 881 1537 ac
927 1483 1316 1536 Portuonsem
1366 1478 1424 1531 in
1455 1478 1550 1531 sui
1576 1476 1768 1547 juris-

145 1577 365 1630 dictione
412 1573 683 1641 tenebat;
735 1570 1077 1625 morabatur
1124 1583 1268 1622 vero
1311 1566 1465 1637 apud
1510 1564 1769 1618 Insulam

149 1665 339 1733 Romae,
371 1680 497 1734 qua:
531 1665 589 1716 et
619 1661 748 1731 ipsa
770 1659 933 1731 juris
962 1656 1250 1712 exstabat.
1296 1656 1402 1709 Die
1444 1655 1626 1725 igitur
1668 1653 1770 1723 qui

144 1752 507 1822 apostolorum
536 1748 797 1804 natalitia
826 1745 1220 1817 praecedebat,
1246 1744 1487 1797 nuntius
1509 1742 1765 1813 quidam,

1867 588 1991 643 fere
2023 588 2202 643 Italiae
2232 588 2466 657 populis
2507 589 2973 647 Christianorum
3006 598 3327 652 exercitum
3375 616 3518 655 con-

1866 693 2149 749 gregans,
2180 681 2353 746 atque
2403 677 2680 732 vexillum
2731 680 2881 735 beati
2912 684 3068 737 Petri
3115 688 3364 755 apostoli
3400 690 3518 745 illis

1867 765 2244 833 contradens,
2278 766 2390 818 sub
2434 766 2785 821 remissione
2819 771 3074 825 omnium
3105 778 3477 841 peccatorum
3502 821 3516 848 ,

1867 858 2069 907 contra
2100 852 2429 907 Saracenos
2471 854 2527 907 in
2560 855 2758 910 Africa
2810 867 3239 917 commorantes
3287 865 3518 920 direxit.

1866 942 2102 996 Christo
2125 943 2301 1012 igitur
2324 943 2492 1013 duce,
2520 944 2854 1000 Africanam
2884 948 3139 1004 devoluti
3162 953 3299 1006 dum
3321 959 3524 1008 essent

1866 1031 1939 1084 ad
1970 1031 2194 1098 urbem,
2229 1033 2388 1085 omni
2418 1032 2551 1085 nisu
2575 1032 2729 1087 illam
2757 1042 3185 1108 expugnantes,
3216 1041 3336 1095 Deo
3358 1042 3523 1114 adju-

1865 1122 2059 1187 vante,
2096 1123 2396 1190 ceperunt,
2428 1122 2754 1177 interfectis
2786 1124 2858 1178 de
2890 1126 3317 1182 Saracenorum
3352 1146 3526 1185 exer-

1868 1209 1985 1262 citu
2035 1212 2267 1263 centum
2297 1209 2558 1263 millibus
2598 1215 3007 1282 pugnatorum.
3059 1214 3223 1279 Quod
3274 1234 3348 1272 ne
3391 1220 3527 1290 quis

1868 1297 2128 1368 ambigat
2158 1298 2270 1351 hoc
2284 1299 2509 1368 absque
2528 1299 3145 1358 voluntateaccedisse
3177 1306 3392 1376 divina,
3426 1309 3526 1363 ilio

1870 1386 1963 1439 die
2005 1400 2120 1455 quo
2150 1384 2469 1439 Christiani
2509 1387 2579 1440 de
2628 1388 2939 1443 Saracenis
2984 1392 3290 1447 victoriam
3334 1395 3528 1465 adepti

1873 1476 2031 1541 sunt,
2063 1488 2132 1527 eo
2163 1474 2336 1527 etiam
2367 1474 2545 1529 Italiae
2577 1476 2858 1531 divinitus
2888 1480 3239 1547 patefactum
3262 1486 3370 1537 est.

1944 1561 2222 1633 Synodus
2237 1562 2402 1617 Bene
2412 1565 2575 1617 venti
2581 1566 2961 1621 .—Praefatus
2974 1570 3371 1625 autemVictor
3383 1587 3531 1641 papa

1874 1651 2085 1705 tertius
2110 1650 2328 1703 Urbem
2346 1652 2661 1721 egrediens
2679 1654 2837 1708 venit
2853 1656 2922 1708 ad
2956 1656 3067 1711 hoc
3089 1660 3528 1730 monasterium,

1878 1738 2238 1807 sociatisque
2252 1738 2367 1792 sibi
2399 1740 2696 1809 episcopis
2722 1746 2776 1796 et
2795 1744 3194 1800 cardinalibus
3218 1748 3532 1801 ecclesiam

145 1840 290 1911 quasi
316 1856 387 1894 ex
417 1837 791 1909 imperatoris
818 1840 979 1906 parte
1007 1833 1351 1900 adveniens,
1387 1846 1592 1886 omnes
1625 1845 1771 1884 con-
1801 1804 1847 1857 B
1877 1826 2077 1880 Sancti
2106 1824 2336 1880 Nicolai
2358 1827 2416 1880 in
2439 1828 2575 1881 Pica
2607 1830 2950 1886 solemniter
2978 1833 3287 1889 dedicavit.
3328 1835 3534 1891 Mense

144 1928 302 1997 sules,
332 1931 639 1982 senatores
668 1941 737 1980 ac
764 1924 1045 1995 populum
1095 1923 1421 1976 Romanum
1452 1919 1524 1973 de
1557 1933 1773 1973 corona

147 2017 412 2071 submovit
438 2014 670 2086 imperii
702 2029 836 2068 cum
858 2011 1053 2066 subito
1070 2009 1319 2065 Romani
1336 2007 1770 2077 pervenientes,

140 2108 325 2173 praeter
351 2104 500 2159 beati
550 2103 717 2157 Petri
749 2100 1067 2156 ecclesiam
1092 2140 1105 2166 ,
1142 2098 1421 2151 universa
1462 2097 1773 2165 ceperunt;

143 2192 422 2247 ecclesiam
463 2207 613 2245 vero
644 2191 855 2261 ipsam,
903 2203 1079 2259 quam
1108 2186 1432 2256 supradicti
1478 2183 1775 2254 pontificis

140 2280 378 2335 homines
407 2281 478 2335 de
508 2294 700 2349 super
714 2278 1008 2344 tenebant,
1029 2274 1262 2345 ingredi
1306 2272 1468 2326 nullo
1486 2271 1659 2325 modo
1673 2285 1773 2339 po-

138 2371 361 2422 tuerunt.
394 2367 507 2422 Sed
538 2367 684 2438 quia
722 2364 986 2420 Guiberti
1016 2361 1438 2416 haeresiarchas
1468 2359 1774 2413 multitudo

140 2471 230 2526 per
261 2457 501 2510 maxima
545 2459 698 2523 erat,
746 2454 807 2507 hi
855 2453 957 2524 qui
1000 2468 1075 2507 ex
1102 2454 1269 2521 parte
1316 2465 1482 2520 papae
1523 2447 1779 2501 Victoris

144 2546 508 2612 erant,contra
527 2547 753 2598 tantam
774 2542 1031 2596 hostium
1061 2554 1296 2593 manum
1330 2537 1623 2591 obsistere
1663 2551 1780 2590 non

143 2632 398 2702 valentes,
430 2634 490 2687 in
520 2628 1137 2699 Transtiberimdsive
1162 2628 1221 2681 in
1242 2625 1548 2680 castellum
1583 2625 1782 2679 Sancti

143 2721 329 2793 Angeli
356 2721 796 2776 discesserunt.
826 2719 959 2773 Jam
994 2717 1087 2771 die
1117 2715 1407 2770 mediante
1439 2714 1497 2767 in
1528 2712 1784 2767 ecclesia

142 2807 345 2863 Sancta:
387 2810 598 2863 Mariae
634 2810 693 2862 in
722 2807 985 2862 turribus
1020 2806 1334 2859 Ravennae
1383 2800 1784 2857 haeresiarcha

139 2896 360 2951 missam
407 2896 693 2951 cantavit.
738 2895 888 2949 Nam
940 2896 1253 2963 utrumque
1302 2889 1594 2959 capanile,
1645 2888 1784 2959 igne

143 2987 190 3038 et
230 2984 379 3040 fumo
427 2985 775 3056 supposito,
818 2983 1084 3052 ceperat;
1149 2980 1275 3033 sole
1316 2980 1510 3032 autem
1546 2977 1673 3048 jam
1712 2975 1784 3030 ad

1874 1918 2069 1969 autem
2106 1916 2375 1986 Augusto
2408 1917 2696 1986 synodum
2730 1920 3032 1975 celebrare
3073 1938 3206 1975 cum
3236 1923 3535 1993 episcopis

1881 2004 2104 2073 Apuliae
2135 2006 2192 2057 et
2204 2003 2513 2071 Calabriae,
2532 2021 2640 2060 nec
2662 2022 2776 2060 non
2789 2008 3231 2078 Principatuum
3247 2014 3537 2083 statuens,

1878 2092 2277 2146 Beneventum
2294 2093 2568 2162 perrexit,
2601 2095 2661 2148 in
2687 2110 2800 2165 qua
2822 2097 3097 2152 videlicet
3120 2099 3277 2153 idem
3301 2103 3539 2170 aposto-

1878 2181 2030 2234 licus
2071 2180 2425 2250 praesidens,
2479 2183 2557 2235 ait
2602 2198 2612 2235 :
2660 2184 2838 2238 Novit
2882 2185 3117 2240 dilectio
3156 2190 3373 2258 vestra,
3426 2191 3537 2243 etc.

1878 2269 2065 2323 Multa
2098 2270 2366 2323 oratione
2396 2269 2807 2340 complectitur
2842 2274 3139 2328 adversus
3170 2274 3539 2347 Guibertum,

1882 2373 2048 2429 quem
2062 2357 2523 2411 anatliematizat
2543 2374 2555 2412 :
2578 2364 2693 2412 tum
2708 2362 3093 2431 conqueritur
3120 2363 3196 2417 ad
3204 2364 3544 2418 versusHu-

1880 2462 2090 2518 gonem
2109 2444 2555 2516 Lugdunensem
2576 2452 2634 2501 et
2654 2448 3010 2503 Richardum
3042 2449 3314 2505 abbatem
3326 2452 3546 2505 Massi-

1883 2534 2132 2589 liensem
2172 2534 2540 2590 desertores.
2591 2535 2869 2591 Declarat
2915 2540 3544 2595 excommunicatorum

1886 2624 2246 2678 consortium
2260 2625 2341 2678 ita
2358 2623 2697 2695 fugiendum
2717 2640 2871 2696 esse,
2891 2633 2949 2680 ut
2963 2627 3219 2682 debeant
3236 2628 3549 2700 ﬁdelespo-

1889 2714 2006 2774 tius
2019 2711 2091 2765 ab
2100 2728 2240 2783 sque
2263 2714 2662 2795 sacramentis
2680 2715 2739 2767 vi
2748 2731 2888 2770 vere
2902 2722 2961 2769 et
2974 2717 3146 2786 mori,
3164 2733 3329 2789 quam
3343 2733 3543 2773 eorum

1888 2801 2287 2855 communione
2315 2802 2520 2872 pollui.
2560 2803 2782 2858 Exstat
2830 2804 2892 2857 in
2918 2811 3069 2860 tome
3125 2806 3189 2859 II
3237 2805 3552 2879 Spicilegii

1889 2889 2219 2943 Acheriani
2246 2906 2381 2961 pag.
2420 2890 2547 2945 405
2581 2891 2850 2964 Hugonis
2868 2894 3281 2965 Lugdunensis
3302 2893 3552 2967 epistola

1895 2978 1971 3032 ad
1990 2978 2341 3033 Matliildem
2360 2980 2808 3049 comitissam,in
2833 2998 2939 3053 qua
2963 2983 3463 3038 diluereconatur
3482 3001 3551 3041 ea

145 3089 399 3128 occasum
430 3074 746 3144 vergente,
794 3070 855 3124 hi
884 3070 983 3140 qui
1004 3070 1063 3122 in
1092 3067 1347 3122 ecclesia
1373 3068 1654 3121 steterant
1681 3081 1787 3133 pa-
1821 3090 1866 3145 ρ
1896 3082 2019 3137 quae
2045 3067 2167 3121 sibi
2181 3067 2363 3121 hacin
2376 3084 2446 3122 re
2466 3069 2736 3139 imposita
2760 3069 3017 3124 fuerant.
3044 3071 3289 3125 Multum
3318 3073 3554 3127 invehit

138 3159 239 3213 lam
260 3176 386 3214 cum
407 3160 600 3214 armis
625 3158 754 3213 suis
777 3155 1230 3224 descendentes,
1250 3154 1481 3208 reversi
1506 3155 1662 3207 sunt.
1688 3152 1793 3236 Ita,

132 3246 251 3317 heu,
301 3249 448 3319 proh
491 3245 704 3303 dolorl
756 3244 1081 3315 apostolica
1122 3246 1178 3299 et
1233 3242 1593 3298 universalis
1639 3243 1794 3297 beati

140 3336 277 3391 Petri
303 3338 590 3407 ecclesia,
625 3353 694 3392 eo
726 3337 819 3390 die
851 3351 967 3405 quo
1001 3333 1135 3405 ejus
1162 3334 1461 3403 praecipue
1499 3332 1795 3386 festivitas

139 3427 359 3497 exstitit,
410 3426 583 3482 omni
617 3428 734 3480 tam
780 3426 1069 3478 nocturno
1117 3437 1293 3493 quam
1351 3421 1565 3475 diurno
1596 3420 1796 3475 officio

137 3516 324 3570 caruit.
350 3515 449 3570 Sic
472 3512 750 3571 Guiberti
768 3511 1186 3567 haeresiarchas
1217 3526 1360 3580 spes
1384 3509 1667 3564 frustrata
1683 3512 1795 3578 est,

135 3604 308 3674 quiin
347 3604 763 3675 apostolorum
811 3600 1177 3655 solemnitate
1226 3599 1447 3653 missas
1477 3598 1598 3651 illic
1648 3597 1801 3652 cele-

138 3691 305 3747 brare
348 3690 691 3747 affectabat.
725 3689 927 3744 Altera
958 3689 1050 3743 die
1090 3689 1164 3742 ab
1214 3686 1514 3741 hmreticis
1563 3688 1802 3755 aposto-

139 3778 303 3833 licum
358 3781 548 3834 altare
611 3779 837 3845 lotum,
893 3779 949 3831 et
993 3777 1181 3830 missa
1229 3779 1321 3829 est
1401 3774 1487 3828 ibi
1540 3776 1799 3844 peracta.

131 3867 225 3922 Die
281 3884 427 3923 vero
463 3867 749 3938 sequenti
799 3880 1005 3920 omnes
1062 3864 1134 3918 ad
1163 3864 1401 3934 propria
1431 3866 1568 3917 sunt
1596 3878 1804 3917 rever-

136 3955 201 4023 si,
231 3960 285 4011 et
342 3958 558 4012 eadem
594 3954 854 4010 ecclesia
905 3953 967 4007 in
1015 3952 1295 4006 ditionem
1343 3967 1510 4021 papae
1549 3951 1805 4005 Victoris

132 4044 312 4100 rediit.
378 4046 465 4101 Eo
529 4046 738 4099 itidem
784 4046 1078 4112 tempore,
1130 4041 1268 4094 dum
1325 4040 1562 4110 quidam
1630 4054 1805 4109 pere-

132 4134 273 4202 grini
317 4134 619 4189 orationis
649 4131 839 4205 gratia
881 4131 953 4185 ad
988 4130 1229 4184 Beatum
1275 4128 1656 4182 Benedictum
1696 4142 1805 4181 ve-

127 4221 329 4289 nirent,
376 4223 604 4278 obvius
654 4221 771 4275 illis
813 4220 1051 4290 quidam
1101 4218 1191 4271 vir
1241 4217 1564 4271 canonicus
1613 4216 1805 4269 factus

131 4312 214 4363 est
241 4326 420 4381 quem
440 4312 586 4383 quis
620 4312 785 4364 esset
813 4309 1269 4378 interrogantes,
1308 4307 1541 4360 Petrum
1570 4308 1805 4374 aposto-

1893 3155 1956 3208 in
1970 3155 2423 3210 Desideriumin
2447 3157 2693 3228 epistola
2712 3158 2901 3212 altera
2924 3159 3000 3213 ad
3030 3160 3289 3214 eamdem
3310 3159 3553 3215 Mamil-

1895 3244 2048 3312 dem,
2102 3260 2266 3315 quam
2311 3244 2480 3316 Hugo
2522 3244 3000 3300 Flaviniacensis
3030 3247 3217 3302 abbas
3260 3250 3555 3320 integram

1895 3334 2155 3387 inseruit
2190 3334 2252 3386 in
2312 3333 2603 3389 Chronico
2652 3334 3028 3405 Virduncnsi,
3069 3337 3220 3406 apud
3259 3336 3557 3393 Labbeum

1898 3428 2049 3476 tomo
2085 3422 2117 3474 I
2145 3421 2532 3477 Ribliotbecze
2555 3438 2719 3477 nova}
2748 3439 2883 3495 pag.
2908 3422 3170 3479 “233.8ed
3201 3426 3307 3480 has
3336 3426 3557 3481 calum-

1898 3510 2030 3564 nias
2051 3511 2334 3583 cxpungit
2363 3511 2659 3565 unanimis
2686 3513 3043 3583 scriptorum
3073 3513 3251 3586 bujus
3278 3516 3398 3569 aevi
3421 3531 3558 3586 gra-

1906 3600 2129 3654 viorum
2145 3615 2468 3654 consensus
2481 3601 2579 3671 qui
2590 3600 2793 3654 multis
2808 3600 3084 3656 laudibus
3098 3602 3389 3658 Victorem
3409 3603 3562 3658 cele-

1899 3688 2175 3742 brarunt.
2200 3689 2301 3742 Sic
2315 3689 2389 3743 de
2411 3704 2479 3743 eo
2508 3689 2686 3743 liabet
2716 3690 3201 3763 chronograpbus
3221 3699 3427 3747 noster
3450 3706 3559 3747 ms.

1900 3777 2230 3831 Saxonicus
2243 3778 2318 3832 ad
2330 3793 2543 3831 annum
2561 3778 2717 3832 1085.
2736 3779 3175 3835 Hildebrandus
3188 3796 3358 3851 papa,
3377 3782 3476 3852 qui
3508 3783 3565 3835 et

1902 3865 2231 3936 Gregorius
2262 3866 2384 3935 VII,
2406 3867 2559 3935 apud
2585 3866 2887 3922 Salernam
2917 3870 3190 3923 exulatus
3211 3870 3475 3938 moritur,
3510 3872 3568 3923 et

1904 3954 2119 4008 ibidem
2139 3955 2198 4007 in
2220 3954 2473 4008 ecclesia
2490 3954 2791 4024 sepelitur,
2811 3957 3473 4025 cui,Northmannorum
3493 3973 3567 4012 ex

1905 4041 2114 4110 Apulia
2128 4045 2185 4095 et
2202 4042 2500 4095 Mathildis
2518 4044 2948 4112 potentissimae
2968 4046 3309 4115 perItaliam
3330 4046 3565 4101 femina)

1906 4133 2370 4201 cunctarumque
2416 4129 2711 4200 ejusmodi
2758 4136 2979 4187 sectam
3038 4134 3434 4188 aemulantium
3471 4150 3568 4188 as-

1909 4235 2116 4281 sensu.
2168 4219 2514 4273 Desiderius
2558 4219 2876 4275 cardinalis
2920 4223 3222 4275 Romanus
3280 4224 3337 4276 et
3382 4222 3568 4276 abbas

1908 4309 2319 4376 Cassinensis,
2354 4323 2533 4362 verus
2579 4307 2795 4362 Christi
2834 4307 3110 4378 famulus,
3144 4309 3281 4363 licet
3324 4309 3569 4364 multum

125 4395 239 4453 lum
279 4416 347 4455 se
396 4415 550 4455 esse
595 4397 923 4468 respondit.
972 4395 1044 4449 Et
1088 4394 1172 4448 illi
1226 4410 1237 4449 ε
1288 4394 1414 4459 QUO
1460 4394 1693 4448 tendis‘?
1736 4391 1806 4446 Et
1832 4408 1882 4463 D
1910 4400 2087 4455 corde
2117 4398 2358 4466 simullet
2380 4412 2630 4468 corpore
2660 4398 2924 4453 renitens
2956 4397 3569 4463 substituitur,Victor

132 4493 368 4543 sanctus
402 4488 741 4558 Apostolus
770 4501 783 4541 :
818 4484 979 4539 Vado
1009 4484 1083 4538 ad
1122 4483 1361 4537 fratrem
1401 4481 1803 4550 Benedictum,

133 4578 187 4629 ut
230 4592 365 4632 cum
396 4578 508 4632 illo
550 4574 854 4646 passionis
901 4589 1049 4628 mea;
1091 4572 1246 4627 diem
1294 4572 1627 4641 celebrem;
1674 4586 1809 4624 nam

134 4663 332 4721 Romae
365 4666 721 4722 consistere
751 4678 870 4718 non
898 4662 1087 4717 valeo.
1122 4660 1317 4715 Variis
1348 4660 1504 4714 enim
1533 4659 1810 4729 procellis

129 4749 396 4809 Ecclesia
436 4770 578 4808 mea
608 4750 977 4823 deprimitur.
1008 4748 1174 4814 Quod
1207 4749 1344 4803 dum
1384 4747 1669 4802 fratribus
1700 4747 1812 4800 viri

130 4840 209 4895 illi
238 4840 638 4912 postmodum
667 4841 1064 4905 reserassent,
1100 4838 1171 4892 ad
1204 4837 1649 4892 succedentium
1680 4851 1806 4890 me-

133 4930 380 4985 moriam
418 4931 888 4997 constituerunt,
933 4929 1014 4982 ita
1036 4928 1178 4981 tanti
1226 4925 1478 4995 apostoli
1520 4924 1813 4979 festivita-

130 5022 242 5072 tem
274 5022 441 5075 sicut
471 5022 536 5073 et
563 5019 763 5072 Patris
820 5016 1143 5085 Benedicti,
1187 5030 1320 5069 cum
1348 5014 1602 5067 maxima
1628 5014 1813 5067 devo-

126 5105 279 5162 tione
311 5106 679 5163 solemniter
708 5105 1034 5161 celebrare.
1059 5103 1265 5175 Capite
1294 5102 1569 5174 sequenti
1589 5103 1712 5173 agit
1742 5102 1817 5156 de

134 5198 320 5251 variis
358 5194 724 5251 tumultibus
775 5210 807 5248 a
843 5192 1132 5248 Guiberto
1178 5209 1245 5247 ac
1295 5192 1424 5262 ejus
1466 5190 1819 5263 sequacibus

128 5286 445 5350 excitatis,
472 5290 540 5339 et
572 5284 644 5337 de
677 5282 1056 5337 coronatione
1083 5280 1353 5335 Henrici.

198 5374 549 5446 Expeditio
561 5373 620 5426 in
641 5372 1008 5426 Africam.—
1028 5369 1580 5423 A‘Jstuabatinterea
1594 5367 1819 5439 ingenti

128 5460 442 5517 desiderio
485 5460 647 5515 idem
668 5460 872 5515 Victor
903 5457 1285 5529 apostolicus,
1306 5456 1558 5528 qualiter
1577 5456 1820 5511 Sarace-

124 5563 346 5605 norum
376 5550 444 5603 in
477 5547 683 5603 Africa
716 5545 1200 5602 commorantium
1230 5543 1639 5613 confunderet,
1675 5558 1819 5598 con-

127 5639 398 5695 culcaret
426 5640 614 5710 atque
642 5638 976 5695 contereret
1004 5634 1425 5691 infidelitatem.
1468 5631 1659 5704 Unde,
1686 5647 1820 5688 cum

1909 4490 2265 4544 nominatus.
2292 4486 2519 4542 Etenim
2551 4502 2683 4542 cum
2728 4487 3062 4541 infirmitate
3092 4487 3261 4558 gravi
3290 4486 3572 4541 laborans

1909 4577 1982 4631 ad
2031 4592 2326 4631 summum
2375 4574 2533 4629 hunc
2572 4574 2798 4645 apicem
2839 4574 3082 4645 invitus,
3142 4575 3258 4629 imo
3304 4574 3572 4645 captivus

1909 4665 2358 4735 proveheretur,
2382 4663 2662 4734 precibus
2681 4662 2932 4718 obtinuit
2959 4666 3022 4718 ut
3042 4663 3195 4718 infra
3217 4678 3334 4718 non
3354 4663 3570 4718 multos

1911 4760 2041 4815 dies
2070 4757 2142 4811 ab
2166 4756 2276 4809 hac
2295 4754 2410 4807 vita
2430 4752 2753 4807 tolleretur.
2771 4752 2996 4806 Eadem
3011 4751 3202 4807 ferme
3224 4751 3403 4806 habet
3444 4750 3570 4805 Tri-

1914 4848 2169 4902 themius
2190 4845 2265 4899 ad
2284 4842 2579 4897 laudatum
2601 4857 2809 4895 annum
2825 4839 2961 4895 1085
2979 4842 3040 4894 in
3055 4841 3315 4895 editione
3327 4837 3571 4911 Sangal-

1912 4936 2070 4991 lensi
2084 4934 2367 4989 Cbronici
2384 4930 2964 5003 Hirsaugiensis,qui
2980 4936 3038 4984 et
3054 4929 3317 4983 eumdem
3333 4927 3575 5000 pontiﬁ-

1915 5040 2039 5080 cem
2081 5023 2218 5077 aliis
2249 5036 2470 5093 quoque
2495 5020 2641 5075 locis
2679 5020 2903 5091 passim
2939 5018 3225 5073 celebrat.
3264 5018 3401 5083 Quae
3436 5031 3577 5072 vero

1908 5118 2044 5185 post
2090 5111 2417 5181 Capuanam
2467 5109 2752 5180 synodum
2777 5113 2947 5179 gesta
2976 5107 3224 5177 fuerint,
3273 5123 3349 5185 ex
3390 5105 3579 5161 Petro

1921 5200 2273 5255 Clironicum
2292 5203 2688 5268 prosequente
2720 5178 3035 5251 discamus.
3310 5178 3321 5192 ’

1993 5287 2305 5343 Oderisius
2328 5284 2532 5339 abbas.
2563 5316 2630 5324 —
2653 5285 2717 5337 In
2748 5285 2954 5339 eodem
2979 5300 3122 5339 vero
3154 5284 3405 5340 concilio
3426 5285 3582 5339 idem

1916 5376 2183 5450 pontifex
2215 5374 2478 5445 graviter
2515 5373 2863 5442 infirmatus,
2892 5376 3027 5442 post
3056 5376 3251 5428 actum
3299 5389 3405 5443 per
3458 5376 3583 5426 tres

1919 5467 2050 5521 dies
2090 5463 2424 5529 concilium,
2459 5460 2808 5516 festinanter
2837 5461 3151 5515 Cassinum
3181 5462 3581 5531 rediit,'atque

1922 5571 2056 5611 cum
2088 5552 2386 5625 episcOpis
2417 5554 2474 5605 ct
2503 5548 2900 5605 cardinalibus
2932 5549 3130 5604 adhoc
3160 5548 3583 5605 monasterium

1924 5644 2279 5712 ascendens,
2312 5641 2371 5694 in
2403 5638 2722 5710 capitulum
2752 5637 3001 5693 fratrum
3022 5655 3089 5694 se
3107 5637 3251 5693 ferri
3276 5636 3581 5709 precepit,

1847 5723 1850 5726 ’
1926 5738 1984 5792 et
2011 5733 2125 5793 sub
2147 5729 2595 5789 districtissimo
2629 5728 2997 5788 anathemate
3025 5726 3326 5786 interdixit
3354 5738 3429 5782 ne
3446 5723 3584 5799 quis
