3940 6174
362 258 485 324 959

1667 246 2063 316 VICTORIS
2105 251 2196 314 III
2240 252 2515 315 PAPJE.

3644 250 3747 316 960

366 470 789 513 successorum
816 470 1060 510 suorum
1086 454 1331 508 auderet
1357 452 1618 508 vendere
1647 451 1741 505 vel
1771 451 2028 505 alienare
2053 430 2104 494 Ᾱ
2143 451 2337 506 serico
2370 452 2627 521 septem,
2680 449 2858 520 panni
2885 448 2958 503 de
2987 448 3154 502 altari
3179 447 3376 502 Sancti
3405 447 3678 503 Benedicti
3703 450 3748 506 fa

365 546 724 614 terraticum,
747 544 1055 613 ecclesias,
1071 542 1267 611 villas,
1282 542 1375 596 vel
1395 555 1779 611 quascunque
1792 554 2032 609 posses-

367 634 570 689 siones
601 634 738 687 huic
767 632 1117 687 Cassinensi
1140 630 1413 685 coenobio
1434 630 1819 698 pertinentes.
1841 627 2028 681 Simili

366 723 538 777 modo
570 719 873 774 interdixit
902 734 976 773 ne
1005 719 1139 788 quis
1182 716 1604 771 monachorum
1648 715 1892 768 auderet
1939 714 2018 767 fa-

368 826 505 864 cere
537 809 819 875 chartam,
853 807 945 861 vel
976 807 1236 860 libellum
1267 805 1492 875 absque
1523 803 1770 858 scientia
1800 802 2029 856 abbatis

368 898 495 952 sui:
522 896 678 967 quod
701 896 753 948 si
775 895 1038 962 fecisset,
1065 894 1295 947 irritum
1316 895 1497 946 esset.
1524 891 1836 945 Constituit
1858 890 2031 944 etiam

370 988 506 1040 tunc
540 989 599 1038 ut
629 984 821 1037 omnia
851 982 1229 1050 monasteria,
1266 997 1397 1051 qum
1442 980 1554 1034 sub
1589 979 1807 1033 ditione
1847 977 2030 1047 hujus

370 1073 558 1128 nostri
603 1071 1003 1140 Cassinensis,
1055 1070 1307 1125 coanobii
1358 1072 1515 1138 sunt,
1566 1068 1877 1138 prandium
1924 1082 2033 1136 per

372 1175 846 1231 unumquemque
880 1175 1097 1213 annum
1128 1158 1265 1213 huic
1307 1162 1529 1212 nostrae
1579 1154 2033 1228 congregationi

372 1251 607 1304 faciant.
642 1249 769 1302 Hoc
801 1251 1016 1301 statuto
1040 1247 1298 1302 omnium
1321 1246 1747 1301 monachorum
1774 1242 2036 1298 unanimi

371 1353 692 1402 consensu,
726 1336 992 1406 praefatis
1025 1336 1325 1405 episcOpis
1349 1336 1407 1388 in
1438 1334 1644 1389 eodem
1670 1333 1922 1403 capitulo
1951 1346 2039 1385 re-

372 1426 704 1481 sidentibus
736 1429 908 1496 atque
953 1424 1464 1493 confirmantibus,
1515 1423 1795 1477 domuum
1826 1419 2037 1474 Oderi-

372 1516 546 1584 sium,
581 1513 931 1585 religiosum
962 1513 1131 1567 valde
1162 1514 1373 1581 virum,
1407 1515 1464 1566 et
1491 1512 1821 1566 Romanum
1843 1509 2036 1563 diaco—

371 1620 533 1673 num,
566 1602 668 1673 qui
694 1606 833 1656 tunc
872 1602 932 1655 in
962 1601 1075 1655 hoc
1106 1604 1310 1655 nostro
1347 1599 1705 1654 monasterio
1743 1597 2037 1667 praeposi-

371 1696 523 1747 turae
553 1691 914 1761 fungebatur
951 1689 1168 1758 officio,
1213 1690 1484 1743 abbatem
1515 1687 1837 1742 constituit.
1891 1685 2036 1739 Post

2146 540 2268 594 cies
2290 556 2405 593 una
2435 556 2566 594 cum
2589 540 2950 611 margaritis,
2984 541 3040 592 et
3068 538 3249 591 altera
3277 538 3460 591 facies
3492 538 3753 607 deaurata;

2147 629 2514 698 coopertoria
2546 644 2679 682 cum
2709 644 2850 682 auro
2880 628 3009 696 tria,
3042 630 3099 681 et
3128 628 3244 681 duo
3274 626 3403 681 sine
3432 642 3585 695 auro;
3607 627 3756 681 circi-

2146 718 2296 771 toria
2338 733 2553 788 magna
2595 721 2657 772 et
2695 717 2911 787 optima
2956 716 3249 770 undecim.
3287 715 3471 768 Panni
3501 716 3566 768 de
3608 716 3757 770 altare

2145 806 2343 860 Sancti
2385 806 2667 873 Joannis,
2713 806 3010 859 circitoria
3047 804 3303 874 quinque
3344 806 3401 858 et
3437 805 3759 872 coopertoria

2148 895 2425 965 quinque;
2459 894 2637 963 panni
2668 895 2740 948 de
2769 894 2948 948 altare
2978 892 3209 946 Sanctae
3242 893 3438 946 Mariae
3472 892 3642 945 facies
3667 910 3761 947 una

2147 998 2442 1053 purpurea
2489 999 2621 1036 cum
2671 998 2835 1051 auro,
2892 982 3322 1051 coopertorium
3381 996 3509 1034 cum
3549 982 3759 1051 smaltis,

2151 1072 2448 1127 circitoria
2463 1071 3035 1142 quatuor,opertoria
3056 1058 3329 1140 quatuor;
3348 1070 3522 1138 panni
3534 1069 3599 1123 de
3614 1070 3762 1123 altare

2149 1161 2349 1215 Sancti
2361 1159 2659 1232 Gregorii,
2685 1161 3045 1215 circitorium
3058 1175 3302 1213 aureum
3318 1160 3373 1211 et
3395 1158 3538 1212 alios
3555 1162 3765 1228 quatuor

2151 1250 2279 1304 sine
2292 1250 2755 1319 auro,opertoria
2769 1248 3314 1320 quatuor.dossales
3330 1247 3523 1317 magni
3535 1247 3711 1301 decem
3721 1251 3765 1302 et

2151 1338 2667 1407 novem,dossales
2682 1338 2946 1392 minores
2959 1332 3216 1408 triginta;
3233 1336 3474 1390 ostiaria
3487 1334 3764 1403 (f.,hostia-

2151 1427 2259 1498 ria)
2274 1432 2520 1497 septem;
2538 1427 2755 1481 calices
2773 1426 2935 1481 aurei
2948 1424 3257 1480 duodecim
3271 1440 3406 1478 cum
3418 1423 3633 1494 patenis
3643 1423 3763 1487 suis;

2153 1518 2378 1585 septem
2410 1515 2695 1587 majores,
2730 1519 2786 1568 et
2816 1515 3074 1585 quinque
3105 1514 3391 1582 minores;
3424 1500 3606 1566 ﬁstula
3624 1527 3768 1565 aurea

2154 1620 2284 1658 cum
2304 1604 2544 1675 angulo;
2569 1604 2786 1658 calices
2801 1602 3071 1674 argentei
3086 1600 3366 1657 Saxonici
3382 1600 3515 1669 duo,
3531 1604 3583 1653 ct
3599 1599 3681 1653 alii
3691 1616 3767 1653 ar-

2155 1694 2351 1765 gentei
2374 1697 2621 1763 septem;
2647 1692 2877 1746 fistulas
2900 1694 3216 1763 argenteas
3230 1690 3405 1759 duas;
3424 1688 3695 1742 thuribula
3712 1688 3767 1741 de

374 1781 503 1835 haec
517 1779 857 1834 convocatis
873 1779 1099 1832 eisdem
1118 1778 1419 1847 episcopis
1438 1781 1610 1846 atque
1633 1774 2040 1829 cardinalibus
2078 1800 2126 1860 Β
2156 1797 2298 1835 auro
2330 1783 2444 1836 duo
2466 1824 2480 1850 ,
2514 1782 2586 1835 de
2624 1784 2869 1853 argento
2907 1781 3182 1835 deaurata
3214 1779 3364 1847 duo;
3391 1778 3502 1831 alia
3537 1778 3768 1846 argentea

376 1868 601 1923 monuit
629 1871 804 1938 atque
833 1867 1117 1935 praecepit
1136 1870 1217 1934 ut,
1242 1865 1414 1937 juxta
1441 1865 1597 1935 quod
1623 1865 2044 1934 praedecessor

378 1972 528 2011 suus
556 1971 704 2025 papa
735 1955 1061 2027 Gregorius
1086 1954 1435 2024 jamdudum
1466 1954 1829 2019 decreverat,
1878 1952 2045 2005 Otto-

380 2061 516 2100 nem
535 2044 870 2098 Ostiensem
892 2043 1236 2112 episcopum
1255 2042 1313 2095 in
1330 2058 1537 2112 papam
1560 2042 1801 2111 eligere,
1827 2042 2044 2110 quanto

380 2136 626 2203 possent
648 2132 841 2201 citius,
862 2132 1293 2200 perstudcrent;
1318 2146 1590 2201 eumque,
1614 2130 1750 2200 quia
1772 2143 2041 2198 praesens

380 2225 527 2283 erat.
554 2237 728 2275 manu
745 2219 1197 2290 apprehendens
1219 2218 1452 2274 caeteris
1471 2219 1770 2288 episcopis
1788 2216 2043 2284 tradidit,

380 2311 585 2364 dicens
620 2325 632 2363 :
665 2309 928 2378 Accipite
962 2325 1116 2378 eum,
1148 2311 1205 2363 et
1251 2308 1311 2362 in
1346 2309 1668 2362 Romanam
1714 2306 2047 2359 Ecclesiam

380 2399 664 2467 ordinate,
698 2411 1001 2468 meamque
1024 2398 1213 2451 vicem
1243 2398 1302 2450 in
1333 2396 1629 2464 omnibus,
1656 2409 1966 2465 quousque
1988 2393 2048 2447 id

378 2488 581 2541 facere
613 2487 883 2556 possitis,
917 2485 1147 2540 habete.
1179 2485 1288 2538 His
1312 2485 1389 2538 ita
1410 2483 1716 2552 dispositis
1747 2486 1919 2553 atque
1951 2482 2050 2536 de-

382 2576 586 2644 cretis,
622 2575 965 2644 sepulcrum
988 2574 1103 2627 sibi
1132 2573 1400 2628 construi
1429 2573 1487 2625 in
1518 2570 1933 2640 absidaipsius
1955 2586 2049 2624 ca-

381 2663 550 2733 pituli
575 2662 782 2732 jussit,
818 2665 992 2733 atque
1022 2665 1159 2732 post
1189 2662 1342 2715 diem
1380 2662 1614 2715 tertium
1656 2660 1908 2714 feliciter
1937 2659 2049 2713 mi-

383 2751 577 2824 gravit
604 2751 678 2804 ad
708 2752 1043 2820 Dominum,
1076 2754 1246 2805 sexto
1279 2750 1506 2803 decimo
1539 2749 1837 2802 Kalendas
1867 2748 2049 2801 Octo-

383 2839 532 2907 bris,
557 2854 710 2893 anno
742 2839 1065 2893 Dominicae
1095 2837 1520 2893 incarnationis
1551 2836 1864 2891 millesimo
1884 2840 2050 2890 octo-

382 2928 614 2999 gesimo
647 2927 917 2998 septimo,
949 2944 980 2980 a
1008 2927 1200 2981 Patris
1229 2930 1424 2981 autem
1454 2925 1757 2980 Benedicti
1788 2924 2046 2979 transitu

382 3031 538 3070 anno
570 3016 1046 3088 quingentesimo
1070 3015 1512 3087 septuagesimo
1537 3029 1710 3081 nono,
1739 3030 1871 3068 cum
1900 3027 2053 3083 prae-

385 3104 602 3159 fuisset
630 3104 691 3158 in
722 3103 904 3175 hujus
935 3103 1278 3158 monasterii
1310 3103 1597 3175 regimine
1640 3103 1812 3156 annis
1843 3101 2053 3172 viginti

385 3208 622 3263 novem,
657 3193 962 3247 mensibus
980 3195 1250 3263 quatuor,
1283 3192 1411 3246 dies
1442 3192 1771 3257 sexdecim;
1804 3190 1863 3244 in
1911 3188 2054 3243 sede

389 3296 527 3335 vero
548 3281 872 3351 apostolica
893 3281 966 3335 ab
990 3282 1120 3350 ipso
1152 3296 1280 3335 suae
1302 3279 1613 3334 electionis
1634 3277 1879 3334 exordio
1900 3291 2052 3331 anno

384 3385 523 3440 uno,
560 3370 914 3424 sacrationis
947 3370 1256 3424 mensibus
1299 3374 1573 3439 quatuor,
1627 3368 1757 3421 dies
1803 3368 2049 3436 septem.

383 3458 535 3513 Eum
567 3458 905 3529 dysenteria
935 3458 1290 3513 dissolutum
1321 3457 1545 3511 obiisse
1568 3456 1784 3510 scribit
1807 3454 2053 3526 Sigibe-

385 3552 521 3601 rtus
545 3547 608 3601 in
643 3546 935 3601 Chronico
964 3547 1040 3600 ad
1070 3562 1280 3599 annum
1315 3544 1469 3599 1086.
1494 3544 1621 3598 Alii
1648 3559 1872 3599 veneno
1892 3542 2054 3596 illum

382 3636 647 3707 periisse
679 3635 863 3706 aiunt;
901 3634 1054 3689 unde
1089 3633 1355 3688 nonnulli
1383 3632 1675 3704 martyris
1716 3632 1774 3687 ei
1822 3630 2051 3685 titulum

388 3725 634 3794 dedere,
668 3724 817 3796 quod
835 3724 944 3779 hoc
971 3732 1142 3794 pacto
1160 3723 1231 3778 ob
1254 3723 1525 3777 Ecclesaa
1545 3720 1953 3777 defensionem
1976 3718 2050 3773 ab

390 3813 520 3884 ejus
548 3813 812 3867 inimicis
842 3828 1067 3867 veneno
1096 3817 1343 3866 necatus
1363 3812 1557 3883 possit
1586 3811 1726 3865 dici.

458 3901 647 3955 Multa
679 3901 965 3972 relinquit
995 3905 1359 3955 ornamenta.
1390 3929 1462 3938 —
1490 3899 1608 3953 Ista
1638 3900 1926 3969 praeterea
1957 3914 2058 3953 or-

389 3991 663 4044 namenta
692 3988 846 4042 idem
874 4004 1024 4059 papa
1054 3989 1257 4042 Victor
1286 3988 1359 4042 ad
1382 3991 1629 4041 mortem
1653 4002 1822 4041 suam
1849 3986 1911 4039 in
1941 3986 2054 4040 hoc

389 4076 745 4132 monasterio
776 4077 1123 4148 dereliquit:
1160 4093 1293 4147 quae
1326 4076 1521 4132 omnia
1550 4075 1674 4130 fere
1725 4078 1861 4146 post
1888 4074 2056 4129 dedi-

391 4167 679 4222 cationem
712 4166 984 4221 ecclesiae
1016 4167 1226 4235 partim
1256 4166 1386 4234 ipse
1410 4181 1542 4219 cum
1563 4164 1851 4219 fratribus
1874 4162 2056 4234 hujus

392 4255 647 4311 coenobii
677 4255 1014 4326 acquisivit,
1039 4255 1250 4324 partim
1270 4254 1343 4308 ab
1367 4253 1501 4307 aliis
1522 4254 1582 4306 in
1601 4253 1847 4324 pignore
1866 4252 2058 4322 posita

389 4344 716 4416 recollegit.
728 4345 983 4398 Planetae
999 4343 1253 4412 diasprae
1268 4343 1563 4396 deauratae
1577 4343 1922 4411 quinque,et
1934 4343 2058 4393 tres

393 4434 523 4488 sine
555 4447 721 4502 auro;
757 4432 1097 4485 diarodanae
1128 4435 1253 4484 tres
1284 4431 1602 4499 deauratae,
1637 4429 1873 4499 diapisti
1904 4428 2056 4497 duae,

2156 1870 2411 1923 maxima
2440 1869 2590 1934 duo;
2627 1874 2683 1924 et
2720 1870 2832 1922 alia
2862 1872 3143 1940 argentea
3173 1869 3329 1935 octo;
3359 1866 3685 1919 candelabra
3715 1864 3769 1917 de

2157 1959 2436 2029 crystallo
2466 1959 2695 2028 parium
2725 1973 2926 2025 unum,
2948 1959 3003 2010 et
3033 1955 3187 2010 aliud
3216 1956 3452 2024 parium
3477 1955 3771 2024 argenteum

2161 2064 2294 2101 cum
2345 2047 2670 2116 onychino,
2718 2050 2775 2100 et
2818 2045 2977 2099 aliud
3022 2044 3249 2113 parium
3306 2046 3637 2114 argenteum
3671 2057 3770 2094 cum

2160 2138 2333 2192 malis
2364 2136 2742 2207 crystallinis,
2776 2137 2833 2189 et
2861 2135 2973 2187 alia
2996 2131 3350 2186 candelabra
3381 2132 3645 2201 quinque;
3671 2129 3771 2181 dum

2157 2225 2399 2280 laternae
2430 2228 2733 2295 argenteae
2747 2238 2998 2293 magnae,
3038 2224 3093 2275 et
3108 2237 3223 2274 una
3255 2217 3773 2291 quotidianagEvan-

2161 2314 2381 2386 gelium
2400 2314 2588 2383 ipsius
2601 2311 3010 2382 ,Evangelium
3026 2306 3773 2380 imperatoris,Evangelium

2160 2419 2326 2472 papae
2382 2402 2705 2471 Stephani,
2768 2398 3159 2470 Evangelium
3217 2396 3636 2468 imperatricis;
3684 2394 3771 2447 duo

2160 2491 2481 2563 Evangelia
2513 2489 2716 2543 fratris
2748 2488 2965 2557 Firmi;
2998 2486 3395 2557 Evangelium
3423 2483 3639 2539 abbatis
3677 2482 3771 2535 Ali-

2161 2580 2333 2653 gerni
2352 2595 2367 2649 ;
2387 2579 2500 2633 duo
2522 2577 2992 2632 Sacramentoria
3017 2592 3149 2631 cum
3171 2578 3443 2646 argento;
3474 2570 3774 2643 Epistolaria

2161 2671 2296 2737 duo,
2330 2684 2509 2723 unum
2542 2683 2675 2721 cum
2706 2665 2901 2720 tabula
2931 2680 3127 2733 aurea,
3165 2663 3323 2717 aliud
3342 2678 3471 2716 cum
3502 2660 3695 2714 tabulis
3712 2674 3776 2710 ar-

2162 2759 2417 2831 genteis;
2451 2758 2741 2829 Regulam
2771 2754 2968 2809 Sancti
2994 2752 3301 2807 Benedicti
3332 2766 3466 2805 cum
3494 2747 3686 2802 tabulis
3709 2761 3774 2798 ar-

2161 2848 2418 2921 genteis;
2465 2861 2645 2916 capsa
2682 2859 2895 2915 magna
2943 2844 3228 2913 argentea
3285 2855 3423 2893 cum
3478 2837 3702 2910 gemmis
3733 2836 3775 2887 et

2163 2936 2413 3005 smaltis;
2456 2934 2676 2989 scrinia
2703 2933 2982 3002 argentea
3024 2930 3160 2995 duo;
3194 2929 3348 2983 duas
3378 2942 3581 2981 cruces
3605 2936 3773 2978 aureas

2160 3041 2410 3098 magnas
2439 3040 2570 3079 cum
2594 3022 2866 3093 gemmis,
2892 3022 2948 3073 et
2969 3019 3101 3072 duae
3137 3017 3265 3071 alias
3309 3032 3505 3071 aureae
3538 3016 3771 3077 minores,

2161 3119 2219 3170 et
2247 3118 2371 3168 tres
2400 3114 2701 3183 argenteae
2733 3109 2804 3163 ad
2848 3106 3301 3177 processionem
3330 3126 3343 3166 ;
3377 3103 3772 3165 candelabrum;

2161 3218 2402 3258 urceum
2437 3216 2571 3255 cum
2600 3196 2955 3269 aquamanili
2994 3210 3139 3260 suo;
3175 3193 3609 3266 fumigatorium
3649 3203 3774 3261 grae-

2163 3307 2297 3347 cum
2332 3289 2491 3344 aliud
2522 3303 2655 3342 cum
2684 3285 2924 3357 nigello:
2960 3298 3207 3339 urceum
3237 3298 3376 3337 cum
3413 3281 3646 3336 smaltis.
3674 3276 3776 3330 Om-

2163 3378 2258 3433 nia
2281 3377 2410 3430 haec
2432 3378 2713 3446 argentea
2734 3373 2918 3443 Pyxis
2937 3385 3113 3425 aurea
3134 3385 3267 3424 cum
3292 3368 3522 3423 smaltis
3547 3381 3644 3437 pro
3670 3378 3774 3417 cor-

2162 3481 2305 3537 pore
2337 3465 2599 3532 Domini,
2634 3466 2690 3517 et
2720 3463 2829 3515 alia
2859 3459 3051 3530 major
3097 3460 3383 3530 argentea
3414 3471 3541 3511 cum
3569 3451 3772 3524 nigello;

2164 3552 2508 3625 coppetellae
2540 3551 2611 3605 de
2640 3550 2842 3620 pernis
2865 3551 3010 3613 tres;
3045 3547 3263 3601 calices
3282 3545 3604 3615 onychinos
3620 3542 3769 3602 duos;

2163 3643 2375 3698 bacilia
2406 3643 2689 3711 argentea
2718 3638 2883 3708 paria
2913 3637 3027 3690 duo
3049 3651 3063 3705 ;
3085 3638 3322 3689 centum
3352 3634 3535 3687 libras
3559 3629 3670 3684 auri
3686 3639 3773 3681 non

2163 3730 2437 3793 laborati,
2492 3728 2658 3783 stolae
2687 3741 2886 3780 aureae
2933 3725 3095 3789 duae;
3132 3722 3410 3777 fanonem
3466 3716 3773 3790 imperialem

2164 3824 2349 3874 totum
2378 3831 2658 3885 aureum;
2692 3829 3099 3884 scaramangae
3149 3812 3567 3881 imperatorum
3601 3803 3775 3860 duode

2167 3908 2279 3962 cim
2301 3924 2315 3977 ;
2340 3921 2618 3961 coronam
2647 3904 2719 3958 de
2750 3906 2998 3974 argento
3030 3916 3215 3971 super
3246 3901 3429 3954 altare
3447 3895 3776 3952 SanctiJoan-

2165 3997 2261 4051 nis
2302 4011 2437 4050 cum
2466 3994 2747 4049 crucibus
2777 3991 3058 4063 quinque,
3094 3994 3151 4044 et
3191 3990 3367 4043 aliam
3398 4001 3620 4042 crucem
3649 3995 3774 4053 gre-

2168 4101 2315 4150 cam;
2353 4098 2632 4138 coronam
2664 4084 3002 4152 argenteam
3046 4078 3409 4146 deauratam,
3442 4080 3497 4130 et
3532 4070 3774 4141 lapidibus

2165 4173 2446 4245 pretiosis
2477 4175 2762 4239 ornatam,
2807 4168 3011 4223 ferens
3042 4182 3154 4221 sex
3183 4182 3421 4236 cruces;
3450 4163 3611 4217 aliam
3637 4172 3774 4213 coro-

2166 4278 2301 4316 nam
2333 4277 2516 4331 super
2535 4259 2715 4313 altare
2745 4258 2942 4313 Sancti
2964 4256 3284 4324 Benedicti,
3307 4254 3635 4309 ferenstres
3662 4260 3772 4300 cru—

2167 4367 2269 4405 ces
2302 4350 2596 4420 lapidibus
2629 4347 2911 4417 pretiosis
2944 4349 3217 4413 ornatas;
3251 4344 3310 4396 in
3344 4343 3548 4396 Sancto
3570 4334 3772 4391 Nicolao

2167 4455 2443 4494 coronam
2468 4439 2803 4507 argenteam
2830 4477 2844 4505 ,
2878 4438 2935 4489 et
2955 4448 3193 4489 crucem
3221 4436 3559 4503 argenteam
3586 4427 3770 4481 fusam;

393 4525 450 4577 et
480 4522 589 4576 alia
623 4522 847 4576 cetrina
876 4536 888 4574 :
922 4535 1235 4588 purpureae
1268 4519 1563 4573 deauratae
1586 4521 1831 4588 septem,
1857 4520 1913 4571 et
1929 4517 2058 4571 aliae

2168 4544 2401 4583 coronae
2416 4531 2701 4598 argentae,
2725 4540 2873 4595 quas
2900 4526 2957 4577 in
2976 4523 3160 4577 veteri
3191 4520 3447 4575 ecclesia
3474 4513 3770 4574 invenit,un-

391 4612 651 4683 quinque
667 4623 1002 4678 purpureae,
1018 4611 1073 4661 et
1087 4608 1216 4661 duae
1240 4611 1545 4671 exametaa;
1561 4606 1790 4675 planeta
1809 4605 2057 4659 Joannis

391 4699 626 4769 medici;
670 4698 918 4769 planetae
948 4695 1307 4767 quotidianae
1338 4710 1469 4765 sex,
1504 4693 2056 4766 quadragesimales

392 4793 662 4861 quatuor;
698 4787 1023 4842 dalmaticae
1071 4788 1290 4855 paratae
1323 4786 1474 4854 octo,
1510 4787 1565 4838 et
1594 4784 1725 4837 aliae
1755 4782 2058 4851 undecim;

394 4880 608 4934 tunicae
650 4880 868 4948 paratae
900 4876 1181 4947 quinque,
1225 4878 1281 4927 et
1310 4873 1441 4927 aliae
1483 4872 1690 4929 decem
1724 4875 1781 4925 et
1824 4886 2058 4941 novem,

392 4969 633 5037 prOpter
660 4966 971 5020 incensum
1000 4963 1278 5034 quinque.
1309 4961 1608 5015 Pluviales
1644 4975 1786 5014 auro
1820 4961 2061 5013 ornatos

390 5056 633 5126 triginta
680 5060 832 5124 octo,
889 5056 946 5107 et
977 5052 1127 5106 alios
1160 5050 1459 5121 octoginta
1493 5050 1740 5118 septem;
1774 5047 1940 5101 albas
1988 5046 2063 5099 li-

396 5159 539 5197 neas
584 5145 816 5197 centum
864 5141 1187 5212 nonaginta
1248 5144 1391 5206 tres,
1442 5138 1513 5191 de
1571 5137 1765 5190 serico
1824 5136 2060 5204 decem;

396 5231 566 5285 stolae
597 5231 889 5284 deauratae
907 5246 1040 5284 cum
1054 5227 1367 5297 manipulis
1386 5226 1515 5280 suis
1533 5226 1738 5281 decem
1756 5227 1812 5278 et
1828 5237 2061 5291 novem;

396 5319 468 5374 de
511 5321 755 5389 argento
796 5333 929 5371 cum
971 5317 1286 5387 manipulis
1335 5315 1464 5369 suis
1528 5316 1679 5379 tres;
1734 5313 1903 5367 stolae
1934 5310 2063 5364 aliae

396 5407 601 5461 decem
632 5409 689 5460 et
721 5408 874 5474 octo;
907 5405 1275 5459 se'micinctia
1304 5407 1554 5473 septem;
1602 5400 1849 5455 fanones
1900 5397 2067 5453 aurei

397 5510 505 5567 pro
536 5491 1005 5550 subdiaconibus
1033 5496 1177 5562 tres,
1215 5494 1273 5545 et
1314 5492 1413 5546 alii
1462 5488 1938 5561 quatuordecim;
1970 5501 2064 5541 ea-

401 5583 541 5644 misi
567 5581 768 5657 magni
789 5580 1051 5637 deaurati
1073 5597 1208 5638 cum
1228 5579 1459 5637 amictis
1482 5578 1612 5635 suis
1634 5578 1772 5649 duo,
1796 5579 1853 5633 et
1873 5574 1972 5631 alii
1993 5574 2067 5630 de

2168 4618 2377 4671 decim.
2412 4617 2554 4669 Haec
2585 4615 2655 4669 de
2698 4611 3183 4668 reverendissimi
3212 4608 3470 4663 Victoris
3490 4601 3769 4668 tertiipapm

2167 4705 2284 4759 vita
2316 4705 2670 4772 etmoribus,
2705 4719 2771 4756 ac
2789 4702 2905 4756 loci
2926 4701 3100 4755 istius
3130 4696 3506 4752 renovatione
3523 4706 3619 4746 seu
3637 4685 3769 4772 ador-

2169 4794 2402 4848 natione
2432 4771 2695 4847 breviter
2723 4791 2875 4844 dicta
2906 4788 3223 4843 sufficiant.
3258 4784 3540 4839 Caeterum
3559 4771 3767 4849 quandiu

2170 4883 2370 4937 mundi
2401 4883 2575 4935 istius
2590 4880 2777 4934 orbita
2792 4878 3065 4947 volvitur,
3083 4875 3135 4947 ej
3146 4892 3216 4929 us
3245 4873 3527 4928 laudabile
3548 4863 3765 4921 meritum

2172 4987 2409 5040 semper
2443 4969 2654 5039 accipit
2684 4968 3108 5021 incrementum
3147 4980 3253 5033 per
3282 4963 3481 5017 Jesum
3519 4953 3763 5040 Christum

2171 5060 2483 5115 Dominum
2509 5060 2796 5123 nostrum,
2831 5055 2934 5125 qui
2960 5053 3104 5107 vivit
3150 5057 3205 5106 et
3252 5051 3457 5122 regnat
3485 5058 3602 5100 cum
3630 5039 3763 5125 Patre

2171 5154 2227 5204 et
2256 5149 2476 5219 Spiritu
2507 5150 2711 5201 sancto
2733 5146 2793 5199 in
2820 5143 3042 5198 saecula
3078 5141 3448 5196 saeculorum.
3473 5137 3651 5188 Amen.
3676 5123 3763 5219 llic

2170 5214 2518 5309 subjicimus
2550 5234 2927 5307 epitaphium,
2954 5231 3102 5303 quod
3129 5230 3415 5300 hodieque
3455 5222 3644 5309 visitur
3669 5214 3761 5308 ins-

2172 5300 2422 5397 crilltUIH
2455 5300 2883 5396 ejus-sepulcro
3003 5318 3226 5389 capella
3257 5316 3459 5371 Sancti
3483 5300 3755 5364 Bertliarii.

2515 5426 2871 5466 EPITAPHIUH
2910 5422 3178 5461 VICTORIS
3218 5421 3383 5461 ΡΔΡᾸΞ
3417 5418 3475 5455 ιιι

2647 5499 2799 5569 (Jam
2830 5512 3007 5570 supra
3039 5495 3352 5564 dedimus.)

2253 5591 2511 5649 Victoris
2537 5561 2823 5645 memoria
2849 5561 2913 5643 et
2935 5585 3228 5661 reliquiae.
3273 5561 3555 5659 opuscula.
3581 5598 3640 5614 ——
3674 5561 3759 5621 Ηὶε
