3926 6146
425 346 544 408 963

1712 349 2097 414 VICTORIS
2141 351 2228 411 III
2270 351 2524 413 PAPIE

3635 357 3731 420 964

429 548 612 602 frater
641 553 696 603 et
726 551 1063 621 coepiscope
1095 555 1298 604 noster
1322 551 1495 618 Urse,
1519 552 1755 621 tuisque
1779 566 2090 605 successo-
2120 534 2176 594 Α
2208 552 2511 621 dep....bis
2568 556 2666 608 aut
2721 556 2809 606 ter
2866 553 3147 606 canonice
3223 551 3579 621 compellatus
3627 554 3781 623 fuerit,

425 637 596 690 ribus
619 637 677 690 in
707 643 1054 709 perpetuum
1085 638 1366 708 quidquid
1392 639 1463 692 ad
1499 639 1908 715 Ravellensom
1941 641 2088 693 civi-

424 726 599 778 tatem
630 726 953 795 episcopali
973 727 1278 796 dignitatis
1320 726 1541 780 honore
1573 728 1806 780 noviter
1845 728 2092 800 insigni-

422 815 540 865 tam
581 813 676 866 vel
729 814 1019 882 pertinere
1076 815 1146 867 ad
1200 830 1495 884 praesens,
1558 816 1649 869 vel
1712 817 1866 886 quod
1918 818 2091 872 etiam

422 900 641 954 futuris
656 902 1190 972 temporibusjuste
1205 904 1625 973 acquisieritis,
1644 904 1848 975 utjure
1865 908 2093 975 episco-

422 989 539 1057 pali
566 989 853 1059 habeatis,
887 991 1188 1044 retineatis
1220 998 1274 1045 et
1306 993 1688 1060 possideatis.
1735 992 1794 1047 Si
1817 995 1951 1064 quis
1983 1012 2090 1049 au-

420 1079 537 1130 tem
568 1078 662 1131 vel
693 1094 822 1147 rex,
844 1079 938 1132 vel
971 1079 1252 1147 marehio,
1278 1082 1371 1134 vel
1393 1081 1530 1150 dux,
1560 1082 1652 1135 vel
1673 1082 1972 1152 princeps,
1996 1084 2091 1138 vel

418 1165 719 1233 patricius,
782 1168 871 1220 vel
927 1182 1149 1233 comes,
1195 1169 1287 1222 vel
1338 1171 1692 1239 vicecomes,
1741 1187 1850 1225 seu
1896 1172 2091 1241 aliqua

418 1267 631 1323 magna
653 1269 952 1324 parvaque
978 1272 1235 1323 persona
1265 1258 1643 1313 contra'hane
1661 1262 1850 1314 nostri
1870 1260 2092 1314 decreti

420 1341 783 1395 sanctionem
815 1359 995 1413 agere
1058 1349 1527 1416 praesumpserit,
1574 1350 1763 1418 primo
1793 1349 2027 1419 quidem
2060 1367 2089 1402 a

417 1427 642 1483 Christi
661 1446 912 1500 corpore
936 1436 992 1486 et
1011 1435 1321 1504 sanguinis
1346 1437 1755 1492 communione
1780 1442 2088 1509 separatus

2206 643 2320 695 nisi
2353 642 2711 696 satisfecerit
2744 623 2942 695 sed”...
2976 640 3193 693 malitia
3224 640 3549 709 perstiterit,
3576 656 3688 695 eum
3711 659 3785 697 ex-

2206 731 2696 784 communicatum
2714 733 2769 783 et
2785 730 3119 783 damnatum
3133 743 3269 782 esse
3288 743 3599 782 censemus.
3614 730 3787 786 Damus

2203 822 2392 873 autem
2412 820 2515 873 tibi
2535 820 2769 888 tuisque
2787 816 3492 871 successoribusliberam
3505 821 3791 885 potestatem

2200 907 2261 961 in
2279 908 2523 962 dioecesi
2536 910 2735 961 vestra
2749 907 2974 975 absque
2988 904 3241 975 alicujus
3260 920 3384 957 con.
3396 946 3430 957 ..
3446 903 3674 958 chrisma
3685 922 3788 960 con-

2200 996 2396 1065 ficere,
2415 996 2702 1050 ecclesias
2716 995 3012 1060 dedicare,
3030 993 3279 1047 clericos
3325 992 3596 1062 ordinare,
3613 995 3793 1064 etquid-

2199 1085 2338 1155 quid
2369 1085 2748 1154 episcopatus
2780 1087 2872 1137 est
2899 1082 3127 1136 ordinis
3159 1081 3473 1135 celebrare.

2271 1174 2479 1226 Datum
2508 1172 2721 1241 Capuae
2748 1187 2855 1242 per
2872 1186 3176 1224 manus....
3211 1169 3269 1223 Si
3281 1169 3536 1239 gniensis
3557 1169 3788 1239 episcopi,

2201 1263 2481 1317 Romanae
2512 1276 2652 1315 vero
2678 1259 2968 1313 Ecclesiae
2990 1257 3439 1326 bibliothecarii,
3471 1272 3608 1310 anno
3632 1257 3693 1310 ab
3719 1257 3791 1311 In-

2201 1354 2419 1404 carnat.
2464 1349 2533 1403 D.
2568 1348 2639 1402 N.
2673 1349 2726 1402 J.
2761 1346 2823 1402 C.
2859 1346 3026 1413 1088;
3072 1362 3224 1400 anno
3255 1359 3395 1398 vero
3426 1343 3451 1398 1
3495 1345 3801 1415 pontiﬁcatus

2199 1439 2269 1493 D.
2304 1438 2560 1492 Victoris
2598 1436 2675 1490 IlI
2708 1452 2894 1507 papae,
2938 1435 3139 1490 indict.
3175 1452 3230 1488 x.

724 1576 3769 1601 ..Μ-*-

1119 1689 1646 1830 νιστ-
1667 1689 2081 1831 Ol“!

2253 1692 2513 1828 ιιι
2589 1692 3243 1828 PAPE

1953 1940 2304 2008 CONCIO.

1541 2126 1784 2188 Habita
1829 2127 1896 2187 in
1939 2126 2189 2206 synodo
2234 2125 2711 2205 Beneventana,

610 2305 704 2367 De
745 2302 1155 2369 damnatione
1199 2307 1515 2383 Guiberti;
1563 2307 1638 2368 de
1678 2306 2040 2369 recentibus
2084 2307 2516 2370 schismaticis
2560 2307 2859 2369 vitandis.
2910 2343 2984 2356 —
3024 2307 3297 2371 Concilii
3350 2327 3633 2371 canones.

1486 2489 1734 2558 (BARON.
1776 2488 1993 2543 Annal.
2038 2488 2111 2542 ad
2142 2505 2235 2544 an.
2277 2488 2434 2555 1087,
2478 2492 2616 2545 tom.
2658 2492 2783 2562 XI.)

489 2757 878 2811 Novitvestra
894 2755 1147 2819 dilectio,
1165 2753 1734 2807 charissimifratres
1749 2751 2085 2821 coepiscopi
2117 2747 2167 2807 Β
2190 2753 2300 2804 est.
2333 2750 2449 2805 Sed
2480 2750 2894 2821 omnipotentis
2927 2751 3034 2806 Dei
3053 2754 3315 2822 potentia
3339 2772 3469 2810 cum
3485 2755 3600 2827 jam
3626 2755 3795 2809 dictum

417 2842 632 2913 (neque
664 2844 801 2898 latet
851 2844 1054 2897 orbem
1086 2841 1475 2911 universum),
1511 2841 1714 2894 sancta
1750 2840 2010 2894 Romana
2031 2841 2088 2893 et

416 2932 742 2999 apostolica
790 2932 988 2998 sedes,
1031 2932 1124 2985 cui
1165 2932 1286 2986 Deo
1320 2932 1557 2984 auctore
1607 2928 1905 2997 deservio,
1948 2929 2090 2998 quot

418 3018 670 3072 adversa
728 3019 1051 3088 pertulerit,
1105 3021 1248 3089 quot
1287 3017 1541 3087 denique
1584 3032 1689 3086 per
1735 3015 2086 3069 Simoniacae

419 3106 725 3161 haereseos
784 3106 1096 3177 trapezitas
1146 3106 1376 3160 malleis
1428 3104 1925 3175 tunsionibusque
1957 3120 2088 3174 per-

410 3195 596 3249 fracta
626 3196 722 3265 sit,
755 3195 901 3251 adeo
924 3197 986 3248 ut
1017 3196 1284 3249 columna
1328 3194 1434 3248 Dei
1464 3194 1585 3247 vivi
1622 3194 1925 3247 videretur
1952 3192 2081 3263 jam

415 3298 563 3354 pene
594 3299 891 3338 concussa
916 3286 1142 3352 nutare,
1179 3288 1234 3338 et
1280 3298 1503 3354 sagena
1534 3283 1749 3335 summi
1771 3281 2086 3351 piscatoris

416 3371 950 3426 intumescentibus
1007 3370 1286 3424 ﬂuctibus
1326 3369 1635 3437 disrumpi,
1686 3384 1753 3422 ac
1795 3367 2087 3437 naufragii

414 3461 578 3513 sorte
607 3459 824 3528 perire.
861 3456 1181 3512 Guibertus
1212 3457 1366 3511 enim
1388 3455 1807 3523 haeresiarcha,
1840 3453 1961 3526 qui,
1996 3453 2086 3507 vi-

414 3549 585 3600 vente
613 3551 835 3600 sanctze
875 3546 1175 3600 memoriae
1206 3545 1654 3614 praedecessore
1687 3559 1816 3597 meo
1862 3542 2083 3614 Grego—

414 3634 503 3688 rio
533 3650 703 3703 papa,
736 3635 1059 3688 Romanam
1091 3633 1307 3687 invasit
1350 3631 1702 3701 Ecclesium,
1736 3631 2085 3685 Antichristi

412 3736 760 3792 praeeursor
787 3725 844 3775 et
873 3722 1104 3776 Satanae
1128 3721 1399 3793 signifer,
1435 3736 1581 3775 oves
1609 3719 1831 3774 Christi
1861 3720 2087 3790 disper-

412 3827 580 3885 gere,
612 3812 873 3866 mactare
900 3811 1240 3881 laniareque
1275 3827 1390 3865 non
1423 3811 1659 3865 desinit.

487 3901 765 3956 Incitator
838 3903 993 3956 enim
1056 3903 1441 3971 incentorque
1518 3900 1804 3954 malorum
1868 3899 2081 3968 factus,

414 3994 664 4059 quantas
676 3990 966 4062 Gregorio
981 4007 1145 4060 papae
1160 3990 1243 4061 inj
1253 3990 1591 4060 urias,quas
1609 3989 2081 4060 persecutiones,

413 4080 555 4149 quot
585 4078 783 4133 clades
800 4080 1079 4147 intulerit,
1116 4079 1343 4134 referre
1366 4080 1501 4149 quis
1524 4078 1761 4148 possit?
1792 4077 2083 4131 Excitavit

415 4170 617 4221 contra
647 4182 779 4221 eum
807 4168 1146 4239 conjuratos
1188 4168 1315 4237 ipse
1362 4165 1822 4235 conspirationis
1855 4168 2078 4230 auctor;

413 4254 641 4326 fugavit
669 4256 850 4320 Urbe;
878 4256 1233 4323 sacerdotio,
1261 4257 1539 4325 quantum
1564 4254 1622 4308 in
1655 4269 1720 4307 se
1752 4253 1879 4320 fuit,
1901 4253 2083 4307 Simo-

414 4345 622 4398 niacus
653 4343 1053 4414 perjurusque
1093 4344 1385 4414 primavit,
1434 4342 1750 4397 commovit
1790 4341 2081 4395 adversus

412 4448 548 4487 eum
572 4434 899 4487 Romanum
932 4433 1262 4501 imperium,
1310 4432 1625 4486 concitavit
1669 4433 1880 4501 gentes
1910 4433 1965 4484 et
1996 4444 2082 4484 re-

412 4537 552 4593 gna;
584 4524 641 4575 et
671 4522 853 4590 (quod
882 4537 916 4574 a
947 4521 1150 4575 seculo
1183 4526 1272 4575 est
1316 4521 1661 4590 inauditum)
1683 4518 2085 4574 excommuni-

414 4612 582 4664 catus
614 4609 744 4678 ipse
776 4611 950 4679 atque
968 4608 1279 4663 damnatus
1313 4610 1582 4664 sanctum
1612 4608 1947 4678 pontiﬁcem
1975 4622 2083 4661 ex-

414 4698 846 4753 communicare
878 4699 1279 4768 praesumpsit,
1309 4699 1629 4753 Romanam
1656 4697 1862 4751 urbem
1887 4696 2082 4749 hacte-

411 4802 528 4841 nus
547 4786 1334 4858 sacrilegiis,caedibus,pe1j
1344 4784 2080 4854 uriis,conspirationibus,

414 4875 654 4947 ﬂagitiis
686 4879 742 4930 et
762 4876 1041 4930 vitiorum
1060 4875 1319 4930 omnium
1333 4875 1609 4929 ludibriis
1631 4873 1944 4943 profanare
1968 4888 2084 4926 non

412 4963 649 5032 desinit,
676 4968 733 5019 et
753 4964 1012 5019 Simonis
1037 4963 1193 5034 Magi
1211 4963 1455 5033 perﬁdia
1478 4963 1784 5031 incensus,
1806 4961 2085 5032 nequitiae

415 5068 541 5107 suae
559 5053 880 5123 complices
897 5054 969 5107 ad
994 5056 1105 5107 tam
1128 5053 1370 5122 impium
1391 5054 1447 5106 et
1460 5050 1830 5106 exsecrabile
1852 5050 2083 5104 facinus

414 5156 692 5212 evocans,
741 5146 942 5197 coacto
984 5141 1358 5212 imperatoris
1403 5141 1688 5207 exercitu,
1742 5139 2085 5209 apostolicae

412 5230 576 5284 sedis
599 5230 842 5286 invasor
869 5229 1119 5285 effectus
1151 5233 1243 5284 est
1277 5234 1480 5284 contra
1498 5234 1795 5299 praecepta
1824 5242 2086 5298 evange-

411 5318 543 5387 lica,
579 5322 780 5372 contra
810 5320 1231 5387 prophetarum
1268 5318 1789 5388 apostolorumque
1819 5317 2082 5384 decreta,

415 5411 620 5461 contra
660 5422 950 5461 canonum
991 5412 1047 5461 et
1090 5409 1489 5462 Romanorum
1549 5409 1889 5478 pontiﬁcum
1924 5405 2082 5476 jura,

412 5494 572 5547 nullo
596 5494 978 5547 cardinalium
999 5496 1416 5566 episcOporum
1438 5496 1807 5565 prmcedente
1825 5494 2079 5565 judicio,

412 5582 572 5636 nullo
607 5583 857 5637 Romani
884 5584 1029 5637 cleri
1059 5585 1421 5654 approbante
1451 5584 1758 5656 suffragio,
1794 5584 1953 5637 nullo
1978 5585 2076 5638 dc-

2190 2838 2540 2911 Gregorium
2585 2839 2922 2909 pontiﬁcem
2977 2845 3112 2911 post
3142 2842 3385 2898 labores
3424 2861 3490 2899 ac
3536 2844 3795 2899 certamina

2188 2926 2439 2997 plurima
2470 2927 2541 2981 ad
2575 2930 2854 2982 aeternam
2875 2930 3142 2999 requiem
3164 2936 3503 3001 evocasset,
3526 2936 3577 2987 et
3593 2930 3797 2986 unanimi

2188 3016 2504 3070 concordia
2547 3016 2813 3086 episcopi
2857 3019 2913 3070 et
2957 3017 3293 3074 cardinales
3346 3020 3800 3090 provincialesque

2187 3105 2479 3159 antistites
2512 3121 2625 3158 una
2656 3120 2790 3159 cum
2824 3106 3089 3161 Romano
3141 3107 3304 3163 clero
3336 3112 3395 3164 et
3421 3109 3621 3180 p0pulo
3644 3106 3797 3177 parvi-

2185 3196 2362 3248 tatem
2401 3198 2663 3247 nostram
2713 3193 2904 3249 modis
2945 3195 3221 3250 omnibus
3266 3198 3728 3252 contradicentem
3758 3197 3797 3247 et

2188 3282 2536 3336 renitentem
2554 3283 2895 3351 apostolicae
2909 3283 3035 3337 sedi
3050 3284 3493 3355 praefecissem,
3510 3302 3616 3340 non
3630 3285 3795 3339 timens

2186 3371 2391 3425 aeterni
2419 3371 2797 3440 imperatoris
2819 3370 3132 3441 judicium,
3157 3389 3318 3429 nunc
3339 3390 3529 3446 usque
3550 3372 3797 3429 Christum

2186 3462 2241 3512 et
2268 3474 2412 3513 oves
2444 3458 2601 3529 ejus,
2624 3476 2732 3529 pro
2751 3461 2968 3531 quibus
2992 3461 3089 3516 ille
3112 3462 3265 3517 fudit
3286 3464 3629 3535 sanguinem
3648 3475 3796 3524 suum,

2184 3548 2466 3618 persequi
2516 3563 2634 3602 non
2674 3550 2905 3603 omittit.
2966 3550 3193 3605 Idcirco
3252 3552 3591 3607 auctoritate
3642 3548 3729 3603 Dei
3760 3548 3800 3601 et

2184 3635 2491 3690 beatorum
2513 3638 2921 3707 apostolorum
2962 3638 3120 3692 Petri
3169 3641 3227 3693 et
3260 3640 3448 3704 Pauli,
3482 3640 3798 3706 omniumque

2184 3727 2548 3792 sanctorum,
2585 3726 2741 3779 omni
2766 3725 2931 3779 illum
2954 3726 3311 3781 sacerdotali
3334 3728 3528 3783 ofﬁcio
3559 3732 3611 3782 et
3628 3727 3800 3780 honore

2182 3812 2510 3883 privamus,
2538 3817 2613 3880 et,
2643 3830 2674 3867 a
2701 3813 3008 3869 liminibus
3026 3814 3320 3871 Ecclesiae
3343 3821 3690 3888 separantes,
3705 3828 3801 3867 ana-

2179 3900 2454 3955 thematis
2485 3901 2725 3955 vinculo
2759 3902 3134 3957 innodamus.

2252 3988 2459 4043 Nostis
2503 3994 2794 4059 praeterea
2841 3993 2896 4044 et
2933 3992 3082 4046 bene
3112 3993 3304 4047 nostis
3336 4008 3488 4064 quos
3518 3992 3669 4047 dolos
3699 4003 3789 4042 ma-

2188 4078 2405 4132 chinati
2437 4080 2575 4142 sint,
2611 4080 2981 4149 quantasque
3033 4080 3175 4133 mihi
3214 4096 3537 4150 pressuras
3558 4076 3801 4133 intulerint

2189 4166 2363 4237 Hugo
2395 4166 2817 4237 Lugdunensis
2875 4167 3390 4238 archiepiscoPus,
3426 4173 3481 4224 et
3524 4164 3799 4224 Richardus

2188 4254 2585 4309 Massiliensis
2615 4255 2822 4323 abbas,
2856 4256 2956 4326 qui
2976 4271 3083 4325 pro
3102 4256 3260 4310 fastu
3281 4261 3332 4311 et
3355 4257 3653 4311 ambitione
3672 4250 3801 4307 sedis

2185 4343 2550 4411 apostolicae,
2602 4344 2673 4397 ad
2723 4360 2897 4415 quam
2938 4344 3157 4398 dudum
3198 4345 3351 4399 clam
3391 4345 3690 4411 inhiabant,
3726 4336 3801 4392 ubi

2185 4431 2341 4485 votis
2374 4432 2502 4486 suis
2534 4432 2694 4501 potiti
2729 4447 2847 4486 non
2879 4436 3035 4502 sunt,
3070 4433 3396 4488 schismata
3426 4435 3484 4486 in
3512 4434 3691 4487 sancta
3708 4426 3797 4480 Ec-

2188 4519 2369 4574 clesia
2388 4519 2672 4590 fecerunt,
2698 4524 2755 4576 et
2767 4521 3102 4576 ltichardus
3115 4522 3354 4592 quidem
3375 4524 3569 4577 Romae
3581 4520 3794 4573 nostram

2186 4607 2531 4662 electionem
2561 4624 2695 4663 eum
2727 4609 3128 4664 cardinalibus
3160 4613 3218 4664 et
3256 4611 3552 4680 episcopis
3589 4606 3792 4677 egerat:

2188 4696 2361 4768 Hugo
2394 4702 2586 4751 autem
2616 4698 2688 4751 ad
2713 4712 2823 4752 nos
2853 4701 2987 4767 post
3016 4698 3318 4768 paululum
3349 4699 3585 4754 veniens
3614 4692 3797 4748 affusus

2187 4785 2642 4857 vestigiis,dum
2688 4786 3043 4856 obsequium
3090 4786 3265 4841 nobis
3310 4802 3536 4842 summo
3579 4775 3791 4854 pontiﬁci

2186 4874 2447 4928 debitum
2476 4874 2679 4929 invitis
2702 4891 2771 4928 ac
2791 4875 3247 4930 retractantibus
3269 4875 3584 4943 exhiberet,
3610 4866 3797 4940 legatio-

2187 4978 2321 5017 nem
2352 4980 2383 5016 a
2412 4962 2584 5017 nobis
2615 4963 2674 5017 in
2704 4964 2975 5032 partibus
3018 4963 3339 5018 Galliarum
3366 4959 3727 5033 postulaverat
3751 4954 3791 5005 et

2188 5055 2514 5121 acceperat.
2568 5051 2767 5123 Itaque
2812 5052 2997 5106 donec
3038 5052 3383 5122 parvitatem
3427 5053 3666 5105 nostram
3704 5041 3793 5095 ele-

2189 5141 2367 5194 ctioni
2398 5140 2591 5210 factm,
2625 5144 2798 5210 atque
2829 5156 2861 5193 a
2893 5156 2958 5195 se
2987 5141 3322 5210 approbatae
3352 5151 3661 5211 repugnare
3687 5144 3792 5184 con-

2189 5231 2527 5300 spexerant,
2562 5230 2676 5298 ipsi
2698 5229 2889 5283 modis
2913 5230 3188 5283 omnibus
3218 5227 3560 5283 insistebant
3581 5238 3643 5276 ne
3670 5230 3787 5273 onus

2186 5335 2293 5388 pro
2309 5319 2549 5372 utilitate
2565 5318 2852 5372 Ecclesiae
2875 5317 3048 5371 nobis
3069 5318 3405 5386 impositum
3427 5314 3787 5384 abjiceremus.

2192 5407 2304 5460 Ubi
2322 5422 2463 5461 vero
2486 5406 2843 5460 nostandem
2862 5405 3071 5460 cedere
3096 5405 3487 5476 perviderunt,
3504 5397 3784 5464 conceptam

2188 5495 2289 5549 diu
2302 5496 2590 5549 flammam
2611 5495 2880 5549 clibanus
2900 5497 3271 5549 exsaturatus
3293 5491 3555 5548 evomuit.
3576 5488 3786 5552 Quapro-

2187 5587 2319 5654 pter
2351 5588 2662 5638 cernentos
2695 5584 2811 5637 sibi
2851 5583 3093 5637 fratrum
3128 5583 3381 5637 omnium
3413 5572 3782 5634 unanimitatem

411 5672 529 5726 voti
562 5671 761 5742 p0puli
815 5672 1101 5742 requisito
1142 5688 1439 5728 consensu
1483 5675 1543 5727 in
1576 5677 1779 5727 sancta
1814 5673 2075 5727 Romana
2104 5644 2157 5705 D
2190 5675 2530 5727 constanter
2558 5672 2868 5741 obluctari,
2902 5672 2973 5725 ab
3006 5687 3210 5725 eorum
3242 5674 3295 5724 et
3321 5672 3514 5723 nostra
3540 5664 3660 5718 sunt
3676 5669 3781 5711 ϐοη-

412 5760 873 5818 Ecclesiatotius
894 5762 1168 5833 nequitiae
1188 5777 1256 5814 ac
1277 5761 1623 5832 perditionis
1642 5765 1814 5833 caput
1828 5760 2072 5816 effectus

2190 5763 2351 5818 tinuo
2383 5761 2793 5817 communione
2827 5759 3102 5833 sejuncti.
3136 5760 3301 5815 Unde
3330 5757 3494 5812 vobis
3515 5745 3778 5824 apostolica
