3926 6146
110 332 201 395 $5
1382 337 1711 403 DIALOG]

1894 341 2047 403 LIB.
2082 344 2131 404 Ι.
3334 348 3453 413 966

109 531 400 587 auctoritate
417 532 782 601 pracipimus
812 535 873 586 ut
899 533 972 588 ab
1005 534 1092 589 eis
1124 536 1424 592 abstinere
1457 539 1697 609 curetis,
1729 522 1787 581 Α
1814 544 2076 596 ementes
2109 546 2764 619 excommunicaverint,
2814 556 3127 609 censentes
3158 556 3221 610 ut
3243 555 3342 625 qui
3375 555 3473 609 dat

108 634 260 689 neque
287 619 393 672 illis
423 620 648 673 omnino
698 622 1167 693 communicetis,
1230 625 1366 695 quia
1416 626 1701 681 Ecclesia
1814 631 1870 683 et
1893 630 1993 699 qui
2014 632 2241 701 recipit,
2266 635 2575 691 anathema
2603 637 2700 691 sit.
2732 638 2878 693 Cum
2922 619 3475 713 hujusmodi-igitur

114 709 347 801 Romana
368 708 761 763 communione
776 726 884 764 sua
897 726 963 764 se
981 714 1191 781 sponte
1212 714 1536 783 privarunt.
1554 714 1703 767 Nam
1813 717 2134 789 episcoPis,
2168 722 2503 794 abbatibus,
2540 729 2638 779 aut
2668 726 2903 780 clericis
2928 708 3174 800 reliquis
3189 731 3288 801 qui
3311 708 3475 784 com-

106 801 152 849 ut
188 796 372 849 beatus
424 797 626 850 scribit
678 798 1070 854 Ambrosius:
1134 800 1245 864 Qui
1277 817 1344 856 se
1377 818 1408 855 a
1444 803 1706 857 Romana
1812 806 2069 861 municat
2098 810 2191 862 vel
2224 814 2366 878 orat,
2411 815 2510 866 aut
2563 813 2831 883 ipsorum
2879 816 3039 870 audit
3057 796 3314 887 missas,
3357 835 3473 873 una

105 882 324 937 Ecclesia
366 891 655 956 segregat,
713 901 852 940 vere
895 892 987 941 est
1018 889 1328 944 habendus
1359 890 1702 946 hareticus.
1812 898 2436 953 excommunicationis
2471 882 2760 956 sententia
2785 903 3095 974 plectitur;
3130 906 3230 976 qui
3259 882 3367 960 nec
3389 922 3478 960 sa-

152 973 530 1026 tionstituimus
572 974 744 1027 etiam
779 979 864 1044 ut,
899 976 953 1030 si
983 977 1117 1047 quis
1144 978 1427 1048 deinceps
1463 981 1704 1049 episco-
1811 984 2086 1038 cerdotes
2110 986 2348 1055 quidem
2377 989 2487 1042 rite
2516 991 2709 1058 putari
2741 994 3014 1060 possunt.

102 1060 354 1129 patumvel
383 1061 663 1115 abbatiam
686 1063 757 1117 de
772 1079 946 1118 manu
960 1065 1216 1136 alicujus
1238 1067 1404 1121 laica
1428 1083 1704 1137 persona
1882 1072 2232 1128 Panitentia
2279 1091 2421 1130 vero
2481 1081 2537 1131 et
2567 1080 2901 1133 communio
2932 1097 2965 1134 a
2995 1082 3229 1137 nemine
3279 1083 3397 1137 nisi
3444 1101 3476 1137 a

100 1150 392 1218 susceperit,
426 1150 754 1205 nullatenus
786 1153 1106 1223 episcopus
1136 1155 1230 1209 vel
1252 1156 1437 1210 abbas
1483 1157 1704 1211 habea-
1813 1160 2098 1215 catholico
2121 1163 2501 1232 suscipiatur.
2523 1163 2687 1229 Quod
2703 1166 2965 1222 sinullus
2980 1169 3475 1227 adsitcatholicus

100 1240 187 1305 tur,
210 1252 378 1329 neque
407 1238 519 1329 ulla
543 1239 671 1293 eiut
691 1240 971 1310 episcopo
998 1243 1091 1296 vel
1135 1243 1332 1298 abbati
1354 1245 1706 1300 adhibeatur
1812 1250 2142 1320 presbyter,
2171 1251 2393 1305 rectius
2409 1254 2501 1306 est
2518 1254 2647 1307 sine
2676 1255 2899 1309 visibili
2923 1259 3334 1312 communione
3345 1275 3479 1329 per-

100 1325 397 1417 reverentia.
453 1326 699 1397 Insuper
750 1328 802 1382 ei
842 1329 1000 1383 beati
1030 1330 1187 1385 Petri
1218 1334 1512 1404 gremium
1543 1336 1600 1388 et
1618 1336 1706 1388 in-
1814 1338 2048 1407 sistere,
2068 1340 2516 1395 etinvisibiliter
2546 1342 2793 1396 Domino
2827 1346 3282 1416 communicare,
3307 1325 3481 1417 quam

97 1412 288 1466 troitum
334 1414 596 1469 ecclesia
630 1416 1058 1489 interdicimus,
1121 1435 1432 1492 quousque
1488 1424 1702 1492 locum,
1812 1441 1940 1481 eam
1982 1429 2055 1481 ab
2092 1428 2372 1483 haretico
2413 1431 2721 1499 sumendo,
2759 1446 2793 1484 a
2825 1432 2947 1486 Deo
2981 1412 3277 1502 separari.
3305 1412 3480 1489 Nulla

101 1517 243 1592 quem
263 1502 366 1556 sub
395 1504 547 1592 tanto
580 1505 827 1560 crimine
849 1507 1185 1563 ambitionis
1218 1511 1702 1566 etinobedientia
1811 1515 1966 1568 enim
1992 1516 2075 1585 (ut
2105 1517 2183 1570 ait
2212 1517 2558 1587 Apostolus)
2593 1520 2903 1574 conventio
2925 1520 3150 1574 Chsisti
3172 1522 3245 1576 ad
3268 1523 3471 1592 Belial,

104 1589 253 1681 (quod
274 1591 1566 1681 estscelusidololatria)cepit,resipiscendo
1589 1615 1707 1654 non
1812 1619 2004 1675 neque
2035 1620 2174 1673 pars
2235 1606 2425 1676 aliqua
2460 1606 2617 1660 fideli
2652 1622 2784 1661 cum
2814 1608 3037 1663 infideli
3082 1609 3169 1677 (II
3194 1609 3329 1664 Cor.
3376 1589 3478 1681 v1).

98 1676 577 1733 deserit.Similiter
593 1681 1251 1739 etiamdeinferioribus
1274 1686 1703 1741 ecclesiasticis
1813 1694 2015 1748 Omnis
2073 1698 2264 1748 autem
2314 1695 2633 1750 haereticus
2666 1696 2920 1750 infidelis
2953 1700 3062 1752 est.
3107 1676 3478 1754 Simoniaeus

95 1765 332 1860 gradibus
360 1766 857 1860 dignitatibusque
882 1773 1539 1846 constituimus.Siquis
1570 1777 1707 1831 item
1815 1798 1978 1850 vero,
2012 1784 2149 1853 quia
2178 1784 2517 1852 hareticus,
2535 1785 2754 1839 idcirco
2774 1785 3049 1839 infidelis.
3073 1786 3221 1840 Nam
3244 1803 3480 1841 sacram

99 1859 463 1944 inmemorum
494 1871 723 1927 regum.
758 1859 993 1929 ducum,
1025 1862 1376 1933 principum,
1406 1865 1703 1934 comitum,
1737 1869 1789 1931 B
1818 1870 2040 1926 Christi
2072 1875 2541 1929 communionem
2570 1873 2840 1944 quamvis
2902 1873 3217 1929 visibiliter
3267 1880 3323 1930 et
3355 1890 3484 1929 cor—

93 1942 163 1994 vel
205 1942 453 2012 cujusvis
482 1947 792 2014 potestatis
836 1950 1150 2005 sacularis
1182 1953 1586 2022 episcopatum
1614 1954 1709 2008 vel

99 2032 326 2098 quamvis
345 2032 511 2086 aliam
538 2034 1012 2090 ecclesiasticam
1035 2038 1377 2110 dignitatem
1408 2043 1547 2096 dare
1561 2058 1712 2111 pra-

92 2120 384 2191 sumpscrit,
404 2121 679 2192 ejusdem
709 2126 1016 2180 sententia
1041 2128 1279 2184 vinculo
1311 2146 1378 2185 se
1406 2131 1712 2185 astrictum

95 2208 324 2277 noverit;
352 2226 481 2264 cum
514 2212 765 2266 trecenti
786 2213 1078 2283 et(decem
1100 2220 1158 2271 et
1179 2217 1332 2286 octo)
1348 2222 1479 2272 octo
1506 2220 1714 2273 Patres

89 2310 135 2374 in
154 2294 364 2353 Nicano
388 2301 641 2355 concilio
674 2315 880 2359 omnes
912 2304 1255 2377 hujusmodi
1285 2307 1611 2362 vendentes
1661 2309 1719 2362 et

1819 1964 2095 2033 poralitcr
2134 1962 2405 2017 catholici
2437 1966 2675 2033 propter
2726 1962 3100 2017 imminentes
3160 1963 3480 2018 hareticos

1821 2053 2042 2107 habere
2094 2068 2212 2107 non
2253 2052 2508 2122 possint,
2561 2052 2702 2105 dum
2755 2054 2950 2106 tamen
3000 2055 3194 2106 mente
3244 2051 3481 2106 Christo

1822 2141 2124 2212 conjuncti
2170 2143 2328 2211 sunt,
2384 2140 2518 2211 ejus
2573 2141 3045 2196 communionem
3102 2141 3482 2196 invisibiliter

1823 2232 2083 2285 sumunt.

91 2498 2088 2521 mm

681 2666 1711 2810 VICTORIS

1879 2665 2092 2804 [II
2184 2666 2848 2803 PAPE

816 2907 1044 2987 OLIM
1102 2907 1589 2988 DESIDERII
1668 2905 2085 2987 ABBATIS
2154 2906 2720 2984 CASINENSIS

1330 3098 2159 3256 DIALOGI.

82 3372 242 3442 (Apud
269 3376 514 3434 MABILL.
549 3380 690 3435 Act.
723 3381 977 3451 Bened.,
1013 3382 1107 3451 IV,
1141 3398 1216 3437 ex
1237 3382 1464 3438 Joanne
1497 3383 1758 3453 Baptista
1790 3382 1979 3451 Maro,
2013 3383 2077 3438 S.
2100 3382 2314 3455 Angeli
2344 3381 2404 3435 in
2434 3380 2588 3435 Foro
2620 3381 2881 3451 piscium
2914 3377 3219 3447 canonico,
3252 3376 3352 3448 qui
3383 3363 3496 3431 ho8

797 3472 1023 3542 primus
1055 3472 1240 3527 edidit
1269 3488 1344 3527 ex
1378 3472 1659 3526 Vaticana
1686 3471 2069 3541 bibliotheca,
2094 3476 2151 3527 et
2180 3471 2339 3526 notis
2371 3470 2753 3538 illustravit.)

1212 3759 1630 3872 LIBER
1752 3758 2306 3888 PRIMUS,

88 3955 147 4009 In
173 3975 269 4030 quo
297 3964 499 4033 agitur
535 3962 1548 4033 demiraculisasanctoBenedicto,
1576 3963 1793 4019 aliisve
1806 3964 2112 4019 monachis
2124 3964 2185 4017 in
2201 3965 2566 4018 monasterio
2585 3962 2921 4033 Casina/isi,
2944 3978 3049 4035 ope
3073 3962 3279 4017 divina
3303 3960 3451 4017 [acti
3482 3975 3514 4013 .s

134 4133 282 4203 Quia,
315 4136 575 4191 donante
608 4135 750 4204 Deo,
780 4134 1064 4189 miracula
1087 4150 1221 4206 quae
1252 4135 1381 4203 ipse
1395 4133 1712 4188 adlaudem
1748 4132 1797 4193 C
1831 4137 2005 4205 atque
2038 4132 2262 4187 sedula
2281 4132 2481 4188 studui
2499 4149 2707 4203 parere
2729 4133 3013 4203 petitioni,
3039 4132 3497 4202 omnipotentem

79 4222 155 4274 sui
179 4225 424 4279 nominis
458 4225 519 4279 in
554 4224 667 4278 hoc
697 4222 1007 4278 Casinensi
1041 4223 1312 4277 coenobio
1345 4222 1473 4277 ﬁeri
1505 4223 1709 4291 voluit,

81 4324 259 4378 quaeve
290 4317 493 4368 nostra
526 4312 811 4367 memoria
838 4312 990 4366 facta
1023 4314 1161 4366 sunt
1184 4311 1279 4365 vel
1312 4326 1345 4364 a
1375 4309 1715 4365 senioribus

77 4402 272 4454 nostris
302 4402 489 4456 relata
513 4401 789 4473 cognovi,
826 4401 1093 4455 scribere
1107 4400 1396 4469 disposui,
1433 4398 1573 4453 licet
1603 4413 1721 4452 om-

77 4487 152 4539 nia
181 4506 462 4560 nequeam
499 4490 650 4560 stylo
684 4488 1205 4559 comprehendere,
1239 4490 1361 4542 tum
1391 4488 1528 4557 quia
1548 4489 1719 4557 plura

73 4578 392 4633 exciderunt
412 4580 721 4649 memoria,
742 4583 866 4633 tum
879 4578 1036 4648 quia,
1061 4579 1383 4646 occupatus
1401 4576 1708 4648 regimine,

75 4665 149 4717 vel
191 4683 256 4721 ea
320 4684 458 4739 quae
523 4667 723 4721 scribo
783 4667 1083 4721 discutere
1117 4666 1244 4735 ipse
1292 4681 1409 4719 non
1449 4680 1718 4735 possum,

75 4766 235 4819 pauca
264 4759 463 4810 tamen
497 4756 567 4809 de
601 4755 871 4825 pluribus
903 4755 975 4808 ad
999 4754 1445 4809 aedificationem
1477 4754 1721 4807 audien-

76 4840 194 4896 tium
224 4846 505 4900 mandare
530 4844 753 4899 curabo
786 4844 1085 4898 memoria
1117 4842 1264 4896 Nam
1288 4842 1341 4897 si
1362 4843 1554 4896 omnia
1587 4859 1720 4912 qua

78 4930 152 4983 vel
178 4932 301 5001 ipse
332 4934 480 5002 vidi,
514 4933 607 4987 vel
630 4948 762 5003 quae
795 4932 959 4985 mihi]
980 4932 1162 4986 relata
1193 4931 1381 5000 fuere,
1423 4945 1530 5000 per
1559 4930 1722 4984 ordi-

76 5032 190 5072 nem
216 5021 446 5076 referre
495 5021 691 5090 velim,
728 5021 856 5076 dies
886 5036 1000 5089 me,
1034 5023 1096 5075 ut
1126 5019 1376 5085 astimo,
1410 5022 1723 5088 antequam

74 5119 250 5162 sermo
299 5110 604 5164 deﬁceret.
641 5108 711 5163 Et
748 5109 879 5163 hac
937 5126 1054 5164 non
1086 5112 1201 5162 tam
1235 5109 1424 5162 fretus
1454 5108 1717 5179 ingenio,

74 5210 227 5262 quam
258 5199 396 5268 quia
428 5213 528 5252 res
560 5198 785 5252 omissa
814 5198 1142 5267 videbatur,
1165 5197 1431 5251 scribere
1463 5212 1597 5251 sum
1618 5212 1720 5265 ag-

77 5296 334 5354 gressus,
353 5291 625 5341 metuens
644 5288 901 5356 ne,sicut
918 5286 1307 5355 hactenus,ita
1323 5287 1495 5340 etiam
1512 5285 1720 5343 amodao

74 5373 419 5441 scriptorum
444 5376 801 5445 negligentia
816 5374 1114 5443 derelicta,
1149 5389 1181 5426 a
1200 5375 1479 5428 memoria
1494 5374 1714 5444 elapsa,

1831 4223 2142 4276 Dominum
2171 4222 2501 4292 deprecans
2523 4226 2585 4276 ut
2615 4221 2716 4292 qui
2741 4221 2938 4276 servis
2969 4222 3099 4275 suis
3129 4220 3379 4292 gratiam
3407 4220 3507 4273 tri-

1830 4312 1954 4366 buit
1984 4311 2057 4365 ad
2078 4310 2327 4365 virtutes
2361 4314 2417 4365 et
2449 4310 2736 4364 mirabilia
2768 4309 3055 4377 facienda,
3082 4308 3225 4361 mihi
3254 4322 3491 4377 quoque

1830 4415 2165 4455 sermonem
2196 4414 2313 4453 non
2344 4400 2617 4471 deneget,
2652 4401 2942 4469 quatenus
2973 4413 3039 4451 ea
3071 4396 3248 4467 digne
3261 4410 3331 4449 ac
3350 4394 3492 4449 ﬁde-

1828 4489 1962 4544 liter
1990 4488 2063 4542 ad
2095 4488 2414 4543 multorum
2445 4487 2772 4557 profectum
2821 4486 3048 4540 valeam
3088 4500 3387 4540 enarrare.

1908 4612 2281 4684 Theophilus.
2303 4612 2431 4685 Ego
2455 4612 2691 4682 quidem
2705 4626 2823 4665 non
2840 4612 3033 4666 solum
3049 4626 3116 4665 ea
3142 4608 3352 4681 quain
3380 4608 3495 4663 hoc

1829 4701 2139 4756 Casinensi
2160 4701 2431 4756 coenobio
2464 4700 2765 4769 miracula,
2793 4699 3040 4754 Domino
3072 4699 3378 4770 largiente,
3401 4712 3500 4767 pa-

1828 4793 1976 4844 trata
2007 4793 2164 4859 sunt,
2197 4806 2379 4845 nosse
2410 4789 2706 4855 desidero,
2742 4803 2948 4841 verum
2970 4787 3145 4840 etiam
3177 4801 3246 4839 ea
3276 4800 3410 4855 qua
3433 4784 3492 4838 in

1829 4877 1961 4930 aliis
1991 4878 2277 4945 partibus,
2312 4875 2408 4930 his
2436 4875 2648 4929 vicinis
2679 4874 3046 4942 temporibus
3068 4870 3343 4926 Christus
3364 4871 3484 4924 Do-

1828 4965 2024 5018 minus
2054 4980 2160 5035 per
2188 4979 2400 5018 servos
2431 4978 2577 5017 suos
2601 4963 2878 5033 dignatus
2900 4963 2993 5014 est
3015 4959 3266 5028 operari,
3288 4960 3338 5011 si
3358 4974 3492 5028 qua

1827 5051 2005 5120 nosti,
2059 5050 2200 5104 mihi
2231 5050 2360 5104 hac
2408 5050 2613 5103 audire
2646 5048 2864 5102 sitienti
2894 5050 2970 5116 te,
2992 5060 3217 5117 quaso,
3246 5061 3486 5101 narrare

1828 5156 1902 5195 ne
1925 5139 2139 5211 pigeat.
2172 5138 2244 5192 Et
2271 5139 2398 5192 hac
2422 5138 2642 5191 idcirco
2668 5140 2722 5191 te
2754 5150 3005 5189 maxume
3038 5133 3303 5188 scribere
3348 5149 3498 5206 rogo

1830 5230 1966 5300 quia
2022 5229 2341 5298 plerosque
2384 5228 2575 5298 magis
2632 5226 2915 5279 virtutum
2978 5222 3267 5292 exemplis
3316 5238 3490 5292 quam

1831 5319 2302 5373 exhortationum
2334 5316 2536 5370 verbis
2596 5315 2667 5368 ad
2718 5312 3066 5368 exercitium
3096 5311 3235 5366 boni
3273 5312 3494 5382 operis,

1832 5408 1968 5462 etad
1992 5422 2249 5460 amorem
2270 5404 2472 5475 patriae
2488 5404 2750 5458 coelestis
2782 5402 3195 5456 accendendos
3215 5416 3353 5456 esse
3378 5416 3496 5455 non

74 5458 338 5551 oblivioni
373 5464 765 5518 traderentur.
798 5462 1231 5533 Insuperetiam
1265 5462 1510 5535 rogatus
1542 5479 1573 5516 a
1595 5463 1718 5517 fra-
1745 5485 1801 5546 D

66 5546 261 5618 tribus,
293 5554 351 5604 et
382 5552 681 5621 pracipue
712 5568 743 5606 a
796 5555 874 5618 te,
916 5553 1099 5605 frater
1157 5551 1482 5621 Theophila
1542 5551 1720 5606 levita

70 5635 434 5707 charissima,
468 5643 528 5695 ut
545 5645 754 5695 cuncta
780 5641 873 5695 vel
892 5640 1089 5694 audita
1108 5640 1197 5693 vel
1222 5640 1372 5707 visa,
1398 5642 1721 5693 memoratu

70 5723 253 5793 (ligna,
288 5727 776 5800 tuistuorumque
808 5730 1052 5784 auribus
1074 5730 1341 5784 studiose
1356 5728 1723 5797 ﬁdeliterque

66 5813 279 5869 referre
311 5816 613 5890 deberem,
644 5818 951 5875 rusticano
981 5818 1309 5890 licetstylo,
1342 5820 1464 5873 tam
1495 5817 1724 5873 devota

1903 5637 1928 5690 1
1938 5635 2187 5691 lesideri
2193 5650 2278 5688 us.
2294 5632 2554 5687 Primum
2574 5632 2831 5702 quidem,
2848 5630 3133 5685 voluntati
3148 5632 3264 5684 tua
3287 5629 3497 5682 favens

1832 5742 1901 5780 ea
1940 5740 2071 5794 qua
2103 5725 2162 5778 in
2193 5723 2307 5777 hoc
2332 5725 2535 5776 nostro
2565 5722 2833 5774 coenobio
2888 5721 3038 5773 facta
3070 5721 3226 5787 sunt,
3263 5714 3499 5769 duobus

1833 5812 2326 5883 comprehendam
2353 5810 2612 5867 libellis:
2660 5809 2796 5867 dein
2827 5812 3041 5866 caetera
3070 5822 3203 5879 qua
3244 5819 3318 5861 ex
3358 5802 3499 5857 aliis
