3988 6176
472 316 594 381 967

1790 319 2190 383 VICTORIS
2229 320 2319 383 IlI
2364 320 2632 382 PAPIE.
3727 327 3823 390 ωε

474 517 742 589 partibus
771 519 864 572 vel
883 519 1145 587 audisse,
1172 520 1263 574 vel
1298 520 1520 574 vidisse
1540 535 1629 573 me
1653 518 1985 590 contigerit,
2008 518 2145 572 aliis
2177 500 2224 561 Α
2256 517 2409 571 facta
2468 518 2824 572 viderentur.
2884 516 3318 585 Animadverte,
3372 533 3584 588 precor,
3635 524 3821 591 quantm

476 607 712 662 duobus
742 608 958 662 libellis
992 608 1364 674 concludere,
1388 609 1595 661 comite
1616 608 1751 675 vita,
1785 607 2055 660 studebo.
2078 606 2148 659 Et

475 700 539 749 ut
568 711 800 750 omnem
822 696 1200 749 dubitationis
1228 698 1571 766 scrupulum
1605 696 1946 765 legentibus
1978 694 2147 748 aufe-

475 799 626 854 ram,
658 800 764 854 per
794 786 1028 855 singula
1062 801 1311 855 qumque
1344 801 1634 854 personas
1666 800 1697 836 a
1728 785 1945 854 quibus
1978 783 2147 836 mihi-

475 871 607 926 hmc
639 875 775 925 sunt
809 873 988 926 relata
1040 874 1418 929 subnectam:
1452 875 1660 927 melius
1692 888 1830 926 esse
1868 878 2145 941 reputans

478 974 551 1014 ex
580 962 698 1014 toto
740 961 941 1030 silere,
987 977 1159 1031 quam
1190 962 1408 1033 aliquid
1453 961 1663 1016 falsum
1724 961 2145 1015 mendosumve

472 1063 715 1102 narrare
725 1091 735 1103 .

556 1136 924 1207 Theophilus.
957 1137 1103 1192 Cum
1125 1140 1425 1209 Scriptura
1449 1141 1602 1194 dicat
1636 1157 1647 1195 :
1687 1139 1765 1194 Os
1796 1139 1945 1211 quod
1974 1154 2142 1193 men-

485 1224 631 1279 titur
683 1226 898 1280 occidit
947 1230 1199 1282 animam
1242 1229 1403 1300 (Sap.
1459 1247 1495 1295 ῐ,
1550 1230 1657 1298 11),
1710 1244 1892 1299 quare
1935 1229 2144 1283 beatus

480 1312 720 1382 Paulus,
743 1331 855 1369 una
880 1332 1009 1370 cum
1030 1317 1149 1371 Sila
1173 1320 1430 1371 carceris
1449 1319 1734 1372 custodiae
1754 1319 2141 1387 mancipatus,

477 1401 808 1456 Romanum
826 1419 891 1458 se
911 1420 1048 1460 esse
1068 1408 1342 1475 asseruit,
1365 1424 1495 1460 cum
1520 1424 1635 1461 non
1664 1409 2010 1476 Romanum,
2038 1405 2145 1460 sed

472 1490 746 1545 Judaeum
780 1492 968 1547 fuisse
999 1495 1130 1548 lucc
1162 1496 1381 1549 clarius
1415 1498 1693 1550 constet?

547 1579 938 1636 Desiderius:
976 1582 1146 1637 Absit
1169 1584 1281 1637 hoc
1300 1603 1330 1636 a
1350 1584 1608 1638 fidelium
1632 1584 1933 1653 cordibus,
1963 1585 2025 1638 ut
2044 1598 2145 1637 ve-

474 1667 665 1723 ritatis
696 1670 1068 1739 praedicator,
1102 1673 1425 1743 doctorque
1459 1675 1739 1744 gentium,
1775 1673 2142 1727 mendacium

475 1754 539 1810 in
551 1758 747 1828 aliquo
761 1760 1090 1814 incurrisse
1105 1762 1377 1815 credatur
1394 1760 1404 1814 !
1424 1762 1812 1815 Beatissimus
1828 1763 1980 1816 cnim
1992 1762 2143 1815 Pau-

476 1844 574 1901 lus
606 1850 663 1901 et
696 1849 999 1903 Romanus
1022 1854 1163 1919 erat,
1201 1854 1257 1903 et
1281 1852 1581 1905 Romanus
1604 1867 1719 1905 non
1743 1855 1897 1916 erat;
1935 1852 2144 1905 Roma-

2257 607 2611 674 sanctitatis,
2665 610 3017 677 quantaeque
3068 606 3373 677 religionis
3407 622 3471 659 ac
3509 608 3675 661 meriti
3711 611 3828 678 apud

2258 695 2713 764 omnipotentem
2762 695 2948 748 Deum
2996 695 3107 748 iste
3138 696 3229 747 vir
3272 695 3503 763 exstitit,
3552 695 3634 748 cui
3681 696 3831 751 adhuc

2255 784 2515 852 pondere
2529 787 2772 854 gravato
2792 784 3063 852 corporis
3082 799 3431 837 concessum
3447 786 3532 837 est
3545 784 3834 839 elementum

2258 888 2440 942 super
2468 872 2756 942 liquidum
2791 888 2861 925 ac
2894 873 2946 925 si
2998 888 3179 941 super
3207 872 3424 925 aridam
3461 872 3751 936 ambulare;
3788 878 3836 927 ut

2253 961 2529 1014 videlicet
2549 961 2950 1031 apostolorum
2981 961 3232 1031 principi
3264 960 3468 1015 similis
3499 961 3600 1015 hoc
3632 963 3682 1014 in
3714 961 3831 1015 facto

2256 1050 2559 1118 habeatur,
2619 1065 2751 1103 cum
2804 1049 3063 1119 desuper
3107 1049 3317 1119 undas,
3345 1048 3575 1121 jubente
3617 1049 3831 1119 Domino,

2256 1138 2417 1191 sicco
2449 1138 2705 1208 vestigio
2734 1137 3135 1208 gradiebatur.

2337 1226 2708 1297 Tthphilus.
2750 1227 3167 1280 Animadverto
3200 1226 3399 1296 utique
3430 1229 3483 1279 et
3523 1225 3838 1279 vehementer

2254 1316 2533 1385 admiror,
2554 1331 2687 1369 cum
2709 1316 2770 1369 in
2786 1315 3386 1385 nostristemporibus
3410 1314 3487 1384 (in
3509 1313 3836 1384 quibusjuxta

2257 1404 2565 1473 Prophetas
2604 1404 2943 1458 vaticinium
2986 1420 2997 1458 :
3034 1402 3273 1458 Deiecit
3308 1408 3559 1469 sanctus,
3593 1402 3837 1455 diminutas

2255 1499 2392 1546 sunt
2410 1493 2701 1546 veritates
2713 1508 2743 1545 a
2758 1491 2902 1546 filiis
2911 1492 3205 1546 hominum
3222 1510 3235 1556 ;
3252 1507 3364 1546 non
3380 1496 3467 1546 est
3479 1490 3568 1561 qui
3586 1488 3740 1543 faciat
3760 1488 3839 1543 bo-

2257 1597 2411 1650 num,
2444 1596 2555 1635 non
2598 1587 2689 1635 est
2722 1581 2989 1653 usquead
3004 1580 3375 1653 unum[Psal.
3390 1578 3510 1651 xm]
3537 1578 3839 1647 omnipotens

2256 1674 2418 1729 Deus
2444 1674 2581 1729 talia
2611 1675 2889 1747 dignatus
2920 1679 3012 1730 est
3042 1676 3294 1745 operari.

2330 1764 2705 1819 Desiderius.
2734 1763 2797 1818 Si
2824 1764 2987 1833 illud,
3022 1763 3375 1818 charissime
3398 1761 3586 1829 frater,
3609 1760 3837 1827 attendas,

2260 1853 2416 1922 quod
2436 1853 2724 1907 Dominus
2742 1852 3052 1922 discipulis
3067 1852 3196 1906 suis
3223 1851 3557 1922 promittere
3574 1851 3658 1904 est
3678 1848 3841 1919 digna-

479 1949 595 1988 nus
629 1952 748 1989 non
769 1941 912 2005 erat,
946 1938 1083 2008 quia
1113 1954 1185 1991 ex
1220 1940 1479 1992 ltomana
1512 1941 1655 1994 urbe
1685 1940 1971 1993 oriundus
2003 1955 2146 1994 non-
2179 1948 2230 2010 Β
2260 1945 2357 1996 tus
2393 1958 2405 1996 :
2437 1941 2598 1995 Ecce
2623 1957 2731 2013 ego
2757 1941 3054 1996 vobiscum
3075 1957 3201 1995 sum
3214 1940 3483 1995 omnibus
3507 1938 3696 1993 diebus
3711 1952 3842 2007 usque

479 2022 670 2078 fuerat
702 2025 797 2094 (2).
836 2026 1137 2080 Romanus
1169 2042 1310 2081 vero
1338 2031 1480 2095 erat,
1505 2029 1641 2098 quia
1674 2030 1866 2083 omnis
1904 2028 2148 2083 Judaica

2262 2032 2339 2085 ad
2368 2030 2921 2085 consummationem
2950 2029 3154 2083 saeculi
3189 2029 3432 2098 (Matth.
3463 2029 3673 2097 xxvm),
3702 2025 3844 2079 laetari

485 2112 683 2183 plebs,
714 2116 779 2167 ut
806 2114 1127 2169 universus
1158 2131 1307 2184 pene
1355 2117 1538 2186 orbis,
1579 2118 1691 2171 sub
1744 2118 1991 2172 Romani
2017 2120 2157 2172 tunc
2258 2118 2456 2191 potius
2487 2134 2662 2190 quam
2683 2118 2884 2172 mirari
2912 2117 3154 2188 poteris.

476 2193 765 2271 temporis
788 2202 1016 2271 imperii
1033 2203 1249 2257 ditione
1268 2205 1540 2274 degebat.
1568 2206 1673 2259 Vel
1691 2206 1863 2260 etiam
1889 2210 2155 2276 propter-

2343 2207 2701 2279 Theophilus
2725 2205 2843 2277 [(6).
2894 2205 2966 2259 Et
3007 2206 3178 2262 lwtor
3207 2205 3467 2276 quidem,
3498 2207 3553 2258 et
3587 2202 3842 2258 vehemen-

480 2304 550 2344 ea
571 2290 707 2361 quia
728 2292 1030 2345 Romanus
1055 2292 1329 2346 excelsus
1351 2294 1785 2363 interpretatur,
1813 2310 2155 2366 congruen-
2255 2301 2347 2351 ter
2390 2296 2655 2366 exsulto;
2687 2295 2813 2365 sed,
2855 2309 3109 2366 prorsus
3136 2309 3371 2365 precor,
3409 2292 3663 2348 inchoata
3687 2304 3841 2361 prose-

477 2378 711 2434 tissime
744 2378 1203 2451 justissimeque
1243 2397 1310 2435 se
1354 2383 1681 2436 Romanum
1723 2383 1909 2451 potuit
1944 2383 2148 2452 appel-

477 2465 621 2537 lare,
657 2468 793 2538 quia
830 2484 896 2523 se
929 2469 1229 2522 excelsum
1272 2485 1410 2523 esse
1441 2469 1775 2525 nullatenus
1814 2472 2146 2542 haesitabat,

482 2556 635 2610 sicut
657 2557 784 2625 ipse
815 2557 982 2611 dicit:
1015 2556 1239 2612 Nostra
1262 2565 1454 2613 autem
1478 2561 1857 2614 conversatio
1889 2561 1950 2614 in
1983 2560 2151 2614 cwlis

482 2650 575 2699 est
605 2644 789 2713 (Phil.
824 2647 925 2715 In).

490 2732 867 2804 Theophilus.
914 2734 1143 2805 Fateor,
1202 2736 1369 2795 valde
1428 2735 1569 2789 mihi
1624 2740 1761 2791 sunt
1804 2741 1969 2807 grata
2015 2753 2147 2808 quae

482 2821 655 2890 dicis,
690 2822 797 2876 sed
820 2838 907 2893 ea,
938 2840 1163 2894 quaeso,
1199 2841 1331 2894 quae
1362 2826 1728 2895 promiseras
1758 2841 1998 2881 narrare
2024 2825 2146 2897 jam

479 2910 694 2981 incipe.

558 3000 934 3055 Desiderius.
972 3002 1093 3056 Res
1126 3002 1295 3055 valde
1344 3005 1436 3057 est
1465 3019 1616 3057 nova
1644 3019 1817 3074 quam
1861 3019 2059 3073 narro,
2092 3006 2149 3058 et

480 3089 782 3143 seniorum
794 3094 1133 3145 nostrorum
1153 3092 1482 3146 assertione
1497 3093 1772 3147 roborata
1791 3093 1861 3147 de
1875 3106 2150 3147 reveren-

480 3178 729 3233 dissimo
759 3179 916 3233 viro:
951 3179 1027 3249 (3)
1058 3180 1433 3249 Appollinare
1462 3181 1672 3235 abbate
1698 3181 1927 3236 scilicet
1958 3180 2148 3235 nostri

480 3266 842 3335 monasterii,
879 3268 992 3335 cui,
1024 3269 1143 3322 Deo
1176 3268 1423 3337 fautore,
1456 3269 1594 3323 licet
1632 3270 1913 3341 indignus
1943 3270 2147 3324 deser-

479 3356 577 3409 vio
605 3371 616 3410 :
652 3355 828 3427 cujus
860 3357 1164 3424 sanctitas,
1188 3358 1545 3427 benignitas,
1579 3358 1847 3429 largitas,
1874 3359 2146 3414 omnibus

480 3459 629 3513 pene
658 3444 719 3497 in
748 3444 857 3497 hac
907 3445 1212 3513 provincia
1246 3447 1745 3500 commorantibus
1781 3448 2148 3502 lucidissime

477 3533 678 3601 patuit.
711 3532 820 3596 Qui
850 3533 986 3586 dum
1014 3534 1265 3603 quadam
1295 3534 1408 3599 die,
1464 3536 1819 3589 necessitate
1867 3539 2145 3606 cogente,

478 3620 699 3688 prmdia
746 3621 1076 3691 requireret
1108 3622 1473 3691 monasterii,
1514 3624 1668 3676 venit
1699 3624 1767 3676 ad
1796 3624 2037 3678 ﬂuvium
2071 3626 2149 3695 (4)

480 3706 697 3777 Lirim;
729 3723 981 3779 cumque
1019 3711 1189 3763 navis
1221 3710 1458 3764 deesset
1490 3728 1601 3782 qua
1635 3714 1875 3766 ﬂuvium
1897 3714 2153 3769 transire

482 3801 707 3866 posset,
742 3796 954 3866 plenus
987 3798 1120 3868 fide,
1143 3798 1452 3869 signaculo
1482 3805 1702 3854 sancta:
1728 3804 1925 3857 crucis
1950 3820 2016 3858 se
2037 3819 2156 3859 mu'

483 3885 677 3953 niens,
695 3886 1036 3940 accessitad
1055 3902 1216 3941 oram
1232 3889 1510 3958 ﬂuminis,
1528 3894 1721 3960 atque,
1739 3896 1799 3945 ut
1818 3896 1959 3961 erat,
1976 3894 2151 3948 indu-

479 3974 577 4027 tus
608 3974 898 4042 vestibus,
934 3975 1228 4030 calceatus
1260 3977 1531 4046 pedibus,
1553 3979 1795 4033 ﬂuvium
1809 3986 1898 4035 cst
1921 3982 2152 4052 ingres-

482 4077 622 4128 sus;
669 4066 726 4117 et
766 4064 845 4116 ita
890 4064 966 4133 (5)
1012 4064 1174 4118 sicco
1234 4066 1488 4138 vestigio
1539 4068 1610 4120 ad
1666 4068 1911 4123 alteram
1968 4072 2153 4140 ripam

479 4153 767 4223 pervenit,
803 4155 865 4206 ut
895 4168 1003 4207 nec
1034 4154 1429 4207 calceamenta
1462 4156 1697 4225 quidem
1728 4158 1918 4226 ipsius
1951 4160 2153 4214 made-

553 4294 633 4365 (2)
652 4295 783 4350 Fuit
812 4296 1184 4351 haereditario
1213 4295 1354 4367 jure
1384 4297 1443 4351 S.
1484 4298 1701 4353 Paulus
1747 4301 1895 4354 civis
1944 4303 2153 4357 Roma-

481 4382 626 4440 nus;
663 4371 719 4421 et
740 4368 851 4421 hoc
882 4368 1055 4440 modo
1088 4372 1282 4436 natus,
1304 4384 1420 4421 non
1444 4370 1580 4439 quia
1602 4371 1660 4422 in
1683 4372 1812 4439 ipsa
1838 4372 2018 4440 Urbe,
2046 4374 2152 4427 sed

479 4438 617 4508 quia
646 4442 824 4512 patre
852 4439 980 4492 cive
1030 4440 1327 4512 Romano;
1365 4438 1538 4493 natus
1584 4438 1735 4494 enim
1790 4447 1913 4496 erat
1956 4438 2149 4512 Tarsi,

482 4507 616 4583 qua:
660 4507 882 4583 Ciliciae
924 4510 1268 4579 metrOpolis
1313 4515 1453 4583 erat,
1500 4514 1556 4564 et
1591 4511 1697 4581 jus
1732 4515 2079 4583 municipale
2119 4507 2151 4568 a

484 4579 769 4633 Romanis
802 4578 993 4633 fuerat
1023 4578 1360 4643 consecuta,
1395 4582 1472 4633 ita
1495 4585 1556 4634 ut
1596 4578 1927 4638 Tarsenses
1946 4578 2151 4640 cense-

483 4650 882 4726 renturAcives
919 4652 1185 4726 Romani,
1222 4654 1283 4726 et_
1308 4651 1524 4726 civium
1545 4654 1939 4726 Romanorum
1968 4657 2149 4726 privi-

479 4720 657 4844 lgeggiis
685 4719 1045 4845 fruegiéentur.
1081 4723 1226 4777 Vide
1260 4721 1459 4776 Lorin.
1510 4723 1570 4776 in
1602 4725 1745 4777 Acta
1775 4719 1995 4794 apostf,
2019 4744 2143 4796 cap.

559 4832 573 4845 .
609 4807 767 4845 vers.
877 4833 888 4845 .

609 4807 767 4845 VBPS.
801 4807 888 4845 ’Ζδο

2255 2400 2459 2457 quere.

2325 2472 2701 2528 Desiderius.
2735 2471 2819 2527 Eo
2846 2487 3081 2542 quoque
3108 2473 3376 2543 tempore
3397 2485 3510 2542 quo
3526 2485 3663 2542 gens
3675 2467 3844 2538 Agere-

2251 2579 2479 2630 norum,
2524 2562 2766 2616 devecta
2818 2561 3034 2628 classe,
3073 2560 3188 2615 late
3248 2560 3627 2615 devastavere
3656 2556 3843 2617 Italiam,

2254 2650 2509 2723 qualiter
2540 2650 2911 2720 omnipotens
2944 2648 3103 2703 Deus
3128 2648 3241 2702 hoc
3271 2648 3350 2702 de
3382 2647 3638 2701 manibus
3667 2643 3844 2697 illorum

2251 2740 2593 2795 liberaverit
2618 2738 3065 2807 monasterium,
3091 2752 3209 2791 non
3230 2737 3378 2791 duxi
3413 2736 3641 2808 dignum
3669 2729 3844 2785 silentio

2252 2829 2578 2900 praeterire.
2607 2828 2751 2881 Cum
2770 2827 2949 2897 igitur
2977 2826 3172 2880 omnia
3190 2825 3573 2879 circumcirca
3597 2823 3734 2893 igne,
3757 2818 3844 2872 fer-

2252 2933 2436 2988 roque
2452 2916 2988 2985 consumpsissent,
3012 2914 3303 2969 ecclesias
3323 2914 3492 2968 etiam
3508 2910 3849 2965 sanctissimo-

2251 3022 2381 3060 rum
2411 3005 2570 3060 Petri
2599 3008 2655 3059 et
2684 3004 2851 3057 Pauli
2890 3004 3175 3057 adeuntes
3208 3001 3529 3073 deprmdati
3571 3001 3708 3053 sunt.
3738 2994 3845 3049 Dein

2253 3096 2459 3164 Appiae
2490 3098 2800 3164 carpentes
2834 3093 2965 3161 iter,
3004 3092 3350 3146 Fundanam
3381 3088 3646 3162 aggressi
3667 3086 3844 3149 urbem,

2253 3183 2393 3255 igne
2416 3198 2543 3237 eam
2567 3185 2942 3250 cremarunt.,
2975 3181 3289 3251 cunctique
3308 3182 3371 3233 in
3392 3195 3460 3234 ea
3486 3175 3847 3232 commorantes

2254 3272 2327 3326 ab
2359 3271 2447 3326 eis
2479 3271 2573 3325 vel
2607 3270 2792 3324 occisi
2822 3270 2912 3323 vel
2946 3269 3097 3339 capti
3130 3272 3287 3322 sunt.
3323 3268 3575 3337 Indeque
3620 3258 3844 3333 digressi,

2257 3362 2316 3413 in
2371 3359 2588 3413 vicinia
2634 3358 2819 3413 nostri
2860 3357 3205 3412 monasterii
3243 3360 3411 3411 trans
3459 3354 3631 3410 Lirim
3660 3349 3849 3405 ﬂuvium

2256 3448 2638 3518 applicantes,
2673 3448 2808 3517 quia
2832 3462 2947 3501 nox
2968 3446 3093 3516 jam
3117 3445 3462 3499 imminebat
3490 3443 3675 3510 terris,
3703 3440 3849 3492 castra

2254 3540 2668 3607 posuerunt,ut
2680 3535 2833 3589 facto
2846 3550 3014 3589 mane
3028 3549 3198 3589 omne
3211 3534 3631 3589 monasterium
3644 3525 3847 3583 funditus

2258 3626 2576 3692 diruerent,
2602 3624 2697 3678 vel
2715 3623 2999 3694 quidquid
3020 3623 3101 3677 ibi
3119 3624 3387 3677 invenire
3410 3622 3663 3693 possent,
3683 3618 3733 3671 in
3744 3626 3849 3684 prae-

2260 3714 2392 3768 dam
2422 3713 2816 3768 abducerent:
2852 3714 2908 3765 et
2937 3714 2999 3765 ut
3027 3714 3165 3765 sunt
3193 3711 3375 3765 nimis
3390 3712 3649 3766 sitientes
3665 3699 3851 3771 sangui-

2259 3819 2413 3871 nem,
2447 3817 2654 3856 omnes
2689 3816 2842 3871 quos
2873 3799 2995 3854 illic
3029 3800 3403 3869 reperissent
3445 3798 3668 3865 fratres,
3705 3788 3851 3864 gladio

2251 3892 2616 3962 jugularent.
2650 3888 2913 3959 Cumque
2948 3888 3061 3942 hoc
3092 3891 3209 3941 tam
3239 3887 3621 3953 horrendum,
3653 3888 3749 3936 tam
3774 3878 3852 3929 im-

2259 3994 2449 4048 mane,
2483 3981 2717 4048 tamque
2750 3975 3180 4032 formidandum
3208 3969 3851 4045 periculumessetinmo-

2258 4069 2520 4122 nasterio
2573 4067 2919 4133 nuntiatum,
2969 4080 3176 4119 omnes
3207 4063 3425 4119 fratres
3468 4062 3639 4117 nimio
3686 4065 3850 4128 pavore

2258 4157 2540 4228 perculsi,
2560 4159 2735 4210 terrae
2767 4155 3127 4209 consternati
3159 4156 3316 4222 sunt,
3354 4153 3607 4207 divinam
3628 4146 3851 4218 majesta-
3934 4210 3935 4229 ξ

2256 4298 2464 4370 praed.,
2500 4312 2764 4370 expanso
2796 4311 2979 4366 super
3007 4297 3199 4351 undas
3232 4295 3408 4370 pallio
3458 4296 3614 4370 sic_c_o
3653 4282 3855 4370 vestigii}

2257 4355 2597 4436 ambulavit,
2632 4355 2952 4438 sociosque
2966 4383 3169 4423 secum
3182 4355 3525 4421 traducens.
3541 4359 3807 4438 Nazarium
3819 4355 3857 4406 et

2256 4441 2495 4495 Celsum
2509 4433 2892 4508 superundas
2922 4440 3095 4493 etiam
3126 4438 3491 4502 ambulasse,
3526 4449 3649 4488 cum
3670 4433 3719 4508 ip
3738 4438 3855 4508 ρεξτε
3932 4446 3933 4508 γ

2257 4510 2509 4584 projecti
2527 4496 2748 4584 essent,
2777 4510 2955 4564 refert
2978 4510 3282 4584 merumst
3297 4508 3404 4561 lib.
3422 4496 3518 4584 μὶ,
3547 4519 3662 4584 cap.

2256 4569 2413 4636 riosa
2447 4569 2763 4647 Charitine,
2799 4597 2952 4635 anno
2973 4580 3096 4644 308,
3134 4569 3325 4648 lapide
3348 4569 3513 4631 collo
3531 4569 3655 4648 ejus
3671 4569 3855 4638 alligato

2257 4654 2528 4706 demersa
2551 4652 2609 4704 in
2632 4646 2986 4721 profundum
3007 4646 3210 4718 maris,
3242 4653 3299 4703 et
3319 4664 3431 4721 per
3447 4661 3623 4721 aquas
3634 4646 3853 4721 tanqua‘l‘n

2256 4739 2362 4793 per
2415 4708 2649 4776 terram.
2687 4722 2937 4777 solidam
2983 4708 3265 4776 incedens
3298 4708 3374 4773 ad
3425 4708 3579 4793 littus
3608 4708 3856 4793 pervenit:

2257 4777 2390 4847 Sur.
2438 4794 2471 4846 5
2513 4793 2805 4847 Octobris.
2846 4794 3127 4858 Quirinus
3186 4798 3430 4860 martyr.
3475 4777 3855 4860 Prud-eglioret

552 4832 634 4931 (3)
934 4863 1294 4933 Apollinaris
1324 4864 1510 4917 abbas
1533 4862 1806 4920 Casinen.
1826 4907 1839 4933 ,
1865 4883 2017 4922 anno
2041 4868 2148 4922 Do-
2171 4850 2226 4912 D
2258 4832 3451 4929 Eﬁ'sbiio‘i‘ﬁ'ﬁiié‘éh.‘EHéEJi-ibdéfllﬁhb
3476 4832 3853 4933 Bli,_alllgél‘95
3930 4888 3931 4905 ι

479 4932 624 4987 mini
652 4932 777 5002 817,
811 4939 868 4989 et
894 4935 955 4988 in
987 4932 1283 5004 Martyrol.
1315 4934 1693 4989 Benedictino
1726 4932 1891 4992 titulo
1924 4939 2145 4992 sancti-

479 5005 618 5057 tatis
665 5005 977 5080 decoratur
1014 5006 1127 5080 sub
1176 5007 1269 5080 die
1304 5005 1514 5080 _v_Kal.
1560 5006 1925 5080 Decembris,
1973 5010 2147 5080 cujus

481 5080 653 5144 gesta
674 5075 1005 5131 luculenter
1022 5077 1342 5147 descripsit
1358 5076 1569 5130 Petrus
1594 5076 1753 5132 Diae.
1773 5120 1786 5145 ,
1810 5075 2149 5135 lihLmste

483 5148 615 5217 grtu
646 5149 701 5199 et
729 5147 846 5200 vita
897 5149 1203 5202 Justorum
1234 5148 1463 5217 Casin.,
1508 5163 1633 5216 cap.
1668 5150 1756 5203 26.
1801 5150 1945 5206 Vide
1976 5152 2149 5207 etiam

483 5213 744 5288 Leonem
773 5218 897 5272 Ost.
932 5220 991 5271 in
1019 5218 1237 5274 Chron.
1259 5262 1272 5288 ,
1308 5220 1343 5273 l.
1380 5235 1418 5287 ι,
1451 5213 1596 5287 δερ]
1618 5219 1703 5274 18.

556 5286 659 5362 (4)·
693 5287 868 5357 Liris,
910 5290 1009 5359 qui
1050 5286 1499 5362 etrCar‘iﬁanus,
1530 5286 1760 5345 ﬂuvius
1818 5293 2150 5362 Campaniae

480 5356 1001 5437 prmoipuus,eam
1034 5376 1066 5412 a
1117 5361 1280 5415 Latio
1320 5361 1721 5431 distinguens,
1747 5363 1922 5434 cujus
1957 5356 2149 5418 fontes

482 5442 541 5481 1n
582 5427 887 5502 Apennino
938 5436 1131 5485 monte
1179 5448 1358 5502 supra
1395 5433 1602 5485 Soram
1644 5435 1936 5488 civitatem
1986 5450 2149 5488 mon-

485 5500 766 5552 strantur.

554 5566 631 5638 (5)
660 5568 757 5623 Sic
789 5569 961 5645 etiam
1002 5586 1182 5641 super
1215 5590 1399 5644 aquas
1434 5574 1710 5642 ﬂuminis,
1746 5575 1899 5645 quod
1936 5576 2041 5629 Yla
2059 5575 2149 5628 di-

484 5639 661 5718 citur,
688 5640 1040 5718 gradiuntur
1070 5639 1320 5718 praecisa
1351 5647 1539 5718 capita
1571 5639 1875 5718 gestantes
1905 5649 2149 5701 sanctus

484 5661 653 5707 cuur,
688 5661 1040 5713 graulunuu‘
1070 5661 1320 5711 pres-nisa
1351 5661 1539 5768 capita
1571 5661 1875 5718 gesmntes
1905 5661 2145 5701 sanctus

482 5710 837 5775 Frontosius
883 5716 940 5769 et
977 5715 1126 5770 socii
1171 5720 1338 5772 mart.
1371 5717 1419 5770 L
1491 5716 1551 5772 S.
1599 5718 1987 5790 Hyacinthus,
2018 5718 2145 5773 ord.

2258 4916 2345 4989 ειςῑ
2363 4916 2603 5002 signa,
2626 4916 3055 5005 agreement
3086 4916 3149 4987 in
3179 4916 3398 5005 ﬂumen
3422 4916 3690 5005 enatavit;
3711 4916 3855 5005 étph:

2259 5006 2389 5060 cide
2429 5000 2610 5075 super
2640 5021 2824 5076 aquas
2855 5000 3194 5069 ambulavit,
3239 5000 3852 5076 sustinentibussagi?"n
3928 5066 3929 5069 η

2258 5060 2712 5146 ἷθνθῑιιὶὶίυείιιιὲ
2730 5076 2925 5131 undis.
2941 5076 3063 5131 Sub
3077 5060 3329 5147 pedibus
3346 5066 3708 5147 Bes_sarionis
3719 5060 3854 5147 ablig-

2256 5124 2339 5202 tis
2349 5124 3557 5211 gat};grauatam;itii/{Crat};ab.
3571 5156 3644 5207 νι,
3659 5131 3790 5211 libet.
3814 5124 3852 5208 t,

2256 5164 2379 5202 usa
2428 5164 2499 5201 ua
2513 5164 2761 5202 souaata
2782 5164 2837 5201 ie
2884 5164 3019 5201 itur.
3037 5164 3095 5200 in
3121 5164 3227 5200 Vit.
3255 5164 3433 5211 ram,
3458 5164 3557 5196 ιω.
3575 5164 3644 5207 νι,
3662 5164 3790 5218 {MICI-
3816 5164 3852 5208 3,

2256 5164 2479 5297 ιλτὲλζι
2585 5164 3091 5297 ᾳῃοᾳυθὲᾗιεὶιηεε,
3118 5218 3247 5297 sive
3269 5214 3598 5297 Christiana
3628 5212 3853 5297 vu'gng:
3926 5292 3927 5297 γ

2257 5290 2489 5344 Etruria
2518 5274 2669 5361 fugit
2702 5274 2806 5359 per
2823 5274 3275 5343 ﬂuviu‘in‘siccis
3296 5286 3549 5355 pedibus
3584 5294 3650 5334 ne
3677 5274 3850 5331 nubere

2256 5364 2520 5415 coaetur.

2326 5377 2605 5500 (ﬁngam
2637 5431 2802 5484 Dom.
2827 5430 2951 5484 846.
2976 5429 3237 5501 Agareni
3254 5444 3363 5483 seu
3383 5421 3669 5501 saraceni,
3700 5411 3849 5501 utpote

2254 5489 2407 5574 gens
2443 5502 2979 5573 populosa,magna
3010 5489 3188 5574 Italia;
3209 5501 3418 5574 damna
3438 5489 3753 5574 intulerunt,
3762 5496 3846 5574 cur
3924 5520 3925 5574 ἦ

2256 5557 2481 5643 aesque
2514 5557 2637 5627 fere
2676 5557 2971 5626 Romanas
2989 5572 3330 5645 provincias
3360 5564 3642 5645 incendiis
3660 5557 3846 5645 61Δάἱῇ-

2253 5618 2910 5714 βᾶὖῗιῖιξυξὶῖεείᾶι-ὶὶηι,
2942 5618 3096 5697 ’ὄιέιῖ
3147 5645 3208 5701 in
3249 5641 3467 5697 Chron.
3516 5637 3611 5694 lib.
3641 5649 3677 5701 ι,
3707 5643 3749 5681 c.
3782 5618 3845 5677 26-

2255 5717 2470 5772 Baron.
2503 5716 2617 5772 hoc
2644 5716 2854 5771 eodem
2883 5730 3059 5776 anno.
