3988 6176
1496 292 1951 363 DIALOGI.—-
1986 292 2132 363 LIB.
2176 295 2224 361 Ῑ.
3471 303 3595 369 9ηο

231 522 319 570 tem
343 507 524 564 obnixe
573 503 900 572 precantes,
949 504 1008 554 ut
1037 502 1274 555 illorum
1308 502 1535 555 animas
1567 502 1824 572 benigne
1854 488 1910 548 Α
1942 503 2112 555 etiam
2128 502 2695 558 PetriaePaulimec
2713 519 2829 559 non
2863 504 3166 560 Benedicti
3188 522 3254 562 se
3273 507 3613 578 exspolias-

228 602 442 669 recipere
476 593 819 663 dignaretur,
859 606 1105 660 quarum
1138 606 1383 660 corpora
1426 595 1539 644 iam
1588 590 1822 658 subitae,
1939 606 2004 643 se
2057 591 2286 661 gloriati
2333 597 2489 646 sunt.
2547 592 2617 645 Et
2647 609 2776 662 vos,
2828 593 3117 665 inquiunt,
3169 596 3267 665 qui
3300 597 3468 667 estis,
3511 608 3615 669 qui

227 679 665 743 tamformidandaa
685 679 879 744 morti,
900 679 1160 747 peccatis
1185 679 1826 748 exigentibus,tradere
1936 682 2051 731 tam
2081 680 2353 748 sollicite,
2387 684 2504 733 tam
2527 681 2860 752 diligenter,
2884 684 3120 752 tamque
3134 684 3373 738 curiose
3399 700 3511 739 nos
3527 685 3613 739 in-

228 773 575 831 decrevisset:
612 783 726 821 non
774 767 927 820 enim
971 767 1223 837 amplius
1256 768 1314 820 in
1366 768 1478 821 hoc
1509 767 1726 820 mundo
1762 780 1830 820 se
1934 770 2237 838 terrogare
2253 768 2539 823 nitimini‘?
2560 770 2704 838 Nos,
2728 770 3612 843 inquiun',unusgl’etrus,alter

227 866 439 917 victuros
483 856 809 922 credebant,
859 855 955 925 qui
990 858 1106 908 tam
1145 856 1415 924 proxime
1460 856 1666 910 mortis
1700 856 1829 925 gla-
1935 856 2291 907 Bencrlintns
2334 872 2635 926 voramur,
2670 874 2921 928 quorum
2946 860 3153 914 domos
3183 876 3293 914 vos
3314 860 3616 916 invasisse

225 954 351 1007 dium
401 947 504 1001 sibi
547 945 867 998 imminere.
902 944 1240 997 cernebant.
1310 944 1497 1015 Igitur
1545 959 1677 997 cum
1726 959 1834 1013 per
1928 943 2520 1014 jiieiatis,seitciijus
2547 947 3072 1017 virtutis,eujusve
3095 949 3373 1019 potentia
3399 948 3613 1020 simus,

224 1044 362 1095 totam
391 1037 602 1090 noctem
627 1033 859 1102 aspersi
891 1032 1078 1102 capita
1110 1032 1327 1100 cinere,
1360 1032 1586 1102 vigiliis
1619 1036 1674 1085 et
1696 1047 1831 1084 ora-
1937 1048 2111 1103 quam
2136 1035 2423 1088 citissime
2448 1036 2852 1104 experiemini.
2891 1036 2961 1090 Et
2995 1037 3090 1090 his
3124 1037 3301 1092 dictis
3324 1037 3397 1092 ab
3423 1038 3618 1093 oculis

224 1120 1394 1182 tionibusessentintentireverentissimus
1420 1120 1829 1189 virAppollina
1939 1136 2141 1174 eorum
2182 1122 2361 1175 ablati
2411 1127 2571 1177 sunt.
2606 1124 2742 1177 Mox
2772 1124 2952 1195 igitur
2980 1125 3241 1196 undique
3273 1126 3618 1180 furentibus

222 1217 287 1270 ris
302 1214 484 1278 abbas,
509 1210 680 1280 cujus
694 1210 973 1279 superius
996 1210 1347 1263 mentionem
1371 1209 1483 1261 feci
1503 1208 1600 1277 (Ἴ),
1626 1210 1833 1261 Bassa-
1938 1210 2152 1277 ventis,
2170 1211 2638 1265 tumescentibus
2662 1212 2962 1281 ﬂuctibus,
2983 1216 3143 1267 tanta
3168 1214 3365 1269 subito
3384 1217 3613 1284 tempe-

221 1305 332 1357 tium
348 1301 616 1364 abbatem,
640 1297 986 1368 religiosum
1020 1297 1247 1349 scilicet
1278 1296 1494 1364 virum,
1518 1311 1623 1365 per
1645 1295 1832 1348 visio-
1941 1301 2066 1352 stas
2099 1304 2304 1352 exorta
2330 1303 2420 1353 est
2453 1304 2514 1352 ut
2544 1316 2727 1354 naves
2758 1316 2966 1355 omnes
2995 1303 3090 1355 vel
3123 1303 3351 1357 collisae
3372 1302 3527 1358 inter
3547 1317 3617 1357 se

1940 1388 2032 1439 vel
2068 1387 2338 1455 impulsae
2372 1390 2636 1458 scapulis
2657 1389 2974 1443 confraetze
2997 1390 3134 1444 sint.
3165 1391 3246 1444 Ita
3274 1393 3337 1445 ut
3362 1407 3435 1445 ex
3456 1391 3620 1446 omni

1942 1476 2038 1529 illa
2057 1491 2419 1547 paganorum
2444 1478 2612 1547 cepia
2636 1478 2732 1531 vix
2750 1478 2916 1546 pauci
2938 1478 3347 1549 superfuerint
3363 1479 3464 1550 qui
3484 1479 3618 1535 suis

1944 1563 2092 1629 haec,
2140 1580 2172 1617 a
2204 1564 2421 1634 quibus
2454 1566 2627 1619 missi
2657 1566 2908 1636 fuerant,
2943 1567 3175 1622 civibus
3206 1568 3476 1623 nuntiare
3504 1584 3617 1639 po-

217 1659 513 1725 protegente
567 1653 812 1706 dextera
870 1650 1043 1704 vobis
1096 1650 1317 1704 inferre
1358 1653 1666 1719 poterunt;
1728 1649 1834 1703 sed
1947 1653 2222 1706 tuissent.
2258 1652 2328 1707 Et
2367 1653 2601 1724 quidem
2648 1655 2918 1723 permisit
2948 1656 3321 1728 omnipptens
3353 1657 3514 1711 Deus
3545 1656 3621 1711 ad

217 1743 520 1812 quantocius
548 1744 920 1795 revertentes
956 1755 1102 1793 suos
1133 1740 1295 1793 adire
1329 1738 1631 1793 tentabunt
1662 1738 1833 1807 fines;
1950 1745 2182 1811 tempus
2210 1757 2353 1796 suas
2383 1743 2454 1796 ab
2475 1743 2563 1797 eis
2588 1743 2877 1797 ecclesias
2902 1744 3217 1815 devastari,
3244 1744 3352 1799 sed
3380 1760 3497 1800 non
3527 1746 3623 1800 est

218 1848 304 1885 vos
329 1834 501 1885 autem
529 1831 810 1899 deinceps
834 1830 1031 1883 securi
1056 1844 1125 1881 ac
1158 1828 1835 1897 illmsimanebitis,quia
1870 1836 1919 1896 Β
1950 1846 2174 1900 passus
2207 1846 2313 1885 eos
2346 1847 2529 1901 super
2566 1834 2724 1885 tanto
2754 1832 3021 1886 facinore
3062 1832 3281 1887 diutius
3314 1832 3619 1905 gratulari.

218 1920 588 1973 sanctissimus
620 1920 796 1972 Pater
818 1918 1174 1971 Benedictus
1196 1920 1452 1971 vestram
1476 1917 1548 1969 ab
1581 1916 1840 1985 omnipo-
1954 1919 2081 1973 Hoc
2114 1919 2170 1972 in
2203 1918 2356 1974 facto
2378 1919 2521 1973 illud
2545 1920 2687 1973 mihi
2706 1920 2942 1974 videtur
2967 1936 3105 1975 esse
3128 1920 3627 1992 impletum,quod

216 2012 342 2062 tente
370 2008 605 2062 Domino
639 2007 889 2061 salutem
923 2005 1210 2070 obtinuit;
1244 2006 1369 2075 ipse
1402 2005 1555 2058 enim
1580 2005 1738 2058 venit
1767 2005 1838 2057 ad
1951 2008 2160 2063 beatus
2193 2009 2258 2061 P.
2296 2009 2649 2063 Benedictus
2678 2010 2805 2064 suis
2839 2010 2973 2063 olim
3001 2009 3314 2079 discipulis
3336 2004 3642 2080 promise?

214 2097 570 2166 adiuvandum
602 2112 736 2164 vos,
762 2110 991 2164 nosque
1013 2108 1224 2148 omnes
1256 2109 1386 2148 eum
1414 2109 1483 2147 eo
1502 2094 1698 2147 simul.
1735 2093 1846 2165 lgi-
1952 2100 2060 2167 rat,
2096 2098 2302 2151 dicens
2338 2114 2349 2152 ε
2382 2099 2748 2152 Ριτωεθηιὶοῐ·
2783 2099 2978 2165 vobis,
3028 2099 3225 2153 dilecti
3266 2098 3389 2169 filii,
3426 2099 3627 2154 carnis

217 2188 297 2238 tur‘
314 2185 655 2238 venerabilis
700 2185 791 2236 vir
821 2183 1133 2236 Bassatius
1167 2183 1352 2236 abbas
1386 2181 1845 2253 expergefactus
1954 2186 2223 2256 deposito
2257 2202 2456 2255 onere,
2493 2188 2830 2257 vestrisque
2864 2202 2971 2256 per
3001 2187 3103 2241 Dei
3134 2188 3382 2258 gratiam
3414 2202 3628 2258 coope-

215 2289 409 2341 somno,
452 2273 795 2327 convocatis
834 2273 895 2325 in
929 2288 1105 2325 unum
1150 2271 1453 2336 fratribus,
1488 2271 1685 2325 retulit
1714 2286 1846 2340 quin
1954 2277 2117 2328 rator
2153 2275 2404 2328 existam
2433 2275 2694 2329 assidus.
2745 2275 2891 2329 Illud
2942 2276 3115 2329 etiam
3146 2275 3303 2345 quod
3349 2275 3417 2329 B.
3449 2276 3627 2331 Petro

216 2361 448 2425 vidisset,
494 2376 749 2432 quaeque
794 2361 910 2413 sibi
942 2361 1198 2414 revelata
1232 2360 1526 2429 fuissent;
1563 2362 1617 2413 et
1663 2362 1723 2413 ut
1755 2360 1847 2412 in-
1957 2364 2239 2417 Dominus
2260 2363 2468 2429 intulit,
2498 2363 2740 2418 dicens:
2776 2364 2855 2417 'I'u
2873 2363 3260 2432 esPetrus,et
3277 2378 3460 2435 super
3478 2363 3630 2418 hanc

213 2455 405 2504 stanter
431 2452 886 2520 omnipotentem
920 2450 1233 2503 Dominum
1264 2449 1723 2518 deprecarentur
1751 2448 1845 2501 ad-
1950 2459 2186 2524 petram
2218 2451 2525 2507 mdiﬁcabo
2555 2451 2889 2507 Ecclesium
2920 2468 3105 2507 meam
3137 2457 3195 2507 et
3212 2458 3408 2524 portae
3436 2451 3633 2507 inferi

223 1407 326 1444 nem
355 1388 623 1442 allocutus
657 1389 767 1454 est,
800 1386 1005 1438 dicens
1043 1400 1054 1438 :
1092 1385 1283 1439 Nolite
1321 1385 1543 1453 timere,
1582 1399 1653 1437 ne
1692 1399 1832 1437 moe-

220 1484 344 1533 stum
372 1478 576 1547 geratis
620 1475 919 1542 animum;
970 1490 1086 1528 non
1127 1474 1283 1528 enim
1326 1474 1383 1526 in
1424 1473 1536 1526 hoc
1568 1475 1832 1541 tempore

221 1568 275 1621 ab
314 1566 584 1637 Agarenis
627 1563 957 1633 capiemini,
1005 1578 1113 1617 nec
1161 1562 1378 1632 aliquid
1410 1562 1603 1615 damni
1637 1561 1834 1614 divina

214 2539 420 2594 monuit.
454 2541 524 2593 At
554 2540 639 2592 illi
671 2539 814 2593 certi
847 2538 918 2591 de
945 2538 1143 2591 divina
1173 2537 1585 2591 misericordia
1616 2537 1848 2590 alacres

212 2626 391 2695 effecti,
422 2628 734 2683 laudantes
764 2643 833 2681 ac
869 2626 1289 2681 benedicentes
1322 2627 1651 2694 Dominum,
1689 2626 1847 2696 quod

212 2717 468 2787 reliquum
490 2720 620 2772 erat
642 2716 853 2785 noctis,
879 2714 1167 2785 precibus
1217 2715 1702 2785 orationibusque
1722 2730 1854 2769 con-

211 2810 488 2860 summant.
522 2806 713 2860 Tanta
744 2820 884 2859 vero
917 2808 1041 2858 erat
1072 2804 1367 2858 serenitas
1399 2803 1575 2871 aeris,
1600 2806 1663 2857 ut
1693 2804 1851 2858 nulla

211 2893 258 2947 in
293 2910 353 2949 eo
380 2895 469 2949 vel
518 2896 724 2949 tenuis
756 2894 993 2965 quidem
1040 2892 1333 2947 nubecula
1364 2892 1683 2960 videretur,
1719 2908 1852 2946 cum

210 2982 376 3037 subito
408 2985 627 3039 crelum
674 2983 958 3037 densatur
1005 2981 1285 3049 nubibus,
1320 2982 1576 3035 tonitrua
1609 2996 1852 3034 concre-

210 3077 341 3141 pant,
364 3073 816 3128 coruscationes
849 3088 916 3125 ac
947 3071 1185 3142 fulgura
1217 3070 1427 3124 crebra
1460 3070 1692 3137 micant,
1730 3073 1854 3123 tan-

211 3162 394 3232 tusque
438 3164 639 3219 imber
685 3160 912 3216 effusus
957 3164 1048 3215 est
1078 3161 1278 3228 terris,
1325 3162 1388 3213 ut
1417 3158 1574 3212 Liris
1610 3159 1849 3227 fluvius,

1961 2558 2071 2595 non
2084 2540 2499 2613 praevalebunt
2518 2542 2812 2596 adversus
2832 2556 2956 2596 eam
2976 2542 3363 2611 (.ilaltli.xv1).
3384 2540 3519 2596 Non
3542 2541 3631 2595 in-

1960 2631 2102 2701 quit,
2138 2647 2252 2684 non
2300 2630 2607 2699 valebunt)
2648 2631 2775 2698 sed,
2811 2646 2928 2685 non
2956 2629 3365 2700 praevalabunt
3397 2644 3410 2685 :
3442 2630 3630 2700 porta

1959 2721 2113 2775 enim
2146 2706 2315 2773 inferi
2341 2720 2555 2791 pagani
2582 2723 2740 2788 sunt,
2776 2719 3042 2773 haeretici
3075 2722 3251 2790 atque
3285 2718 3498 2789 Judaei,
3531 2716 3636 2790 qui

1959 2813 2094 2862 tunc
2132 2809 2425 2863 adversus
2457 2808 2558 2861 Dei
2584 2808 2784 2862 valere
2817 2808 3092 2862 videntur
3114 2807 3464 2877 Ecelesiam,
3500 2822 3634 2862 cum

1958 2913 2064 2968 per
2094 2914 2199 2952 eos
2232 2897 2515 2951 Dominus
2549 2913 2695 2951 suos
2730 2896 3017 2969 ﬂagellari
3057 2896 3266 2951 fideles
3312 2895 3633 2966 permittit;

1962 2987 2067 3041 sed
2101 3003 2217 3041 non
2248 2986 2671 3056 prazvalebunt,
2712 2986 2846 3056 quia
2878 2986 3249 3054 omnipotens
3290 3000 3358 3038 ac
3390 2982 3633 3038 miseri;

1965 3092 2099 3130 cors
2130 3076 2290 3130 Deus
2320 3091 2435 3129 non
2459 3090 2564 3129 eos
2596 3074 2667 3129 de
2702 3074 2966 3129 Ecclesia
3000 3090 3108 3128 sua
3137 3076 3456 3143 perpetuos
3491 3071 3638 3126 sinit

1887 3186 1937 3247 Ο
1966 3166 2184 3219 habere
2232 3164 2584 3233 triumphos.
2638 3164 2806 3217 Unde
2860 3165 2915 3217 et
2956 3163 3279 3232 Apostolus
3323 3161 3632 3231 hortatur,

1967 3254 2172 3308 dicens
2198 3268 2210 3307 :
2246 3252 2708 3307 Tribulationem
2724 3253 3004 3323 patimur,
3036 3251 3145 3305 sed
3163 3266 3277 3305 non
3297 3254 3639 3322 coangusta-

1968 3359 2133 3406 mur;
2168 3344 2521 3412 aporiamur,
2560 3340 2668 3395 sed
2698 3356 2811 3394 non
2838 3340 3250 3403 destituimur;
3274 3339 3639 3410 persecutio-

1972 3448 2101 3486 nem
2128 3431 2406 3502 patimur,
2433 3428 2541 3484 sed
2560 3445 2670 3483 non
2692 3428 3200 3500 derelinqnimur;
3234 3426 3636 3498 humiliamur,

1970 3520 2080 3576 sed
2105 3536 2216 3574 non
2240 3518 2686 3583 confundimur;
2711 3516 3087 3587 tribulamur,
3111 3516 3222 3572 sed
3242 3531 3355 3570 non
3372 3516 3642 3588 perimus

1969 3609 2054 3680 (II
2079 3608 2213 3663 Cor.
2249 3610 2350 3677 ιν).

2052 3696 2424 3767 TheOpIu'lus.
2460 3696 2702 3750 Placent
2732 3694 3111 3759 vehementer
3142 3710 3274 3765 quae
3304 3693 3477 3748 dicis.

2044 3786 2420 3841 Desiderius.
2440 3784 2698 3838 Joannes
2714 3787 2937 3837 sanctae
2950 3782 3385 3838 recordationis
3404 3780 3645 3853 presby-

1974 3879 2063 3931 ter
2093 3876 2191 3944 (8),
2232 3875 2332 3944 qui
2365 3874 2421 3926 in
2466 3875 2668 3927 nostro
2702 3872 3058 3926 monasterio
3089 3871 3411 3925 decanatus
3446 3868 3645 3925 officio

1976 3965 2169 4034 aliquo
2203 3966 2464 4032 tempore
2496 3961 2735 4014 functus
2765 3962 2876 4026 est,
2901 3959 3086 4012 vestri
3116 3959 3493 4028 postmodum
3513 3973 3644 4013 mo-

208 4063 368 4105 verso
390 4053 667 4106 exercitu
690 4051 1042 4122 quantocius
1065 4050 1227 4103 abire
1251 4050 1575 4118 emperunt.
1601 4046 1864 4115 (tumque
1975 4053 2217 4107 nasierii
2250 4051 2404 4121 quod
2441 4050 2592 4103 intra
2635 4049 2966 4101 Lucensem
3000 4048 3205 4101 urbem
3238 4049 3648 4102 constructum

206 4138 267 4191 ad
295 4156 423 4194 eum
473 4141 677 4195 locum
708 4140 1146 4210 pervenissent,
1192 4154 1307 4209 quo
1352 4136 1672 4206 praedictus
1710 4134 1854 4187 Liris

2050 4146 2088 4211 t,
2126 4140 2482 4210 praepositus
2522 4139 2649 4206 fuit,
2674 4136 2774 4207 qui
2804 4139 3037 4206 quantae
3062 4135 3431 4204 obedientim,
3456 4149 3649 4205 quan-

209 4225 405 4283 nuvius
435 4230 665 4299 patenti
712 4229 863 4284 ostio
913 4228 1059 4281 mari
1088 4227 1297 4296 inﬂuit,
1336 4241 1542 4279 omnes
1575 4239 1726 4294 quos
1758 4222 1865 4275 hﬂ-
1900 4234 1953 4296 D
1983 4236 2175 4300 taeque
2212 4226 2554 4281 humilitatis
2587 4224 2779 4287 fuerit,
2820 4223 3022 4293 plures
3054 4223 3155 4293 qui
3193 4238 3324 4277 eum
3356 4224 3651 4277 noverunt

206 4313 648 4390 bebantequos,
676 4318 992 4372 debilitatis
1015 4317 1310 4384 cruribus,
1344 4313 1618 4384 praecisis
1640 4311 1866 4380 nervis,
1982 4317 2253 4374 monachi
2303 4319 2358 4371 et
2398 4314 2589 4368 adhuc
2623 4315 2965 4382 supersunt,
3021 4315 3205 4366 testes
3246 4310 3528 4366 existunt.
3565 4310 3650 4365 De

207 4405 327 4473 quia
348 4423 557 4462 secum
584 4408 745 4462 ferre
772 4406 1113 4476 nequibant,
1140 4405 1525 4475 reliquerunt.
1560 4401 1676 4471 Ipsi
1702 4416 1867 4469 vero,
1979 4406 2349 4461 mirabilibus
2384 4418 2525 4457 vero
2549 4418 2680 4474 qua;
2703 4418 2810 4472 per
2831 4416 2961 4455 eum
2982 4400 3178 4454 divina
3199 4398 3486 4470 majestas
3505 4411 3651 4468 ορθ..

206 4496 466 4549 ascensis
501 4497 786 4565 navibus,
819 4495 1145 4564 dentesque
1177 4494 1424 4546 carbasa
1455 4492 1670 4557 ventis,
1705 4493 1870 4543 recto
1978 4497 2097 4551 rari
2129 4496 2368 4566 dignata
2399 4496 2508 4559 est,
2546 4491 2681 4562 quia
2711 4492 2881 4561 plura
2910 4505 2940 4542 a
2973 4489 3255 4543 memoria
3283 4488 3452 4559 lapsa
3487 4486 3649 4555 sunt,

210 4596 373 4637 cursu
396 4585 713 4639 suleantes
733 4599 991 4655 aequora,
1016 4581 1277 4636 Siciliam
1299 4580 1702 4647 devenissent,
1727 4582 1783 4632 et
1808 4592 1874 4631 se
1980 4602 2112 4656 quae
2148 4583 2367 4651 recolo,
2403 4597 2587 4652 pauca
2620 4578 2896 4634 narrabo.
2931 4577 3074 4632 Cum
3113 4578 3266 4633 idem
3296 4577 3390 4631 vir
3422 4574 3528 4630 Dei
3553 4572 3655 4646 je-

209 4670 469 4728 celeriter
499 4673 734 4727 aridam
757 4672 1101 4742 contingere
1125 4671 1462 4740 sperarent:
1484 4670 1719 4737 repente
1744 4683 1878 4736 p;:I’-
1974 4675 2196 4746 Juiiiis,
2250 4671 2505 4743 vigiliis,
2562 4669 2961 4738 orationibus,
2994 4668 3367 4737 maximeque
3396 4661 3657 4735 largitati

209 4775 326 4814 vam
371 4766 635 4817 cernunt
690 4761 1020 4815 naviculam
1071 4759 1186 4813 huc
1235 4759 1490 4827 illucque
1539 4757 1690 4810 inter
1735 4770 1878 4808 $1188
1983 4766 2491 4833 eleemosynarum
2520 4763 2684 4814 esset
2709 4758 3225 4826 intentus,tantam
3265 4755 3659 4825 lacrymarum

211 4863 380 4904 naves
410 4851 683 4922 liquidas
708 4866 890 4920 super
909 4849 1095 4903 undas
1128 4846 1402 4902 celeriter
1422 4845 1876 4912 discurrentem,
1986 4853 2233 4925 gratiam
2280 4849 2527 4904 Domino
2574 4848 2861 4919 largiente
2910 4844 3253 4915 promeruit,
3303 4845 3366 4896 ut
3415 4841 3660 4896 dubium

207 4937 259 4991 in
296 4956 413 5009 qua
464 4941 737 4994 clericus
783 4937 1117 4993 veneranda
1152 4935 1364 4990 canitie
1397 4938 1452 4989 et
1499 4934 1646 4987 alter
1680 4948 1884 4986 mona-
1986 4958 2103 4997 non
2134 4943 2297 4995 esset
2329 4939 2482 5009 quod
2509 4938 2624 4991 inae
2646 4936 2921 5006 ιοοιογιῃω
2950 4933 3128 4987 multa
3156 4931 3310 5002 apud
3331 4931 3516 4984 Deum
3545 4929 3660 4982 im-

209 5026 348 5081 chus
381 5030 610 5083 sedere
644 5027 1011 5082 videbantur.
1037 5025 1107 5079 Et
1139 5040 1271 5079 eum
1297 5024 1368 5077 ab
1396 5023 1484 5077 eis
1516 5022 1766 5076 sollicite
1791 5021 1883 5073 in—
1987 5035 2220 5102 peimpe
2257 5028 2606 5095 valuissent,
2639 5042 2772 5097 quae
2811 5041 2885 5078 ex
2909 5027 3021 5077 tam
3046 5019 3301 5091 simplici
3332 5018 3661 5090 humilique

207 5117 658 5189 terrogarentur
688 5117 840 5172 unde
872 5120 986 5170 tam
1018 5115 1156 5183 laeti,
1205 5116 1323 5167 tam
1355 5112 1603 5179 alacres,
1646 5109 1737 5163 vel
1770 5113 1854 5163 tan

2044 5119 2166 5173 )rde
2184 5117 2356 5172 editae
2382 5115 2656 5170 fuissent.
2682 5114 2946 5184 Cumque
2978 5111 3128 5164 fama
3161 5107 3494 5164 sanctitatis
3524 5104 3662 5178 ejus

211 5207 399 5259 onusti
450 5206 858 5277 repedat-ent?
924 5204 995 5258 ab
1046 5202 1207 5256 Italia
1255 5216 1321 5255 se
1369 5200 1573 5254 venire
1622 5198 1854 5269 profess

2044 5211 2165 5262 tam
2201 5222 2310 5276 per
2341 5204 2606 5259 eamdem
2647 5202 2856 5257 urbem
2887 5200 3265 5267 claresceret,
3301 5196 3668 5252 daemoniaca

210 5298 360 5366 sunt,
382 5295 597 5367 ibique
618 5294 811 5349 omnia
838 5293 962 5365 igni
989 5292 1265 5361 ferroque
1296 5289 1614 5343 tradidisse
1640 5305 1651 5341 :
1676 5287 1885 5341 domos
1992 5296 2282 5369 quaedam,
2317 5310 2451 5364 quae
2486 5292 2746 5364 graviter
2768 5290 3112 5356 vexabatur,
3139 5287 3209 5342 ad
3241 5285 3670 5342 monasterium

275 5382 351 5451 (Ἴ)
385 5384 715 5437 Bassatius
753 5385 989 5437 creatur
1024 5380 1209 5434 abbas
1240 5378 1619 5451 Casinaann.
1658 5374 1892 5451 Domini

207 5445 489 5509 837.'Ost.
517 5457 583 5508 in
608 5454 826 5509 Chron.
861 5454 963 5507 lib.
989 5470 1027 5523 I,
1053 5468 1179 5521 cap.
1205 5450 1309 5520 23;
1344 5451 1399 5503 et
1422 5450 1563 5503 obiit
1585 5463 1738 5501 anno
1759 5445 1889 5512 856,

209 5524 297 5577 die
330 5525 400 5579 16
428 5526 572 5579 Kal.
616 5526 860 5595 Aprilis.

278 5595 589 5666 (8)7Gesta
640 5586 905 5664 Joannis,
953 5609 1171 5666 genere
1214 5609 1281 5647 ac
1313 5589 1665 5666 cognomine
1697 5586 1891 5666 Apuli,

211 5660 447 5723 abbatis
459 5668 768 5723 Lucensis
787 5660 1096 5722 sanctitate
1119 5660 1777 5736 conspicui,descripsit
1795 5660 1901 5713 Pe-

662 5792 917 5852 Punon.
950 5790 1210 5849 CXLIX.
3321 5765 3386 5822 ³1

210 3249 302 3304 late
338 3252 700 3320 redundans,
744 3250 920 3321 quasi
951 3265 1110 3304 mare
1144 3249 1463 3303 videretur.
1508 3248 1696 3318 Igitur
1726 3247 1852 3301 illu-

210 3344 455 3395 cescente
486 3340 773 3406 diluculo,
808 3343 1131 3411 surgentes
1176 3355 1209 3392 a
1239 3337 1457 3393 castris
1490 3336 1724 3390 barbari
1758 3352 1854 3389 ac-

210 3434 491 3484 cesserunt
504 3431 576 3483 ad
592 3445 759 3484 oram
774 3427 1031 3484 fluminis
1046 3427 1390 3499 diligentius
1409 3427 1858 3496 perscrutantes

209 3517 251 3569 si
278 3533 439 3589 quam
463 3519 621 3574 forte
641 3519 839 3572 navim
864 3518 1195 3589 vadumque
1214 3517 1477 3586 reperire
1498 3518 1765 3584 possent,
1793 3518 1856 3567 ut

208 3604 423 3661 ﬂuvium
444 3612 821 3663 transmeare
843 3606 1138 3661 valerent:
1164 3605 1271 3660 sed
1295 3620 1427 3659 cum
1449 3603 1639 3658 omnis
1662 3606 1859 3657 trans-

210 3696 362 3748 eundi
392 3713 534 3767 spes
568 3698 665 3751 eis
697 3698 861 3750 esset
890 3695 1100 3764 ablata,
1145 3694 1271 3748 dira
1309 3692 1529 3746 incitati
1561 3691 1857 3760 barbarie,

208 3799 393 3839 manus
424 3786 542 3840 sibi
589 3786 935 3857 digitosque
968 3783 1375 3851 corrodentes,
1410 3780 1566 3851 quod
1600 3795 1707 3851 spe
1744 3780 1863 3833 fru-

208 3874 353 3927 strati
418 3876 681 3944 praedaa,
745 3874 917 3927 vacui
960 3874 1398 3937 remanserant,
1443 3869 1626 3924 cellas
1673 3867 1862 3922 nostri

210 3965 528 4018 monasterii
581 3968 752 4018 trans
799 3962 984 4015 Lirim
1033 3961 1260 4031 positas
1305 3960 1441 4031 igne
1489 3960 1862 4025 cremantes,

1994 5425 2123 5477 trus
2156 5421 2317 5475 Diae.
2351 5417 2454 5472 lib.
2503 5432 2615 5470 ms.
2672 5417 2756 5470 De
2798 5416 2907 5469 ort.
2956 5416 3013 5467 et
3044 5412 3146 5467 vit.
3176 5411 3350 5484 just.,
3403 5427 3531 5484 cap.
3553 5406 3668 5484 _33,

1997 5494 2122 5548 Ost.
2156 5492 2214 5546 in
2245 5491 2488 5563 Chron_.,
2523 5488 2882 5563 lib.‘n,_cap.
2912 5485 3001 5563 92,
3037 5487 3100 5563 et_
3123 5480 3671 5563 ίιιίΜθιιιγιιοληβθο

2000 5564 2341 5630 nedictino.,
2368 5552 2483 5615 sub
2508 5559 2601 5612 die
2623 5558 2691 5630 22
2710 5552 2886 5630 Febr.
2914 5556 3065 5611 inter
3086 5555 3294 5611 beatos
3327 5552 3669 5610 ascribitur.

2002 5635 2250 5691 Vivebat
2280 5626 2434 5687 anno
2466 5629 2695 5685 Domini
2730 5626 2886 5685 1055.
