3988 6176
389 302 507 368 971

1709 302 2093 371 VICTORIS
2134 302 2219 371 III
2262 306 2517 375 PAPIE

3647 324 3738 389 972

367 514 466 570 cui
482 514 611 585 ipse
641 514 897 584 praeerat
916 513 1165 568 adducta
1183 516 1295 568 est.
1326 512 1551 568 Etcum
1581 513 1654 567 ab
1678 513 1766 567 eis
1787 512 1885 583 qui
1907 527 2036 567 eam
2077 501 2128 562 Α
2154 511 2507 579 Lunensem,
2539 513 2913 581 postmodum
2945 528 3086 567 vero
3126 514 3433 569 Romanam
3471 517 3739 576 Ecclesium

366 603 674 672 duxerant,
704 605 767 657 ut
804 619 909 672 pro
957 618 1026 657 eo
1059 602 1367 657 Dominum
1399 606 1769 672 precaretur,
1806 602 2041 672 magnis

362 691 646 763 precibus
697 692 912 745 fuisset
957 691 1300 760 obstrictus,
1355 691 1700 745 convocatis
1750 690 2038 744 fratribus

365 780 685 835 oratorium
732 780 987 846 intravit,
1036 782 1210 849 atque
1257 779 1455 833 multis
1506 777 1713 832 effusis
1755 778 2037 848 lacrymis

363 883 577 939 preces
595 884 700 938 pro
731 883 798 921 ea
821 868 1065 922 Domino
1098 867 1265 936 fudit,
1290 869 1606 937 statimque
1629 867 1701 920 ab
1725 882 1792 920 ea
1818 866 2038 920 daemo-

364 957 527 1011 nium
558 954 859 1028 effugavit.

437 1032 559 1099 Sed
590 1060 780 1114 neque
827 1045 937 1099 hoc
984 1045 1211 1113 sileam,
1253 1044 1410 1115 quod
1450 1043 1734 1099 veridicis
1784 1042 1932 1096 viris
1964 1042 2036 1096 de

365 1133 573 1189 eodem
620 1133 942 1187 venerabili
982 1134 1110 1186 viro
1157 1133 1535 1187 narrantibus
1589 1132 1826 1203 agnovi,
1880 1131 2035 1201 quod

363 1222 639 1275 videlicet
668 1222 743 1275 ita
797 1221 1017 1275 clarum
1051 1224 1161 1289 est,
1212 1225 1271 1275 ut
1318 1222 1497 1275 nullis
1539 1237 1708 1291 pene,
1743 1221 1843 1291 qui
1879 1220 2033 1273 intra

362 1311 581 1364 mcenia
611 1308 881 1380 ejusdem
926 1310 1184 1378 praefatae
1229 1310 1397 1363 urbis
1432 1310 1727 1364 Lucensis
1767 1325 2031 1363 commo~

361 1401 586 1468 rantur,
639 1399 933 1453 occultum
981 1399 1058 1452 sit
1113 1399 1205 1452 vel
1257 1399 1639 1469 incognitum.
1709 1398 2035 1468 Cujusdam

362 1502 616 1558 namque
649 1486 898 1541 illustris
930 1487 1043 1540 viri
1074 1503 1225 1542 uxor
1255 1486 1588 1541 infirmitate
1613 1487 1846 1541 detenta
1875 1485 2035 1555 jace-

361 1575 463 1631 bat
491 1576 552 1630 in
580 1575 816 1644 lectulo,
843 1592 976 1647 quae
998 1576 1142 1630 adeo
1168 1577 1473 1629 crescente
1504 1576 1791 1647 languore
1823 1575 1895 1629 ad
1927 1590 2035 1629 ex-

361 1665 547 1720 trema
570 1665 849 1735 perducta
875 1669 984 1732 est,
1010 1668 1073 1718 ut
1094 1681 1198 1733 per
1228 1668 1351 1718 tres
1375 1664 1502 1718 dies
1527 1664 1657 1718 sine
1676 1680 1882 1733 sensu,
1905 1664 2033 1717 sine

361 1768 511 1809 voce
560 1753 877 1821 recubans,
928 1754 1085 1806 velut
1128 1756 1356 1807 mortua
1396 1753 1733 1807 haberetur.
1767 1751 2031 1822 Cumque

363 1856 573 1897 omnes
602 1843 702 1913 qui
732 1842 994 1909 aderant,
1030 1841 1292 1894 funditus
1326 1841 1396 1894 de
1428 1840 1563 1911 ejus
1594 1841 1712 1894 vita
1745 1841 2030 1910 despera-
2072 1871 2114 1928 Β

363 1932 516 2000 rent,
549 1930 623 1984 ad
668 1930 774 1983 Dei
814 1929 1106 1999 hominem
1141 1929 1391 1983 missum
1422 1933 1532 1995 est,
1572 1932 1633 1983 ut
1681 1945 1787 1998 pro
1819 1944 1887 1983 ea
1917 1944 2032 1984 om-

363 2019 646 2090 nipotenti
678 2017 925 2073 Domino
956 2018 1184 2072 hostias
1216 2032 1542 2088 precesque
1583 2016 1793 2072 offerre
1827 2018 2033 2088 digna-

368 2109 556 2163 retur.
589 2106 664 2160 At
701 2107 819 2175 ille,
853 2109 916 2160 ut
946 2109 1071 2160 erat
1099 2107 1425 2161 benevolus
1448 2106 1663 2172 animo,
1698 2110 1754 2160 et
1783 2107 1856 2160 ad
1885 2122 2029 2175 sup-

364 2195 709 2266 plicantium
758 2199 890 2248 vota
944 2200 1207 2265 paratus,
1242 2211 1379 2248 mox
1428 2194 1895 2249 sacerdotalibus
1939 2195 2031 2247 in-

362 2284 542 2340 dutus
585 2284 857 2338 vestibus
906 2283 977 2337 ad
1028 2283 1209 2337 altare
1243 2283 1623 2352 omnipotenti
1672 2284 1793 2337 Deo
1839 2283 2029 2337 sacri-

364 2372 567 2428 ﬁcium
595 2372 900 2428 oblaturus
931 2373 1206 2426 accessit.
1266 2371 1452 2442 Igitur
1495 2388 1629 2425 cum
1676 2372 1826 2425 intra
1858 2388 2029 2426 sacra

288 2500 299 2505 -
362 2462 685 2517 missarum
717 2461 1003 2516 solemnia
1037 2476 1249 2515 nomen
1280 2461 1439 2514 illius
1464 2464 1904 2531 memoraretur,
1930 2461 2029 2515 illa

363 2552 426 2607 in
474 2552 647 2607 domo
696 2552 953 2622 propria,
1004 2551 1180 2622 longe
1229 2567 1260 2604 a
1293 2552 1653 2605 monasterio
1694 2552 1904 2620 posita,
1956 2566 2028 2605 ex

362 2639 581 2696 lectulo
608 2640 667 2694 in
700 2656 814 2711 quo
847 2641 1019 2711 quasi
1051 2641 1341 2693 exanimis
1366 2639 1622 2710 jaeebat,
1656 2643 1934 2710 tanquam
1975 2640 2028 2692 si

362 2728 439 2784 ab
469 2729 665 2800 aliquo
688 2732 1018 2795 vocaretur,
1046 2729 1370 2799 respondit.
1394 2728 1657 2799 Cumque
1680 2730 1752 2782 ab
1786 2729 1901 2781 illis
1926 2729 2028 2799 qui

365 2818 609 2873 aderant
633 2819 1098 2888 interrogaretur
1118 2817 1257 2888 quid
1276 2817 1516 2886 diceret,
1541 2817 1636 2871 vel
1658 2818 1753 2871 cui
1774 2832 2026 2887 respon-

364 2922 500 2962 sum
517 2906 803 2976 dedisset,
825 2907 923 2959 illa
946 2906 1131 2977 inquit
1164 2922 1175 2960 :
1210 2906 1495 2960 Dominus
1523 2906 2027 2977 Joannesjpraapo-

364 2995 519 3051 situs
550 2995 812 3067 nunquid
854 3010 970 3049 non
1003 2998 1092 3048 est
1124 2995 1217 3048 hic
1239 2997 1266 3048 ε)
1305 2994 1432 3063 ipse
1465 2996 1619 3048 enim
1649 2996 1881 3049 vocavit
1909 3012 2022 3066 me,

362 3082 567 3155 illique
598 3084 900 3155 respondi.
948 3084 1021 3137 At
1051 3083 1133 3136 illi
1166 3083 1557 3153 obstupefacti
1587 3100 1659 3137 ex
1687 3086 1802 3136 tam
1834 3083 2026 3138 inusi-

363 3176 505 3243 tato,
530 3176 646 3228 tam
664 3172 906 3242 celebri,
930 3176 1165 3243 tamque
1193 3173 1561 3243 obstupendo
1585 3173 1887 3242 miraculo,
1905 3176 2022 3226 tum

361 3262 501 3334 quia
521 3262 680 3316 illam
706 3278 838 3333 quae
871 3262 992 3317 fere
1016 3262 1300 3316 exanimis
1326 3261 1613 3332 jacuerat,
1641 3277 1845 3315 sanam
1875 3277 2024 3331 pene

362 3354 422 3407 et
450 3351 803 3407 incolumem
834 3351 1140 3419 videbant;
1169 3354 1285 3405 tum
1320 3351 1455 3420 quia
1482 3366 1688 3404 vocem
1719 3351 1877 3405 illius
1911 3355 2025 3403 tam

357 3440 538 3512 longe
556 3440 734 3511 positi
758 3440 998 3495 audisse
1025 3455 1091 3494 se
1114 3438 1430 3507 referebat,
1456 3441 1646 3492 statim
1671 3442 2026 3493 curaverunt

356 3529 429 3583 ad
449 3530 874 3583 monasterium
895 3529 1134 3582 nuntios
1167 3529 1417 3596 mittere,
1438 3530 1500 3580 ut
1517 3528 1655 3597 quid
1679 3544 1893 3582 servus
1917 3529 2022 3583 Dei

357 3619 560 3689 ageret
610 3621 1028 3689 agnoscerent,
1076 3620 1132 3670 et
1176 3616 1546 3670 indicarent:
1590 3616 1795 3685 procul
1846 3616 2021 3670 dubio

357 3706 692 3775 credentes,
727 3705 882 3776 quod
921 3721 1038 3761 non
1061 3705 1169 3777 abs
1193 3720 1256 3760 re
1281 3705 1495 3759 mulier
1525 3708 1641 3758 tam
1670 3705 1943 3759 celeriter
1965 3704 2022 3759 in

352 3795 572 3850 lectulo
599 3794 983 3858 surrexisset,
1020 3784 1493 3865 responsumque
1525 3793 1809 3848 dedisset.
1842 3792 2020 3848 Cum-

351 3900 468 3956 que
500 3884 585 3938 illi
614 3885 714 3955 qui
749 3884 919 3938 missi
953 3884 1186 3938 fuerant
1214 3883 1286 3937 ad
1323 3883 1664 3938 monasterii
1701 3883 2019 3937 oratorium

350 3972 702 4041 intrassent,
730 3972 920 4027 virum
954 3973 1060 4026 Dei
1091 3972 1628 4043 inveneruntjuxta
1651 3973 1830 4027 altare
1862 3976 2020 4027 stan-

350 4064 491 4131 tem,
525 4076 595 4115 ac
626 4077 729 4131 pro
753 4077 820 4115 ea
841 4062 1288 4132 longinquitatis
1318 4063 1546 4116 auctori
1566 4062 1812 4115 Domino
1834 4062 2018 4116 sacri-

353 4150 552 4205 ficium
597 4148 983 4220 offerentem;
1030 4154 1086 4204 et
1133 4150 1428 4203 subtiliter
1464 4154 1734 4204 notantes
1787 4149 2012 4220 horam,

346 4244 700 4310 repererunt
730 4241 933 4295 eodem
953 4241 1267 4307 momento,
1303 4255 1418 4309 quo
1445 4240 1595 4293 intra
1619 4254 1790 4293 sacra
1811 4241 2017 4294 missa-

346 4345 479 4384 rum
492 4329 779 4385 solemnia
802 4329 1095 4385 nominata
1113 4332 1360 4398 est,eam
1378 4344 1450 4383 ex
1472 4328 1622 4382 lecto
1646 4328 2009 4414 surrexisse,

344 4433 825 4489 responsumque
863 4418 1125 4472 dedisse.

416 4506 637 4561 Felicis
664 4504 837 4560 etiam
870 4507 1168 4560 memoriae
1191 4505 1266 4575 (9)
1294 4504 1353 4559 S.
1383 4505 1714 4559 Alexander
1743 4522 1889 4575 papa
1919 4508 2013 4560 vir

341 4595 780 4651 disertissimus
802 4610 871 4648 ac
893 4594 1335 4649 eruditissimus
1367 4595 1614 4647 exstitit:
1633 4594 1731 4664 qui
1756 4594 2009 4664 primum

411 4738 488 4808 (9)
522 4737 631 4791 Hic
664 4735 770 4790 fuit
800 4736 1135 4789 Alexander
1165 4752 1310 4806 papa
1343 4735 1411 4803 II,
1451 4739 1685 4789 creatus
1711 4751 1862 4790 anno
1896 4737 2008 4792 Do-

337 4808 481 4934 ῗὸξἹηέ
513 4808 642 4862 1061
674 4826 687 4874 ;
723 4809 971 4862 moritur
1006 4808 1206 4864 Romae
1229 4808 1531 4863 miraculis
1554 4808 1824 4876 illustris,
1854 4824 2006 4863 anno

408 4950 521 5020 (10)
555 4950 833 5005 Refertur
855 4950 1026 5004 etiam
1061 4948 1171 5002 hoc
1203 4948 1597 5003 miraculuma
1629 4950 1829 5004 Leone
1852 4951 1999 5016 Ost.,

334 5020 439 5076 lib.
467 5037 528 5091 ιι,
562 5037 689 5091 cap.
723 5023 813 5090 92,
862 5027 917 5076 et
947 5037 977 5073 a
1026 5020 1261 5083 Baron.,
1296 5036 1448 5073 anno
1484 5021 1710 5074 Domini
1749 5022 1909 5081 1070,
1940 5040 1998 5077 n.

333 5092 423 5146 22.
449 5091 513 5144 In
546 5108 740 5161 graeca
760 5094 929 5146 etiam
952 5092 1184 5146 natione
1208 5091 1397 5144 elucet
1418 5093 1529 5145 ista
1552 5093 1739 5159 pietas
1762 5093 2001 5148 bibendi

332 5177 546 5233 aquam
559 5178 671 5283 qua
691 5166 974 5218 sacerdos
993 5166 1127 5233 post
1144 5162 1461 5215 missarum
1486 5163 1771 5216 solemnia
1792 5181 1999 5218 manus

334 5248 479 5283 suas
503 5233 574 5283 ab
603 5234 703 5283 uit.
729 5235 797 5283 ad
823 5236 1016 5283 varias
1040 5233 1426 5283 {en-ritudines
1452 5234 1844 5283 repellendas:
1874 5240 1995 5283 tes—

334 5248 479 5287 suas
503 5233 703 5304 abluit,
729 5235 798 5287 ad
823 5236 1016 5288 varius
1040 5233 1426 5304 aegritudines
1452 5234 1845 5303 repellendas;
1874 5240 1995 5289 tes—

329 5306 489 5374 tatur
512 5303 961 5374 eruditissimus
983 5303 1395 5373 Leo’Allatius,
1424 5305 1528 5358 lib.
1588 5305 1669 5358 De
1711 5321 1997 5374 quorum-

331 5373 463 5444 dam
497 5372 687 5444 Graec.
723 5376 962 5444 opinat.,
992 5392 1050 5429 n.
1083 5376 1136 5428 6.

400 5443 513 5514 (11)
564 5443 717 5497 Vixit
758 5444 1031 5499 Guinizzo
1071 5447 1227 5500 circa
1275 5463 1488 5500 annum
1520 5444 1677 5514 1080,
1728 5450 1992 5515 tempore

326 5530 445 5587 quo
479 5515 780 5587 Henricus
805 5516 1152 5585 Romanum,
1186 5518 1445 5571 Basilius
1469 5517 1996 5586 Constantinopoli-

323 5586 526 5643 tanum
558 5586 948 5659 gubernabat,
982 5587 1310 5658 imperium.
1345 5589 1450 5642 Vir
1478 5588 1646 5658 plane
1679 5589 1987 5659 mirabilis,

325 5658 638 5720 sanctitate
672 5658 1053 5731 conspicuus,
1089 5661 1147 5713 et
1161 5659 1487 5732 prophetiae
1517 5659 1724 5731 spiritu
1757 5660 1990 5736 splendi

2152 604 2321 668 rexit,
2357 616 2427 654 ex
2457 599 2634 670 cujus
2652 617 2757 654 ore
2786 604 2874 669 ea",
2899 618 3033 671 quae
3075 618 3229 656 nunc
3263 602 3460 671 refero,
3488 605 3551 659 de
3576 609 3738 663 eodem

2152 688 2475 742 venerabili
2508 688 2634 742 viro
2667 688 2911 743 audisse
2950 705 3042 743 me
3074 690 3336 761 contigit.
3380 690 3509 745 Cum
3536 696 3739 763 quodam

2152 781 2413 845 tempore
2458 776 2613 831 idem
2657 778 2939 846 praefatus
2992 779 3255 848 pontifex
3298 779 3449 833 febre
3491 787 3741 851 correptus

2156 865 2414 934 graviter
2445 870 2820 936 aegrotasset,
2846 871 2902 920 et
2924 868 3182 937 quotidie
3204 867 3473 938 languore
3490 876 3740 926 crescente

2157 955 2564 1009 vehementius
2596 955 2960 1027 fatigaretur,
2993 960 3234 1026 repente
3268 959 3317 1010 ei
3362 958 3424 1010 ad
3463 960 3743 1013 memoriam

2158 1042 2330 1095 rediit
2362 1043 2517 1113 quod
2553 1042 2703 1096 fama
2750 1044 3027 1114 vulgante
3061 1045 3133 1097 do
3181 1044 3448 1113 praedicto
3489 1061 3640 1098 servo
3665 1047 3746 1099 Dei

2156 1130 2380 1199 saepius
2411 1132 2674 1185 audierat
2706 1149 2716 1185 :
2752 1133 2908 1202 quod
2940 1132 3231 1200 videlicet,
3275 1134 3581 1203 quicunque
3616 1134 3744 1187 febre

2154 1217 2427 1272 detentus
2458 1219 2761 1274 hausisset
2803 1221 2913 1290 (10)
2963 1238 3034 1275 ex
3083 1237 3233 1291 aqua
3265 1237 3393 1292 qum
3434 1221 3497 1275 de
3526 1222 3746 1275 manibus

2154 1307 2347 1377 ipsius
2397 1308 2721 1374 defluebat,
2781 1309 2915 1362 dum
2975 1314 3110 1379 post
3158 1310 3463 1364 missarum
3516 1311 3750 1364 solemnia

2152 1396 2512 1465 ablueretur,
2537 1413 2672 1451 mox
2691 1401 2925 1466 recepta
2948 1399 3558 1453 sanitateliberaretur.
3582 1399 3749 1452 Laten-

2150 1486 2241 1538 ter
2291 1484 2469 1555 igitur
2496 1485 2657 1539 misit
2687 1486 2786 1556 qui
2818 1486 2932 1539 sibi
2967 1502 3036 1540 ex
3070 1487 3165 1539 illa
3195 1503 3344 1557 aqua
3389 1486 3748 1556 aliquantulum

2149 1572 2356 1627 afferre
2388 1574 2754 1628 debuissent.
2805 1575 3066 1645 Cumque
3099 1575 3180 1642 hi,
3215 1577 3318 1646 qui
3358 1574 3516 1628 missi
3544 1575 3748 1641 fuerant,

2147 1676 2357 1731 aquam
2390 1678 2562 1732 quam
2611 1663 3012 1731 postulaverat
3059 1664 3395 1717 attulissent
3433 1679 3558 1716 mox
3588 1663 3749 1729 ebibit,

2147 1752 2321 1819 atque
2353 1750 2429 1804 ita
2460 1754 2699 1820 repente
2721 1752 2952 1805 sanitati
2976 1752 3252 1820 pristinae
3274 1753 3563 1805 restitutus
3592 1755 3683 1815 est,
3708 1754 3755 1802 ut

2149 1840 2305 1891 nulla
2348 1840 2409 1892 in
2440 1856 2508 1893 eo
2538 1840 2850 1912 languoris
2881 1841 3038 1895 illius
3071 1840 3285 1894 indicia
3319 1844 3671 1894 remanerent.

2220 1928 2390 1981 Alius
2420 1944 2655 2000 quoque
2687 1930 2779 1982 vir
2809 1929 3169 1984 venerabilis
3202 1929 3360 1996 vitae,
3392 1928 3642 1982 Guinizzo
3669 1926 3753 1995 (lt)

2150 2017 2405 2083 nomine,
2436 2020 2627 2072 mente
2645 2020 2701 2071 et
2724 2018 2924 2072 habitu
2956 2018 3281 2072 monachus
3317 2017 3437 2084 fuit,
3458 2016 3549 2087 qui
3566 2032 3627 2069 ex
3644 2015 3753 2069 ulte-

2148 2105 2286 2159 riori
2309 2106 2587 2176 Hispania
2610 2109 2877 2161 nostrum
2894 2106 2966 2160 ad
2989 2106 3323 2160 ccenobium
3342 2106 3592 2172 veniens,
3614 2106 3661 2157 in
3673 2104 3754 2156 hac

2147 2195 2341 2248 vicina
2377 2195 2527 2248 silva
2574 2211 2691 2249 non
2739 2211 2919 2265 parvo
2945 2198 3207 2264 tempore
3258 2195 3433 2248 vitam
3486 2193 3753 2247 solitariam

2148 2282 2330 2349 duxit,
2365 2284 2580 2354 ubique
2612 2285 2674 2337 in
2704 2285 3120 2353 omnipotentis
3154 2283 3388 2337 Domini
3416 2283 3553 2337 Jesu
3579 2280 3756 2336 Christi

2147 2373 2389 2426 servitio
2407 2373 2583 2426 vitam
2604 2374 2809 2427 finivit.
2834 2374 2918 2426 De
2940 2372 3386 2443 quovenerabili
3406 2373 3526 2425 viro
3543 2371 3756 2425 Joannes

2145 2460 2331 2514 abbas
2351 2462 2689 2516 monasterii
2713 2462 2772 2516 S.
2811 2462 3122 2531 Vincentii,
3148 2461 3246 2515 siti
3263 2460 3435 2531 juxta
3457 2464 3633 2515 ortum
3654 2458 3755 2511 \‘ul-

2144 2550 2295 2603 turni
2332 2550 2545 2617 amnis,
2568 2551 2670 2620 qui
2698 2551 2752 2604 ei
2782 2549 3310 2604 familliarissimus
3339 2550 3462 2617 fuit,
3494 2549 3650 2602 multa
3676 2548 3758 2599 mi-

2141 2638 2321 2691 randa
2342 2639 2502 2707 mihi,
2530 2655 2658 2692 cum
2684 2639 2874 2692 adhuc
2894 2640 2951 2692 in
2972 2644 3176 2693 nostro
3200 2639 3553 2694 monasterio
3574 2650 3760 2707 praepo-

2144 2725 2349 2780 siturae
2381 2742 2580 2781 curam
2624 2732 2876 2799 gereret,
2923 2727 3149 2782 referre
3184 2728 3399 2783 solitus
3430 2730 3563 2781 erat.
3606 2724 3757 2794 Cujus

2143 2815 2471 2884 discipulus
2487 2815 3421 2890 Januarius(12)nomine,magnas
3435 2814 3758 2881 obedientiae,

2140 2919 2493 2975 magnaeque
2524 2905 2897 2960 abstinentia}
2921 2907 3252 2961 monachus
3276 2908 3512 2961 exstitit.
3534 2905 3631 2969 Qui
3651 2904 3760 2957 dum

2139 2994 2392 3063 quodam
2407 2998 2668 3064 tempore
2684 3011 2715 3048 a
2731 3011 2819 3049 ma
2827 2995 3016 3067 gistro
3036 3011 3167 3064 suo,
3190 2996 3510 3051 venerabili
3529 2992 3761 3047 videlicet

2139 3080 2513 3152 Guinizzone,
2535 3087 2598 3137 ut
2615 3084 2969 3138 ferramenta
2987 3084 3205 3154 quibus
3224 3085 3453 3155 operari
3471 3083 3615 3138 soliti
3630 3083 3763 3134 erant

2139 3172 2427 3242 reticeret,
2462 3173 2757 3243 Aquinum
2799 3174 3030 3227 missus
3081 3173 3319 3242 fuisset,
3368 3174 3593 3227 domum
3640 3168 3761 3223 fabri

2139 3261 2370 3315 ferrarii
2404 3262 2563 3330 adiit,
2598 3264 2771 3332 atque
2802 3263 2874 3317 ab
2906 3278 2975 3316 eo
3006 3262 3208 3316 eadem
3249 3263 3594 3316 ferramenta
3621 3272 3762 3327 repa-

2138 3352 2274 3417 rari,
2310 3351 2439 3404 data
2469 3351 2761 3420 mercede,
2795 3352 3087 3420 poposcit.
3121 3349 3315 3405 Faber
3344 3366 3484 3405 vero
3516 3347 3762 3402 ferrarius

2138 3440 2313 3508 coepit
2344 3455 2477 3493 eum
2509 3440 2780 3508 irridere,
2813 3439 3018 3494 dicens
3055 3455 3067 3493 :
3102 3439 3257 3493 Num
3284 3455 3362 3494 ex
3390 3453 3536 3508 pane
3566 3441 3619 3491 et
3642 3449 3763 3504 aqua

2138 3527 2439 3583 solitarius
2467 3528 2581 3583 iste
2612 3530 2727 3581 tam
2757 3528 3123 3583 rubicundus
3156 3533 3395 3599 tamque
3425 3525 3650 3598 pinguis
3677 3538 3762 3576 ex-

2138 3617 2400 3686 stat(13).
2438 3617 2641 3671 Rubor
2660 3617 2791 3685 iste,
2818 3620 2878 3671 ut
2908 3617 3053 3671 mihi
3073 3618 3329 3685 videtur,
3354 3618 3546 3689 magis
3568 3632 3635 3669 ex
3652 3612 3764 3665 vino

2136 3721 2309 3777 quam
2342 3721 2412 3759 ex
2443 3706 2613 3759 latice
2644 3706 2855 3759 hausto
2886 3706 3168 3775 procedit.
3197 3707 3275 3760 At
3304 3707 3403 3760 ille
3436 3722 3448 3760 :
3485 3704 3676 3769 Hodie,
3699 3701 3764 3751 in-

2134 3795 2276 3864 quit,
2302 3794 2406 3847 tibi
2429 3796 2619 3848 utrum
2651 3809 2722 3848 ex
2753 3798 2958 3848 natura
2990 3811 3061 3848 an
3094 3810 3167 3849 ex
3196 3795 3446 3850 assidua
3482 3793 3600 3848 vini
3627 3792 3763 3860 pota-

2131 3882 2286 3936 tione
2320 3882 2536 3938 rubore
2568 3899 2953 3955 conspergar,
2982 3884 3313 3938 ostendam.
3348 3885 3490 3938 Cum
3521 3895 3653 3935 vero
3674 3878 3764 3931 fer-

2130 3987 2260 4025 rum
2284 3972 2342 4025 in
2360 3972 2557 4042 ignem
2581 3972 2829 4027 missum
2849 3972 3230 4027 vehementer
3248 3973 3529 4041 ferveret,
3553 3975 3606 4024 et
3625 3964 3766 4021 faber

2129 4060 2439 4130 ferrarius,
2500 4061 2556 4114 id
2610 4064 2913 4131 acceptum
2964 4061 3221 4131 forcipe,
3294 4077 3481 4132 super
3525 4056 3763 4112 incudem

2128 4151 2453 4219 posuisset,
2482 4166 2548 4203 ac
2572 4150 2865 4219 scintillae,
2896 4151 3011 4205 huc
3034 4151 3292 4221 illucque
3318 4150 3575 4221 undique
3594 4144 3764 4200 volan-

2125 4240 2238 4307 tes,
2260 4242 2436 4292 totam
2454 4253 2605 4308 pene
2627 4240 2861 4293 domum
2885 4240 3373 4308 illustravissent,
3411 4254 3549 4293 casu
3572 4236 3763 4290 ferrum

2126 4343 2198 4382 ex
2217 4328 2429 4381 inc-udo
2449 4328 2507 4380 in
2538 4332 2755 4382 terram
2785 4328 3068 4383 desiliens
3089 4329 3322 4384 cecidit.
3346 4328 3531 4401 Igitur
3551 4335 3764 4379 venera-

2123 4417 2262 4471 bilis
2306 4417 2396 4469 vir
2453 4417 2794 4486 Januarius,
2842 4417 3065 4473 ferrum
3113 4433 3186 4471 ex
3225 4417 3448 4472 incude
3503 4412 3767 4469 cecidisse

2125 4506 2525 4575 conspiciens,
2559 4506 2849 4560 inclinans
2882 4522 3041 4576 sese,
3091 4506 3339 4561 fervens
3373 4506 3589 4560 ferrum
3631 4496 3763 4553 nuda

2123 4611 2294 4649 manu
2320 4596 2522 4660 tenuit,
2545 4595 3078 4665 etsuperincudem
3093 4612 3346 4665 ponens,
3370 4594 3763 4651 malleatorem,

2121 4737 2252 4799 dus,
2288 4739 2423 4792 etin
2456 4737 2750 4806 Martyrol.
2786 4737 3166 4792 Benedictino
3190 4738 3349 4792 inter
3381 4741 3636 4800 sanctos,
3666 4726 3759 4784 sub

2126 4809 2218 4862 die
2245 4809 2311 4861 “2.0
2333 4810 2463 4862 Maii
2488 4805 2843 4880 recensitus,
2862 4810 3036 4879 cujus
3055 4814 3179 4862 acta
3198 4809 3502 4880 descripta
3521 4805 3763 4880 videntur

2126 4881 2275 4948 apud
2310 4880 2564 4934 Leonem
2596 4879 2746 4948 Ost.,
2783 4869 2882 4934 lib.
2909 4869 2990 4947 ιῖι,
3013 4897 3063 4933 c.
3093 4880 3182 4946 4'7,
3217 4883 3275 4933 et
3295 4869 3461 4933 Petr.
3486 4869 3758 4941 Diac.,lib.

2122 4950 2205 5004 De
2235 4957 2365 5005 ortu
2398 4953 2548 5005 Just.
2582 4950 2803 5017 Casin.,
2839 4968 2890 5005 c.
2924 4951 3028 5019 30)
3054 4966 3169 5021 quo
3202 4951 3337 5005 loco
3369 4950 3543 5004 etiam
3572 4956 3760 5000 memo-

2120 5026 2326 5094 rantur
2356 5023 2489 5076 dial.
2527 5023 2843 5094 Desiderii.
3203 5093 3207 5094 ί
3298 5093 3303 5094 ί
3389 5092 3453 5094 __,
3559 5089 3588 5094 -_
3637 5086 3647 5094 ,
3693 5083 3702 5094 ,

2187 5092 2300 5163 (1‘2)
2334 5095 2415 5148 De
2447 5094 2725 5148 Januario
2757 5093 3006 5147 habetur
3034 5093 3251 5148 mentio
3294 5093 3354 5146 in
3389 5092 3519 5146 Vita
3550 5086 3760 5144 Guiniz-

2114 5166 2279 5218 zonis
2312 5165 2607 5234 descripta
2640 5181 2675 5235 a7
2716 5164 2775 5219 P.
2812 5165 3076 5235 Diacon.,
3112 5165 3211 5219 lib.
3246 5164 3333 5218 De
3367 5180 3454 5217 or.
3483 5163 3757 5233 justorum

2111 5236 2409 5305 Casineu.,
2446 5238 2632 5306 capite
2656 5234 2743 5289 3U.

2179 5307 2293 5375 (13)
2323 5304 2419 5361 Sic
2453 5304 2624 5361 etiam
2658 5309 2718 5360 ὃ.
2750 5305 3000 5361 Cassius
3020 5305 3377 5361 Narniensis
3396 5304 3705 5375 episcopus
3730 5309 3757 5347 ε

2107 5373 2292 5448 Totila
2335 5379 2658 5432 Gothorum
2700 5393 2843 5448 rege
2875 5378 3210 5432 bibacitatis
3248 5381 3343 5430 est
3374 5373 3752 5448 insimulatus.

2108 5447 2547 5521 fundamentum
2568 5466 2642 5503 ex
2658 5444 2877 5503 rubore
2893 5449 3062 5504 faciei
3086 5450 3485 5521 desumptum,
3510 5444 3578 5498 ad
3601 5451 3753 5521 (199'?

2107 5519 2455 5645 caluuéniam
2490 5520 2894 5591 depellendam
2925 5521 3181 5593 insurgit
3210 5519 3269 5574 S.
3299 5508 3499 5591 'Greg'.
3533 5533 3593 5569 ni
3618 5508 3751 5567 Dial.

2107 5606 2232 5645 ean.
2304 5631 2317 5645 .

2103 5606 2232 5661 cap.
2264 5606 2317 5646 0.
