3940 6174
185 282 276 345 973
1447 274 1814 340 DIALOGI.
1846 311 1921 323 —
1955 270 2107 338 LIB.
2143 269 2169 336 Ι

3420 275 3547 342 974

174 484 217 534 ut
240 477 537 550 quantocius
558 476 608 530 id
640 478 991 546 percuteret,
1024 476 1295 530 hortatus
1317 478 1427 529 est.
1460 476 1531 528 At
1555 473 1639 528 illi
1656 474 1755 544 qui
1781 459 1832 521 Ᾱ
1870 473 2271 544 egredientem
2291 487 2576 543 ecorpore
2596 472 2845 526 animam
2865 473 3023 528 illius
3040 475 3241 531 videre
3260 479 3531 547 potuerit,

169 569 358 621 aderant
377 568 487 620 viso
506 569 647 619 tanto
669 565 967 632 miraculo,
994 564 1172 618 nimio
1196 580 1414 633 pavore
1438 561 1755 632 perterriti,

169 655 371 725 pedibus
394 653 511 724 ejus
532 653 834 724 provoluti,
856 654 1085 707 veniam
1113 668 1183 706 ex
1202 652 1476 706 irrisione
1499 666 1673 720 quam
1698 650 1756 703 in

166 758 270 797 eum
288 746 647 810 exercuerant,
680 741 981 795 humiliter
1013 740 1312 809 deprecati
1346 743 1502 792 sunt.
1539 738 1755 808 Sicque

168 830 338 884 factum
367 833 448 883 est
499 835 555 883 ut
601 830 786 882 omnis
835 829 930 881 illa
980 828 1178 883 irrisio
1231 828 1290 881 in
1320 827 1755 882 venerationem

164 933 300 971 versa
320 918 403 986 sit,
434 933 593 987 quam
621 917 781 971 stulti
811 917 1083 971 homines
1115 917 1176 969 in
1207 917 1311 970 Dei
1344 931 1583 969 servum
1615 929 1753 984 pro-

163 1007 335 1059 caciter
360 1006 555 1059 inferre
587 1009 1111 1075 praesumpserant.
1140 1004 1337 1074 Itaque
1362 1020 1495 1058 cum
1517 1018 1756 1057 venera-

160 1094 266 1147 bilis
294 1094 371 1146 vir
388 1093 451 1147 ad
484 1095 844 1165 magistrum,
878 1097 1051 1164 atque
1101 1093 1172 1146 ad
1205 1092 1411 1147 cellam
1443 1096 1754 1161 propterea

157 1186 436 1249 remeasset,
469 1182 534 1235 ab
565 1198 631 1236 eo
662 1182 1044 1237 vehementer
1085 1186 1395 1250 correptus
1452 1184 1560 1248 est,
1596 1179 1754 1249 quod

157 1268 511 1323 insultantibus
538 1271 777 1337 cedens,
795 1271 928 1323 talia
947 1270 1004 1323 in
1019 1269 1208 1323 oculis
1231 1269 1533 1323 hominum
1557 1267 1753 1322 facere

163 1359 599 1428 praesumpsisset.
645 1358 909 1429 Cumque
958 1358 1056 1413 ille
1086 1357 1240 1411 unde
1271 1357 1383 1410 hoc
1414 1356 1612 1423 sciret,
1658 1355 1753 1410 vel

157 1444 260 1513 quis
278 1445 377 1499 sibi
405 1447 734 1516 indicasset,
756 1449 1264 1517 percunctaretur:
1292 1445 1413 1514 Ille,
1434 1444 1754 1514 inquit,qui

159 1532 240 1586 tibi
263 1535 505 1603 praestitit
531 1539 589 1589 ut
612 1551 828 1604 posses
849 1535 1069 1605 facere,
1094 1534 1232 1587 mihi
1253 1534 1424 1588 etiam
1448 1537 1507 1586 ut
1525 1533 1755 1603 possim

154 1620 290 1676 scire.

213 1708 539 1781 IlieOpbilus.
594 1710 738 1765 Cum
793 1710 1081 1766 Dominus
1127 1710 1327 1764 dicat:
1381 1710 1602 1764 aneat
1660 1707 1761 1762 lux

1871 566 1927 615 et
1957 578 2072 616 non
2102 562 2451 616 adhibentes
2484 562 2677 630 fidem,
2703 562 3539 621 subtiliterstuducruntinda-

1870 666 2032 721 gare.
2078 650 2149 704 Et
2191 655 2487 721 repertum
2537 654 2629 704 est
2682 665 2751 704 eo
2792 650 2883 705 die
2916 652 3077 704 illum
3136 655 3537 710 venerabilem

1870 739 2061 793 virum
2095 740 2372 793 emisisse
2404 740 2676 808 animam,
2711 756 2825 810 quo
2845 741 3166 809 praedictus
3193 742 3293 795 Dei
3317 758 3533 798 servus

1872 828 2191 881 Beneventi
2227 830 2455 897 positus
2498 829 2757 899 agnovit.

1941 916 2051 970 Sc?
2090 935 2198 986 τινςχ
2250 944 2265 968 t
2301 917 2407 969 hac
2434 917 2657 985 tarcho,
2681 917 2831 986 quod
2859 916 2930 971 de
2948 917 3231 972 Maneuso
3253 919 3539 975 monacho

1871 1004 2156 1058 fratribus
2180 1006 2365 1057 rcfcrr
2382 1005 2577 1058 iniibus
2590 1005 2827 1075 agnovi,
2845 1022 3016 1075 quem
3033 1007 3162 1074 ipse
3183 1006 3240 1059 in
3257 1012 3545 1063 monaste-

1869 1094 1956 1147 rio
1987 1094 2219 1162 positus
2254 1093 2393 1161 vidi,
2431 1097 2751 1163 nostroque
2780 1092 2899 1164 jam
2935 1098 3194 1163 tempore
3225 1096 3541 1151 defunctus

1871 1186 1981 1237 est.
2008 1181 2115 1245 Qui
2150 1198 2279 1234 cum
2315 1196 2389 1233 ex
2417 1181 2645 1250 Apuliae
2677 1182 2943 1250 partibus
2976 1184 3389 1237 conversionis
3414 1201 3542 1255 gra-

1872 1272 1947 1325 tia
1980 1271 2092 1324 huc
2123 1271 2410 1338 venisset,
2446 1270 2770 1324 allieherio
2801 1270 3136 1339 (l5)abbate
3153 1276 3358 1325 nostro
3380 1289 3540 1341 prae-

1869 1359 2189 1413 decessore
2209 1362 2548 1428 susceptus,
2572 1358 2781 1411 fratum
2807 1360 3257 1430 congregationi
3276 1361 3538 1416 sociatus

1869 1450 1981 1502 est.
2018 1447 2218 1518 Itaque
2250 1448 2305 1499 in
2339 1447 2696 1501 monasterio
2729 1463 2995 1517 corpore,
3018 1450 3074 1501 in
3090 1449 3312 1503 saeculo
3344 1453 3538 1504 mente

1872 1537 2118 1607 degens,
2143 1552 2379 1606 semper
2399 1539 2631 1589 terrena
2650 1552 2899 1606 quaeque
2923 1537 3342 1592 meditabatur:
3365 1554 3537 1592 omne

1866 1625 2276 1696 magisterium
2312 1625 2608 1696 regularis
2640 1625 2971 1694 disciplinae
3002 1624 3117 1678 sibi
3148 1641 3329 1695 grave
3348 1631 3402 1680 et
3424 1626 3536 1679 im-

1864 1714 2150 1783 portabile
2180 1714 2508 1768 videbatur.
2542 1714 2707 1767 Tune
2727 1718 2899 1782 coepit
2916 1714 2986 1766 ab
3010 1714 3217 1767 abbate
3241 1715 3536 1769 licentiam

155 1804 314 1851 vestra
360 1815 539 1853 coram
571 1800 929 1870 hominibus,
966 1806 1025 1854 ut
1087 1799 1325 1854 videant
1366 1804 1583 1869 vestra,
1608 1797 1755 1851 bona
1790 1829 1838 1891 B
1865 1807 2085 1873 petere,
2152 1804 2482 1873 multasque
2529 1803 2879 1856 occasiones
2911 1802 3250 1856 adinvcnire
3281 1820 3395 1873 qua
3428 1820 3536 1873 pa-

152 1900 306 1955 opera,
329 1894 378 1941 et
392 1888 979 1959 gloriﬁcentl’atrenz
1009 1895 1268 1943 vestrum
1293 1904 1386 1959 qu:
1402 1888 1462 1941 in
1478 1886 1647 1941 caelis
1664 1895 1757 1943 est

142 1969 263 2039 (Luc.
291 1978 397 2045 xu),
428 1977 562 2046 quid
591 1982 686 2030 est
707 1977 865 2047 quod
896 1977 1085 2030 sancti
1108 1976 1216 2030 viri
1234 1976 1387 2030 bona
1420 1991 1527 2029 sua
1547 1974 1749 2029 occul-

139 2064 247 2130 tant,
268 2068 314 2116 et
332 2080 395 2117 ne
423 2066 491 2119 ab
541 2065 841 2136 aliquibus
874 2066 1206 2132 videantur,
1251 2064 1409 2118 omni
1460 2063 1603 2145 nisu
1631 2063 1754 2116 ela-

146 2147 313 2204 borant
330 2152 354 2204 ‘?

190 2237 523 2296 Desiderius.
545 2241 660 2312 (l4)
678 2242 878 2297 Sancti
908 2242 1018 2295 viri
1038 2246 1094 2296 et
1124 2241 1177 2296 si
1201 2241 1553 2312 quandoque
1577 2255 1756 2309 opera

145 2340 230 2379 sua
268 2330 553 2385 ostendant
582 2333 639 2385 in
693 2331 950 2401 publico,
985 2332 1231 2386 intentio
1281 2334 1469 2384 tamen
1523 2329 1754 2382 illorum

137 2419 290 2469 manet
319 2418 368 2471 in
392 2420 616 2473 occulto
645 2436 660 2489 ;
693 2436 799 2489 per
828 2420 940 2474 hoc
974 2420 1127 2473 enim
1160 2420 1315 2490 quod
1350 2419 1508 2471 intus
1549 2420 1750 2488 agunt,

141 2500 307 2558 laudes
334 2508 580 2563 exterius
624 2525 746 2562 non
788 2509 1116 2579 requirunt,
1180 2509 1315 2578 quia
1372 2510 1428 2561 et
1482 2507 1552 2560 de
1599 2507 1752 2559 bono

138 2606 279 2660 opere
304 2597 573 2663 proximis
596 2598 842 2667 cupiunt
870 2598 1142 2666 praebere
1171 2595 1525 2665 exemplum,
1560 2597 1615 2648 et
1663 2598 1752 2647 ta-

134 2694 255 2749 men,
283 2698 377 2750 per
400 2685 805 2754 intentionem,
832 2701 945 2756 qua
979 2686 1090 2739 soli
1115 2685 1236 2739 Deo
1262 2684 1494 2755 placere
1520 2683 1751 2737 deside-

130 2772 244 2835 rant,
274 2786 493 2843 semper
522 2778 727 2843 optant
758 2789 897 2827 esse
929 2778 1248 2828 secretum.
1271 2773 1455 2839 Tunc,
1488 2772 1747 2844 inquam,

127 2854 246 2912 bona
295 2876 394 2915 sua
437 2863 726 2918 occultari
772 2866 1067 2933 appetunt,
1131 2863 1364 2933 quando
1418 2878 1491 2916 ex
1540 2877 1747 2915 eorum

128 2948 476 3016 prepalatione
508 2952 736 3006 nullum
770 2952 1365 3020 animarumlucrum,
1392 2950 1614 3004 nullum
1644 2950 1755 3002 fra-

131 3037 277 3091 ternae
321 3039 483 3094 saluti
562 3041 1028 3096 emolumentum
1087 3045 1334 3096 cernunt
1390 3039 1745 3092 adfuturum.

125 3119 235 3175 Cum
270 3130 448 3181 autem
489 3128 715 3183 exinde
764 3129 835 3182 ad
882 3128 1130 3199 gloriam
1180 3127 1594 3201 omnipotentis
1647 3126 1752 3178 Dei

123 3210 304 3281 aliquid
334 3232 396 3272 se
418 3218 642 3273 lucrari
674 3233 855 3288 posse
888 3217 1280 3286 conspiciunt,
1313 3219 1451 3269 tunc
1468 3216 1619 3268 bona
1642 3230 1749 3268 sua

121 3298 361 3361 declarari
390 3322 457 3361 ae
488 3307 793 3378 propalari
851 3307 1169 3377 patiuntur,
1216 3304 1353 3377 quia
1382 3320 1498 3359 non
1558 3319 1747 3372 suam,

121 3390 202 3442 sed
228 3392 548 3451 Conditoris
586 3396 682 3450 sui
716 3396 945 3450 laudem
978 3396 1308 3467 requirunt.

102 3543 119 3557 ι
182 3477 527 3553 Theophilus.
559 3485 725 3540 Satis
755 3490 954 3555 aperta
987 3486 1133 3539 ratio
1163 3488 1337 3555 patet,
1371 3498 1480 3537 nec
1530 3482 1749 3553 aliquid

118 3564 225 3623 inde
243 3570 379 3627 ultra
408 3574 834 3645 requirendum
864 3577 1024 3644 puto.

175 3656 528 3718 Desiderius.
554 3661 642 3716 Ea
674 3678 908 3733 quoque
926 3678 1060 3733 quae
1092 3662 1163 3717 de
1193 3660 1304 3715 hoc
1323 3661 1569 3733 egregio
1595 3661 1744 3732 viro,

117 3744 349 3805 videlicet
381 3751 762 3821 Guinizzone,
778 3752 1041 3806 Joannes
1061 3750 1380 3822 religiosus
1399 3751 1745 3820 monachus,

112 3835 265 3900 quiin
293 3838 397 3894 hac
426 3841 629 3895 vicina
661 3840 812 3894 silva
845 3840 957 3895 sub
987 3839 1396 3894 anachoretica
1435 3839 1745 3909 disciplina

112 3923 381 3985 solitarius
416 3935 843 3998 commoratur,
869 3931 1081 3985 solitus
1109 3933 1202 3984 est
1233 3930 1474 3998 referre,
1504 3930 1747 4001 dignum

109 4011 224 4068 duxi
251 4017 380 4073 huic
410 4025 626 4075 nostro
656 4020 961 4074 associare
1000 4019 1237 4089 libello;
1280 4019 1511 4074 dicebat
1541 4020 1696 4073 enim
1730 4036 1741 4073 :

108 4098 226 4164 Quia
255 4122 378 4161 cum
418 4109 621 4163 adhuc
669 4110 727 4162 in
781 4109 1191 4164 Beneventana
1251 4107 1483 4162 civitaté
1536 4109 1594 4161 in
1637 4123 1746 4162 suo

106 4198 432 4253 monasterio
462 4198 733 4270 degeret,
758 4197 1010 4269 quadam
1033 4197 1125 4251 die
1148 4197 1383 4268 quidam
1403 4196 1508 4251 Dei
1530 4212 1745 4250 servus

106 4279 216 4351 sibi,
248 4284 495 4358 aliisque
526 4286 817 4341 fratribus
861 4287 960 4357 qui
1019 4286 1100 4340 ibi
1156 4287 1416 4355 aderant,
1464 4286 1743 4355 intulerit,

104 4366 297 4443 dicens,
331 4376 446 4430 Pro
489 4379 655 4431 certo
688 4375 892 4429 sciatis
924 4375 1098 4430 hodie
1155 4375 1410 4445 aliquem
1469 4390 1747 4446 magnum

103 4456 315 4518 Virume
342 4464 658 4519 monachis
701 4463 855 4535 apud
905 4468 1161 4518 montem
1191 4463 1471 4517 Casinum
1512 4480 1585 4517 ex
1634 4464 1746 4518 hoc

102 4550 289 4607 mundo
312 4553 618 4626 migrasse
654 4553 727 4606 ad
759 4554 1070 4608 Dominum
1105 4570 1115 4606 :
1143 4553 1297 4623 quod
1316 4552 1743 4622 illiaudientes,
1784 4536 1834 4597 D

101 4638 263 4695 mirati
307 4647 468 4713 sunt,
520 4642 682 4714 quod
738 4657 845 4712 per
902 4642 1197 4713 octoginta
1244 4642 1432 4697 ferme
1477 4643 1746 4696 milliaria

152 4781 254 4857 (tt)
290 4785 589 4840 Videntur
613 4784 920 4854 desumpta
950 4801 1023 4840 ex
1054 4784 1257 4841 homil.
1283 4784 1345 4839 11
1400 4785 1459 4839 in
1515 4784 1742 4857 Evang.

97 4846 410 4927 ε-ξξὶὲθεον-
445 4872 583 4927 pap-

150 4923 250 4995 (15)
289 4923 636 4982 Ἰῖἱοὶὶθιίίιιε
667 4931 901 4982 creatur
938 4927 1124 4982 abbas
1183 4927 1380 4982 Casin.
1414 4943 1566 4981 anno
1628 4927 1743 4981 Do-

92 4994 208 5070 mini
234 4998 363 5053 1038
397 5018 410 5062 ;
450 4999 598 5054 obiit
626 5015 760 5053 ann.
798 5000 953 5058 1055,
982 4999 1131 5053 infra
1155 5001 1309 5070 quod
1330 5000 1583 5069 spatium
1604 5002 1746 5052 tem-

87 5068 568 5195 Boi‘isﬁccidisse
602 5071 711 5125 hoc
744 5071 1087 5125 miraculum
1102 5068 1578 5141 deprehenditur.
1601 5069 1747 5124 Vide

127 5152 153 5188 S
182 5180 193 5191 .
238 5158 251 5193 I
302 5183 315 5194 .
350 5158 434 5195 III.

127 5152 193 5191 SI.
216 5152 315 5195 Ilb.
350 5158 434 5195 III.

122 5210 250 5286 ,(16)
279 5212 760 5286 Quanrexitialis
791 5214 867 5268 sit
900 5213 1188 5268 monacho
1204 5214 1391 5284 patria
1412 5214 1595 5268 refert
1612 5212 1749 5267 Cas-

88 5284 628 5356 sia_n.,collat.Pal.,
649 5286 750 5339 lib.
771 5286 1077 5356 v,cap.32,
1111 5286 1182 5339 de
1214 5286 1424 5339 abbate
1457 5286 1743 5354 Machete,

84 5352 170 5470 Hui
201 5371 316 5409 non
348 5356 551 5410 solum
583 5352 1326 5427 fasciculumepiStolarum
1350 5372 1380 5408 a
1402 5352 1745 5425 parentibus

120 5422 321 5470 elatum
356 5428 603 5470 vnlvnra
621 5444 734 5470 nnn
778 5429 1175 5470 nrmgnmngit,
1204 5429 1306 5470 ετξτῖ
1343 5427 1461 5470 ἰονῃί
1513 5428 1745 5470 trmlidit

120 5422 323 5499 elatum
356 5428 603 5499 volvere
621 5444 738 5482 non
778 5422 1178 5498 praesumpsit,
1204 5429 1308 5483 sed
1341 5422 1465 5499 igni
1513 5428 1747 5482 tradidit

84 5495 577 5571 comburendum:
619 5522 640 5545 α
664 5495 1086 5571 lte,inquiené,
1109 5495 1499 5571 cogitationes
1517 5500 1742 5569 patriae,

117 5566 288 5641 ariter
319 5566 805 5639 concremamini,
840 5566 950 5626 nec
982 5566 1080 5625 me
1104 5566 1352 5626 ulterius
1382 5571 1454 5625 ad
1485 5566 1583 5624 illa
1612 5566 1744 5641 quae

107 5638 199 5711 αεὶ
227 5655 522 5698 revocare
570 5638 827 5701 tentetis.
866 5667 888 5692 υ
953 5640 1174 5699 Scribit
1228 5641 1431 5701 Simon
1490 5638 1744 5699 Miletius

1863 1890 2033 1945 triam
2066 1894 2459 1962 parentesque
2491 1893 2695 1961 posset
2726 1891 3009 1945 revisere.
3038 1890 3299 1961 Cumque
3319 1892 3390 1946 ab
3422 1893 3530 1945 ab-

1863 1979 1996 2033 bate
2022 1996 2131 2033 suo
2146 1981 2368 2050 saepius
2388 1980 2601 2034 fuisset
2617 1981 2974 2049 admonitus,
2997 1983 3057 2033 ut
3075 1980 3228 2032 viam
3246 1982 3532 2050 veritatis,

1864 2084 2037 2137 quam
2074 2068 2259 2122 semel
2293 2068 2642 2138 arripuerat,
2668 2069 2726 2122 in
2758 2068 2969 2122 melius
2998 2069 3318 2138 proficiens
3350 2069 3422 2123 de
3443 2069 3537 2123 die

1860 2157 1922 2210 in
1956 2157 2108 2210 diem
2142 2157 2213 2210 ad
2246 2157 2421 2210 finem
2455 2172 2641 2226 usque
2674 2156 3019 2225 perducere,
3054 2157 3318 2225 deposita
3342 2158 3535 2211 omnis

1863 2246 2121 2313 torporis
2141 2245 2395 2316 ignavia,
2418 2259 2794 2314 summopere
2810 2245 3095 2311 studeret,
3115 2261 3186 2298 ne
3201 2244 3534 2314 fortejuxta

1866 2334 2216 2387 sententiam
2250 2333 2477 2387 Domini
2520 2336 2679 2401 (Luc.
2714 2350 2795 2400 1x,
2828 2331 2937 2401 62).
2999 2336 3258 2385 aratrum
3317 2336 3528 2387 tenens

1865 2426 2140 2492 retroque
2173 2422 2505 2492 respiciens
2534 2437 2717 2491 regno
2750 2421 3031 2475 caelorum
3053 2426 3223 2489 aptus
3243 2437 3380 2476 esse
3412 2438 3531 2476 non

1861 2513 2105 2580 posset;
2131 2513 2274 2563 etne
2323 2524 2563 2562 uxorem
2598 2508 2705 2562 Lot
2732 2508 2965 2562 imitans
3013 2509 3070 2561 in
3104 2513 3353 2563 statuam
3385 2510 3533 2565 salis

1862 2614 2079 2654 versus
2111 2598 2283 2667 (Gen.
2317 2616 2438 2652 x1x.
2488 2597 2591 2668 16),
2628 2598 2985 2651 horrendum
3019 2600 3247 2652 cunctis
3295 2604 3532 2669 specta-

1867 2688 2061 2741 culum
2082 2688 2405 2758 praeberet:
2430 2688 2521 2741 ille
2542 2687 2926 2741 nihilominus
2943 2674 3141 2758 (cujus
3160 2703 3328 2742 mens
3347 2690 3533 2743 semel

1864 2794 1894 2830 a
1925 2778 2183 2849 maligno
2216 2777 2467 2831 obsessa
2512 2777 2721 2842 fuerat)
2771 2777 2929 2830 nullo
2964 2778 3133 2830 modo
3163 2778 3527 2847 quiescebat,

1863 2866 1967 2920 sed
1983 2867 2241 2936 quotidie
2257 2866 2525 2920 abbatem
2543 2867 2875 2936 fratresque
2898 2867 3175 2934 precibus
3206 2866 3526 2937 fatigando,

1861 2959 1922 3008 ut
1954 2970 2084 3008 eum
2117 2956 2365 3023 patriam
2399 2955 2664 3008 revisere
2683 2955 2962 3016 sinerent,
2992 2954 3305 3007 onnimode
3326 2957 3528 3023 postu-

1862 3043 2036 3096 labat.
2070 3043 2333 3113 Cumque
2367 3058 2532 3112 spem
2564 3043 2847 3096 redeundi
2885 3042 3222 3096 frustratam
3243 3043 3357 3097 sibi
3389 3057 3528 3097 esse

1860 3133 2252 3201 conspiceret,
2288 3132 2435 3185 clam
2468 3131 2538 3185 de
2598 3131 2953 3185 monasterio
2999 3146 3311 3200 egressus,
3362 3147 3528 3185 more

1860 3220 2093 3291 fugacis
2127 3221 2290 3273 servi
2323 3225 2640 3274 nocturnas
2669 3220 2947 3273 tenebras
2980 3222 3242 3289 captans,
3275 3221 3526 3274 utcanis

1859 3310 1927 3362 ad
1962 3326 2134 3364 suum
2175 3311 2461 3363 vomitum
2494 3309 2562 3361 ad
2609 3310 2851 3378 patriam
2884 3307 3017 3377 (l6).
3070 3308 3302 3363 diabolo
3351 3309 3525 3363 insti-

1861 3404 2057 3469 gante,
2092 3414 2377 3453 reversus
2410 3402 2521 3464 est,
2546 3398 2793 3467 atquein
2816 3400 3125 3468 parentum
3156 3397 3327 3451 domo
3359 3414 3525 3452 man-

1863 3488 2071 3556 sitans,
2099 3486 2469 3541 swculariter
2498 3486 2595 3549 ibi,
2632 3489 2693 3540 ut
2719 3485 3064 3557 jamdudum
3106 3488 3296 3539 mente
3318 3501 3527 3540 conce-

1857 3579 2045 3647 perat,
2078 3575 2279 3630 vivere
2325 3575 2521 3644 coepit.
2572 3574 2685 3628 Sed
2722 3590 2853 3628 eum
2883 3574 2954 3628 ab
3010 3574 3218 3628 abbate
3251 3590 3360 3629 suo
3418 3589 3526 3644 per

1858 3666 2120 3719 nuntium
2146 3681 2305 3734 saepe
2338 3665 2551 3718 fuisset
2596 3663 2928 3718 admonitus
2958 3668 3021 3717 ut
3049 3664 3119 3717 ad
3179 3662 3527 3718 monasterii

1860 3755 2118 3809 claustra
2153 3755 2392 3824 rediret,
2419 3758 2475 3807 et
2503 3753 2619 3820 ille,
2655 3753 2929 3806 salutaria
2962 3753 3177 3806 monita
3209 3753 3528 3823 parvipen-

1863 3843 2031 3911 dens,
2067 3844 2477 3912 obtemperare
2518 3842 2869 3911 negligeret.
2931 3841 3003 3893 ab
3054 3842 3260 3895 eodem
3315 3842 3526 3897 abbate

1863 3930 2271 3985 communione
2303 3930 2569 3999 privatus
2601 3932 2711 3981 est.
2759 3933 2903 3981 Cum
2969 3938 3164 3998 itaque
3219 3945 3335 3982 non
3390 3935 3528 4000 post

1860 4019 2077 4074 multos
2110 4019 2237 4072 dies
2259 4018 2558 4088 paululum
2590 4018 2877 4089 languore
2909 4021 3217 4086 correptus
3235 4018 3294 4071 in
3311 4018 3526 4074 lectulo

1862 4108 2169 4175 resideret,
2221 4108 2527 4160 immanem
2564 4105 2792 4158 leonem
2826 4104 3252 4175 ingredientem
3310 4107 3526 4161 ostium

1859 4214 1927 4252 ac
1959 4200 2161 4251 contra
2194 4211 2259 4251 se
2279 4200 2477 4265 aperto
2511 4210 2611 4248 ore
2643 4193 2975 4248 venientem
3008 4193 3214 4247 cernit.
3240 4194 3422 4249 Atille
3453 4195 3527 4248 ad

1858 4288 2205 4358 ingressum
2225 4285 2441 4339 ferocis
2458 4284 2666 4337 bestiae
2692 4283 2952 4349 territus,
2980 4283 3155 4351 coepit
3175 4285 3408 4353 magnis
3433 4300 3529 4337 vo-

1858 4376 2029 4430 cibus
2061 4376 2333 4439 clamare,
2370 4374 2574 4428 dicens
2607 4388 2618 4426 :
2653 4373 2903 4440 Currite,
2951 4372 3188 4441 currite,
3248 4373 3382 4443 quia
3435 4373 3526 4428 leo

1856 4466 1967 4520 iste
1991 4481 2082 4519 me
2104 4464 2394 4518 devorare
2426 4462 2742 4517 contendit.
2778 4461 2898 4516 Leo
2918 4477 3057 4515 vero
3082 4462 3327 4533 rugiens
3350 4463 3533 4517 irruit

1854 4557 1913 4610 in
1946 4571 2100 4623 eum,
2135 4559 2191 4608 et
2231 4553 2531 4621 mordens,
2567 4568 2773 4606 coxam
2834 4552 2992 4604 illius
3051 4551 3524 4622 apprehendens,

1856 4646 2174 4699 maximum
2209 4659 2282 4698 ex
2310 4658 2379 4697 ea
2411 4641 2607 4696 carnis
2641 4640 2893 4695 frustum
2948 4641 3259 4709 abstraxxt,
3317 4640 3526 4711 sicque

1927 4787 2100 4841 hodie
2131 4785 2361 4840 ostendi
2396 4787 2589 4840 locum
2608 4786 2666 4839 in
2688 4785 2982 4838 descensu
3004 4782 3217 4836 montis
3236 4782 3431 4836 Casini
3454 4784 3525 4836 ad

1858 4859 2136 4913 Sanctum
2168 4858 2543 4925 Germanum,
2564 4858 2619 4909 in
2645 4872 2759 4927 quo
2782 4856 2967 4908 Draco
2990 4854 3298 4927 monacho,
3326 4854 3384 4907 in
3405 4870 3526 4907 mo-

1857 4929 2116 4984 nasterio
2138 4944 2484 4999 permanere
2512 4926 2730 4981 nolenti
2750 4931 2805 4980 et
2834 4930 3035 4994 postea
3059 4926 3324 4999 exeunti,
3350 4941 3526 4995 appa-

1859 5001 2063 5067 ruerit,
2098 4996 2272 5070 quem
2291 5000 2618 5053 daemonem
2649 4999 2925 5053 draconis
2948 4996 3148 5065 specie
3167 4996 3525 5070 tranforma-

1858 5076 1978 5127 tum
2012 5068 2199 5125 fuisse
2231 5072 2326 5124 ait.
2354 5072 2467 5125 Sed
2500 5070 2731 5124 illustre
2755 5084 3005 5137 prorsus
3026 5072 3115 5120 est
3135 5068 3290 5138 quod
3312 5068 3372 5121 in
3397 5068 3527 5122 Vita

1859 5144 2048 5198 sancti
2081 5142 2389 5209 Dominici,
2424 5142 2524 5195 lib.
2559 5158 2641 5207 In,
2674 5157 2724 5193 c.
2758 5140 2809 5208 ‘2,
2844 5156 2872 5191 u
2920 5139 3288 5193 Theoderico
3320 5139 3525 5209 prodi-

1858 5219 1979 5270 tum
2008 5214 2244 5279 legitur.
2278 5214 2421 5266 Vide
2452 5212 2512 5265 S.
2549 5212 2813 5277 Hieron.,
2868 5211 3038 5279 epist.
3086 5211 3155 5262 ad
3218 5210 3521 5265 Heliodor.

1859 5287 1939 5341 De
1962 5282 2132 5339 laude
2164 5285 2298 5339 vitae
2331 5284 2466 5339 solit
2496 5325 2510 5349 ,
2537 5288 2592 5337 et
2614 5284 2673 5337 S.
2710 5282 2987 5335 Ambros.
3034 5282 3113 5334 De
3137 5282 3277 5353 fuga
3293 5282 3522 5335 saeculi'

1855 5357 2170 5411 Attendant
2203 5356 2382 5426 igitur
2414 5354 2548 5416 sibi,
2584 5358 2639 5408 et
2663 5357 2907 5406 caveant
2948 5353 3026 5405 illi
3074 5353 3368 5422 monachi,
3425 5353 3525 5426 qui

1855 5444 1973 5483 non
2005 5427 2197 5481 solum
2229 5424 2477 5495 patriam
2509 5441 2626 5478 non
2658 5426 2959 5492 deserunt,
2997 5428 3271 5492 parentes
3303 5424 3524 5478 ctami-

1855 5516 1960 5555 cos
1993 5515 2109 5553 non
2139 5499 2456 5564 dimittunt,
2506 5497 2611 5550 sed
2644 5495 2901 5565 quotidie
2956 5495 3133 5549 animi
3192 5496 3285 5551 sui
3346 5508 3529 5548 causa

1855 5574 2194 5643 magnatum
2229 5566 2762 5643 sectanturaulas,
2786 5570 2843 5621 et
2875 5567 3102 5623 oculos.
3139 5566 3371 5622 Utinam
3414 5579 3523 5621 no-

1853 5637 2060 5700 saeculi
2093 5640 2285 5699 nostri
2315 5640 2427 5696 hoc
2457 5638 2661 5695 vitium
2694 5637 2791 5695 sit.
