3988 6176
419 369 540 438 975

1721 351 2115 419 VICTORIS
2159 347 2246 410 III
2295 345 2548 410 PAPZE
3670 337 3758 401 976

395 593 530 632 eum
561 575 924 630 ementatum
947 586 1014 622 ac
1033 567 1392 621 seminecem
1411 561 1750 630 relinquens
1773 552 2078 624 disparuit.
2114 541 2154 602 Α
2203 549 2381 602 timos
2415 562 2483 601 ex
2515 547 2695 599 latere
2739 560 2847 598 suo
2889 543 3049 596 viros
3099 541 3351 610 Capuam
3391 539 3588 593 mittere
3613 539 3779 610 placuit

401 667 664 735 Cumque
698 663 900 732 plures
936 659 1004 711 ad
1040 659 1354 710 elamoxem
1401 651 1563 704 vocis
1597 649 1753 700 illius
1799 647 2082 711 obstupe-

407 756 544 810 facti
597 751 1041 810 concurrerent,
1097 747 1322 798 leonem
1369 740 1602 811 quidem
1649 737 1884 790 minime
1917 733 2082 784 vide—

407 849 565 910 runt,
603 841 708 894 sed
744 840 1094 892 ementatum
1143 851 1206 885 ae
1243 831 1600 884 seminecem
1643 823 1993 878 monachum
2030 822 2086 872 in

403 939 558 986 terra
603 931 963 998 prostratum
1024 923 1392 974 invenerunt.
1447 919 1642 985 Itaque
1693 930 1823 966 cum
1879 925 2010 964 eum
2052 925 2082 960 a

403 1025 562 1074 terra
615 1017 934 1078 elevaren',
989 1009 1287 1080 paululum
1329 1009 1564 1073 reCepto
1609 1001 1842 1072 spiritu,
1878 1001 2084 1052 cuncta

403 1123 537 1178 quae
597 1104 712 1157 sibi
757 1101 1092 1154 acciderant
1152 1113 1259 1164 per
1311 1094 1574 1148 ordinem
1635 1089 1854 1160 pandit,
1908 1090 1960 1140 et
2022 1079 2084 1138 uti

414 1192 766 1266 quantocius
803 1205 866 1240 se
902 1187 966 1240 ad
999 1185 1422 1238 monasterium
1453 1180 1822 1246 reducerent,
1859 1175 2088 1246 prOpin-

405 1300 556 1356 quos
580 1299 644 1334 ac
677 1279 904 1331 vicinos
927 1276 1140 1328 obnixe
1169 1275 1442 1343 precatus
1464 1273 1572 1322 est.
1599 1265 1959 1336 Propinquis
1985 1264 2086 1333 igi-

411 1353 507 1426 tur
533 1370 666 1440 ejus
714 1361 1443 1431 votoebternperantibus,
1503 1358 1574 1410 ad
1632 1356 1838 1409 cellam
1903 1353 2083 1421 hujus

417 1458 606 1513 nostri
638 1454 996 1520 monasterii,
1041 1469 1171 1520 quae
1209 1446 1786 1502 eontraAseulanum
1809 1441 2085 1511 Oppidum

419 1549 530 1602 sita
564 1551 674 1612 est,
709 1561 840 1598 eum
861 1543 1258 1611 portaverunt,
1283 1538 1478 1606 ibique
1503 1537 1635 1604 post
1665 1532 1963 1602 paululum
1989 1545 2084 1582 re-

415 1639 690 1704 cuperata
723 1633 993 1695 sanitate,
1021 1629 1132 1682 huc
1163 1628 1232 1680 ad
1253 1625 1670 1679 monasterium
1691 1627 2085 1675 esti-eversus

413 1741 482 1779 ae
513 1741 582 1778 ex
615 1723 940 1793 perpetrata
995 1717 1183 1786 culpa,
1216 1714 1554 1784 poenitentia
1591 1714 1848 1780 accepta,
1883 1709 2086 1776 plures

413 1815 620 1882 postea
654 1811 710 1863 in
743 1811 962 1862 sanctae
997 1804 1471 1858 conversationis
1496 1801 1696 1853 habitu
1719 1799 2087 1852 vixitannos.

497 1897 869 1968 TIIOOI'IIIi/(lS.
930 1894 1252 1948 it‘lonachus
1311 1893 1443 1958 iste,
1505 1894 1566 1941 ut
1615 1889 1806 1956 video,
1868 1886 2087 1938 idcirco

415 1988 595 2052 leoni,
621 1967 676 2038 id
711 1989 800 2038 est
832 1983 1082 2049 diabolo,
1113 1981 1426 2033 visibilitcr
1457 1977 1523 2030 ad
1561 1981 1790 2044 tempus
1843 1967 2090 2026 traditus

419 2078 533 2144 est,
569 2077 628 2127 ut
673 2071 1047 2142 postmodum
1091 2066 1467 2120 invisibiliter
1517 2064 1586 2117 ab
1624 2062 1756 2132 ejus
1801 2063 2089 2129 potestate

415 2163 658 2216 liberari
693 2161 1114 2228 inperpetuum
1151 2159 1495 2209 mereretur.

489 2251 868 2304 Desiderius.
912 2247 1014 2298 V'is
1076 2247 1244 2297 etiam
1299 2247 1355 2296 ut
1397 2257 1630 2294 narrem
1679 2240 1781 2292 tibi
1839 2237 2092 2308 qualiter

429 2339 802 2408 omnipotens
836 2337 992 2388 Deus
1025 2335 1136 2388 hoc
1166 2331 1588 2386 monasterium
1612 2330 1681 2383 de
1713 2333 2090 2397 tyrannorum

425 2429 698 2482 manibus
760 2441 996 2493 semper
1053 2425 1285 2492 eripuit,
1346 2425 1519 2490 atque
1578 2419 1649 2471 ab
1722 2417 2092 2469 inimicorum

427 2516 822 2579 infestatione,
871 2513 1096 2564 meritis
1139 2511 1290 2563 beati
1349 2510 1414 2562 Ι).
1470 2506 1792 2574 Benedicti,
1854 2505 2092 2558 dextera

428 2603 554 2641 suae
587 2585 908 2638 divinitatis
940 2584 1190 2651 protexit
1221 2583 1247 2633 ‘P

501 2671 873 2742 ΤΙιρορΙιίΙιις.
901 2669 1085 2723 Neria
1117 2669 1449 2739 quodlibet;
1485 2667 1638 2718 inam
1669 2663 1846 2717 alacri
1879 2661 2092 2728 animo,

424 2764 632 2816 devota
651 2762 839 2812 mente
863 2759 1215 2828 attentisque
1233 2757 1476 2810 auribus
1497 2771 1586 2808 me
1611 2755 1816 2807 cuncta
1837 2753 1963 2804 haec
1997 2767 2094 2803 au-

426 2851 643 2905 cultare
673 2848 967 2917 profiteor.

497 2937 874 2992 Desiderius.
913 2935 1292 3004 Pandulphus
1325 2934 1634 3002 Capuanus
1665 2931 1943 3001 princeps
1986 2927 2097 2996 (i7)

425 3025 978 3096 vit-potentissimus
995 3041 1060 3076 ac
1077 3024 1406 3076 ditissimus
1425 3021 1654 3090 fuit,qu
1673 3017 2094 3084 latrocinando,

428 3117 746 3171 humanum
779 3113 1130 3183 sanguinem
1177 3112 1493 3178 fundendo,
1538 3111 1824 3174 civitates,
1885 3107 2095 3175 Oppida

429 3222 496 3259 ac
530 3206 774 3258 aliorum
811 3203 1028 3272 praedia
1061 3201 1440 3254 circumcirca
1467 3199 1820 3252 n'iancntium
1849 3195 2097 3249 crudeli-

449 3311 516 3348 cr
533 3295 831 3358 auferens,
849 3309 957 3344 suo
974 3289 1593 3344 subdiditdominatui:
1638 3287 1855 3357 quique
1871 3290 2093 3355 stupra,

431 3383 649 3450 caedes,
684 3382 922 3449 rapinas
954 3379 1486 3445 distractionesque
1509 3377 1791 3430 bonorum
1817 3377 2098 3429 ecclesia-

385 3495 390 3500 ο
431 3488 559 3525 rum
593 3471 768 3522 multa
803 3485 906 3536 per
935 3472 1216 3536 tempora,
1267 3467 1493 3535 absque
1525 3466 1638 3517 ulla
1693 3465 2090 3530 miseratione,

429 3558 846 3612 insatiabiliter
891 3555 1172 3608 excreuit.
1233 3555 1417 3624 Igitur
1445 3569 1576 3606 eum
1635 3554 1920 3622 plurimas
1954 3569 2096 3621 opes

427 3647 646 3700 Christi
669 3645 942 3698 ecclesiis
966 3643 1247 3712 diripiens
1281 3643 1644 3710 abstulisset,
1668 3643 1856 3694 omnia
1877 3645 2092 3708 castra.

429 3735 600 3787 villas
633 3749 699 3786 ac
715 3733 935 3802 praedia
953 3731 1132 3801 hujus
1151 3731 1528 3783 monastereii
1551 3731 1861 3800 cupiditate
1886 3732 2098 3784 ductus

444 3823 735 3892 sacrilega
769 3821 1028 3887 abstulit,
1065 3821 1140 3873 ita
1187 3823 1246 3872 ut
1305 3835 1408 3871 nec
1443 3835 1620 3872 unum
1669 3819 1954 3872 rusticum
2002 3821 2096 3889 qui

433 3926 568 3964 rura
603 3911 840 3977 coleret,
869 3909 960 3962 vel
985 3925 1115 3960 rura
1145 3925 1275 3978 quae
1295 3925 1322 3960 a
1357 3909 1578 3961 rustico
1604 3907 1953 3978 colerentur,
1981 3925 2100 3962 mo-

439 3999 646 4052 nachis
681 3998 1040 4068 reliquisset.
1063 3998 1492 4066 lnsupcretiam
1511 4013 1738 4050 onmem
1759 3997 2100 4050 thesaurum

441 4087 621 4158 hujus
655 4089 1026 4141 nmnastereii
1063 4088 1337 4141 auferens
1371 4088 1713 4155 aSportavit,
1750 4103 1816 4139 ac
1853 4088 1911 4139 in
1943 4102 2098 4152 arce,

437 4195 606 4248 quam
643 4193 754 4230 non
789 4177 962 4246 longe
993 4195 1021 4228 a
1046 4177 1314 4244 Carmana
1349 4177 1513 4242 urbe,
1549 4177 1606 4227 in
1659 4181 1852 4228 monte
1913 4157 2099 4244 quis.

437 4267 684 4337 Agathte
719 4267 992 4335 martyris
1027 4267 1238 4318 dicitur
1269 4264 1399 4332 (ibi),
1437 4268 1865 4330 construxerat,
1905 4266 1958 4316 in
1992 4282 2104 4334 qua

435 4357 610 4408 multa
643 4357 826 4423 spolia
852 4355 1268 4422 orphanorum,
1307 4355 1610 4406 viduarum
1636 4359 1688 4406 et
1717 4355 2102 4406 ecclesiarum

436 4459 500 4496 ac.
525 4461 842 4513 pauperum
879 4443 1446 4509 intulerat,condens
1475 4443 1754 4511 reposuit.
1789 4441 1929 4494 Cum
1965 4459 2104 4494 vero

433 4531 552 4601 jam
587 4533 956 4600 omnipotens
995 4533 1148 4584 licus
1173 4533 1345 4583 tantis
1381 4531 1709 4583 s'a'clcribus
1745 4531 1916 4584 finem
1933 4532 2106 4584 vellet

440 4621 762 4690 imponere,
794 4623 846 4672 et
879 4621 1152 4689 lacryma‘:
1187 4625 1239 4671 et
1281 4635 1457 4672 vetes
1490 4621 1860 4687 '._"uq‘iilloi"iiin,
1899 4621 2108 4672 vidua—
2137 4645 2180 4692 ,j

440 4727 571 4762 rum
607 4727 672 4761 ac
710 4725 1054 4778 pauperum,
1111 4725 1217 4760 nec.
1267 4724 1382 4760 non
1425 4710 1722 4760 orationes
1783 4726 2109 4779 precesque

442 4814 754 4852 servorum
790 4798 913 4864 Dei,
951 4797 1007 4848 in
1039 4799 1358 4866 conspectu
1385 4797 1714 4850 Divinitatis
1743 4798 1873 4866 ejus
1909 4814 2112 4871 essent

440 4885 741 4953 admissae,
779 4885 1226 4953 sieutscriptum
1249 4887 1369 4937 est:
1402 4886 1516 4936 (λον
1539 4887 1704 4954 regis
1733 4887 1977 4939 inmane
2003 4889 2117 4943 Dei

438 4981 528 5028 est
544 4975 750 5042 (Prov.
769 4991 889 5038 xxx,
909 4973 979 5040 li:
1003 4973 1254 5026 Conradi
1273 4974 1644 5042 imperatoris
1663 4977 1836 5027 menti
1855 4977 2112 5045 inSpira-

439 5063 538 5131 vit,
579 5067 632 5115 ut
667 5063 734 5115 ad
789 5062 1169 5114 vindicandas
1204 5061 1334 5130 ejus
1369 5063 1656 5114 ecclesias
1693 5080 1758 5116 ac.
1793 5064 1862 5116 de
1915 5071 2112 5135 tyran-

438 5165 646 5202 norum
681 5151 950 5202 manibus
985 5151 1279 5204 eruendas
1305 5149 1523 5203 Italiam
1559 5152 1832 5206 revisens
1869 5154 2112 5208 Romam

439 5238 664 5290 veniret.
720 5241 894 5298 (mmo
955 5239 1130 5302 10:38).
1176 5239 1318 5292 ("lum
1353 5241 1532 5310 igitur
1581 5257 1793 5311 magno
1852 5243 2113 5296 exercitu

440 5327 1395 5398 congregatoltaliamingrediens
1415 5330 1656 5382 Romam
1685 5331 1967 5401 venisset,
2004 5348 2111 5403 0p~

511 5484 625 5554 (t7)
653 5485 834 5538 Istum
855 5487 1264 5561 Pandulphum
1285 5487 1473 5561 fuisse
1497 5492 1767 5558 quartum
1794 5491 2118 5561 principem

445 5557 806 5636 tlapiianum,
842 5557 944 5636 qui
1140 5574 1239 5636 an.
1280 5560 1430 5636 i090,
1453 5557 2118 5636 _docet_eruditissiinus

443 5628 648 5706 Camil.
687 5627 910 5706 Peregz
931 5627 988 5681 in
1023 5628 1918 5706 I-tistor.__principumnLangob.
1969 5634 2114 5706 Ejus

445 5703 612 5772 gesta
646 5700 852 5756 recitat
887 5699 1007 5755 lico
1041 5705 1178 5768 ost.,
1209 5699 1311 5754 lib.
1347 5719 1384 5754 ιι
1409 5717 1534 5773 cap.
1570 5700 1658 5772 60,
1693 5699 1885 5776 64,84;
1919 5709 1972 5760 et
2003 5699 2118 5762 Ba-

2205 635 2554 704 I’andulpho
2569 633 2838 702 principi,
2867 631 2979 698 cui,
2999 631 3220 684 utbona
3238 629 3296 692 Β,
3323 629 3586 682 Benedicti
3609 629 3779 698 injuste

2208 741 2238 776 a
2278 741 2344 777 se
2402 713 2778 776 ablatacmni
2828 720 3156 789 postposita
3193 735 3368 784 mora,
3400 717 3705 782 restitueret,
3745 723 3788 769 et

2207 813 2439 866 nobiles
2464 810 2556 863 vel
2589 809 2908 879 cujuslibet
2933 808 3170 878 generis
3195 807 3371 872 viros,
3400 821 3534 875 quos
3555 809 3720 872 captos
3739 819 3788 856 ac

2207 915 2420 969 magno
2447 897 2588 950 ferri
2621 897 2879 965 pondere
2926 909 3225 947 connexos
3266 893 3468 945 multos
3513 892 3564 944 in
3605 907 3790 944 carcere

2208 987 2528 1054 detinebat,
2588 986 2919 1052 dimitteret,
2983 997 3307 1052 omnesque
3351 997 3441 1034 res
3487 979 3682 1032 illorum
3725 979 3790 1031 eis

2209 1077 2556 1130 festinanter
2589 1075 2875 1140 redderet,
2903 1088 3006 1142 per
3029 1072 3266 1125 eosdem
3299 1071 3451 1122 viros
3473 1069 3629 1121 voluit
3655 1069 3793 1137 impe-

2209 1180 2338 1216 rare
2373 1183 2388 1226 ,-
2421 1179 2554 1214 nam
2579 1161 2850 1214 voluntas
2879 1159 3146 1214 veniendi
3182 1159 3253 1210 ad
3275 1159 3382 1210 has
3409 1161 3587 1226 partes
3615 1156 3795 1206 minime

2211 1253 2400 1305 animo
2443 1251 2576 1322 ejus
2611 1250 2926 1316 insederat,
2961 1251 3012 1301 si
3045 1264 3111 1301 ea
3143 1248 3420 1316 perlicere
3471 1249 3648 1314 posset
3697 1259 3795 1311 qua:

2212 1357 2318 1410 per
2340 1341 2618 1409 praefatos
2668 1339 2830 1391 viros
2871 1338 3058 1390 eidem
3105 1335 3437 1404 [’andulpho
3468 1333 3798 1402 pra-cipieliat.

2213 1430 2326 1482 Sed
2360 1429 2518 1482 Deus
2543 1429 2933 1496 omnipotens,
2971 1426 3068 1495 qui
3092 1441 3194 1477 cor
3225 1423 3539 1476 Pharaonis
3569 1420 3800 1472 induravit

2214 1519 2286 1571 ob
2303 1517 2478 1570 multa
2499 1533 2628 1585 quae
2653 1516 2710 1568 in
2737 1515 3013 1584 pepulum
3039 1515 3138 1566 Dei
3160 1513 3288 1566 sine
3314 1529 3484 1564 eausa
3507 1511 3804 1579 irrogavcrat

2213 1607 2379 1670 mala,
2417 1609 2477 1658 ut
2511 1605 2854 1657 Mosiservo
2871 1619 2977 1656 suo
2993 1603 3163 1671 signa
3188 1597 3806 1670 etprodigiamirabiliter

2214 1694 2544 1748 ostendenti
2566 1709 2678 1746 non
2696 1691 3268 1760 ercderet(Exod.x,
3295 1690 3366 1757 '1),
3385 1687 3650 1740 induravit
3677 1685 3806 1737 etiam

2214 1787 2267 1836 et
2283 1799 2385 1836 eor
2401 1782 2591 1846 istius,
2612 1779 2950 1850 nejussioni
2989 1779 3379 1848 imperatoriae
3395 1776 3658 1829 obediret.
3675 1773 3808 1824 (Ium-

2215 1887 2326 1941 que
2359 1871 2396 1922 ii
2415 1871 2512 1940 qui
2531 1871 2698 1922 missi
2713 1869 2783 1921 ab
2801 1870 3150 1936 imperatore
3173 1865 3648 1932 fuerantCapuam
3667 1859 3812 1913 venis-

2215 1963 2366 2024 sent,
2385 1959 2584 2010 multis
2601 1975 2730 2010 cum
2747 1958 2950 2010 eodem
2966 1955 3314 2024 Pandulpho
3341 1953 3532 2006 verbis
3547 1952 3730 2003 frustra
3745 1948 3812 1999 lia-

2217 2047 2446 2100 bitis.ad
2463 2049 2870 2116 imperatorem
2887 2047 3016 2098 sine
3031 2043 3238 2098 effectu
3255 2043 3478 2096 reversi
3495 2040 3812 2098 suntAtvero

2216 2139 2524 2206 postquam
2543 2137 2859 2205 imperator
2874 2151 2938 2188 se
2959 2137 3356 2204 contemptum
3384 2150 3414 2184 a
3437 2131 3676 2200 principe
3691 2126 3812 2190 vidit,

2220 2227 2305 2278 ira
2340 2229 2690 2292 commotus,
2719 2225 2902 2276 Itonia
2933 2223 3194 2277 exercitu
3227 2225 3384 2274 moto
3403 2219 3709 2291 egrediens,
3735 2215 3816 2266 Ca-

2219 2314 2414 2366 sinum
2449 2313 2625 2365 venit.
2666 2329 2730 2365 ac
2763 2312 2832 2364 ad
2861 2312 2920 2364 ll.
2949 2313 3012 2364 Ρ.
3051 2311 3354 2364 Benedicti
3385 2310 3570 2361 limina
3589 2319 3820 2358 conscen-

2219 2404 2318 2455 dit.
2353 2401 2527 2455 Facta
2561 2401 2704 2454 hora
2737 2400 2984 2453 fratrum
3001 2399 3323 2468 capitulum
3355 2397 3595 2462 intravit,
3620 2407 3818 2462 congre-

2221 2492 2493 2561 gatisque
2529 2491 2583 2541 in
2644 2506 2820 2542 unum
2859 2489 3158 2556 fratribus,
3220 2491 3282 2540 ut
3315 2502 3424 2555 pro
3456 2501 3518 2538 se
3575 2482 3824 2535 Dominum

2223 2583 2622 2646 precarentur,
2649 2579 2880 2648 rogavit
2905 2593 2919 2646 ;
2945 2577 3142 2646 ibique
3177 2591 3377 2629 coram
3415 2575 3500 2627 eis
3533 2574 3692 2625 Deum
3719 2569 3823 2620 bea-

2223 2675 2462 2736 tumque
2497 2667 2876 2719 Benedictum
2909 2681 3021 2717 non
3055 2665 3127 2717 ob
3159 2663 3320 2715 aliud
3355 2679 3420 2716 se
3443 2663 3512 2714 ad
3541 2661 3640 2714 has
3675 2661 3825 2728 partes

2224 2756 2485 2824 venisse,
2521 2756 2634 2808 nisi
2663 2759 2721 2808 ut
2753 2754 2885 2824 ejus
2918 2753 3340 2806 monasterium
3374 2753 3443 2805 de
3476 2765 3634 2802 manu
3663 2744 3826 2798 crude-

2223 2844 2436 2897 lissimi
2471 2843 2698 2914 tyranni
2729 2845 3001 2912 eriperet,
3025 2844 3274 2894 testatus
3290 2845 3399 2894 est.
3423 2833 3828 2892 Deindcbenedi-

2223 2933 2415 2986 ctione
2449 2933 2620 3002 petita
2643 2931 2774 2984 inde
2799 2929 3390 3002 ingressusCapuam
3404 2929 3582 2991 venit;
3603 2924 3829 2978 satellites

2225 3038 2363 3074 vero
2395 3021 2620 3090 praefati
2669 3019 2983 3089 principis,
3021 3019 3118 3088 qui
3165 3017 3511 3072 monasterii
3551 3017 3686 3068 bona
3733 3010 3832 3080 ejus

2223 3111 2472 3178 imperio
2506 3109 2575 3161 ad
2610 3109 2895 3162 suiusum
2927 3107 3283 3176 detinebant,
3320 3111 3620 3177 postquam
3641 3103 3702 3154 de
3744 3103 3834 3151 Au-

2228 3199 2386 3269 gusti
2419 3198 2672 3251 adventu
2707 3197 3011 3251 certitieati
3063 3197 3495 3264 cognoverunt,
3545 3205 3726 3247 omnes
3751 3187 3837 3240 huc

2229 3287 2485 3355 illucque
2520 3287 2817 3356 fugientes
2850 3285 3110 3354 dispersi
3143 3288 3302 3338 sunt.
3339 3285 3552 3354 Sicque
3571 3281 3756 3333 factum
3775 3277 3838 3327 est

2229 3379 2288 3428 ut
2319 3375 2740 3428 monasterium
2771 3376 2962 3428 omnia
2998 3379 3212 3442 castra,
3247 3374 3424 3426 villas
3456 3389 3519 3424 ac
3541 3368 3735 3440 praedia
3754 3361 3838 3416 sibi

2229 3464 2416 3516 ablata
2451 3479 2566 3517 uno
2597 3465 2691 3516 die
2738 3465 3046 3532 reciperet,
3083 3466 3137 3516 et
3167 3479 3234 3517 ea
3269 3479 3406 3534 quae
3439 3462 3514 3515 ibi
3548 3459 3616 3512 ad
3644 3457 3844 3509 alienum

2229 3569 2400 3606 usum
2433 3553 2684 3606 ministri
2717 3553 3008 3606 scelerum
3053 3553 3567 3623 congregaverant
3597 3549 3648 3600 in
3681 3541 3839 3598 mona-

2228 3643 2470 3696 chorum
2505 3645 2854 3713 potestatem
2878 3643 3240 3696 devcnirent.
3281 3641 3454 3695 Unde
3485 3641 3572 3694 cis
3605 3637 3728 3692 mihi
3751 3645 3850 3686 con.

2229 3733 2441 3803 tigisse
2459 3733 2687 3785 videtur
2713 3731 2849 3785 illud
2867 3731 3018 3801 quod
3050 3731 3190 3783 [3.1’.
3209 3731 3568 3784 Benedictus
3591 3725 3843 3796 discipulis

2231 3823 2357 3874 suis
2382 3839 2450 3876 ex
2493 3822 2686 3891 inopia
2717 3837 2929 3891 panum
2953 3821 3326 3874 tristantibus
3363 3821 3500 3873 olim
3519 3818 3844 3890 praedixerat:

2237 3911 2307 3962 Ut
2339 3911 2513 3964 hodie
2533 3911 2749 3980 minus,
2772 3909 3026 3964 crastina
3043 3926 3182 3963 vero
3207 3910 3576 3964 abundanter
3597 3905 3846 3962 haberent.

2237 3999 2532 4052 Praefatus
2557 4000 2738 4069 igitur
2767 3999 3348 4070 AugustusCapuam
3367 3994 3850 4070 ingressus,eidcm

2239 4088 2576 4156 Pandulpho
2610 4087 2973 4157 principatus
3004 4089 3290 4142 honorem
3327 4088 3624 4154 auferens,
3655 4085 3850 4137 alterum

2237 4177 2290 4228 in
2326 4177 2515 4229 locum
2551 4177 2682 4246 ejus
2717 4178 3036 4230 constituit.
3063 4176 3197 4244 Ipse
3219 4193 3366 4230 vero
3393 4177 3452 4229 in
3487 4191 3690 4238 arcem,
3721 4182 3854 4241 quam

2237 4267 2286 4318 in
2317 4271 2510 4319 monte
2543 4269 2600 4318 ὃ.
2633 4267 2880 4336 Agathae
2903 4266 3174 4335 martyris
3199 4282 3436 4319 summo
3463 4265 3650 4317 studio
3674 4261 3854 4314 numie-

2241 4359 2343 4422 rat,
2376 4371 2446 4408 ex
2481 4355 2682 4407 eadem
2699 4355 3113 4424 urbefugicns,
3138 4371 3202 4407 se
3219 4355 3487 4408 contulit.
3515 4351 3674 4408 Unde
3703 4347 3856 4404 divina

2236 4445 2623 4514 dispositione
2665 4445 2906 4514 contigit
2953 4447 3012 4497 ut
3071 4445 3262 4496 omnia
3319 4461 3456 4514 qua}
3489 4435 3856 4498 latrocinando,

2243 4553 2251 4601 ε
2279 4533 2579 4602 ejerando,
2617 4533 3044 4602 multorumque
3077 4549 3350 4588 cruorem
3387 4533 3682 4587 innoxium
3711 4524 3858 4582 ellua-

2238 4621 2448 4688 dendo,
2467 4621 2639 4673 multa
2661 4637 2767 4690 per
2784 4625 3038 4688 tempora
3057 4622 3438 4690 acquisierat,
3459 4622 3515 4674 in
3531 4619 3704 4688 spatio
3723 4613 3860 4667 unius

2239 4711 2581 4778 septimanae
2617 4711 2903 4763 amitteret
2937 4725 2946 4761 :
2975 4709 3236 4778 nihilque
3261 4711 3382 4762 sibi
3415 4727 3490 4763 ex
3517 4713 3594 4762 tot
3624 4713 3675 4760 et
3723 4699 3862 4756 tantis

2239 4799 2546 4869 acquisitis
2579 4798 2932 4866 municipiis,
2957 4803 3171 4866 [n'aeter
3202 4815 3402 4852 arcem
3427 4815 3598 4868 quam
3629 4788 3863 4864 praedixi-

2246 4905 2396 4954 mus,
2433 4892 2778 4952 rcmaneret,
2813 4891 2868 4940 et
2899 4889 2996 4956 qui
3020 4889 3233 4940 multos
3267 4888 3526 4941 aliorum
3559 4889 3732 4946 natos,
3762 4875 3862 4931 suis

2241 4977 2452 5030 ablatis
2469 4977 2670 5044 rebus,
2691 4976 3020 5028 mendicare
3038 4980 3334 5047 coegerat,
3354 4977 3457 5046 qui
3477 4991 3628 5030 exeo
3651 4967 3866 5026 ortisuat

2241 5081 2430 5136 usque
2463 5065 2633 5119 hodie
2651 5066 2762 5118 huc
2787 5065 3039 5134 illucque
3063 5065 3462 5119 mendicatum
3483 5065 3734 5134 pergant.
3754 5057 3863 5118 Quae

2241 5156 2430 5208 omnia
2455 5155 2678 5207 meritis
2694 5155 3062 5208 PLBenedicti
3079 5155 3192 5207 sibi
3215 5156 3501 5208 evenisse
3517 5155 3648 5223 quis
3662 5145 3861 5206 dubitet:

2243 5245 2416 5314 cujus
2441 5244 2568 5312 ipse
2594 5245 2762 5310 bona,
2789 5244 2984 5313 iniqua
3009 5244 3222 5298 ductus
3237 5245 3576 5311 cupiditate,
3622 5233 3862 5292 distraxit.

2321 5332 2692 5403 Thrapliilus.
2729 5332 2809 5385 De
2841 5333 2950 5386 hac
2993 5348 3056 5386 re
3101 5333 3340 5386 minime
3373 5329 3746 5386 dubitandum
3783 5321 3863 5376 est.

2239 5510 2389 5556 ron.,
2419 5511 2570 5547 anno
2605 5493 2761 5561 1038,
2796 5511 2952 5548 num.
2985 5493 3037 5548 3.
3795 5553 3803 5561 ,
3839 5549 3846 5556 .

2313 5553 2424 5633 (18)
2471 5565 2640 5618 Mons
2686 5553 2759 5619 Si
2788 5566 3036 5633 Agathee
3077 5581 3230 5620 nunc
3275 5562 3501 5617 dicitur
3544 5561 3602 5616 S.

2408 5617 2482 5692 'S.
2515 5617 3308 5710 casus,imaginamur
3341 5635 3402 5688 in
3451 5635 3570 5689 not.
3605 5631 3672 5686 ad
3699 5627 3753 5682 S.
3791 5617 3867 5676 0t-
