3926 6146
198 314 298 381 977

1458 299 1832 365 DIAI.OGI.
1881 334 1959 351 --
2014 299 2167 365 LIB.
2238 298 2290 376 ι,

3470 294 3598 369 978

196 511 393 584 quando
422 525 607 563 coram
641 507 917 561 fratribus
938 507 1220 576 praefatus
1258 504 1576 572 imperator
1600 517 1715 555 non
1737 500 1810 554 ob
1846 482 1896 543 Α
1932 502 2158 564 verant;
2186 498 2291 552 sed
2344 498 2502 552 foras
2540 499 2797 569 egressi,
2832 497 3294 568 saeculos,quos
3316 497 3593 567 impleve—

194 601 341 665 aliud,
379 598 485 651 nisi
506 598 575 651 ob
606 596 1007 651 defensionem
1027 595 1224 649 Sancti
1248 593 1549 648 Benedicti
1575 606 1812 645 monas-

194 689 301 743 terii
330 703 391 741 se
426 688 657 739 ltomam
688 686 977 739 transisse
1009 687 1254 738 testatus
1287 686 1395 737 est.

250 776 593 830 Desiderius.
643 775 771 827 Alio
810 778 1075 843 tempore
1145 773 1320 840 (anno
1373 772 1528 839 1049)
1576 771 1811 840 quidam

191 865 482 934 Capuanus,
507 863 885 933 Pandulphus
921 862 1177 930 nomine,
1210 861 1476 914 collectis
1512 875 1582 913 ex
1605 861 1812 913 amicis

191 958 237 1007 et
263 953 453 1005 vicinis
484 952 733 1021 undique
763 951 1083 1021 equitibus,
1118 966 1184 1002 ac
1219 965 1333 1003 non
1360 965 1542 1017 parvo
1567 948 1812 1001 militum

190 1056 399 1095 numero
418 1039 1106 1110 congregato,castetlum
1122 1037 1304 1107 hujus
1323 1037 1662 1090 monasterii
1681 1053 1812 1105 quae

187 1129 390 1181 Concha
414 1127 882 1195 dicitur,diabole
898 1126 1236 1196 instigante,
1253 1124 1497 1195 aggredi
1518 1142 1582 1177 ac
1605 1139 1813 1193 capere

187 1215 487 1270 conabatur.
520 1214 625 1279 Qui
662 1231 691 1268 e
729 1216 1003 1283 Capuana
1036 1215 1181 1267 urbe
1215 1214 1342 1266 suis
1375 1228 1505 1264 cum
1540 1211 1810 1281 sequaci-

186 1306 296 1368 bus,
322 1303 583 1356 inclinato
599 1302 720 1373 jam
742 1304 809 1355 ad
831 1318 1141 1372 veSperam
1164 1302 1274 1368 die,
1299 1315 1609 1372 egressus,
1633 1302 1811 1367 utpcr

185 1395 332 1445 totam
376 1396 598 1444 noctem
654 1391 1058 1458 deambulans,
1128 1394 1438 1459 antequam
1500 1389 1628 1441 dies
1675 1388 1808 1441 illu-

186 1483 432 1547 cescoret,
467 1481 695 1533 cunctis
728 1480 918 1532 adhuc
952 1495 1162 1533 secure
1197 1479 1312 1531 illic
1354 1477 1805 1545 dormientibus,

183 1568 489 1636 praedictum
522 1567 829 1623 castellum
861 1568 1108 1638 aggredi
1141 1571 1423 1635 etcapere
1446 1570 1667 1635 posset,
1694 1566 1807 1618 iter

180 1657 409 1727 arripuit.
440 1656 581 1710 Cum
613 1643 754 1710 ve'ro
785 1657 1021 1727 egressi
1047 1656 1211 1723 urbe,
1239 1655 1659 1725 aliquantulum
1680 1670 1807 1723 pro-

178 1745 497 1813 cessissent,
531 1749 706 1816 atque
748 1746 805 1798 in
841 1760 973 1799 eum
1005 1745 1220 1812 locum,
1271 1761 1344 1799 ex
1375 1761 1491 1815 quo
1540 1744 1654 1812 ipsi
1684 1743 1807 1812 jam

177 1833 339 1886 nonin
369 1833 474 1901 die,
501 1835 608 1887 sed
642 1835 699 1887 in
726 1836 915 1901 nocte,
937 1849 1008 1887 ne
1028 1835 1098 1886 ab
1122 1833 1418 1904 aliquibus
1442 1833 1803 1900 viderentur,
1836 1851 1882 1921 Β

178 1922 438 1975 ambulare
472 1921 912 1992 disposuerant,
940 1922 1374 1991 pervenissent,
1397 1922 1484 1974 eis
1506 1919 1806 1990 paululum

179 2008 240 2061 ibi
265 2011 703 2079 remorantibus,
731 2014 920 2080 optata
942 2026 1058 2065 nox
1082 2010 1445 2079 supervenit.
1466 2008 1595 2077 Qui,
1622 2012 1681 2062 ut
1706 2009 1807 2062 filii

179 2098 530 2167 tenebrarum,
554 2100 747 2171 magis
768 2100 1041 2154 tenebras
1061 2115 1231 2169 quam
1258 2099 1445 2152 lucem
1468 2098 1802 2169 diligentes,

174 2201 229 2239 ac
257 2187 377 2240 iliud
405 2189 553 2258 quod
582 2175 869 2242 Dominus
907 2189 962 2240 in
998 2187 1318 2259 Evangelio
1343 2187 1511 2240 dicit:
1543 2186 1652 2251 Qui
1683 2203 1806 2240 am-

178 2274 314 2328 bulat
348 2277 404 2328 in
432 2283 620 2345 nocte,
671 2275 918 2330 oﬂendit
950 2277 1138 2346 (Joan.
1190 2278 1293 2346 χι).
1340 2276 1576 2329 minime
1619 2281 1806 2329 atten-

176 2363 371 2431 dentes,
403 2382 506 2433 per
535 2382 747 2435 agrum
779 2367 953 2420 unius
980 2366 1137 2419 fundi
1161 2365 1804 2435 ccepcruntambulare,

181 2454 226 2504 et
249 2452 310 2504 ad
350 2453 715 2507 invasionem
747 2455 976 2523 praefati
1010 2454 1187 2508 castri
1218 2454 1568 2523 quantocius
1600 2469 1805 2523 prepe-

178 2555 303 2593 rare.
328 2540 501 2612 Igitur
533 2542 706 2613 equis
730 2543 1059 2597 calcaribus
1083 2543 1424 2607 cruentatis,
1449 2545 1607 2595 recto
1628 2558 1692 2596 se
1719 2543 1805 2594 iti-

176 2644 289 2682 nere
304 2630 381 2684 ire
396 2635 800 2702 putantes,per
816 2634 986 2685 totam
1004 2634 1230 2685 noctem
1243 2631 1585 2700 praedictum
1600 2647 1806 2701 agrum

177 2718 564 2788 discurrentes,
621 2720 1044 2773 circumierunt
1091 2720 1243 2790 (18‘).
1296 2721 1411 2773 Sed
1463 2720 1660 2787 operis
1703 2720 1807 2771 Dei

180 2807 393 2861 mirabili
432 2810 825 2878 dispositione
861 2809 1010 2862 facto
1044 2824 1232 2874 mane,
1266 2808 1343 2861 ibi
1377 2823 1441 2861 se
1473 2825 1577 2862 eos
1609 2808 1706 2861 ubi
1741 2823 1806 2861 se

178 2912 272 2950 uox
298 2903 520 2967 ceperat
572 2899 944 2967 invenerunt;
978 2900 1184 2968 sicque
1215 2898 1303 2951 eis
1334 2914 1465 2967 quae
1503 2898 1809 2966 cupierunt

175 2983 425 3056 frustrati,
461 2988 699 3041 confusi
722 3003 789 3040 ac
822 2986 1167 3040 mirabiliter
1196 2985 1441 3058 fatigati,
1478 2985 1546 3038 ad
1568 2987 1806 3039 domum

175 3088 314 3128 suam
346 3077 507 3129 vacui
542 3079 683 3128 sunt
704 3076 950 3129 reversi.

229 3164 341 3217 Alio
364 3182 595 3235 quoque
630 3167 891 3233 tempore
923 3163 1057 3233 (‘19),
1094 3164 1230 3217 dum
1262 3152 1590 3233 piscatores
1622 3162 1804 3233 hujus

229 3204 341 3217 ..ην
364 3204 595 3235 quoque
634 3204 891 3233 .υ...,,ν.ν
924 3204 1057 3233 μιν,
1094 3204 1230 3217 ιω...
1265 3204 1590 3233 μωμηνωυ
1625 3204 1804 3233 ..μέμυ

176 3255 480 3307 monasterii
514 3256 664 3308 retia
690 3253 746 3306 in
778 3269 958 3323 mare,
994 3254 1092 3324 qui
1117 3253 1313 3322 pisces
1336 3254 1405 3305 ad
1427 3204 1887 3305 refectionem“3

176 3338 384 3395 fratrum
417 3346 716 3413 caperent,
764 3343 1090 3409 misissent,
1122 3343 1521 3396 Nertmannus
1545 3342 1804 3411 quidam,

175 3436 336 3483 mente
360 3432 616 3485 tumidus
636 3448 704 3485 ac
727 3432 961 3485 inflatus
981 3430 1279 3500 superbia,
1305 3430 1657 3483 furibundus
1680 3428 1806 3498 spi-

171 3516 282 3585 ritu,
313 3520 672 3588 supervenit,
708 3522 842 3573 etut
875 3523 1011 3573 sunt
1034 3519 1105 3573 ad
1135 3520 1393 3588 rapinam
1427 3519 1602 3586 avidi,
1624 3518 1693 3570 ad
1716 3520 1805 3570 in-

174 3605 405 3659 vadenda
422 3609 611 3661 aliena
628 3609 779 3661 bona
793 3608 1414 3677 inexplebiliteranxii,
1432 3608 1810 3676 comprehcn-

169 3706 281 3745 sum
300 3712 467 3749 unum
487 3713 567 3751 ex
589 3696 1005 3765 piscatoribus,
1031 3696 1441 3750 vestimentum
1457 3697 1529 3763 ei,
1547 3711 1663 3766 quo
1686 3700 1810 3748 erat

169 3779 398 3851 indutus,
416 3785 730 3852 abstraxit,
763 3785 995 3854 sibique
1029 3801 1162 3839 mox
1186 3786 1399 3849 induit;
1423 3785 1632 3838 deinde
1647 3785 1808 3837 navi-

170 3871 333 3924 calam
364 3874 706 3945 ingressus,
741 3874 1093 3943 piscatorem
1127 3890 1342 3944 cogere
1375 3874 1569 3944 coepit,
1593 3874 1810 3928 utretia

171 3973 231 4012 ex
251 3964 354 4017 alto
376 3965 680 4031 educeret,
706 3967 996 4034 quatenus
1019 3964 1239 4033 pisces,
1273 3965 1373 4034 qui
1404 3964 1460 4016 in
1479 3964 1567 4017 eis
1589 3963 1809 4017 inventi

170 4056 365 4120 essent,
392 4069 593 4108 secum
609 4053 964 4106 abstrahens
980 4052 1330 4123 deportaret.
1346 4054 1607 4123 Cumque
1624 4053 1812 4121 pisca-

173 4139 250 4191 tor
288 4146 575 4209 renuerct,
612 4144 667 4195 et
707 4157 773 4195 se
804 4142 1002 4210 pisces
1034 4141 1106 4194 ad
1139 4142 1581 4208 monachorum,
1602 4156 1718 4194 non
1742 4141 1811 4194 ad

173 4225 645 4285 Nortmannorum
668 4229 1049 4284 refectionem
1069 4246 1278 4300 capere
1313 4230 1459 4284 velle
1486 4246 1552 4284 se
1568 4230 1808 4299 diceret,

173 4316 317 4371 valde
347 4335 547 4374 cazsus
561 4319 633 4372 ab
648 4319 853 4373 eodem
872 4319 1234 4373 Nortmanno
1253 4319 1310 4372 in
1334 4335 1491 4373 mare
1510 4317 1814 4388 projectus

173 4410 266 4457 est.
297 4410 437 4462 (tum
468 4423 612 4462 vero
658 4409 812 4461 idem
854 4408 1256 4461 Nortmanuus
1296 4408 1548 4476 piscium
1595 4408 1814 4476 praedae

173 4494 360 4548 avidus
388 4499 532 4551 retia
553 4512 626 4550 ex
647 4496 761 4551 alto
776 4512 883 4566 per
903 4496 1285 4565 semetipsum
1302 4496 1531 4550 trahere
1549 4498 1603 4550 et
1618 4496 1817 4565 pisces

1933 592 2081 657 rant,
2115 589 2313 641 levare
2338 588 2525 641 conati
2546 587 2780 640 minime
2798 588 3129 655 potuerunt;
3163 586 3371 639 deinde
3393 586 3594 639 relicta

1933 676 2165 729 sarcina
2190 680 2477 729 tentantes
2507 677 2736 746 fugere,
2760 691 2863 745 per
2884 677 3059 728 totam
3082 678 3306 727 noctem
3333 675 3441 727 hac
3459 674 3592 727 illae

1935 783 2040 835 per
2071 767 2323 818 claustra
2345 766 2687 817 monasterii
2718 763 3181 831 deambulantes,
3205 762 3362 815 foras
3386 763 3592 831 egredi

1935 855 2265 908 nullatenus
2282 854 2607 906 valuerunt.
2627 853 2812 923 igitur
2828 852 2979 904 facto
2994 867 3182 916 mane,
3205 866 3333 903 cum
3358 866 3423 902 se
3444 850 3593 903 intra

1935 943 2275 997 monasterii
2324 943 2579 995 claustra
2625 941 3058 1008 conspicerent,
3092 939 3297 991 timore
3331 936 3594 990 exterriti

1933 1048 2001 1086 ac
2033 1032 2125 1084 sui
2159 1034 2356 1085 reatus
2390 1031 2634 1098 conscii,
2671 1030 2805 1098 quid
2825 1028 3019 1082 facere
3052 1026 3411 1080 nesciebant.
3434 1013 3621 1077 Tan-Q

1932 1122 2061 1175 dem
2095 1124 2325 1188 reperto
2350 1120 2498 1172 inter
2529 1135 2593 1171 se.
2618 1119 2885 1183 consilio,
2920 1119 3204 1168 exeuntes
3238 1129 3343 1183 per
3366 1117 3588 1182 portam

1932 1210 2290 1272 monasterii,
2347 1209 2396 1261 si
2430 1224 2543 1277 quo
2590 1208 2761 1260 modo
2795 1208 3039 1274 possent
3090 1203 3363 1270 evadere,
3419 1201 3591 1272 quasi

1927 1301 2068 1354 nihil
2103 1299 2235 1351 mali
2266 1301 2640 1367 perpetrasse
2674 1295 3031 1359 viderentur,
3070 1292 3322 1359 caeteris,
3361 1306 3444 1353 se,
3489 1290 3590 1359 qui

1926 1389 1997 1441 de
2028 1387 2384 1441 monasterio
2417 1386 2485 1437 ad
2511 1383 2973 1454 quodlibeLOpus
2989 1379 3466 1450 egrediebantur,
3481 1377 3585 1429 mi-

1924 1480 2224 1541 scuerunt,
2276 1478 2330 1528 et
2362 1476 2515 1527 lento
2562 1473 2729 1541 pede,
2764 1486 2835 1523 ne
2879 1470 3070 1538 aliqua
3099 1468 3170 1520 de
3202 1467 3287 1519 eis
3320 1465 3585 1534 suspicio

1923 1567 2201 1632 oriretur,
2229 1566 2540 1633 carpentes
2572 1563 2701 1629 iter,
2730 1558 2882 1612 haud
2918 1556 3288 1627 longiuscule
3322 1570 3353 1606 a
3384 1569 3585 1607 mona-

1924 1654 2106 1709 sterio
2140 1653 2546 1706 substiterant.
2573 1652 2716 1703 Cum
2750 1649 2967 1701 interea
2994 1645 3268 1699 cellarius
3301 1642 3585 1696 fratribus

1924 1744 2096 1797 solita
2121 1741 2408 1811 stipendia
2428 1738 2808 1809 praebiturus,
2836 1736 3134 1789 cellarium
3153 1732 3584 1802 ingrederetur,

1924 1832 2179 1886 refertos
2211 1818 2344 1883 ante
2383 1831 2599 1883 aditum
2643 1825 2918 1878 sacculos
2952 1822 3192 1887 invenit,
3227 1824 3282 1873 et
3313 1821 3581 1887 miratus,

1921 1922 2324 1992 iguorausque
2348 1918 2485 1989 quid
2518 1920 2699 1983 esset,
2727 1928 2977 1984 quaeque
3003 1910 3232 1964 condita
3252 1907 3582 1978 requisivit.

1922 2009 2064 2063 Cum
2106 2012 2298 2062 autem
2346 2007 2604 2076 reposita
2656 2003 2843 2056 ablata
2891 2000 3284 2067 conspiceret,
3318 1996 3583 2050 turbatus

1922 2099 2154 2163 damno,
2175 2098 2334 2150 foras
2355 2111 2666 2166 egressus,
2689 2090 2968 2162 quidquid
2987 2087 3336 2157 perdiderat,
3357 2086 3414 2137 in
3438 2083 3586 2154 ipsis

1921 2188 2179 2242 saeculis
2212 2186 2471 2254 reperiit.
2506 2183 2632 2249 Qui,
2666 2180 3045 2234 vehementer
3075 2176 3353 2228 attonitus
3388 2176 3443 2226 et
3464 2172 3586 2243 jam

1920 2279 2059 2347 Quid
2091 2275 2625 2344 essetintelligens,
2654 2286 2789 2323 mox
2807 2264 3145 2320 convocatis
3168 2262 3237 2314 ad
3263 2277 3328 2313 se
3352 2260 3585 2313 duobus

1922 2354 2014 2421 v'el
2049 2366 2236 2419 tribus
2264 2363 2487 2432 pueris,
2505 2375 2608 2429 per
2630 2359 2781 2409 viain
2802 2352 3104 2424 vergentis
3123 2350 3402 2403 deorsum
3422 2362 3584 2400 mon-

1923 2458 2018 2526 tis,
2053 2457 2106 2509 si
2138 2455 2285 2507 forte
2307 2447 2671 2504 latrunculos
2704 2445 2804 2515 qui
2838 2443 2893 2495 id
2938 2439 3296 2494 admiserant
3320 2435 3583 2489 invenire

1921 2523 2423 2617 possent,mittere
2439 2534 2779 2591 curavit.llli
2798 2529 3172 2601 autemjussa
3196 2523 3582 2594 complentes,

1922 2615 2053 2688 cum
2068 2629 2423 2685 monasterio
2440 2625 2672 2697 egressi
2700 2622 2997 2693 paululum
3029 2615 3584 2687 processissent,re-

1923 2725 2199 2792 per-erunt
2232 2720 2363 2772 illos
2388 2716 2555 2787 juxta
2600 2714 2826 2766 stantes
2856 2711 2912 2761 in
2945 2698 3074 2776 ipso
3104 2705 3311 2757 itinere
3342 2702 3579 2754 montis.

1921 2788 2183 2881 Dumque
2209 2809 2332 2880 jam
2365 2820 2511 2876 pene
2543 2799 3013 2872 pertransissent
3043 2811 3168 2862 eos,
3196 2808 3263 2845 ac
3284 2790 3502 2844 nullam
3526 2788 3584 2841 in

1921 2918 2046 2970 eos,
2082 2878 2225 2970 quia
2249 2896 2371 2951 noti
2398 2898 2585 2960 erant,
2634 2889 3057 2958 suspicionem,
3110 2882 3414 2948 haberent,
3468 2878 3582 2931 cito

1922 2968 2140 3061 gressu
2176 2990 2283 3041 iter
2313 2985 2464 3056 quod
2528 2983 2825 3050 ceperant,
2872 2974 3247 3046 peregerunt.
3298 2968 3382 3020 llli
3417 2981 3579 3033 vero,

1920 3057 2200 3132 divinitus
2225 3071 2569 3129 exterritiae
2593 3069 2750 3122 velut
2767 3069 3029 3118 amentes
3044 3059 3253 3123 effecti,
3276 3057 3584 3123 cmperunt

1921 3172 2055 3237 post
2086 3182 2188 3223 eos
2221 3164 2471 3215 clamare
2494 3163 2548 3213 et
2579 3158 2777 3210 dicere
2801 3170 2811 3208 :
2837 3145 3347 3218 Seimus,domini,
3373 3142 3505 3213 quia
3520 3144 3584 3195 ut

1920 3227 2031 3309 nos
2051 3248 2557 3320 comprehendatis
2582 3242 2851 3307 venistis;
2873 3238 2977 3292 sed
2995 3232 3351 3289 miseremini
3368 3227 3578 3296 nostri,

1921 3344 2063 3397 nihil
2088 3318 2240 3395 enim
2273 3337 2406 3391 inde
2441 3332 2895 3404 usportavimus,
2930 3326 3032 3380 sed
3065 3324 3254 3376 ablata
3288 3319 3482 3373 omnia
3519 3318 3581 3370 in

1921 3433 2050 3503 ipso
2080 3427 2298 3483 cellarii
2330 3425 2609 3495 ingressu
2642 3416 3084 3487 dereliquimus.
3106 3408 3295 3476 Atilli,
3318 3406 3451 3460 talia
3473 3421 3579 3457 au-

1921 3497 2171 3587 dientes,
2205 3510 2775 3584 comprchenderunt
2806 3522 2931 3571 eos,
2965 3500 3281 3573 ligatisque
3313 3497 3580 3565 postter-

1922 3626 2061 3681 gum
2095 3606 2365 3661 manibus
2400 3601 2471 3654 ad
2504 3596 2923 3652 monasterium
2956 3588 3374 3660 perduxerunt,
3409 3587 3583 3653 atque

1922 3676 2019 3767 ita,
2043 3699 2102 3750 ut
2124 3699 2286 3750 erant
2311 3689 2560 3746 connexi
2580 3684 2853 3751 vinculis,
2882 3679 3163 3735 fratribus
3179 3676 3583 3746 praesentave-

1924 3764 2076 3840 runt.
2096 3787 2386 3839 Praeterea
2405 3771 2912 3832 fueruntnonnulli
2936 3767 3242 3840 quiminus
3257 3764 3413 3817 circa
3426 3775 3586 3830 prae-

1926 3879 2155 3944 ceptum
2182 3869 2410 3924 Domini
2440 3866 2612 3933 cauti,
2647 3862 2796 3916 caedi
2825 3876 2930 3913 eos
2962 3861 3134 3926 atque
3166 3855 3241 3907 ita
3267 3852 3354 3905 sic
3380 3847 3587 3903 dimitti

1918 3961 2357 4034 judicaverunt;
2400 3954 2599 4009 caeteri
2645 3954 2856 4016 autem,
2911 3959 3161 4016 quorum
3204 3957 3371 3995 mens
3401 3939 3497 4008 pia
3527 3937 3587 3989 in

1929 4026 2174 4105 Domino
2206 4050 2347 4114 erat,
2382 4049 2437 4099 et
2468 4042 2658 4114 magis
2690 4055 2830 4109 erga
2873 4035 3139 4088 mandata
3181 4030 3376 4084 divina
3420 4026 3591 4080 solli-

1928 4142 2039 4195 cite
2052 4134 2540 4204 studentesjussa
2557 4129 2849 4196 complere
2875 4122 3198 4187 Dominica,
3216 4118 3445 4172 solutos
3462 4115 3592 4168 vin-

1929 4230 2100 4296 culis,
2137 4226 2268 4279 cibo
2300 4202 2554 4293 poﬁtuque
2588 4217 2864 4282 refectos,
2899 4213 3121 4265 liberos
3153 4207 3315 4259 abire
3345 4202 3590 4273 permit-

1930 4289 2154 4375 tunt.'0
2192 4289 2338 4368 mira
2373 4289 2599 4364 Domini
2631 4306 2777 4359 Jesu
2802 4299 3017 4355 Christi
3050 4295 3407 4364 benignitas,
3442 4289 3590 4343 mira

1932 4410 2139 4482 pietas,
2174 4403 2322 4457 mira
2352 4414 2525 4470 quam
2556 4393 2753 4450 docuit
2794 4388 3089 4460 patientia;
3136 4400 3268 4437 cum
3313 4382 3371 4433 in
3405 4380 3594 4477 Lege-

1934 4466 2216 4566 scriptum
2248 4492 2325 4546 sit
2357 4466 2522 4547 (—Lev.
2544 4500 2664 4552 xix;
2698 4482 2910 4535 Matth.
2944 4478 3002 4548 v)
3037 4493 3048 4531 :
3084 4473 3315 4543 Diliges
3347 4466 3592 4523 amicum

172 4580 349 4653 legere
382 4586 689 4655 coepisset,
716 4585 911 4639 subito
931 4585 1065 4639 inde
1084 4600 1157 4639 ex
1188 4585 1453 4638 navicula
1477 4584 1709 4652 cecidit,
1730 4559 1898 4653 ιιι-Ρ
1936 4559 2591 4648 tuum,etodiobabebis
2605 4572 3218 4630 inimicumtuum;nec
3232 4568 3599 4655 nonmanum

173 4684 269 4738 que
301 4673 659 4727 interclusus
682 4673 754 4726 ab
778 4688 1019 4742 aequore
1053 4672 1320 4742 spiritum
1341 4672 1657 4726 exhalavit.
1681 4671 1821 4741 Sed,

176 4759 417 4816 mirabile
453 4760 650 4816 dictu!
688 4764 818 4815 ante
851 4761 1012 4815 illum
1045 4762 1198 4814 unda
1239 4765 1534 4815 mortuum
1575 4759 1822 4832 projecit.

173 4845 222 4899 in
248 4848 432 4904 littore
464 4867 638 4922 quam
657 4850 1030 4921 piscatorqui
1054 4851 1126 4904 ab
1151 4866 1219 4904 eo
1244 4849 1546 4921 projectus
1564 4852 1621 4905 in
1637 4869 1824 4924 aquas

174 4934 365 5007 fuerat,
402 4940 575 4993 vivus
604 4939 854 4992 natando
886 4939 1201 5008 pervenire
1233 4940 1545 5008 potuisset.

234 5026 355 5081 Alio
386 5030 560 5083 etiam
605 5033 864 5099 tempore
911 5028 1047 5097 (ρο),
1102 5028 1365 5083 latrones
1416 5031 1591 5082 noctu
1639 5028 1824 5101 hujus

175 5118 345 5171 nostri
358 5118 696 5173 monasterii
713 5118 1015 5171 cellarium
1034 5117 1827 5188 ingressi,carnes,caseum,

175 5204 523 5278 laridumquc
535 5206 746 5262 exinde
765 5206 1167 5276 subripientes
1183 5222 1328 5261 suos
1343 5206 1618 5260 sacculos
1635 5206 1836 5287 imple'

235 5417 359 5490 (18’)
393 5418 491 5487 Ea,
526 5434 659 5490 quae
692 5422 1005 5475 narrantur
1037 5435 1067 5472 τι
1109 5419 1439 5488 Desiderio,
1502 5420 1616 5474 sibi
1664 5419 1838 5473 etiam

176 5488 338 5542 relata
372 5488 623 5545 affirmat
676 5493 795 5546 Leo
824 5493 948 5545 ()st.
984 5493 1043 5544 in
1074 5490 1289 5544 Chron.
1334 5491 1434 5543 lib.
1469 5509 1527 5559 ιι,
1582 5507 1708 5559 cap,
1746 5490 1838 5558 81,

177 5561 243 5613 ab
268 5577 375 5614 uno
407 5578 631 5631 eorum,
664 5564 761 5633 qui
796 5566 955 5617 tanto
988 5562 1275 5633 equitatui
1308 5561 1589 5615 interfuit.
1629 5562 1844 5615 ltefer-

185 5634 270 5684 tur
299 5634 464 5688 etiam
510 5650 543 5687 a
570 5634 748 5688 Petro
781 5634 943 5687 Diae.
987 5635 1046 5686 in
1079 5648 1260 5686 serm.
1295 5648 1409 5686 ms.
1437 5633 1508 5685 de
1544 5635 1747 5686 octava
1781 5633 1841 5687 S.

198 5700 501 5776 Benedicti,
533 5704 872 5761 Evenerant
902 5703 1032 5760 haec
1064 5704 1259 5760 omnia
1290 5718 1442 5762 anno
1472 5703 1641 5763 Dom.
1685 5701 1843 5760 1049.

1933 4691 2043 4746 pro
2090 4686 2282 4735 manu,
2325 4667 2556 4720 dentem
2596 4679 2700 4733 pro
2746 4659 2938 4722 dente,
2982 4654 3213 4709 oculum
3255 4663 3359 4744 pro
3404 4642 3596 4746 oculo,

1936 4728 2209 4822 talionem
2244 4728 2347 4830 pro
2372 4728 2785 4811 talione—reddi
2820 4743 3151 4798 mandatum
3183 4735 3437 4830 sitg-ipse
3468 4728 3600 4783 dili-

1939 4869 2081 4926 gere
2096 4822 2747 4912 inimicos,bcnefacere
2761 4850 2824 4888 se
2840 4828 3195 4893 odientibus,
3214 4822 3470 4926 salutare
3484 4831 3601 4870 non

1941 4909 2355 5003 resalutantcs,
2372 4909 2659 4987 auferenti
2678 4924 2933 4979 tunicam
2947 4916 3235 4972 dimittere
3253 4909 3514 5003 pallium,
3533 4921 3601 4958 ac

1940 4996 2095 5089 bona
2124 5043 2228 5098 pro
2252 4996 2422 5079 malis
2446 5018 2691 5074 reddere
2715 5027 2782 5067 se
2814 5003 3202 5078 sequentibus
3224 4997 3410 5052 voluit
3428 4996 3607 5065 impe-

1942 5116 2401 5276 rmiliteopbilns.
2432 5197 2608 5252 Grata
2640 5188 2781 5245 mihi
2812 5187 2999 5240 fateor
3029 5179 3272 5236 nimium
3306 5190 3446 5230 esse
3474 5188 3608 5246 quea

1952 5311 2179 5354 narras.

2019 5412 2133 5483 c9)
2160 5411 2329 5483 Circa
2358 5419 2493 5457 ann-
2528 5395 2735 5483 Daci"
2746 5395 2763 5483 ί.
2784 5389 2945 5483 1.0?3:
2965 5389 3143 5483 ias:
3154 5377 3614 5483 .LES’B;.‘?..S‘;..1“

1950 5459 2300 5539 (iurauit-ib.
2336 5494 2396 5542 ιι,
2434 5488 2559 5540 cap.
2593 5469 2681 5531 65,
2715 5464 3019 5520 eti’etrum
3042 5459 3201 5511 Diae.
3227 5459 3284 5507 in
3302 5464 3610 5507 serm.ms.

1952 5557 2033 5610 De
2068 5558 2182 5609 oet.
2214 5550 2274 5605 S.
2312 5542 2633 5601 Benedicti.
2758 5608 2765 5610 _
2875 5603 2927 5610 __
3284 5560 3307 5570 -

2023 5589 2724 5694 ἱὲὒῖἰιῖὶῃῖιῖίῖῐξζὺει.
2754 5608 2835 5694 in.
2850 5693 2853 5694 ί
2867 5603 3085 5694 (Phron:
3102 5598 3236 5694 ita);
3250 5613 3347 5694 in,
3372 5589 3611 5694 esp-1:53.

1952 5659 2567 5765 et
2596 5659 2785 5739 scrin.
2810 5692 2923 5733 ms.
2955 5675 3028 5735 de
3058 5674 3173 5731 oct.
3206 5668 3279 5729 de
3308 5659 3369 5724 S,
3396 5659 3617 5728 Bened,
