3926 6146
311 246 430 309 979

1624 249 2015 313 VICTORIS
2057 250 2145 311 III
2191 252 2433 317 PAPIE

3572 258 3668 324 θθο

396 451 774 508 Desiderius.
806 452 926 503 lies
961 448 1350 503 estmirabilis
1382 451 1438 502 et
1470 448 1992 503 vehementerstu-
2017 431 2069 494 Α
2098 446 2362 503 insinuet
2409 448 2542 518 (93).
2578 450 2649 504 At
2691 450 2788 505 ille
2822 466 2833 505 :
2866 449 3015 515 Quid
3059 452 3315 521 prodest,
3372 454 3554 524 inquit,
3583 457 3624 509 si
3650 459 3692 511 ei

328 543 539 614 penda,
574 557 746 611 quam
778 554 953 593 narro
986 536 1243 607 (9.1),sed
1278 537 1350 589 ita
1383 552 1415 589 a
1447 535 1716 605 pluribus
1735 536 1993 607 cognita,

327 635 389 685 ut
410 632 481 684 de
509 645 576 684 ea
593 630 665 681 ab
700 628 896 697 aliquo
919 626 979 678 in
1022 625 1178 679 nullo
1202 625 1410 679 debeat
1432 624 1702 678 dubitari.
1736 624 1996 689 Quodam

252 730 257 733 '
330 720 527 789 itaque
558 721 822 786 tempore
853 715 1101 785 Sergius
1127 714 1692 785 magister-militum,
1723 714 1821 783 qui
1841 714 1966 767 Nea

330 808 606 878 politanae
634 808 885 874 praeerat
917 804 1072 871 urbi,
1108 806 1381 856 venatum
1413 804 1471 856 in
1504 804 1633 872 ipso
1664 804 1853 855 sancti
1884 802 1997 855 Pa-

336 894 818 961 schaliSabbato,
839 907 1098 963 pergens
1119 892 1327 945 silvam
1352 891 1480 944 suis
1513 907 1644 944 cum
1678 891 1903 960 pueris,
1938 894 1999 944 ut

335 999 544 1053 aprum
577 985 835 1051 caperet,
870 984 961 1034 est
992 981 1327 1051 ingressus,
1355 980 1659 1050 tensisque
1684 980 1909 1033 retibus
1926 980 1999 1033 ad

333 1071 736 1141 insequendos
760 1086 864 1123 eos
884 1085 1020 1122 sese
1045 1085 1174 1122 cum
1196 1070 1441 1122 canibus
1458 1068 1569 1121 huc
1591 1068 1844 1141 illucque
1859 1084 1999 1121 una-

336 1160 569 1214 nimiter
588 1174 792 1213 omnes
813 1174 916 1227 per
940 1158 1148 1210 silvam
1168 1157 1525 1222 diffundunt;
1551 1157 1657 1209 sed
1688 1161 1997 1225 antequam

336 1265 478 1318 aper
506 1264 538 1301 a
560 1248 703 1302 retis
737 1248 945 1317 laqueo
966 1247 1205 1318 fugiens
1240 1246 1654 1310 involveretur,
1675 1250 1998 1315 occupatus

334 1354 367 1390 a
391 1336 791 1402 venatoribus,
820 1334 1141 1388 confossus
1160 1338 1486 1404 captusque
1511 1337 1623 1389 est.
1645 1336 1788 1388 Cum
1807 1339 1999 1388 autem

335 1426 478 1480 hora
494 1424 617 1495 jam
638 1424 858 1478 tardior
876 1426 1058 1491 esset,
1093 1426 1147 1476 et
1167 1423 1277 1489 sol,
1302 1423 1372 1476 ad
1404 1439 1682 1477 occasum
1715 1438 1997 1494 vergens,

335 1514 604 1571 umbram
623 1511 939 1582 atramjam
957 1527 1106 1581 pene
1134 1511 1441 1565 induceret
1461 1510 1655 1580 terris,
1679 1512 2000 1581 praedictus

335 1602 624 1674 magister
666 1601 934 1668 militum,
969 1616 1041 1653 ne
1074 1600 1261 1653 noctis
1296 1600 1556 1654 tenebris
1588 1606 1995 1670 occuparetur,

335 1694 568 1760 sumpta
585 1705 759 1760 quam
778 1692 1013 1757 ceperat
1036 1689 1364 1757 venatione,
1401 1689 1557 1743 omni
1576 1705 1708 1742 cum
1729 1690 1999 1745 clientela

2104 538 2496 592 nuntiavere?
2527 554 2644 592 non
2675 539 2829 593 enim
2861 540 3018 610 quod
3048 543 3104 594 te
3138 540 3434 609 vidissem,
3464 543 3542 595 vel
3569 545 3692 614 quod

2102 626 2234 678 talia
2259 626 2519 694 patiaris,
2542 627 2686 679 mihi
2708 628 3003 681 creditura
3035 633 3146 682 est.
3170 627 3273 682 Cui
3295 628 3383 682 ille
3406 632 3695 699 respondit:

2102 713 2228 767 Hoc
2260 714 2374 767 sibi
2409 715 2648 786 signum
2681 731 2756 768 ex
2786 716 2901 768 mei
2930 720 3092 785 parte
3121 717 3409 780 denuntia,
3435 720 3570 788 quod
3589 720 3702 774 Pan-

2104 801 2360 871 dulphus
2390 803 2589 857 Gualze
2621 803 2778 857 filius
2838 804 3079 858 calicem
3128 805 3319 874 ipsum
3370 823 3467 876 pro
3500 808 3699 879 pignore

2105 889 2334 957 habeat,
2368 895 2422 944 et
2451 893 2514 944 ut
2543 892 2695 945 datis
2725 892 2954 959 solidis,
2989 909 3141 963 quos
3183 894 3235 946 ei
3281 894 3567 949 debuimus
3592 897 3700 949 red-

2106 978 2265 1046 dere,
2293 979 2451 1032 illum
2476 980 2735 1048 recipiat,
2771 982 2942 1051 atque
2975 980 3034 1034 S.
3069 981 3367 1036 Benedicti
3395 986 3698 1040 monasterio

2110 1068 2263 1120 omni
2286 1068 2612 1137 postposita
2644 1084 2805 1122 mora
2826 1069 3119 1133 restituat;
3140 1070 3258 1124 sibi
3277 1071 3544 1140 celeriter,
3566 1089 3700 1143 rogo,

2110 1155 2410 1209 insinuare
2442 1171 2512 1209 ne
2561 1154 2818 1210 differas.
2853 1156 3078 1222 Quibus
3123 1158 3296 1211 dictis
3352 1159 3494 1213 visio
3529 1160 3611 1213 illa
3648 1160 3703 1215 ab

2104 1244 2292 1297 oculis
2326 1243 2459 1313 ejus
2483 1244 2672 1298 ablata
2705 1248 2818 1299 est.
2854 1244 3012 1299 Puer
3042 1261 3184 1300 vero
3213 1246 3402 1299 statim
3431 1251 3489 1300 ut
3513 1249 3705 1303 domum

2103 1346 2427 1402 regressus
2446 1335 2556 1401 est,
2582 1332 2915 1387 inﬁrmitate
2934 1333 3205 1388 detentus
3225 1334 3373 1388 intra
3394 1351 3593 1405 paucos
3609 1337 3709 1392 dies

2102 1419 2418 1474 defunctus
2449 1425 2571 1491 est;
2605 1437 2673 1475 ea
2702 1437 2843 1476 vero
2903 1439 3034 1493 quae
3094 1423 3339 1491 viderat,
3397 1440 3585 1494 quaeve
3618 1426 3706 1480 sibi

2104 1508 2257 1563 dicta
2288 1509 2538 1579 fuerant,
2561 1511 2837 1565 omnibus
2867 1512 2938 1565 ad
2970 1528 3037 1566 se
3069 1513 3439 1567 venientibus
3459 1514 3703 1582 patefecit.

2101 1597 2485 1667 Pandulphus
2513 1599 2686 1653 etiam
2717 1600 2865 1669 ipse,
2902 1601 3001 1670 qui
3035 1616 3214 1655 causa
3228 1602 3491 1672 pignoris
3510 1603 3707 1656 calicem

2102 1686 2255 1755 apud
2282 1702 2348 1739 sc
2372 1686 2642 1751 habebat,
2685 1687 2797 1742 hoc
2837 1688 2968 1759 ipso
3001 1691 3286 1761 tempore,
3321 1690 3513 1744 nescio
3541 1706 3635 1761 qua
3659 1692 3713 1745 de

335 1780 573 1834 domum
591 1777 941 1848 quantocius
961 1777 1245 1846 repedare
1262 1777 1464 1847 coepit;
1489 1778 1997 1835 unitantummodo
2030 1790 2301 1865 Boausa,
2330 1774 2632 1845 Neapolim
2667 1792 2949 1848 pergens,
2977 1777 3105 1831 haec
3136 1779 3333 1832 omnia
3356 1795 3425 1833 ex
3445 1794 3538 1834 ore
3557 1780 3707 1849 ipsius

335 1882 539 1937 puero,
564 1866 917 1936 Pythagorae
950 1866 1205 1933 nomine,
1240 1870 1299 1918 ut
1331 1866 1471 1919 retia
1506 1867 1812 1938 colligeret
1843 1871 1899 1922 et
1930 1886 1996 1923 se

335 1955 673 2025 perniciter,
701 1958 1069 2024 sequeretur,
1106 1954 1430 2024 imperavit.
1467 1954 1652 2025 Igitur
1675 1972 1806 2010 cum
1830 1973 1992 2025 puer,

338 2044 440 2115 qui
458 2043 703 2098 relictus
723 2043 929 2111 fuerat,
955 2043 1221 2096 collectis
1240 2043 1466 2121 retibus
1489 2049 1649 2098 recto
1664 2045 1807 2099 calle
1827 2061 2000 2100 suum

337 2133 636 2187 dominum
660 2135 1031 2202 sequeretur,
1053 2133 1249 2186 subito
1264 2132 1378 2186 duo
1399 2134 1669 2187 monachi
1690 2134 1997 2188 reverendi

336 2219 649 2273 admodum
670 2218 870 2272 vultus
902 2220 954 2272 ei
987 2234 1052 2272 se
1084 2220 1141 2272 in
1162 2219 1369 2273 itinere
1395 2220 1784 2275 contulerunt.
1819 2224 1998 2275 Cum-

335 2324 449 2379 que
481 2307 689 2362 timore
720 2308 1059 2376 exterritus,
1106 2309 1342 2378 quinam
1386 2312 1591 2362 essent
1632 2310 1993 2380 inquireret;

334 2397 418 2451 illi
445 2413 457 2452 :
481 2397 568 2451 Ne
592 2396 821 2464 timeas,
844 2395 1143 2466 inquiunt;
1168 2398 1566 2451 tantummodo
1586 2413 1837 2469 sequere
1859 2415 1991 2454 nos.

335 2486 481 2543 Cum
498 2486 691 2555 itaque
712 2484 1132 2554 aliquantulum
1162 2485 1337 2538 simul
1370 2502 1473 2555 per
1504 2487 1767 2540 eamdem
1785 2488 1994 2541 silvam

335 2576 744 2647 graderentur,
762 2573 1135 2626 veneruntad
1154 2574 1462 2643 quemdam
1482 2575 1674 2628 locum
1688 2591 1996 2631 caenosum

336 2663 506 2717 valde
553 2664 726 2733 atque
776 2662 1117 2715 horribilem
1162 2666 1448 2732 aspectu;
1479 2664 1695 2734 ubique
1736 2665 1995 2719 Pandul-

334 2752 518 2823 phum
545 2751 885 2822 Capuanum
914 2751 1260 2819 principem,
1294 2752 1468 2822 cujus
1502 2753 1779 2822 superius
1829 2741 1996 2807 men;

334 2841 555 2895 tionem
586 2840 720 2908 feci,
747 2836 857 2909 qui
878 2855 995 2893 non
1016 2840 1194 2909 longo
1227 2843 1358 2894 ante
1388 2846 1649 2911 tempore
1680 2841 1995 2897 defunctus

338 2928 546 2998 fuerat,
582 2928 796 2983 ferreis
827 2943 1045 2981 nexum
1067 2929 1317 2983 vinculis
1347 2933 1521 3000 atque
1552 2930 1611 2983 in
1643 2930 1800 2984 illius
1827 2948 1995 2986 coeno

336 3018 448 3072 laci
477 3018 549 3071 ad
581 3018 777 3089 gule
817 3032 1008 3087 usque
1059 3017 1416 3087 demersum,
1476 3020 1525 3072 ei
1580 3020 1999 3074 miserabiliter

336 3106 999 3175 ostendunt(‘22)lntcrca
1014 3105 1126 3159 duo
1141 3107 1444 3177 nigerrimi
1459 3108 1724 3178 Spiritus,
1743 3112 1996 3163 retortas

336 3210 411 3250 ex
427 3195 771 3268 agrestibus
790 3194 1013 3248 vitibus
1034 3195 1338 3263 facientes,
1355 3213 1459 3266 per
1478 3198 1674 3267 gulam
1690 3213 1820 3251 eum
1843 3197 1994 3269 liga-

333 3286 564 3352 verunt,
582 3284 928 3353 acinipsam
961 3284 1125 3336 lacus
1153 3285 1607 3353 profunditatem
1638 3291 1992 3356 merserunt,

329 3372 664 3443 iterumque
679 3389 919 3426 sursum
936 3374 1334 3426 extraxerunt.
1351 3372 1613 3444 Cumque
1626 3374 1753 3428 haec
1772 3377 1995 3445 sacpius

338 3462 623 3530 facerent,
646 3462 967 3533 praedictus
985 3478 1132 3532 puer
1160 3463 1552 3535 Pythagoras,
1589 3466 1833 3519 tremula
1861 3466 1997 3520 licet

338 3566 486 3606 voce
510 3567 643 3605 eum
675 3551 1012 3621 alloquitur,
1038 3554 1099 3604 ut
1129 3552 1243 3605 sibi
1266 3568 1379 3623 qua
1411 3554 1482 3607 de
1515 3570 1694 3608 causa
1723 3556 1858 3609 talia
1889 3573 1996 3626 pa-

334 3642 558 3695 teretur
575 3638 851 3693 ediceret.
875 3639 975 3693 llle
998 3656 1160 3709 vero,
1186 3642 1335 3695 ﬂens
1353 3646 1409 3696 et
1426 3641 1679 3713 ejulans,
1713 3643 1785 3697 ad
1817 3647 1996 3700 verba

338 3728 760 3799 interrogantis
808 3728 972 3797 pueri
1019 3745 1155 3782 mox
1186 3730 1297 3783 tale
1332 3746 1689 3801 responsum
1734 3735 1992 3802 protulit,

339 3817 545 3872 dicens
571 3833 582 3872 :
607 3817 907 3885 Quamvis,
943 3833 976 3871 ο
1007 3833 1171 3886 puer,
1206 3835 1277 3871 ex
1300 3819 1626 3875 innumeris
1642 3822 1789 3876 meis
1808 3823 1994 3877 scele-

337 3907 507 3961 ribus
567 3905 709 3959 mihi
760 3905 1006 3975 plurima
1046 3911 1101 3960 ct
1140 3906 1362 3961 infinita
1412 3924 1583 3978 paena
1639 3913 1838 3979 parata
1896 3912 1991 3979 sit,

337 3999 531 4050 tamen
563 3995 637 4050 ob
668 3995 887 4049 nullam
923 4010 1164 4049 causam
1195 3996 1345 4049 hanc
1375 4013 1549 4068 quam
1580 4000 1776 4053 cernis
1807 4000 1995 4069 patior

336 4100 568 4154 poenam
598 4083 714 4137 nisi
745 4086 983 4153 propter
1002 4099 1245 4138 aureum
1267 4084 1530 4155 calicem,
1556 4103 1730 4158 quem
1762 4088 1834 4142 de
1866 4105 1994 4144 mo-

337 4172 597 4229 nasterio
627 4172 685 4226 S.
729 4172 1051 4241 Benedicti,
1087 4173 1378 4245 sacrilega
1410 4174 1622 4228 ductus
1654 4176 1987 4249 cupiditate,

337 4261 619 4330 abstraxi,
645 4261 814 4331 eique
845 4260 1016 4314 etiam
1050 4261 1308 4315 moriens
1330 4263 1576 4317 reddere
1600 4266 1855 4336 neglexi.
1878 4267 1995 4321 Sed

334 4351 551 4407 obnixe
581 4349 886 4418 deprecor,
921 4364 989 4403 ac
1015 4351 1342 4418 perJesum
1359 4351 1661 4406 Christum
1684 4354 1995 4410 Dominum

336 4440 700 4496 Salvatorem
724 4439 1001 4507 omnium,
1025 4439 1199 4510 cujus
1217 4455 1329 4510 ego
1350 4441 1535 4494 miser
1550 4447 1843 4512 praecepta
1858 4460 1997 4497 con-

2105 1862 2451 1934 Pythagorae
2507 1880 2573 1917 se
2622 1865 2864 1919 audisse
2908 1867 3133 1933 retulit;
3170 1883 3276 1937 per
3320 1884 3487 1938 quem
3515 1883 3712 1938 quoque

2099 1950 2255 2004 idem
2278 1952 2645 2024 Pythagoras
2667 1955 2833 2007 uxori
2847 1954 3006 2009 illius
3028 1956 3221 2010 omnia
3234 1972 3369 2027 quae
3388 1956 3456 2010 de
3475 1956 3586 2011 viro
3608 1956 3711 2027 ejus

2100 2040 2343 2107 viderat,
2372 2042 2462 2095 vel
2482 2058 2615 2112 quae
2636 2044 2766 2112 ipse
2785 2044 3252 2108 eimandaverat,
3290 2044 3498 2116 Capuae
3526 2046 3716 2098 nuntia-

2098 2128 2200 2181 vit.
2218 2127 2319 2180 llla
2333 2133 2527 2182 autem
2541 2128 2657 2183 sibi
2672 2131 2870 2200 potius
2885 2147 3059 2201 quam
3074 2132 3612 2200 marito,consulens
3624 2146 3719 2202 pre-

2098 2216 2427 2287 tium,quod
2442 2218 2535 2271 vir
2548 2218 2683 2290 ejus
2698 2221 3521 2288 accommodaverat,reddere
3550 2221 3717 2274 nolens

2096 2320 2207 2359 nec
2221 2305 2461 2360 calicem
2477 2308 2738 2377 recipere
2762 2324 2870 2362 nec
2897 2310 3262 2364 monasterio
3283 2310 3485 2364 redcre
3506 2308 3713 2362 curavit.

2179 2392 2550 2465 Theophilus.
2585 2396 2914 2451 Mirandum
2940 2398 3111 2452 valde
3143 2402 3233 2453 est
3271 2415 3341 2451 ac
3374 2414 3572 2471 magna
3617 2412 3719 2449 cum

2105 2483 2330 2537 cautela
2349 2485 2715 2552 pensandum
2748 2488 3247 2557 cui-omnipotens
3276 2489 3434 2542 Deus
3466 2486 3589 2539 talia
3615 2484 3720 2536 huic

2103 2586 2286 2640 puero
2305 2573 2616 2628 ostendere
2629 2575 2967 2635 voluit.cum
2984 2576 3077 2631 ille
3095 2577 3194 2647 qui
3208 2577 3329 2631 sibi
3344 2578 3608 2630 sostensu
3619 2575 3722 2626 esta

2103 2675 2275 2730 pmna
2288 2662 2570 2717 liberatus
2586 2680 2700 2717 non
2716 2669 2825 2733 est,
2841 2665 2955 2733 vel,
2973 2682 3104 2719 cum
3120 2668 3201 2719 tot
3216 2666 3511 2735 tantisque
3524 2660 3721 2716 sceleri-

2101 2748 2673 2821 busoccultatis,pro
2688 2754 2815 2807 solo
2832 2769 3009 2808 aureo
3023 2754 3207 2807 calice
3224 2753 3481 2807 cruciari
3493 2752 3645 2805 visus
3655 2750 3727 2803 est

2175 2838 2553 2894 DeSJderius.
2586 2840 2752 2904 Quod
2776 2843 2867 2895 vir
2898 2842 3009 2897 iste
3057 2844 3115 2895 in
3144 2844 3346 2913 poenis
3377 2843 3539 2895 visus
3566 2842 3658 2906 est,
3683 2841 3726 2891 et

2099 2931 2293 2984 tamen
2348 2946 2531 2985 uxore
2589 2930 2831 2986 calicem
2892 2931 3139 2985 reddere
3197 2930 3658 3000 parvipendente,
3701 2941 3727 2977 a

2103 3018 2294 3086 pmnis
2315 3019 2600 3074 liberatus
2615 3037 2727 3074 non
2748 3024 2858 3085 est,
2874 3019 3060 3091 justo,
3081 3019 3319 3074 occulto
3348 3025 3551 3084 tamen,
3570 3014 3725 3070 omni-

2036 3106 2359 3219 cpotentis
2392 3108 2746 3179 Deijudicio
2798 3110 3015 3163 factum
3073 3112 3184 3177 est,
3240 3111 3495 3179 ejusque
3547 3107 3628 3177 pia
3674 3118 3726 3156 ac

2104 3194 2353 3219 L,_:___
2386 3199 2747 3219 “manu-
2785 3198 2834 3219 ι-
2889 3198 3147 3219 μαιεημ
3187 3198 3487 3219 .--μ---μ
3525 3195 3722 3219 1-4M...

2102 3194 2358 3268 benigna
2386 3199 2753 3269 providentia
2782 3198 2841 3251 in
2889 3198 3152 3252 notitiam
3187 3198 3492 3252 hominum
3521 3195 3725 3249 deducta

2103 3289 2215 3355 est,
2252 3290 2314 3339 ut
2335 3287 2606 3341 videlicet
2636 3287 2972 3357 quicunque
3021 3286 3151 3340 haec
3181 3286 3456 3353 audierit,
3488 3282 3725 3353 pertime-

2104 3378 2252 3441 scat,
2287 3377 2342 3428 et
2371 3390 2401 3427 a
2435 3376 2658 3444 rapinis
2704 3375 3093 3429 ecclesiarum
3138 3377 3399 3428 mentem
3444 3383 3726 3440 manusque

2105 3467 2475 3532 compescat;
2512 3480 2583 3517 ne
2615 3468 2670 3517 et
2709 3468 2841 3518 ante
2886 3466 3134 3517 mortem
3165 3478 3310 3517 sese
3341 3462 3610 3532 poenitere
3636 3472 3727 3510 non

2102 3549 2295 3621 liceat,
2340 3556 2395 3605 et
2444 3554 2577 3622 post
2628 3555 2879 3606 mortem
2921 3551 3271 3621 parentibus
3304 3549 3727 3621 propinquisque

2106 3654 2193 3708 ea,
2226 3657 2331 3710 pro
2362 3642 2579 3711 quibus
2611 3642 2740 3710 ipse
2780 3658 2811 3694 ει
2855 3640 3165 3711 suppliciis
3194 3640 3499 3705 liberetur,
3532 3633 3727 3707 operari

2106 3743 2222 3782 non
2266 3727 2477 3795 libeat;
2520 3729 2725 3800 sicque
2760 3730 2859 3784 fiat
2889 3733 2948 3784 ut
2968 3744 3073 3800 pro
3106 3730 3194 3783 eis
3223 3728 3518 3800 supplicia
3547 3730 3727 3780 aeterna

2105 3817 2427 3887 possideat,
2449 3819 2550 3889 qui
2572 3819 2676 3872 Dei
2696 3819 2906 3873 timore
2937 3819 3270 3888 postposito
3304 3819 3366 3872 in
3397 3818 3511 3870 vita
3534 3814 3727 3885 positus

2104 3904 2438 3960 nullatenus
2461 3911 2804 3977 perpetrare
2828 3906 3119 3974 formidat,
3155 3909 3213 3960 et
3232 3906 3365 3976 jam
3394 3905 3611 3960 veniam
3637 3915 3728 3955 non

2107 3998 2406 4047 mereatur
2427 3996 2485 4048 in
2504 3996 2620 4049 vita
2652 3996 2750 4049 illa
2781 3997 2882 4067 qui
2911 3994 3083 4049 bonis
3114 3997 3464 4064 sanctisque
3485 3990 3727 4061 operibus

2106 4082 2365 4151 neglexit
2386 4085 2710 4151 promereri
2736 4085 2791 4138 in
2814 4085 2947 4138 ista.
2972 4083 3140 4148 Quod
3172 4099 3318 4138 vero
3349 4081 3580 4137 caeteris
3607 4076 3727 4131 faci-

2104 4171 2349 4225 noribus
2374 4172 2586 4241 tacitis,
2621 4173 2691 4226 de
2724 4173 2851 4227 solo
2875 4187 3054 4227 aureo
3088 4172 3273 4226 calice
3294 4171 3552 4241 judicari
3589 4167 3728 4218 visus

2104 4263 2214 4328 est,
2240 4265 2438 4330 aperte
2470 4261 2641 4315 datur
2661 4260 2908 4332 intelligi
2929 4276 3102 4330 quam
3134 4259 3387 4325 fortiter,
3408 4272 3576 4329 quam
3594 4258 3726 4308 atro-

2102 4348 2266 4417 citer,
2289 4365 2580 4419 quamque
2605 4349 3020 4404 miserabiliter
3040 4364 3146 4418 pro
3168 4348 3303 4401 aliis
3328 4346 3607 4417 pluribus,
3637 4343 3728 4394 im-

2102 4438 2447 4508 mensisque
2497 4438 2828 4492 sceleribus
2859 4437 3260 4508 torquebatur,
3314 4435 3542 4506 quando
3589 4426 3727 4502 parvi

337 4535 627 4596 temnens,
653 4529 709 4582 in
727 4528 878 4582 hanc
904 4543 1035 4581 sum
1061 4529 1404 4599 voraginem
1429 4531 1633 4583 mortis
1656 4531 1989 4603 demersus,
2029 4496 2305 4581 ncalicis
2329 4526 2532 4595 rapina
2551 4532 2665 4580 tam
2689 4526 2813 4579 dire
2843 4530 3075 4596 tamque
3107 4525 3433 4579 crudeliter
3463 4520 3726 4577 cruciaba-

334 4623 390 4675 te
414 4620 489 4675 ob
518 4621 725 4687 testor,
761 4619 819 4671 ut
848 4616 1105 4686 Capuam
1135 4617 1207 4695 ad
1238 4633 1483 4671 uxorem
1519 4635 1705 4672 meam
1737 4621 1830 4675 vel
1861 4622 1990 4692 ipse

334 4708 683 4781 pergas,vel
706 4705 972 4760 nuntium
988 4704 1234 4776 dirigas,
1258 4706 1356 4777 qui
1379 4707 1450 4776 ei,
1483 4710 1538 4761 et
1561 4711 1845 4763 tormenta
1858 4726 1991 4781 quae

332 4799 538 4869 patior,
555 4794 939 4853 etutcalicem
971 4796 1323 4848 monasterio
1347 4794 1406 4850 S.
1445 4796 1742 4851 Benedicti
1767 4798 1986 4869 reddat,

404 4958 517 5028 (21)
567 4957 870 5012 Recitatur
925 4972 955 5008 a
1005 4956 1228 5029 Leone;
1258 4955 1381 5029 ρει.
1442 4955 1499 5007 in
1540 4956 1760 5029 Chron.
1794 4956 1895 5011 lib.
1929 4976 1988 5029 ιι,

333 5026 460 5099 cap.
488 5030 575 5083 60.
601 5032 658 5081 et
688 5046 718 5081 a
748 5029 982 5093 Baron.,
1017 5026 1335 5099 ann._i0§38,
1370 5042 1527 5099 num.
1564 5026 1647 5080 11.

400 5097 513 5168 (22)
545 5099 708 5152 Visio
750 5100 1102 5169 Pythagorae
1134 5097 1204 5150 de
1234 5098 1604 5169 damnatione
1662 5098 1989 5168 Pandulphi

330 5171 402 5224 ad
429 5170 651 5223 inferos
684 5170 1062 5239 intelligenda
1095 5168 1417 5240 videturide
1450 5169 1869 5240 quartodhujus
1892 5185 1990 5223 no-

328 5240 504 5294 minis
523 5240 785 5310 principe
802 5238 1096 5310 Capuano,
1124 5240 1221 5309 qui
1254 5239 1563 5293 obiitanno
1586 5238 1747 5304 1050;
1772 5238 1992 5308 probat

331 5310 557 5366 Camill.
590 5312 895 5374 Peregrini.
934 5312 1144 5365 histor.
1190 5311 1384 5363 Princ.
1418 5310 1709 5380 Langob.,
1743 5311 1800 5362 in
1832 5311 1989 5364 serie

332 5382 464 5436 abb.
499 5380 697 5435 Casiu.
727 5383 779 5433 iu
817 5383 1110 5447 iliclicrio,
1147 5382 1246 5451 qui
1280 5382 1449 5434 etiam
1485 5381 1785 5434 advertere
1819 5381 1987 5435 docet

373 5452 641 5505 uamdam
674 5451 915 5504 alterum
951 5453 1237 5506 visionem
1253 5452 1481 5505 cuidam
1497 5451 1759 5504 solitario
1774 5451 1986 5504 factam

373 5522 721 5577 amnationis
770 5521 977 5574 animae
1036 5524 1277 5575 alterius
1335 5522 1683 5590 Pandulphi,
1740 5521 1809 5575 de
1869 5538 1983 5591 quo

327 5595 542 5648 Petrus
583 5592 922 5660 Damianus,
958 5595 1126 5659 epist.
1154 5595 1221 5644 ad
1252 5595 1561 5660 l)ominic.,
1589 5609 1715 5661 cap.
1759 5593 1835 5657 l3,
1865 5593 1983 5647 Leo

325 5663 449 5720 0st.
511 5666 614 5721 lib.
672 5682 734 5737 ιι,
786 5679 912 5734 cap.
944 5665 1031 5734 8t,
1065 5668 1120 5719 et
1151 5665 1365 5735 Baron,
1407 5680 1558 5721 anno
1608 5663 1766 5736 1088,
1822 5680 1981 5722 num.

2105 4618 2219 4669 tur.
2247 4615 2393 4668 Nam
2415 4616 2692 4684 superius
2723 4615 3029 4669 retulimus
3056 4614 3213 4684 quod
3245 4613 3402 4667 idem
3420 4611 3727 4681 Pythagora

2102 4720 2288 4775 puero
2322 4702 2553 4773 dixerit,
2588 4703 2743 4774 quod
2774 4703 2953 4757 multa
2983 4707 3039 4757 et
3068 4702 3360 4755 immensa
3382 4699 3604 4754 delictis
3620 4694 3726 4787 aliis

2101 4794 2331 4848 fuerant
2353 4792 2465 4847 sibi
2499 4795 2825 4863 praeparata
2841 4795 3146 4846 tormenta.
3180 4789 3350 4854 Quod
3381 4803 3519 4841 vero
3547 4787 3614 4853 is,
3645 4795 3725 4852 qui

2101 4954 2189 5024 12,
2224 4953 2679 5031 13,_compc_tere
2696 4950 3060 5031 Pandulpho,
3087 4949 3441 5031 cognomine
3458 4940 3723 5031 Caputie:

2101 5010 2223 5091 reo,
2247 5010 2497 5095 principi
2519 5026 2752 5091 Capuae,
2789 5022 2885 5091 qui
2910 5010 3253 5095 vixitusqvue
3278 5020 3352 5072 ad
3395 5010 3652 5095 81111381ζ
3676 5011 3723 5095 ρξ
3800 5062 3813 5073 .

2100 5083 2221 5150 non
2248 5083 2554 5149 ‘Pandulfo
2604 5083 2822 5163 quarto
2865 5092 3112 5161 principi
3155 5083 3466 5163 Capuano,
3484 5087 3576 5157 qui
3606 5083 3723 5136 obiit

2097 5182 2270 5227 anno.
2317 5172 2377 5220 ut
2417 5161 2691 5227 diximus,
2731 5162 2885 5223 1050,
2922 5163 3021 5216 ubi
3054 5163 3225 5216 etiam
3265 5177 3383 5214 non
3416 5161 3722 5223 discrepare

2094 5239 2167 5291 ab
2199 5238 2332 5290 aliis
2364 5236 2634 5290 historiis
2665 5234 2822 5288 clare
2846 5235 3225 5305 demonstrat.
3513 5300 3541 5305 __
3592 5297 3621 5305 Δ,

2165 5308 2282 5376 (Ξ3)
2308 5308 2593 5377 Sperabat
2621 5306 2867 5361 forsitan
2897 5303 3279 5377 Pandulphus
3296 5319 3370 5357 ex
3387 5300 3719 5375 restitutione

2094 5380 2273 5432 minui
2296 5376 2546 5447 poenam,
2577 5378 2683 5430 scd
2707 5378 2760 5429 in
2785 5377 3038 5444 inferno,
3066 5376 3165 5428 ubi
3202 5378 3291 5428 est
3314 5386 3538 5447 summa
3566 5379 3717 5447 mise-

2093 5450 2197 5517 ria,
2232 5434 2452 5504 niillum
2484 5434 2860 5518 refrigerium
2883 5451 2992 5516 est,
3025 5434 3169 5500 adeo
3200 5445 3357 5515 quod
3380 5444 3507 5518 dive
3538 5434 3715 5518 cspulo

2092 5506 2287 5572 taniliu
2340 5506 2785 5572 desideraverint
2823 5506 3041 5588 guttam
3073 5506 3241 5587 aquae
3272 5519 3335 5568 ut
3368 5506 3712 5588 refrigerarri

2088 5591 2306 5662 liquam
2365 5606 2554 5662 suam,
2619 5580 2867 5662 sperans
2918 5580 3295 5661 refrigerium
3344 5580 3614 5649 obtinere,
3667 5580 3711 5627 cl

2086 5660 2204 5719 ndn
2234 5662 2415 5717 valuit
2435 5661 2601 5734 (Luc.
2634 5660 2777 5730 xw).
