3988 6176
278 298 376 362 981

1530 309 1907 376 DIALOGI.
1957 349 2032 360 --
2078 317 2236 379 LIB.
2283 322 2361 383 II.

3514 341 3639 406 982

262 513 369 551 eum
398 497 448 549 in
478 497 771 566 suppliciis
804 500 967 568 vidit,
1004 503 1278 558 continuo
1310 504 1600 577 languore
1633 524 1870 579 correp-
1899 514 1960 578 Α
1989 511 2262 570 detentus
2290 518 2362 571 ad
2393 523 2655 578 extrema
2691 526 2969 584 devenit?
3010 530 3121 586 Sed
3155 535 3215 589 in
3246 536 3339 590 his
3374 538 3650 596 omnibus

259 590 354 652 tus,
384 601 485 637 non
514 589 641 653 post
671 588 910 641 multum
935 594 1165 660 tempus
1179 596 1271 646 est
1286 598 1571 664 mortuus,
1590 613 1704 650 non
1725 598 1869 652 mul-

257 677 353 726 tum
381 674 654 742 miremur,
690 675 741 727 si
775 675 913 730 illud
932 680 1085 747 quod
1112 682 1358 749 Danieli,
1386 685 1513 737 viro
1544 685 1866 739 desiderio-

258 777 363 814 rum
393 765 441 813 et
473 765 821 817 somniorum
854 766 1114 820 veridico
1138 770 1596 840 interpretatori,
1622 775 1869 845 contigit

253 850 616 918 attendamus;
647 867 780 904 nam
811 858 945 921 post
976 856 1263 910 visionem
1297 860 1685 927 spiritualium
1704 877 1865 932 mys-

250 938 512 1005 teriorum,
546 940 818 994 continuo
838 945 1168 1011 aegrotavit,
1195 948 1251 998 et
1272 961 1380 1015 per
1401 948 1530 1001 dies
1549 949 1861 1021 plurimos,

246 1025 374 1079 sicut
392 1027 510 1094 ipse
528 1028 788 1095 testatur,
815 1029 1075 1101 elanguit
1094 1032 1265 1101 (Dan.
1284 1034 1427 1105 vm).
1444 1035 1505 1089 Si
1520 1041 1710 1090 autem
1730 1039 1863 1093 talis

244 1117 519 1183 tantusque
537 1114 624 1168 vir
648 1117 975 1184 spiritualia
996 1119 1125 1172 visa
1143 1137 1259 1174 non
1282 1122 1427 1190 tulit,
1455 1125 1561 1177 sed
1587 1126 1861 1182 continuo

242 1203 485 1271 languore
501 1205 910 1273 apprehensus
928 1222 1033 1276 per
1068 1209 1195 1263 dies
1218 1212 1505 1280 plurimos
1528 1214 1859 1269 infirmatus

244 1290 345 1353 fuit,
376 1292 503 1360 quid
534 1293 760 1361 mirum,
784 1294 833 1347 si
854 1310 1001 1364 puer
1031 1296 1143 1351 iste
1166 1299 1326 1351 curis
1359 1301 1862 1356 saecularibust-

240 1376 390 1446 ditus,
412 1380 739 1434 carnalibus
757 1381 1071 1437 desideriis
1103 1401 1377 1456 pressus,
1414 1389 1707 1444 visionem
1730 1391 1858 1459 spi-

238 1466 496 1520 ritualium
545 1484 742 1522 rerum
787 1468 943 1525 ferre
974 1488 1092 1526 non
1139 1476 1341 1544 potuit,
1376 1477 1482 1530 sed
1525 1478 1856 1536 inﬁrmitate

240 1633 2244 1676 ,Ἢ

1986 601 2450 698 divina‘judicia
2499 615 2692 683 magis
2743 620 3051 672 metuenda
3096 638 3270 692 quam
3316 625 3649 698 indaganda

1984 695 2140 779 sunt.
2165 690 2308 755 Quae
2330 711 2540 768 magna
2565 705 2619 753 et
2658 703 3062 761 inscrutabilia
3101 690 3256 779 sunt,
3292 717 3439 769 teste
3456 690 3647 772 “Psal-

1979 777 2173 872 mista,
2208 782 2305 849 qui
2355 785 2475 839 ait:
2517 788 2746 844 Judieia
2792 800 2886 847 tua
2938 796 3196 868 abyssus
3231 777 3407 855 multa
3457 804 3633 872 (PsaI

2184 887 2199 920 .·
2230 872 2480 927 testante
2512 893 2744 949 quoque
2776 867 3095 957 Paulo,qui
3127 888 3297 943 dicitt
3320 890 3365 943 0
3395 867 3645 951 altitudo

1974 952 2323 1011 divitiarum
2353 964 2661 1032 sapienlizv
2684 976 2738 1023 et
2763 974 3033 1028 scientia)
3049 976 3161 1030 Dei
3180 977 3201 1029 .’
3226 977 3404 1042 Quam
3418 981 3640 1036 incom-

1965 1042 2408 1139 prehensibilia
2448 1061 2583 1107 sunt
2612 1057 2845 1129 Judieia
2894 1062 3041 1133 ejus,
3074 1070 3131 1117 et
3176 1066 3641 1139 investigabiles

1978 1130 2089 1226 viae
2121 1132 2251 1202 ejus
2272 1136 2293 1187 .’
2317 1136 2460 1200 Quis
2491 1144 2644 1196 enim
2678 1150 2950 1217 cognovit
2982 1167 3220 1205 sensum
3251 1154 3504 1226 Domini,
3539 1164 3638 1213 aut

1971 1218 2104 1289 quis
2148 1225 2531 1283 consiliarius
2567 1233 2694 1302 ejus
2738 1236 2911 1290 fuit?
2949 1246 3047 1292 aut
3092 1243 3223 1312 quis
3258 1244 3432 1313 prior
3470 1218 3639 1301 dedit

1884 1353 1901 1372 ,
1972 1308 2077 1377 illi,
2130 1320 2187 1367 et
2228 1316 2604 1373 retribuet/1r
2644 1323 2700 1375 ei
2731 1323 2758 1375 .9
2800 1308 3205 1389 Quoniam'ex
3239 1308 3384 1402 ipso,
3427 1339 3487 1388 et
3520 1350 3637 1405 per

1971 1399 2161 1470 ipsum
2211 1409 2269 1457 et
2301 1406 2361 1457 in
2388 1407 2516 1477 ipso
2545 1417 2681 1485 sunt
2713 1415 2902 1468 omnia
2938 1432 2948 1469 :
2981 1417 3100 1486 ipsi
3127 1399 3319 1488 gloria
3367 1399 3423 1474 et
3451 1399 3632 1493 impe-

1967 1489 2123 1543 rium
2154 1491 2218 1544 in
2235 1495 2449 1549 saecula
2481 1499 2856 1555 saeculorum.
2889 1503 3098 1559 Amen.
3133 1507 3320 1576 (Hom.
3355 1508 3457 1578 xx).

2266 1664 3624 1693 Ἢ

1406 1783 1695 1866 LIBER
1772 1792 2274 1875 SECUNDUS
2306 1858 2327 1894 ,

257 1893 323 1954 In
360 1913 473 1975 quo
503 1896 730 1975 agitur
760 1895 840 1956 de
882 1898 1222 1959 miraculis
1253 1917 1294 1959 α
1338 1898 1412 1963 S.
1446 1901 1804 1967 Benedicto
1833 1909 2065 1973 aliisve
2103 1918 2503 1979 monasteria
2564 1919 2913 1984 Casinensi
2939 1943 3058 2007 ope
3087 1925 3312 1987 dicina
3326 1926 3576 2008 factis.

277 2093 568 2197 Pff'emisso
623 2098 921 2197 ιιιουητξιιθ
965 2096 1175 2197 Primo:
1238 2100 1834 2197 utﬁpromiseramus,
1874 2089 1924 2149 Β
1956 2114 2151 2184 ditata,
2187 2117 2257 2171 de
2303 2134 2475 2188 poena
2522 2121 2918 2190 peccatorum,
2951 2137 3020 2176 ac
3067 2122 3138 2177 de
3172 2122 3361 2195 gloria
3392 2125 3621 2197 sempi-

220 2176 404 2245 libello,
438 2195 585 2234 nunc
621 2182 970 2249 secundum,
1025 2183 1140 2237 Deo
1189 2185 1522 2255 auxiliante,
1574 2191 1840 2247 scribere

217 2268 495 2338 aggrediar
525 2286 536 2322 :
568 2269 629 2322 in
676 2285 792 2339 quo
824 2274 1059 2339 castera,
1111 2288 1245 2342 quae
1285 2280 1609 2343 supersunt
1639 2279 1696 2331 in
1730 2279 1843 2334 hoc

216 2358 555 2423 monasterio,
588 2358 684 2411 vel
734 2374 764 2410 a
796 2359 1104 2412 monachis
1151 2360 1331 2432 hujus
1382 2364 1538 2417 sacri
1590 2369 1842 2422 ccenobii

215 2444 511 2514 ubicunque
541 2446 741 2499 divina
772 2448 1062 2517 largiente
1093 2448 1400 2503 clementia
1442 2452 1536 2506 his
1570 2457 1843 2525 tempori-

214 2533 307 2585 bus
335 2534 472 2586 facta
504 2534 811 2601 miracula,
847 2551 980 2605 quae
1013 2540 1232 2591 nostrae
1277 2547 1593 2594 occurrunt
1624 2559 1839 2598 memo-

211 2620 315 2688 riae,
346 2621 553 2676 curabo
587 2622 967 2677 concludere.

264 2730 389 2780 (lum
417 2729 611 2782 adhuc
645 2745 845 2783 essem
871 2729 1080 2797 laicus,
1114 2734 1170 2785 et
1200 2732 1348 2785 intra
1381 2749 1569 2789 annos
1602 2736 1840 2790 adoles-

205 2818 382 2870 centiae
411 2821 644 2871 aetatem
679 2819 981 2888 ducerem,
1011 2836 1143 2889 quas
1176 2837 1205 2873 a
1237 2822 1509 2876 multisin
1542 2824 1840 2878 Beneven-
1890 2880 1895 2885 ,

204 2908 309 2957 lana
339 2906 559 2959 civitate.
629 2907 859 2977 degens
910 2908 1107 2961 audivi
1157 2909 1228 2963 de
1285 2910 1510 2964 Joanne
1557 2911 1669 2980 (9.4)
1702 2916 1838 2966 tunc

202 2993 435 3062 ejusdem
461 2994 900 3049 Beneventanae
929 2994 1214 3051 Ecclesiae
1239 2998 1840 3069 archidiacono,post-

203 3082 403 3135 modum
426 3100 567 3138 vero
608 3083 790 3154 hujus
813 3083 871 3137 S.
909 3085 1164 3138 emnobii
1187 3086 1414 3155 abbate,
1448 3088 1693 3142 silenter
1722 3106 1837 3144 non

200 3171 449 3225 tmnsibo.
501 3172 653 3225 Cum
694 3172 847 3226 idem
880 3172 1141 3227 Joannes
1190 3174 1260 3228 de
1312 3174 1526 3228 illustri
1558 3178 1835 3246 prosapia

197 3258 451 3327 originem
482 3259 753 3328 duceret,
776 3264 851 3329 et,
873 3261 1028 3330 quod
1065 3261 1257 3331 majus
1292 3267 1402 3329 est,
1439 3263 1718 3335 religiose
1741 3266 1833 3318 vi-

1952 2204 2115 2256 terna
2142 2203 2462 2273 justorum.
2512 2207 2710 2278 ltaque
2757 2211 3085 2264 statuerunt
3132 2211 3286 2266 inter
3335 2228 3401 2267 se
3432 2213 3615 2285 huius

1951 2289 2203 2361 gloriam
2219 2294 2415 2347 mundi
2437 2295 2795 2366 relinquere,
2817 2313 2885 2351 ac
2904 2303 3124 2352 sancta
3139 2301 3614 2357 conversationis

1949 2378 2209 2433 habitum
2240 2383 2550 2452 suscipere
2576 2399 2589 2451 ;
2635 2389 2691 2438 et
2719 2388 2780 2438 ut
2810 2387 3001 2457 magis
3035 2386 3133 2439 ﬁdi
3168 2402 3308 2441 esse
3337 2392 3608 2460 possent,

1938 2466 2297 2537 juramento,
2319 2471 2474 2541 quod
2498 2474 2840 2541 statuerant,
2862 2474 3263 2529 firmaverunt.
3291 2475 3438 2530 Dein
3454 2477 3611 2533 diem

1945 2555 2286 2626 decernunt,
2336 2574 2450 2628 quo
2482 2561 2633 2628 apud
2684 2564 2944 2615 castrum
2992 2563 3271 2618 Casinum
3308 2565 3507 2620 limina
3535 2565 3604 2621 B.

1947 2643 2246 2699 Benedicti
2275 2650 2557 2717 peterent,
2591 2665 2660 2703 ac
2691 2651 2802 2704 sub
2848 2651 2981 2721 ejus
3024 2653 3353 2724 magisterii
3392 2653 3602 2727 regula

1943 2733 2086 2785 Jesu
2111 2733 2348 2789 Christo
2381 2736 2626 2791 Domino
2660 2739 3047 2794 deservirent.
3081 2740 3269 2813 Igitur
3287 2747 3605 2814 postquam

1942 2821 2013 2874 ad
2042 2824 2319 2877 statutum
2365 2824 2519 2878 diem
2568 2831 2806 2882 ventum
2838 2834 2948 2898 est,
2996 2845 3112 2900 quo
3160 2830 3233 2883 ab
3264 2830 3353 2884 eis
3386 2846 3601 2903 aggre-

1942 2908 2218 2964 diendum
2252 2917 2377 2965 erat
2407 2913 2535 2983 iter,
2562 2914 2713 2978 Alix.
2734 2917 2834 2987 qui
2860 2917 3017 2971 aliud
3047 2918 3260 2987 animo,
3291 2919 3451 2973 aliud
3471 2934 3605 2991 ges-

1942 2997 2097 3051 tabat
2130 3000 2185 3052 in
2219 3016 2341 3070 ore,
2378 3001 2589 3055 Joanni
2618 3004 3036 3059 archidiacono
3073 3006 3217 3059 dixit
3251 3021 3263 3060 :
3296 3005 3600 3062 Charissi-

1940 3101 2032 3140 me
2063 3087 2265 3157 frater,
2318 3090 2593 3159 quoniam
2634 3092 2705 3145 de
2750 3093 2931 3147 rebus
2978 3094 3126 3148 meis
3158 3094 3377 3165 aliquid
3407 3095 3601 3150 adhuc

1940 3180 2235 3244 superest,
2277 3178 2433 3247 quod
2481 3180 2810 3234 secundum
2860 3181 3045 3235 Deum
3092 3181 3364 3235 ordinare
3404 3183 3597 3252 cupio,

1938 3266 2020 3332 tu,
2046 3264 2319 3333 obsecro,
2359 3269 2654 3336 praecede,
2690 3273 2745 3322 et
2773 3285 2907 3323 mox
2937 3273 2998 3323 ut
3028 3272 3250 3324 sanctae
3274 3285 3597 3325 conversa-

198 3360 321 3399 vens
343 3348 719 3418 omnipotenti
750 3350 996 3403 Domino
1021 3351 1356 3403 omnimodo
1379 3332 1613 3420 placere
1633 3353 1831 3407 stude-
1861 3332 1909 3394 ο
1938 3352 2114 3406 tionis
2138 3353 2398 3409 habitum
2422 3358 2790 3426 susceperis,
2813 3357 2953 3410 mihi
2976 3358 3243 3412 nuntium
3267 3359 3426 3414 mitte
3452 3374 3596 3431 :ego

194 3438 282 3500 ret,
311 3435 379 3488 ita
408 3452 438 3489 a
466 3436 628 3490 clero
663 3439 718 3490 et
756 3437 969 3507 populo
1014 3438 1399 3509 diligebatur,
1451 3442 1510 3492 ut
1541 3456 1747 3494 omnes
1779 3441 1834 3494 ei

193 3525 510 3578 unanimiter
534 3529 673 3594 post
702 3530 951 3580 mortem
982 3527 1415 3596 archiepiscopi
1442 3527 1715 3597 ejusdem
1741 3545 1835 3582 ur-

192 3614 270 3669 bis
297 3634 583 3672 summum
620 3620 1015 3674 sacerdotium
1053 3624 1450 3690 peroptarent.
1503 3622 1667 3676 Alter
1695 3622 1829 3692 qui-

192 3702 301 3757 dam
323 3706 375 3758 in
394 3708 599 3761 eadem
636 3707 926 3775 Ecclesia,
953 3708 1228 3778 Alix';(25)
1254 3710 1509 3778 nomine;
1542 3710 1829 3764 diaconus

190 3797 309 3859 erat,
342 3796 435 3864 qui
483 3796 555 3849 ad
591 3796 1037 3865 adipiscendum
1082 3798 1442 3865 pontificium
1494 3799 1650 3853 omni
1688 3799 1826 3853 nisu

189 3882 476 3951 aspirabat,
503 3900 637 3952 nec,
664 3900 779 3955 quo
804 3885 1007 3939 ordine
1034 3886 1093 3939 id
1125 3886 1368 3956 assequi
1407 3889 1631 3954 posset,
1656 3887 1824 3957 quid-

186 3982 334 4036 quam
364 3973 530 4041 pensi
566 3973 839 4026 habebat.
860 3972 973 4027 Sed
994 3974 1301 4027 dumidem
1334 3974 1594 4028 Joannes
1625 3975 1823 4028 archi-

186 4055 442 4114 diaconus
496 4064 868 4129 superesset,
912 4062 981 4115 ad
1015 4062 1246 4116 culmen
1286 4063 1429 4115 tanti
1476 4062 1723 4116 honoris
1756 4079 1822 4117 se

182 4160 339 4212 posse
360 4150 698 4220 pertingere
732 4149 1103 4218 desperabat.
1127 4151 1390 4221 Cumque
1414 4151 1541 4205 haec
1564 4151 1823 4221 quotidie

178 4233 228 4285 in
257 4236 437 4291 animo
471 4240 760 4307 volveret,
799 4254 948 4291 vana
973 4239 1134 4293 illum
1160 4240 1435 4310 cogitatio
1468 4239 1621 4293 haud
1652 4239 1822 4309 quie-

180 4335 327 4377 scere
351 4327 741 4394 permittebat.
773 4325 916 4379 Cum
942 4327 1189 4396 quadam
1215 4328 1306 4381 die
1326 4330 1571 4396 uterque
1589 4330 1820 4381 secreto

178 4409 228 4463 in
254 4413 373 4468 loco
406 4416 846 4483 consedissent,
874 4417 932 4468 ct
961 4431 1133 4469 nemo
1166 4416 1318 4469 alius
1350 4431 1483 4468 cum
1515 4416 1602 4469 eis
1635 4419 1815 4482 esset,

177 4513 353 4554 sermo
384 4503 537 4557 inter
588 4520 691 4557 eos
725 4519 902 4557 orsus
952 4507 1043 4557 est
1089 4504 1159 4557 de
1209 4504 1549 4575 hujusmodi
1579 4503 1817 4558 miserae

1937 3442 2149 3509 autem,
2184 3440 2279 3495 his
2312 3442 2583 3512 expletis,
2620 3446 2834 3513 quanto
2867 3444 3040 3498 citius
3076 3448 3130 3499 te
3161 3444 3451 3516 subsequi
3487 3460 3597 3500 eu-

1932 3530 2098 3584 rabo.
2122 3530 2591 3585 Archidiaconus
2611 3548 2752 3586 vero
2774 3532 2846 3586 ad
2861 3533 3283 3588 monasterium
3305 3533 3371 3588 Β.
3393 3533 3593 3588 Patris

1932 3618 2235 3672 Benedicti
2266 3620 2534 3689 veniens,
2567 3636 2703 3674 mox
2734 3625 2796 3675 ut
2827 3621 3092 3676 habitum
3121 3638 3361 3676 sacrum
3388 3635 3595 3677 susce-

1932 3707 2031 3777 pit,
2068 3707 2334 3762 nuntium
2354 3708 2824 3764 utdecreverant
2855 3710 3020 3765 socio
3061 3710 3295 3779 direxit,
3329 3710 3428 3782 qui
3462 3725 3596 3767 eum

1933 3796 2046 3849 sub
2061 3799 2282 3851 sancta;
2297 3797 2681 3851 institutionis
2697 3799 2900 3869 regula
2912 3797 3033 3867 jam
3048 3798 3195 3853 colla
3210 3800 3591 3872 submisisse,

1933 3887 1989 3938 et
2012 3887 2071 3937 ut
2092 3885 2219 3953 ipse
2243 3884 2513 3939 celeriter
2533 3886 2777 3954 veniret,
2804 3889 2866 3939 ut
2885 3887 3183 3957 pollicitus
3202 3887 3410 3957 fuerat,
3440 3905 3594 3944 nun-

1931 3973 2119 4026 tiaret.
2146 3973 2218 4025 At
2259 3972 2354 4025 ille
2395 3988 2533 4027 mox
2562 3977 2623 4027 ut
2657 3973 2793 4027 talia
2823 3974 3065 4039 audivit;
3099 3976 3295 4030 alacer
3324 3976 3590 4048 effectus,

1930 4062 2085 4131 quod
2131 4061 2315 4129 illum,
2368 4061 2467 4131 qui
2500 4062 2615 4114 sibi
2646 4063 2707 4115 in
2738 4061 3006 4116 Ecclesia
3031 4064 3468 4136 praeeminebat,
3500 4080 3592 4121 re-

1930 4150 2198 4203 cessisse
2235 4150 2532 4215 cernebat,
2581 4150 2818 4204 omnino
2868 4165 2935 4204 se
2975 4150 3045 4204 ad
3098 4165 3233 4204 eum
3280 4153 3590 4223 accedere,

1928 4242 2101 4308 atque
2150 4241 2266 4291 tam
2321 4240 2539 4290 arctam
2600 4238 2832 4307 ingredi
2884 4237 3037 4290 viam
3094 4253 3275 4307 posse
3327 4239 3587 4310 negavit.

1930 4325 2150 4379 Deinde
2167 4325 2237 4377 ad
2262 4324 2683 4394 acquirendum
2698 4325 2929 4379 culmen
2945 4323 3320 4393 pontificatus
3345 4325 3592 4382 honoris

1929 4413 2065 4467 totis
2096 4414 2326 4467 viribus
2362 4413 2671 4467 nitebatur.
2718 4412 2835 4466 Sed
2875 4412 3248 4481 omnipotens
3290 4428 3359 4467 ac
3382 4413 3590 4484 justus

1928 4503 2088 4556 Deus
2121 4503 2288 4555 aliter
2307 4517 2480 4572 quam
2503 4503 2629 4570 ipse
2654 4501 3263 4570 sperabat'disposuit.
3294 4501 3442 4556 Nam
3456 4518 3591 4558 cum

176 4589 290 4643 vitae
313 4591 649 4663 fragilitate,
667 4592 737 4646 de
761 4592 1023 4645 caelestis
1042 4608 1109 4645 ac
1133 4596 1431 4663 perpetuae
1452 4593 1584 4646 vitae
1602 4591 1816 4663 jucun-
1848 4586 1898 4646 Ι)
1927 4591 2248 4660 imperator
2267 4589 2417 4644 Otho
2448 4605 2742 4661 egressus
2781 4588 3091 4643 Germania
3121 4589 3343 4644 Italiam
3370 4591 3589 4645 intras-

223 4729 322 4799 (24)
345 4730 627 4797 Joannes,
645 4734 830 4787 abbas
855 4734 1062 4787 tertius
1087 4732 1269 4803 hujus
1294 4733 1549 4788 nominis
1572 4735 1628 4787 et
1648 4734 1815 4789 trice-

174 4799 341 4872 simus
365 4819 397 4856 a
431 4804 495 4857 Β.
536 4805 872 4872 Benedicto,
908 4820 983 4857 ex
1014 4799 1227 4858 illustri
1264 4806 1812 4859 Beneventanorum

173 4870 365 4925 civium
406 4875 680 4945 prosapia
744 4870 935 4945 genus
980 4875 1164 4929 duxit.
1204 4876 1478 4944 Suscepit
1522 4876 1811 4930 abbatiam

172 4944 672 5016 ann.__l)oinini997
696 4944 767 4999 eti
784 4948 1055 5015 pervenit
1097 4962 1285 5016 usque
1308 4947 1377 4999 ad
1406 4963 1620 4999 annum
1660 4947 1810 4999 lOlO.

227 5010 329 5077 (25)
353 5015 483 5068 Alix
502 5010 988 5086 archiepiscopus
1010 5017 1080 5069 IV
1111 5010 1559 5071 Beneventanus
1586 5016 1815 5071 Silves-

168 5083 242 5155 tro
269 5099 409 5155 papa
443 5087 490 5138 ll
520 5103 671 5140 anno
706 5083 936 5141 Domini
969 5088 1128 5155 1000,
1161 5089 1233 5142 ad
1266 5088 1601 5141 instantiam
1630 5087 1813 5141 Otho-

168 5152 247 5205 nis
270 5152 499 5225 lll’imp.
536 5158 605 5210 ab
643 5158 850 5212 eodem
890 5152 1206 5228 pontifﬂad
1242 5158 1815 5226 archiepiscopatum

165 5227 408 5298 evectus,
434 5244 467 5279 a
495 5227 918 5297 pepulotamcu
952 5231 1189 5283 minime
1224 5232 1517 5298 receptus,
1553 5231 1613 5281 ut
1646 5228 1820 5281 habe-

161 5296 243 5370 tur
271 5295 327 5348 in
354 5295 631 5353 Chronic.
681 5301 842 5353 arch.
902 5301 1221 5354 Benevent.
1253 5295 1510 5370 Indigna
1539 5314 1635 5352 res
1670 5299 1814 5352 reli-

162 5365 338 5433 gioso,
372 5369 485 5422 sed
514 5371 703 5423 nostri
734 5372 940 5425 saeculi
992 5387 1187 5424 mores
1242 5371 1355 5423 huc
1389 5365 1717 5437 'devenere,
1757 5374 1818 5422 ut

161 5437 300 5502 quod
325 5438 642 5493 abborrent
688 5447 744 5495 et
778 5447 1165 5495 exsecrantur
1213 5442 1447 5510 pagani,
1500 5441 1614 5494 hoc
1646 5441 1817 5510 quasi

168 5522 262 5581 pro
296 5509 425 5581 lege
456 5527 489 5562 a
522 5514 744 5566 nostris
793 5514 1047 5581 politieis
1084 5509 1396 5577 habeatur,
1437 5512 1570 5565 dum
1607 5509 1819 5564 decent

165 5577 464 5654 v.iro_b6no
490 5585 547 5633 et
577 5577 846 5651 sapienti,
887 5600 953 5637 ac
980 5585 1312 5654 praesertim
1344 5582 1613 5652 principi.
1650 5598 1817 5654 τηρη-

166 5644 250 5723 ti_ri
280 5648 371 5703 fas
394 5658 619 5720 esse,et
645 5644 1237 5709 licere'aliisstruere
1263 5644 1817 5723 insidias,aliudque

167 5716 423 5775 clausum
456 5724 515 5775 in
545 5716 801 5796 pectore,
837 5726 994 5780 aliud
1028 5742 1166 5782 vero
1188 5726 1248 5782 in
1269 5726 1470 5799 lingua
1485 5716 1819 5796 promptum

1926 4732 2148 4786 habere
2196 4731 2489 4803 regnandi
2532 4731 2826 4803 cupidine,
2872 4731 3172 4803 irridendo
3222 4730 3362 4787 Sex.
3408 4732 3588 4787 Pom-

1923 4804 2141 4872 peium,
2178 4800 2435 4856 cui—cum
2466 4800 2811 4856 facillimum
2843 4807 3005 4857 esset
3036 4802 3418 4857 adversarios
3440 4817 3588 4859 suos

1925 4875 2136 4937 violata
2190 4874 2302 4927 fide
2356 4874 2730 4941 obtruncare,
2783 4876 2955 4944 atque
3004 4874 3083 4926 ita
3120 4876 3589 4944 tototerrarum

1923 4945 2068 4998 orbe
2101 4944 2294 5014 potiri,
2315 4944 2504 5013 pluris
2524 4944 2695 4998 ﬁdem
2728 4959 2903 5067 quam
2927 4943 3232 5013 imperium
3263 4943 3490 4999 fecerit.
3518 4943 3590 4999 Et

1923 5019 2063 5067 sunt
2085 5019 2199 5067 tam
2218 5015 2609 5067 impudentes.
2637 5016 2697 5067 ut
2770 5030 2942 5067 ocere
2966 5014 3217 5067 audeant
3238 5014 3586 5067 religionem

1923 5019 2063 5069 sunt
2085 5019 2199 5068 tam
2218 5015 2609 5083 impudentes,
2637 5016 2697 5085 uit
2728 5014 2942 5068 docere
2966 5014 3217 5068 audeant
3238 5014 3586 5085 religionem

1922 5087 2313 5156 virtutemque
2365 5086 2609 5154 imperio
2658 5084 2928 5156 famulari
2984 5085 3223 5156 debere,
3286 5084 3587 5156 licereque

1921 5157 2172 5227 principi
2205 5152 2309 5223 pro
2341 5172 2405 5210 re
2428 5152 2558 5209 nata
2586 5156 2760 5209 fidem
2781 5155 3277 5227 veljurejurando
3299 5152 3588 5211 firmatam

1923 5225 2089 5298 aeque
2108 5230 2279 5297 atque
2300 5228 2651 5281 cothurnum
2688 5242 2924 5298 exuere.
2952 5225 3038 5279 En
3061 5227 3277 5296 quibus
3308 5227 3367 5280 in
3401 5228 3586 5283 rebus

1925 5296 2268 5369 gloriantur.
2298 5299 2529 5351 Utinam
2554 5312 2658 5366 spe
2684 5313 2791 5350 sua
2810 5296 3259 5365 frustrarentur,
3293 5298 3395 5368 qui
3415 5299 3586 5353 dolos

1925 5370 2297 5435 concinnare,
2326 5369 2593 5438 aliosque
2618 5384 2827 5437 capere
2846 5369 3103 5437 student,
3137 5384 3363 5440 eosque
3394 5370 3589 5425 elude-

1923 5445 2050 5493 rent
2073 5455 2235 5504 aves,
2263 5456 2411 5509 quas
2440 5443 2691 5507 captant,
2730 5443 2785 5492 et
2822 5440 3144 5507 evolarent,
3183 5441 3358 5495 sicuti
3390 5440 3585 5495 evenit

1927 5512 2055 5563 Alix
2078 5511 2546 5580 archiepisc0po,
2573 5514 2671 5580 qui
2703 5526 2817 5566 non
2838 5514 3153 5565 assecutus
3195 5510 3302 5565 fuit
3332 5510 3586 5566 venatio-

1924 5597 2055 5636 nem
2084 5581 2095 5636 !
2126 5583 2170 5635 Ο
2202 5597 2375 5650 quam
2407 5583 2583 5651 longe
2629 5597 2659 5634 a
2691 5582 2897 5651 primis
2944 5583 3209 5651 saeculis,
3240 5581 3341 5635 ubi
3373 5580 3580 5634 Chris-

1925 5653 2061 5706 tiani
2096 5651 2264 5706 malle
2296 5653 2442 5707 mori
2473 5652 2767 5720 volebant,
2795 5655 2856 5705 ut
2886 5653 3095 5707 scribit
3116 5653 3389 5708 Justinus
3411 5651 3576 5703 mart.

1924 5723 2162 5798 Apol.2,
2194 5738 2369 5796 quam
2398 5723 2491 5783 vel
2521 5723 2707 5782 semel
2736 5723 2972 5781 mentiri
2999 5722 3011 5781 l
