3926 6146
150 249 241 314 985
1376 224 1762 315 ὐιΑιοαι
1812 280 1872 297 ο-
1912 248 2052 311 LIB
2096 248 2175 310 ιι.

3386 252 3506 316 986

143 447 358 503 cabiliter
384 447 684 514 susceptus
706 459 921 513 essem,
945 448 1118 515 atque
1141 442 1423 499 orationis
1455 445 1640 515 gratia
1655 444 1727 498 ad
1769 442 1813 498 Α
1840 447 2080 501 nuntius
2138 452 2377 517 repente
2418 450 2489 503 ab
2544 450 2907 506 infirmorum
2950 453 3122 507 domo
3166 469 3501 522 properans

141 536 405 591 orationem
434 548 517 587 me
539 533 864 600 duxissent,
918 533 1069 587 facta
1101 533 1383 601 oratione,
1417 533 1490 587 ad
1521 534 1725 586 dexte-

140 641 236 679 ram
261 623 505 677 ecclesiaa
534 637 623 675 me
646 622 880 690 contuli,
912 621 1111 692 ibique
1131 622 1438 676 aediculam
1458 625 1513 676 et
1541 622 1723 676 altare

137 711 388 781 conspexi.
431 710 684 781 Cumque
723 710 1064 780 episcOpum
1095 714 1151 763 et
1191 710 1444 764 clericos
1478 710 1725 763 interro-

140 815 352 872 gassem,
386 800 437 852 in
493 800 663 869 cujus
718 800 999 853 honorem
1031 799 1213 852 altare
1254 798 1392 852 illud
1429 799 1725 853 conditum

134 893 276 956 esset,
307 904 640 957 responsum
672 889 811 941 mihi
837 891 947 957 est,
980 887 1037 940 in
1089 888 1372 941 honorem
1407 889 1468 941 Β.
1509 887 1723 941 Felicis

134 976 440 1031 confessoris
486 976 700 1030 Christi
761 976 941 1030 altare
998 976 1139 1029 illud
1200 992 1338 1030 esse
1372 977 1722 1030 dedicatum.

129 1067 239 1119 Cum
264 1069 433 1119 autem
462 1066 592 1135 quis
617 1064 789 1119 fuerit
821 1065 916 1118 ille
959 1063 1127 1118 Felix
1162 1064 1540 1136 inquirerem,
1578 1066 1729 1119 dice-

132 1153 526 1223 bantmihiquod
541 1153 867 1208 monachus
884 1154 1230 1207 Casinensis
1247 1154 1727 1225 congregationis

132 1242 283 1309 fuerit,
304 1244 459 1311 atque
479 1243 549 1295 ab
582 1242 790 1296 abbate
809 1258 919 1296 suo
941 1242 1060 1296 illis
1092 1244 1149 1294 in
1181 1242 1450 1312 partibus
1476 1243 1722 1311 missus,

130 1333 175 1382 ut
217 1329 521 1398 pastoribus
552 1331 799 1402 egregie
851 1334 1161 1401 praeesset,
1196 1331 1276 1385 ibi
1306 1331 1483 1384 vitam
1505 1331 1724 1399 finivit;

129 1421 169 1471 et
212 1434 321 1471 cum
367 1419 432 1472 ad
479 1434 699 1488 corpus
748 1419 881 1490 ejus
913 1420 1287 1489 omnipotens
1330 1420 1488 1474 Deus
1547 1418 1726 1473 multa

128 1506 361 1559 mirabilia
389 1511 749 1577 operaretur,
800 1525 832 1562 a
865 1508 1194 1580 majoribus
1232 1510 1361 1563 suis
1410 1509 1481 1563 de
1509 1508 1640 1563 loco
1668 1509 1724 1562 in

128 1610 213 1664 quo
247 1595 391 1665 prius
428 1596 693 1667 jacuerat
753 1598 1002 1665 levatus,
1056 1602 1228 1668 atque
1286 1599 1345 1651 in
1388 1598 1497 1651 hac
1528 1599 1723 1652 eccle-

125 1683 206 1751 sia,
232 1684 328 1737 sub
350 1684 472 1752 hoc,
505 1690 566 1740 ut
583 1686 798 1752 cernis,
836 1687 1002 1741 altari
1026 1687 1298 1741 conditus
1323 1687 1516 1741 fuerit.
1540 1686 1726 1758 Igitur

124 1771 358 1840 quoddam
384 1774 758 1829 memorabile
791 1775 889 1830 illo
920 1775 977 1828 in
995 1775 1126 1829 loco
1141 1792 1330 1845 nuper
1347 1776 1418 1829 ab
1439 1793 1508 1830 eo
1526 1780 1721 1846 patra-

123 1863 230 1927 tum,
259 1862 628 1930 omnipotente
661 1863 906 1917 Domino
940 1863 1249 1934 largiente,
1285 1866 1648 1919 narrabatur.

173 1948 288 2000 Cum
339 1950 563 2018 quidam
596 1968 797 2006 caecus
849 1952 920 2005 ad
955 1956 1164 2006 cuncta
1215 1953 1510 2007 obstantia
1540 1955 1723 2023 pedes

123 2034 390 2106 offendens,
421 2038 866 2094 misericordem
890 2040 1199 2094 Dominum
1224 2044 1564 2113 rogaturus,
1589 2045 1722 2097 ante

121 2120 222 2192 ejus
245 2124 404 2179 altare
433 2128 716 2195 venisset,
744 2133 800 2182 et
829 2134 1163 2198 prostratus
1196 2134 1313 2185 toto
1349 2131 1587 2191 interra
1603 2149 1726 2186 cor-

119 2228 244 2279 pore,
273 2215 475 2284 gemitu
503 2234 570 2270 ac
601 2219 904 2287 suspiriis,
938 2223 1000 2273 ut
1022 2220 1248 2275 meritis
1280 2221 1344 2274 B.
1380 2220 1596 2275 Felicis
1628 2221 1724 2275 sui

116 2302 459 2374 misereretur,
484 2311 760 2362 orasset:
798 2324 933 2363 mox
961 2308 1230 2379 depulsis
1261 2309 1545 2363 caecitatis
1568 2313 1727 2363 tene-

118 2389 230 2460 bris,
259 2395 323 2449 ita
351 2411 527 2450 sanus
559 2400 623 2451 et
654 2397 967 2452 incolumis
990 2398 1248 2451 surrexit
1270 2401 1348 2466 ut,
1375 2398 1724 2452 mirantibus

117 2485 313 2548 cunctis,
360 2486 481 2555 ipse
534 2487 672 2540 suis
727 2488 915 2541 oculis
975 2487 1166 2541 lucem
1207 2487 1447 2556 caeperit
1477 2502 1722 2541 cernere

120 2586 254 2640 quam
282 2590 501 2644 semper
530 2576 610 2629 ab
642 2575 753 2629 alis
797 2576 1237 2630 desideraverat
1287 2575 1509 2629 audire.

176 2659 503 2732 Tamphilus.
530 2664 725 2719 Velim
754 2665 909 2719 scire
943 2664 995 2717 si
1047 2665 1137 2718 vir
1193 2664 1304 2717 iste
1337 2664 1721 2734 venerabilis,

117 2748 191 2816 qui
215 2752 275 2803 ita
296 2751 508 2822 claruit,
542 2756 685 2822 post
716 2758 960 2806 mortem
990 2752 1048 2805 in
1077 2752 1187 2806 hac
1211 2754 1325 2806 vita
1357 2754 1590 2822 positus
1622 2754 1723 2807 ali-

117 2839 235 2905 quod
263 2841 479 2911 signum
513 2842 586 2895 de
622 2842 756 2895 vitae
780 2857 906 2895 suae
938 2842 1145 2895 merito
1173 2842 1446 2895 dederit?

165 2925 494 2984 llcsiderius.
512 2931 649 2984 Non
663 2930 898 3000 quidem
912 2930 1065 2984 hunc
1087 2931 1485 2985 venerabilem
1504 2929 1720 3000 virum,

114 3013 215 3067 dum
241 3016 290 3070 in
320 3018 420 3072 hoc
442 3019 669 3073 saeculo
703 3017 864 3086 vixit,
897 3019 1133 3088 aliquod
1165 3019 1446 3072 indicium
1480 3036 1722 3073 suarum

113 3101 336 3159 virtutum
379 3108 623 3162 dedisse
658 3104 951 3177 comperi:
1006 3110 1410 3161 verumtamen
1453 3109 1725 3178 omnipo-

113 3192 210 3244 tens
248 3194 390 3249 Deus
445 3197 796 3267 plerumque
825 3211 1004 3267 agere
1046 3197 1376 3265 consuevit,
1420 3201 1480 3250 ut
1511 3198 1593 3251 illi
1626 3198 1731 3268 qui

108 3278 269 3334 devota
320 3289 501 3339 mente
542 3284 633 3337 illi
676 3284 910 3338 servire
946 3284 1202 3353 student,
1254 3285 1395 3339 licet
1434 3286 1492 3339 in
1544 3302 1724 3340 carne

112 3370 245 3433 positi
265 3372 468 3426 nullum
483 3373 727 3444 signum
750 3388 875 3426 suae
890 3373 1217 3427 sanctitatis
1238 3374 1566 3439 ostendant,
1594 3379 1727 3445 post

112 3462 311 3513 mortem
332 3466 517 3515 tamen
551 3460 730 3530 cujus
764 3460 953 3515 meriti
1004 3462 1241 3531 fuerint,
1284 3463 1461 3516 celari
1490 3465 1725 3518 minime

110 3546 330 3617 patiatur,
364 3555 419 3604 ut
440 3551 582 3604 dum
610 3550 898 3604 exstincta
926 3550 1161 3605 illorum
1187 3567 1436 3621 corpora
1454 3553 1529 3606 ita
1549 3552 1726 3606 mira-

108 3634 224 3688 culis
270 3654 583 3693 coruscare
645 3642 988 3701 cernuntur,
1040 3640 1090 3691 in
1124 3641 1311 3710 ipsius
1336 3642 1580 3697 servrlio
1614 3643 1720 3697 hu-

108 3736 254 3778 manae
276 3730 489 3783 mentes
520 3728 724 3781 acrius
753 3728 1169 3785 accendantur.

168 3811 505 3886 Theophilus.
534 3814 747 3870 Fateor
776 3816 917 3870 mihi
948 3818 1184 3886 placere
1215 3835 1348 3888 quae
1390 3819 1573 3888 dicis;
1596 3820 1722 3890 sed,

106 3912 268 3966 quaeso
305 3906 374 3973 te,
405 3906 678 3960 inchoata
711 3921 1110 3977 prosequere;
1138 3910 1199 3960 ut
1221 3907 1357 3961 dum
1390 3924 1522 3978 qua)
1556 3910 1723 3962 valde

106 3989 259 4060 cupio,
286 3994 471 4064 audio,
523 3995 599 4048 ad
630 4010 893 4049 amorem
930 4009 1240 4064 surpernae
1270 3996 1475 4064 patrias
1521 3997 1723 4051 fessus

106 4075 295 4133 animus
324 4083 640 4141 relevetur.

159 4165 496 4226 Desiderius.
513 4166 845 4244 Gregorius
863 4172 1122 4243 quidam,
1143 4188 1392 4227 summae
1410 4173 1721 4245 religionis

104 4258 398 4330 monachus,
431 4263 489 4315 in
526 4262 639 4315 hoc
671 4261 943 4316 emnobio
975 4262 1168 4315 dictus
1213 4265 1323 4331 est,
1360 4262 1479 4333 qui,
1521 4265 1727 4316 Sicuta

107 4340 358 4418 Plerisque
378 4350 560 4421 hujus
580 4349 693 4403 loci
709 4350 991 4405 fratribus
1008 4350 1253 4405 audisse
1269 4368 1359 4405 me
1376 4351 1729 4405 reminiscor

105 4428 210 4485 dum
237 4435 289 4489 in
318 4439 595 4507 prasenti
636 4439 752 4492 vita
785 4442 1043 4493 moratus
1078 4444 1191 4508 est,
1222 4440 1333 4493 sub
1368 4440 1714 4493 monasticae

1840 537 2018 604 venit,
2052 538 2149 607 qui
2207 534 2559 609 Gregorium
2605 541 2956 607 monachum
3014 542 3237 595 obiisse
3285 544 3503 599 retulit.

1843 623 2039 677 Voluit
2087 625 2280 695 itaque
2320 629 2690 696 omnipotens
2736 630 2896 683 Deus
2955 631 3267 684 ostendere
3301 632 3498 701 quanti

1842 714 2034 767 meriti
2062 714 2174 767 iste
2195 715 2285 767 vir
2314 714 2507 784 fuerit,
2544 716 2718 787 cujus
2768 718 3108 788 egrediente
3141 719 3331 772 anima
3380 723 3495 773 tam

1842 801 2087 855 miriﬁco
2119 802 2297 857 odore
2328 804 2658 858 coenobium
2692 822 2864 859 omne
2890 807 3202 875 repleverit
3225 807 3358 877 (30).

1913 889 2078 944 Alter
2131 891 2386 962 quidam,
2444 896 2505 945 ut
2545 892 2758 947 fratres
2804 895 2903 965 qui
2959 895 3147 948 adhuc
3182 901 3504 966 supersunt

1842 979 2126 1049 referunt,
2148 980 2412 1051 Angelus
2428 980 2557 1049 (31),
2585 981 2642 1035 in
2666 982 2776 1035 hoc
2798 984 3155 1037 monasterio
3178 985 3505 1038 monachus

1843 1067 2036 1121 dictus
2086 1072 2196 1137 est,
2255 1068 2428 1139 cujus
2478 1070 2742 1138 profecto
2799 1071 2916 1124 vita
2948 1072 3169 1125 nomini
3191 1072 3505 1126 dissimilis

1844 1172 1962 1211 non
2014 1156 2141 1211 fuit.
2190 1155 2295 1221 Qui
2329 1157 2465 1211 dum
2495 1158 2827 1213 infirmitate
2861 1164 3051 1214 tat-tus
3071 1161 3343 1228 corporis
3372 1160 3510 1213 ulti-

1846 1261 2004 1299 mum
2035 1245 2190 1299 diem
2222 1245 2559 1314 clausisset,
2585 1247 2983 1302 diemoniacus
3002 1248 3237 1318 quidem
3270 1247 3417 1303 forte
3447 1250 3507 1302 in

1847 1335 2156 1405 coquinam
2186 1334 2533 1390 intraverat:
2561 1339 2770 1390 etecce
2790 1338 3178 1406 subitocuapit
3208 1341 3495 1406 strepere,

1843 1438 1911 1475 ac
1946 1439 2033 1493 se,
2068 1422 2420 1477 furibundus
2450 1427 2655 1478 aterra
2675 1425 2980 1480 dissiliens
3004 1425 3064 1478 in
3095 1441 3230 1479 aera
3252 1427 3501 1492 elevare,

1843 1513 2154 1582 magisque
2212 1512 2461 1566 vocibus
2519 1514 2799 1582 clamans,
2851 1530 2980 1569 cum
3016 1530 3081 1568 se
3112 1531 3143 1567 a
3184 1514 3504 1570 Benedicto

1842 1601 2069 1670 perpeti
2101 1600 2593 1671 conquerebatur,
2627 1602 2870 1656 dicens:
2905 1602 2950 1655 Ο
2986 1602 3127 1672 quid
3158 1619 3312 1656 nunc
3361 1602 3503 1655 mihi

1842 1689 2015 1743 modo
2043 1689 2398 1743 Benedictus
2432 1690 2867 1759 fecit;animam
2890 1690 3101 1761 Angeli
3120 1691 3410 1760 monachi,
3428 1691 3502 1744 ob

1766 1806 1820 1871 Β
1842 1793 2085 1848 parvum
2112 1779 2404 1832 cucullum
2429 1778 2585 1849 quod
2616 1779 2872 1850 gestavit
2892 1780 2950 1832 in
2981 1779 3190 1848 capite,
3214 1779 3351 1832 mihi
3397 1794 3503 1832 au-

1844 1866 2041 1920 ferens
2067 1883 2271 1921 secum
2295 1868 2516 1922 detulit.
2540 1867 2801 1938 Cumquc
2826 1884 3032 1929 omnes
3053 1868 3152 1938 qui
3174 1867 3502 1921 aderantad

1842 1956 2022 2009 verba
2065 1957 2224 2010 illius
2258 1956 2571 2027 stupefacti
2626 1956 3012 2023 intenderent,
3031 1959 3086 2009 et
3115 1956 3254 2026 quid
3285 1956 3507 2009 diceret

1841 2043 2206 2115 ignorarent,
2266 2047 2506 2115 repente
2555 2045 2813 2116 signum,
2848 2061 2963 2115 quo
3014 2044 3260 2099 fratrum
3306 2044 3503 2098 obitus

1843 2133 2169 2204 significari
2201 2135 2372 2202 solet,
2405 2135 2697 2188 insonuit:
2734 2135 3045 2204 statimque
3071 2134 3282 2187 fratres
3297 2148 3502 2187 omnes

1842 2221 2188 2276 festinanter
2209 2222 2281 2274 ad
2316 2222 2555 2276 domum
2587 2222 2953 2274 infirmorum
2987 2224 3258 2290 pergunt,
3293 2223 3349 2274 et
3380 2221 3503 2273 An-

1842 2311 2039 2383 gelum
2071 2310 2419 2364 monachum
2446 2309 2569 2379 jam
2592 2310 2929 2364 defunctum
2950 2309 3265 2379 reperiunt.
3284 2309 3408 2373 Qua
3430 2309 3501 2362 de

1839 2415 1904 2453 re
1964 2402 2159 2468 aperte
2212 2402 2598 2453 monstratum
2647 2402 2757 2467 est,
2811 2399 2965 2468 quod
3003 2398 3222 2452 anima:
3254 2397 3412 2450 illius
3443 2396 3501 2448 in

1840 2489 2033 2559 aliquo
2091 2504 2305 2542 nocere
2357 2505 2473 2542 non
2504 2487 2708 2557 potuit,
2744 2487 2815 2541 de
2865 2487 3039 2557 cujus
3083 2490 3267 2540 morte
3303 2501 3501 2540 coram

1841 2578 2128 2631 fratribus
2187 2581 2303 2631 tam
2360 2577 2608 2646 tristem,
2634 2580 2748 2630 tam
2783 2576 3096 2648 lugubrem
3129 2590 3194 2629 se
3225 2574 3500 2645 antiquus

1842 2666 2033 2720 hostis
2063 2666 2339 2734 ostendit.

1920 2754 2520 2825 TI)80[)IIi1US.QLl€eSO
2533 2758 2595 2807 ut
2608 2754 2772 2807 dicas
2787 2769 2892 2807 cur
2904 2753 3174 2807 diabolus
3189 2754 3406 2807 tantum
3421 2752 3503 2806 in-

1840 2843 2110 2897 imicetur
2132 2844 2386 2897 humano
2401 2843 2627 2914 generi,
2650 2846 2712 2895 ut
2735 2843 2806 2896 ab
2828 2845 2959 2896 ortu
2976 2842 3295 2895 nativitatis
3310 2857 3500 2911 usque

1839 2932 1911 2985 ad
1943 2932 2161 2985 exitum
2182 2933 2317 2986 vitae
2349 2931 2623 2985 omnibus
2655 2931 2846 2985 modis
2870 2931 3178 2984 elaboreta
3210 2929 3500 2982 mandatis

1838 3019 2136 3074 Creatoris
2169 3020 2262 3073 sui
2285 3019 2579 3073 hominem
2607 3022 2893 3087 avertere,
2914 3024 3087 3088 atque
3116 3018 3189 3071 ad
3221 3021 3498 3071 aeternam

1916 3109 2081 3162 triam
2103 3108 2358 3163 tendenti
2374 3122 2759 3178 quascunque
2772 3108 2983 3177 poterit
3000 3106 3499 3160 insidiastendere

1878 3126 1907 3161 ﬂ

1838 3125 2081 3179 patriam
2103 3125 2358 3163 tendenti
2374 3125 2759 3178 quascunque
2772 3125 2983 3177 petent
3000 3125 3499 3160 insmiaswnuere

1758 3152 1821 3219 Ο
1910 3198 2286 3263 Desiderius,
2332 3197 2548 3267 Aperta
2610 3197 2755 3250 ratio
2803 3198 2977 3266 patet,
3028 3194 3183 3265 quod
3224 3194 3499 3263 antiquus

1841 3287 2055 3356 hostis,
2089 3287 2188 3357 qui
2222 3302 2288 3340 se
2346 3286 2609 3341 Creatori
2641 3301 2750 3339 suo
2783 3283 3149 3354 aequiparare
3210 3281 3506 3335 contendit

1838 3392 2060 3446 passus
2112 3390 2384 3446 magnam
2443 3374 2690 3439 ruinam,
2742 3373 2799 3425 in
2845 3371 3189 3441 voraginem
3224 3368 3500 3439 profundi

1839 3463 2098 3518 barathri
2133 3464 2443 3517 demersus
2475 3463 2589 3527 sit;
2640 3466 2695 3515 et
2742 3461 2961 3514 idcirco
3012 3459 3264 3512 humano
3298 3456 3504 3528 generi

1843 3553 2115 3608 omnibus
2148 3553 2342 3606 modis
2384 3551 2718 3605 contrarius
2758 3550 2985 3612 existat,
3018 3549 3152 3618 quia
3201 3547 3338 3600 illuc
3368 3562 3499 3600 eum

1841 3642 2164 3696 ascendere
2180 3644 2384 3709 cernit,
2404 3641 2555 3695 unde
2585 3642 2712 3710 ipse
2731 3655 2835 3709 per
2864 3639 3204 3708 superbiam
3235 3635 3502 3704 dejectus

1841 3732 2378 3803 irrecuperabililer
2420 3730 2665 3783 cecidit:
2723 3729 2857 3781 inde
2888 3731 2980 3780 est
3015 3726 3170 3796 quod
3215 3730 3498 3792 strepere,

1842 3822 2121 3885 insanire,
2161 3822 2431 3874 frendere
2461 3819 2520 3872 in
2544 3818 2865 3873 electorum
2894 3815 3001 3869 Dei
3029 3814 3278 3868 transitu
3328 3812 3500 3867 terri-

1840 3909 2037 3963 biliter
2067 3909 2318 3962 videtur.
2948 3976 2955 3981 Α

1912 3995 2196 4066 Azzo(32)
2229 3995 2400 4048 etiam
2430 3994 2665 4064 quidam
2700 3992 2999 4063 religiosae
3031 3991 3176 4045 satis
3212 3992 3347 4045 vitae
3381 4007 3500 4045 mo-

1841 4087 2068 4140 nachus
2100 4085 2228 4153 fuit,
2263 4084 2361 4155 qui
2385 4082 2700 4138 ecclesiam
2736 4081 2798 4134 Β.
2826 4079 3132 4133 Michaelis
3154 4079 3497 4151 archangeli

1837 4177 1897 4230 in
1922 4175 2073 4230 valle
2103 4191 2234 4245 qum
2266 4173 2479 4227 dicitur
2512 4171 2717 4241 Regis,
2743 4186 2775 4222 a
2799 4166 3499 4222 LudovicoChristianis-

1840 4264 2363 4334 simoimperalore
2395 4261 2641 4315 mirifico
2665 4274 2841 4327 opere
2874 4258 3295 4325 constructam,
3336 4260 3499 4325 post-

1837 4355 2072 4409 modum
2114 4369 2256 4409 vero
2300 4370 2332 4405 a
2390 4349 2703 4406 Saracenis
2754 4346 3112 4401 destructam
3153 4346 3309 4399 omni
3362 4361 3495 4399 cum

1835 4444 2028 4499 studio
2077 4442 2452 4510 restauravit,
2483 4426 2682 4512 ibique
2724 4441 2938 4496 fratres
2978 4438 3049 4492 ad
3080 4438 3497 4507 omnipotentis

102 4503 381 4592 disciplinae
412 4528 619 4599 regula
651 4503 1301 4597 omnipotentiDomino
1325 4528 1555 4583 studuit
1576 4532 1726 4581 stre-
1756 4503 1938 4588 DDei
1984 4533 2311 4603 servitium,
2352 4503 2525 4603 prout
2560 4503 2746 4603 potuit
2776 4532 3182 4605 congregavit.
3229 4503 3492 4597 Cumque

102 4609 342 4668 nuissime
365 4616 693 4670 deservire.
719 4616 981 4686 Cumque
1028 4616 1262 4687 expleto
1294 4617 1430 4671 vitae
1472 4617 1722 4671 termino

103 4707 155 4747 ex
172 4696 263 4754 hoc
284 4705 493 4759 mundo
530 4705 870 4776 migrassct,
888 4708 1041 4759 tanta
1067 4705 1267 4759 odoris
1301 4704 1623 4777 fragrantia
1650 4706 1722 4760 de

102 4780 199 4838 loco
228 4788 277 4841 in
305 4808 417 4861 quo
449 4793 741 4847 exanimis
786 4792 1024 4863 jaccbat
1082 4795 1397 4862 emanavit,
1443 4799 1506 4847 ut
1548 4810 1718 4848 omne

100 4874 258 4930 subito
289 4881 703 4935 monasterium
760 4882 917 4936 illius
968 4882 1171 4936 odoris
1218 4883 1504 4947 suavitas,
1546 4884 1722 4952 quasi

101 4962 240 5017 unius
261 4970 530 5040 angulum
555 4970 804 5024 domatis
822 4970 1064 5024 mirifice
1084 4971 1462 5040 resperserit.
1488 4970 1556 5025 Et
1583 4971 1719 5024 dum

98 5062 266 5107 omnes
296 5058 494 5112 odoris
526 5060 683 5113 illius
705 5058 986 5113 ineffabili
1018 5061 1268 5131 quadam
1288 5060 1578 5113 suavitate
1619 5076 1717 5114 re-

100 5143 245 5195 creati
276 5146 637 5219 mirarentur,
667 5165 736 5202 ac
759 5149 897 5219 quid
928 5152 1093 5205 esset
1121 5150 1360 5203 omnino
1394 5149 1714 5218 nescirent,

153 5283 252 5361 (301
282 5286 552 5361 Refertur
581 5292 752 5345 etiam
785 5307 817 5344 a
864 5291 1062 5345 Leone
1094 5290 1220 5344 Ost.
1257 5291 1355 5343 lib.
1393 5308 1473 5359 ιιι,
1505 5307 1611 5361 cap
1652 5289 1722 5344 50

98 5353 139 5401 et
161 5354 377 5431 {Petro
412 5361 567 5415 Diae.
590 5362 689 5415 lib.
718 5362 799 5415 De
824 5361 1111 5431 ortujust.
1138 5378 1264 5431 cap.
1285 5361 1374 5415 44.

140 5423 598 5503 ,‘3')DO_Angelo
632 5423 1181 5486 monacholiahctur
1212 5423 1439 5503 inentio
1467 5432 1523 5484 in
1540 5432 1719 5485 Petro

99 5488 316 5586 Diacono
346 5488 582 5586 lib.:ms.
606 5504 687 5586 De
720 5503 1197 5586 ortu‘jusrtorlll‘ni
1221 5520 1370 5586 Papi
1421 5502 1537 5586 .39’.
1570 5508 1627 5557 et
1658 5504 1718 5557 in

99 5576 247 5620 serm.
296 5586 399 5625 ms.
434 5572 501 5628 de
532 5578 643 5629 oet.
708 5572 898 5629 sancti
959 5574 1278 5629 Benedicti.
1322 5572 1393 5629 ac
1426 5574 1484 5629 in
1516 5573 1715 5629 Leone

1837 4623 2053 4677 ibidem
2077 4623 2137 4675 in
2163 4622 2406 4676 servitio
2439 4622 2544 4676 Dei
2575 4622 2935 4692 complesset
2974 4637 3183 4689 annos,
3236 4618 3497 4671 ultimam

1830 4712 1951 4783 jam
1977 4727 2125 4780 pene
2148 4726 2334 4783 agens
2373 4714 2621 4779 aetatem,
2656 4711 2727 4764 ad
2759 4711 3180 4766 monasterium
3229 4709 3496 4759 nostrum

1831 4816 1906 4855 ex
1935 4816 2051 4871 quo
2073 4802 2145 4854 ab
2177 4800 2509 4854 abbatesuo
2543 4800 2766 4854 missus
2810 4800 3017 4866 fuerat,
3063 4800 3153 4852 est
3188 4809 3491 4849 reversus.

1831 4889 1939 4954 Qui
1962 4890 2128 4944 senio
2142 4890 2465 4960 morboque
2484 4890 2791 4944 confectus
2820 4890 2876 4942 in
2903 4888 3074 4943 domo
3105 4886 3491 4949 infirmorum,

1831 4980 1891 5032 in
1920 4978 2133 5033 lectulo
2161 4977 2392 5049 jacens,
2417 4983 2743 5032 extremum
2764 4978 2898 5031 vitae
2930 4972 3334 5046 spiritumjam
3366 4988 3494 5027 mo-

1831 5069 2056 5122 riturus
2082 5068 2375 5135 trahebat,
2406 5068 2687 5137 multique
2718 5083 2749 5120 e
2781 5066 3068 5119 fratribus
3124 5062 3490 5125 excubantes

1833 5158 1987 5211 circa
2014 5157 2229 5211 lectum
2262 5157 2454 5226 ipsius
2495 5156 2731 5227 hymnis
2788 5156 2844 5208 et
2890 5152 3140 5223 psalmis
3191 5155 3491 5220 vacantes,

1829 5318 1953 5372 Ost.
1978 5317 2080 5371 lib.
2105 5335 2186 5383 ιιι,
2222 5333 2347 5385 cap.
2371 5316 2458 5369 4‘2.

1897 5387 2009 5456 (3‘2)
2048 5388 2270 5442 Floruit
2295 5383 2467 5440 _Azzo
2518 5386 2588 5439 ad
2620 5401 2835 5439 annum
2890 5383 3118 5439 Domini
3152 5383 3310 5438 1029.
3346 5383 3493 5436 Vide

1828 5460 2083 5513 Leonem
2115 5459 2238 5512 Ost.
2280 5459 2377 5525 lib,
2409 5476 2464 5526 ιι,
2492 5473 2616 5525 cap.
2652 5458 2739 5521 34,
2766 5462 2820 5510 et
2850 5458 3014 5510 Pctr.
3045 5456 3207 5527 Diae,
3246 5456 3343 5512 lib.
3380 5473 3491 5513 ms.

1827 5532 1909 5585 De
1931 5533 2061 5585 ortu
2083 5530 2233 5600 just.
2267 5529 2492 5596 Casin.,
2525 5545 2651 5597 cap.
2688 5529 2774 5585 40.
