3982 6164
183 326 275 392 989
1421 326 1792 391 DIALOGI.
1831 360 1900 373 —
1933 327 2092 390 LIB.
2126 328 2203 390 II.

2078 154 2101 171 Ὅ

3403 331 3525 399 990

154 531 330 587 referre
356 528 574 582 curabo.
606 526 750 581 Cum
773 526 927 581 idem
952 526 1170 581 Paulus
1190 526 1401 581 salutis
1422 543 1547 582 suae
1566 543 1747 581 causa
1777 509 1835 569 Α
1866 526 2058 581 lucem
2086 527 2146 581 in
2176 543 2312 584 aera
2343 531 2397 583 et
2414 528 2563 583 intra
2580 544 2766 599 Ipsam
2789 531 3144 586 venerabilis
3166 533 3274 587 viri
3293 534 3541 590 Joannis

156 622 367 675 nostrum
405 617 469 670 ad
514 616 845 669 coenobium
884 616 1226 670 devenisset
1258 617 1433 685 (anno
1476 614 1657 684 1022),
1718 632 1751 670 a

156 706 433 760 Theobaldo
454 705 672 772 abbate,
701 705 988 775 religioso
1019 705 1295 758 videlicet
1316 705 1467 773 viro,
1494 705 1592 775 qui
1611 707 1751 759 tunc

154 795 381 850 fratribus
410 793 822 847 honestissime
862 796 1132 863 praeerat,
1187 794 1395 848 devote
1428 797 1749 863 susceptus

148 888 234 939 est.
260 882 418 945 Quem
462 881 819 936 venerabilis
868 882 1045 936 Pater
1090 882 1149 935 in
1180 882 1540 937 monasterio
1596 882 1754 936 beati

151 972 303 1025 Patris
322 970 620 1039 Benedicti,
653 971 809 1041 quod
842 971 991 1024 intra
1022 970 1357 1041 Capuanam
1381 972 1587 1025 urbem
1614 987 1753 1025 con-

150 1062 379 1114 structum
408 1061 510 1127 est,
542 1057 807 1113 habitare
836 1060 1120 1129 praecepit
1154 1074 1166 1114 :
1201 1061 1302 1131 qui
1332 1063 1646 1132 postquam
1679 1060 1753 1114 ad

148 1147 362 1202 eumdem
389 1149 667 1217 pervenit,
703 1148 780 1201 ita
826 1163 893 1202 se
945 1148 1057 1202 sub
1090 1154 1312 1202 sanctae
1364 1148 1752 1203 iustitutionis

148 1235 308 1306 regula
340 1235 698 1305 constrinxit,
731 1239 793 1289 ut
840 1236 913 1289 ob
958 1236 1071 1290 hoc
1122 1237 1396 1291 omnibus
1464 1237 1751 1291 mirabilis

145 1324 421 1378 haberetur.
436 1323 548 1377 Sed
566 1324 1316 1394 omnipotens,misericors
1336 1342 1403 1379 ac
1417 1325 1550 1396 pius
1568 1326 1748 1395 Deus,

143 1414 366 1483 quantum
410 1412 517 1465 sibi
559 1412 692 1483 ejus
723 1413 902 1484 digna
952 1416 1326 1469 conversatio
1382 1415 1443 1469 in
1475 1414 1586 1468 hac
1633 1414 1751 1469 vita

142 1502 388 1570 placuerit,
415 1501 569 1555 illius
590 1505 722 1570 post
751 1502 971 1556 obitum
992 1503 1309 1557 ostendere
1327 1508 1417 1559 est
1448 1503 1745 1574 dignatus.

140 1590 247 1643 Cum
272 1605 498 1661 namque
526 1590 587 1644 in
620 1591 827 1645 eodem
851 1592 1209 1646 monasterio
1241 1592 1608 1665 religiosam,
1643 1593 1747 1648 ho-

138 1681 315 1731 nestam
341 1694 404 1732 ac
433 1679 672 1750 dignam
713 1680 833 1734 Deo
866 1682 1379 1736 conversationem
1428 1697 1742 1751 exercens,

136 1766 408 1835 aliquantos
457 1768 761 1838 explesset
818 1785 1028 1839 annos,
1082 1769 1419 1825 infirmitate
1469 1772 1743 1841 pulsatus

135 1856 353 1923 corporis
381 1859 431 1909 et
452 1856 649 1910 carnis
669 1857 993 1928 ergastulo,
1014 1857 1261 1929 jubente
1294 1859 1561 1928 Domino,
1580 1860 1745 1913 exili-

134 1943 208 1994 vit.
236 1944 398 2013 Igitur
443 1944 678 2014 quidam
730 1947 1090 2000 venerabilis
1122 1948 1258 2001 vitae
1306 1949 1625 2017 episcopus
1673 1964 1744 2002 ex

130 2029 288 2084 Gallia:
314 2032 572 2101 partibus
602 2034 872 2103 veniens,
909 2036 1194 2091 orationis
1227 2036 1413 2106 gratia
1445 2037 1515 2090 ad
1547 2036 1740 2091 eccle-
1774 2058 1828 2123 Β

130 2118 244 2172 siam
270 2120 413 2174 Beati
444 2121 753 2177 Michaelis
781 2123 1122 2195 archangeli
1152 2124 1213 2177 in
1244 2123 1513 2196 Cargano
1546 2130 1741 2180 monte

129 2207 365 2262 conditam
406 2211 777 2279 properabat.
843 2212 989 2266 Cum
1047 2217 1239 2267 autem
1294 2214 1367 2267 ad
1406 2214 1741 2284 Capuanam

126 2294 286 2348 urbem
311 2296 664 2367 devenisset,
712 2298 881 2369 juxta
930 2300 1245 2354 ecclesiam
1286 2303 1740 2373 protomartyris

124 2380 349 2452 Staphani
392 2385 503 2453 (38)
542 2387 863 2456 diversus,
916 2388 1252 2458 hospitatus
1311 2393 1422 2444 est.
1477 2391 1741 2462 Denique

123 2485 222 2523 cum
252 2476 402 2527 nocte
429 2475 786 2545 intempesta
816 2492 847 2530 e
895 2478 1109 2532 lectulo
1161 2479 1552 2547 surrexisset,
1608 2484 1742 2535 ante

123 2560 380 2614 ecclesiam
435 2563 707 2633 praedicti
756 2566 1033 2636 martyris
1082 2570 1280 2635 stans,
1340 2567 1570 2622 vicinas
1622 2569 1741 2623 sibi

121 2650 475 2719 omnipotentis
507 2653 618 2706 Dei
648 2669 824 2707 aures
848 2655 1151 2724 precibus,
1177 2656 1577 2727 lacrymisque
1610 2657 1740 2711 red-

121 2734 254 2789 debat
280 2754 290 2791 :
323 2754 447 2793 cum
478 2756 625 2795 ecce
653 2742 872 2811 subito,
907 2744 976 2797 ad
1008 2744 1309 2798 dexteram
1337 2745 1583 2799 orientis
1608 2761 1741 2815 par-

116 2828 202 2878 tem
240 2830 426 2883 oculos
480 2832 880 2900 porrexisset,
934 2832 1080 2887 vidit
1128 2834 1318 2887 instar
1360 2833 1507 2888 solis
1557 2834 1742 2888 radiis

118 2911 264 2968 lucem
287 2919 651 2985 splendidam
674 2936 704 2974 e
725 2922 1088 2977 monasterio
1110 2937 1218 2991 per
1238 2938 1375 2976 aera
1395 2922 1745 2977 mirabiliter

116 3001 357 3060 advolare.
381 3006 653 3078 Cumque
678 3008 776 3062 diu
802 3007 991 3063 lucem
1015 3025 1189 3080 quam
1210 3010 1446 3064 videbat
1462 3010 1742 3064 attonitus

117 3097 393 3164 miraretur,
426 3097 673 3167 signum
723 3097 782 3150 in
843 3098 1214 3152 monasterio
1287 3098 1568 3164 insonuit,
1626 3115 1741 3168 quo

114 3178 272 3236 fratris
318 3184 504 3239 exitus
537 3184 1010 3256 significabatur.
1066 3186 1357 3240 lntellexit
1401 3187 1675 3255 protinus
1709 3202 1739 3240 e

114 3266 309 3324 fratrum
325 3288 569 3328 numero
590 3273 843 3344 aliquem
859 3275 1055 3345 magni
1078 3276 1271 3328 meriti
1294 3291 1366 3328 ex
1388 3275 1499 3329 hoc
1523 3276 1740 3329 mundo

112 3355 372 3430 migrasse,
426 3363 728 3432 simulque
763 3377 895 3416 cum
944 3363 1075 3432 ipsa
1132 3363 1261 3418 luce
1297 3363 1429 3417 οωιὶ
1461 3363 1741 3417 sublimia

110 3450 422 3510 penetrasse.
483 3450 628 3504 Mox
657 3451 851 3520 itaque
883 3452 1226 3505 convocatis
1289 3451 1545 3519 clericis,
1607 3468 1739 3521 quas

110 3532 289 3589 viderat
308 3539 621 3606 enarravit,
644 3540 956 3610 statimque
1005 3540 1075 3594 ad
1117 3540 1539 3594 monasterium
1575 3555 1739 3594 num-

1868 615 2126 669 animam
2175 616 2388 671 coelum
2420 620 2729 686 penetrare
2783 620 3112 688 conspexit.
3163 621 3348 692 Igitur
3389 624 3541 678 facto
3598 677 3608 686 ,

1864 718 2056 771 mane,
2094 706 2314 759 certius
2356 706 2516 759 scire
2546 707 2757 760 volens
2789 708 2944 777 quod
2976 708 3221 775 viderat,
3268 712 3427 764 venit
3469 712 3540 765 ad

1864 791 2184 861 Andream,
2231 795 2332 864 qui
2365 795 2528 848 cellae
2587 795 2768 867 hujus
2811 797 3173 865 monasterii,
3206 813 3338 868 quae
3393 799 3541 852 intra

1864 880 2129 934 eamdem
2162 880 2495 951 Capuanum
2530 884 2735 937 urbem
2755 884 2866 938 sita
2891 887 3156 955 est,tunc
3183 886 3542 955 praepositus

1863 971 2005 1033 erat,
2058 969 2309 1040 hocque,
2357 971 2514 1041 quod
2562 972 2809 1039 viderat,
2863 989 2968 1043 per
2998 974 3261 1028 ordinem
3310 974 3537 1029 retulit:

1865 1058 1923 1110 et
1975 1060 2036 1110 ut
2067 1058 2137 1111 ad
2179 1058 2290 1113 hoc
2321 1052 2744 1114 monasterium
2790 1062 3056 1115 nuntium
3086 1062 3392 1134 dirigeret,
3440 1063 3539 1134 qui

1862 1143 2322 1215 diligentissime
2371 1164 2495 1202 rem
2526 1163 2701 1219 quam
2734 1149 2959 1204 viderat
2992 1151 3395 1223 investigaret,
3430 1152 3539 1206 ob-

1861 1232 2300 1302 nixe'poposcit.
2316 1236 2425 1299 Qui
2440 1235 2571 1306 ejus
2588 1242 2721 1291 voto
2736 1252 2943 1306 parere
2958 1239 3228 1307 studens,
3271 1240 3537 1294 nuntium

1861 1336 1999 1374 mox
2043 1321 2273 1391 direxit,
2322 1325 2423 1395 qui
2476 1325 2792 1396 diligenter
2838 1326 2968 1381 haec
3013 1343 3144 1397 qua:
3195 1327 3349 1380 dicta
3398 1331 3537 1382 sunt

1861 1413 2276 1481 cognosceret,
2331 1413 2625 1484 citiusque
2657 1430 2942 1469 reversus
2974 1415 3234 1469 indicare
3280 1420 3533 1471 curaret.

1861 1497 2009 1551 Tum
2040 1499 2094 1552 is
2126 1500 2228 1570 qui
2256 1501 2483 1555 missus
2509 1501 2698 1556 fuerat
2728 1504 2989 1572 nuntius,
3023 1504 3158 1557 dum
3190 1503 3537 1558 festinanter

1862 1592 2162 1660 pergeret,
2198 1592 2253 1643 et
2283 1589 2339 1642 in
2373 1590 2504 1659 ipso
2558 1591 2766 1645 itinere
2795 1592 2942 1645 alter
2969 1608 3000 1645 a
3031 1593 3386 1646 monasterio
3435 1609 3534 1648 ve-

1862 1676 2033 1730 niens
2065 1677 2341 1747 occurrit,
2370 1679 2467 1749 qui
2491 1679 2846 1734 fratribusin
2860 1680 3138 1750 praedicta
3158 1681 3303 1735 cella
3318 1680 3532 1751 Capuaa

1862 1767 2363 1820 commorantibus
2436 1767 2665 1837 praefati
2727 1769 2883 1822 servi
2945 1769 3052 1824 Dei
3108 1769 3329 1823 obitum
3377 1786 3531 1824 nun-

1861 1853 2056 1923 tiavit;
2089 1870 2256 1925 aquo
2289 1855 2926 1927 subtiliter-inquirens,
2953 1858 3533 1928 invenitpraedictum

1862 1941 1968 1994 Dei
2000 1957 2244 1996 servum
2276 1959 2343 1998 ea
2375 1944 2519 1999 hora
2550 1960 2623 1999 ex
2656 1944 2766 1999 hac
2806 1946 2936 1999 luce
2984 1945 3368 2015 subtractum,
3420 1962 3535 2016 qua

1862 2043 1993 2082 cum
2026 2030 2287 2084 Joannes
2320 2032 2643 2103 religiosus
2675 2032 3018 2097 monachus,
3040 2033 3255 2104 Capuae
3277 2033 3528 2103 positus,

1860 2118 2075 2171 cmlum
2106 2119 2456 2175 mirabiliter
2485 2126 2833 2190 penetrasse
2846 2123 3143 2193 cognovit.
3178 2122 3343 2176 Tune
3371 2125 3532 2176 uter-

1859 2220 1972 2275 que
2002 2206 2072 2259 ad
2114 2222 2219 2261 eos
2262 2225 2293 2261 a
2340 2209 2558 2278 quibus
2604 2210 2779 2264 missi
2817 2210 3046 2263 fuerant
3086 2210 3336 2278 reversi,
3387 2210 3534 2264 alter

1856 2295 2019 2347 servi
2063 2294 2167 2348 Dei
2198 2296 2441 2364 obitum,
2474 2297 2621 2351 alter
2650 2313 2790 2352 vero
2820 2298 3132 2367 visionem,
3166 2314 3298 2369 quae
3342 2298 3413 2353 de
3461 2313 3531 2352 eo

1856 2380 1986 2434 visa
2017 2385 2128 2450 est,
2163 2383 2506 2438 retulerunt.

1929 2470 2245 2525 Multorum
2291 2473 2405 2542 (40)
2450 2473 2693 2528 fratrum
2744 2475 3080 2529 testimonio
3124 2474 3306 2529 didici
3375 2475 3526 2544 haec,

1856 2572 1989 2627 quae
2016 2564 2221 2613 nostro
2253 2561 2454 2613 curavi
2501 2562 2770 2615 annotari
2800 2562 3017 2617 libello.
3051 2562 3123 2616 Et
3150 2562 3285 2616 licet
3315 2563 3529 2618 Petrus

1850 2648 2212 2701 venerabilis
2234 2648 2529 2702 Ostiensis
2580 2650 2900 2719 episc0pus
2950 2650 3009 2703 in
3027 2666 3323 2719 sermone;
3354 2666 3529 2722 quem

1849 2735 1909 2790 in
1940 2736 2165 2806 vigiliis
2188 2737 2253 2790 B.
2288 2738 2483 2791 Patris
2502 2738 2804 2792 Benedicti
2835 2738 3154 2810 legendum
3184 2740 3528 2794 luculentis-

1851 2823 2000 2878 sime
2017 2826 2368 2894 composuit,
2386 2826 2443 2879 id
2458 2826 2761 2897 eleganter
2773 2827 3168 2899 decenterque
3186 2829 3525 2900 inseruerit,

1850 2916 2042 2966 tamen
2075 2912 2227 2968 inter
2241 2919 2456 2968 caetera
2487 2914 2940 2986 miracula,quae
2972 2916 3343 2986 omnipotens
3367 2917 3526 2972 Deus

1852 3000 1926 3054 ad
1956 3001 2188 3055 laudem
2231 3003 2325 3056 sui
2355 3004 2612 3057 nominis
2652 3006 2854 3057 nostra
2888 3004 3061 3057 etiam
3094 3005 3391 3074 memoria,
3432 3006 3524 3057 vel

1852 3090 2155 3144 seniorum
2188 3094 2548 3160 nostrorum,
2573 3107 2725 3162 quos
2747 3093 2861 3162 ipsi
2883 3093 3162 3161 vidimus,
3188 3093 3525 3164 quibusque

1850 3178 2273 3247 referentibus,
2309 3180 2684 3250 agnovimus,
2720 3180 2833 3234 hoc
2861 3181 2918 3233 in
2943 3185 3148 3234 nostro
3167 3181 3525 3235 monasterio

1851 3267 2170 3321 ostendere
2202 3273 2293 3321 est
2323 3269 2621 3339 dignatus,
2646 3269 2913 3323 inserere
2936 3269 3158 3338 curavi,
3182 3270 3319 3322 utin
3349 3267 3524 3339 cujus

1851 3353 2003 3408 forte
2036 3371 2245 3409 manus
2278 3372 2476 3411 sermo
2508 3357 2604 3410 ille
2628 3372 2744 3411 non
2762 3357 3008 3424 venerit,
3031 3360 3086 3410 et
3114 3357 3299 3411 hocin
3320 3359 3523 3411 nostro

1849 3442 2046 3498 libello
2079 3446 2444 3515 cognoverit,
2466 3445 2652 3500 Deum
2675 3446 2874 3499 laudet
2896 3445 2953 3498 in
2977 3445 3346 3499 mirabilibus
3369 3445 3522 3513 suis,

1855 3532 1954 3601 qui
1985 3533 2142 3586 omni
2182 3536 2467 3603 tempore,
2501 3549 2655 3588 novo
2684 3533 2956 3587 videlicet
2988 3533 3119 3587 cibo
3160 3534 3259 3587 alit
3287 3537 3524 3588 teneras

104 3620 215 3674 tium
243 3626 408 3694 misit,
432 3632 495 3681 ut
528 3628 670 3697 quis
700 3627 780 3682 ibi
813 3628 1129 3682 defunctus
1162 3632 1324 3683 esset
1363 3632 1736 3699 agnosceret,
1773 3612 1825 3673 C
1852 3624 2078 3677 mentes
2123 3637 2390 3676 suorum.
2442 3623 2630 3693 Igitur
2678 3622 2932 3693 quodam
2965 3626 3225 3691 tempore
3256 3622 3328 3678 ab
3359 3621 3523 3676 initio

108 3708 323 3781 Cumque
352 3714 423 3785 is,
456 3716 558 3786 qui
581 3715 810 3770 missus
838 3715 1049 3783 fuerat,
1076 3718 1499 3771 monasterium
1518 3720 1740 3771 intras-

102 3802 185 3865 set,
212 3801 417 3857 invenit
450 3805 705 3858 Paulum
740 3804 1136 3859 venerabilem
1177 3806 1526 3860 monachum
1560 3823 1590 3860 e
1612 3822 1739 3860 cor-

104 3900 212 3952 pore
238 3892 476 3946 animam
512 3894 818 3947 emisisse.

155 3975 386 4034 Joannes
418 3978 533 4049 (39)
584 3980 900 4035 admodum
928 3980 1253 4052 religiosus
1297 3982 1646 4051 monachus,
1682 3986 1741 4038 et

100 4066 357 4136 sacerdos,
391 4070 573 4140 cujus
615 4070 895 4139 superius
926 4059 1285 4125 mentionem
1314 4070 1450 4139 feci,
1488 4072 1605 4141 qui,
1644 4088 1737 4126 re-

97 4148 206 4206 licto
254 4157 544 4228 regimine
592 4158 955 4228 monasterii,
1017 4159 1087 4212 ad
1145 4158 1342 4213 Eremi
1379 4164 1610 4214 secreta
1669 4175 1735 4214 se

100 4243 316 4310 contulit,
372 4248 431 4300 in
476 4247 594 4300 hac
625 4247 817 4301 vicina
849 4247 998 4301 silva
1050 4262 1241 4318 usque
1295 4248 1368 4301 ad
1400 4253 1729 4303 extremum

97 4328 201 4383 vitae
226 4348 343 4389 suae
368 4338 687 4390 terminum
719 4337 1020 4390 solitarius
1051 4336 1265 4391 mansit
1301 4353 1311 4389 :
1350 4337 1548 4407 ibique
1577 4337 1734 4408 jeju-

99 4415 202 4484 niis,
230 4423 442 4492 vigiliis
490 4441 562 4478 ac
597 4425 963 4478 orationibus
1015 4441 1251 4494 operam
1285 4425 1454 4493 dans,
1507 4425 1735 4480 studuit

96 4511 431 4580 omnipotenti
490 4513 743 4567 Domino
796 4513 1047 4567 sollicita
1087 4516 1280 4568 mente
1312 4513 1562 4568 servire.
1624 4514 1734 4567 Hic

96 4608 206 4650 vero
232 4616 357 4653 cum
378 4602 758 4671 temporibus
781 4601 1103 4656 Theobaldi
1122 4603 1355 4656 abbatis
1377 4617 1449 4657 ex
1478 4602 1586 4656 hac
1603 4602 1734 4657 luce

51 4669 57 4690 ¹
96 4684 372 4755 migrassct
402 4669 586 4757 (anno
628 4690 807 4758 1022),
845 4690 1171 4745 monachus
1203 4691 1439 4761 quidam
1469 4691 1731 4745 Joannes

93 4776 306 4845 nomine,
368 4779 427 4831 in
476 4778 842 4832 monasterio
894 4778 1055 4832 Beati
1096 4779 1395 4832 Laurentii
1437 4780 1729 4848 martyris,

95 4862 219 4926 ‘luod
239 4867 384 4934 apud
401 4866 666 4936 Capuam
691 4870 801 4935 est,
826 4867 1268 4921 studiosissime
1290 4867 1348 4920 in
1375 4867 1735 4921 Deiservitio

89 4954 560 5009 conversabatur:
616 4956 715 5025 qui
766 4954 903 5009 dum
937 4955 1188 5024 quadam
1218 4958 1389 5009 nocte
1422 4958 1735 5024 antequam

88 5033 267 5093 fratres
295 5043 365 5095 ad
394 5043 646 5114 vigilias
670 5046 1023 5114 surgerent,
1057 5044 1128 5098 de
1158 5042 1394 5111 lectulo,
1430 5057 1590 5097 more
1623 5059 1734 5097 so-

86 5120 180 5191 lilo,
209 5113 675 5201 omnipotentem,
700 5131 1012 5185 Dominum
1043 5135 1391 5201 precaturus
1424 5132 1728 5186 surrexis-

85 5216 169 5274 set,
200 5215 329 5271 dum
359 5222 585 5273 attenta
630 5222 822 5273 mente
866 5223 1033 5274 stans
1060 5220 1504 5275 misericordem
1537 5219 1727 5273 Domi-

82 5313 191 5354 num
252 5312 623 5377 precaretur,
683 5309 881 5363 subito
949 5308 1278 5379 respiciens
1333 5308 1724 5362 clarissimam

136 5440 235 5518 (38)
266 5447 622 5502 Nominatur
652 5451 708 5503 in
748 5410 966 5505 Chron.
1008 5450 1206 5504 Casin.
1249 5451 1347 5504 lib.
1381 5467 1440 5518 ιι,
1475 5465 1580 5517 cap
1628 5451 1714 5513 55,

148 5515 382 5639 iuhl’etr.
421 5520 590 5575 Diae.
621 5538 746 5591 cap.
780 5522 867 5590 -13,
893 5522 1147 5576 ecclesia
1176 5524 1236 5575 ὃ.
1261 5515 1579 5589 Laurentii,
1606 5537 1722 5575 non

80 5614 96 5631 κ
130 5600 191 5653 ep
234 5604 344 5641 am.
444 5614 449 5621 ~

378 5661 493 5717 hoc
544 5661 825 5718 miraculo
876 5663 997 5737 agit
1040 5663 1214 5718 etiam
1246 5664 1403 5720 Petr.
1451 5663 1715 5733 Diacon.,

1759 5178 1813 5239 D

1852 3708 1986 3762 Maii
2017 3711 2243 3764 mensis
2293 3725 2482 3782 usque
2513 3711 2584 3763 ad
2617 3714 2873 3764 extrema
2915 3710 3142 3764 mensis
3173 3710 3334 3780 Julii,
3366 3712 3524 3764 tanta

1847 3797 2091 3852 siccitas
2141 3800 2297 3853 aeris
2338 3799 2581 3867 exstitit,
2634 3803 2697 3852 ut
2742 3814 2814 3853 ne
2858 3799 3242 3868 paucissimis
3285 3799 3523 3870 quidem

1848 3886 2032 3957 guttis
2064 3902 2242 3940 arens
2275 3891 2450 3955 terra,
2486 3890 2541 3939 et
2571 3886 2804 3941 crebris
2825 3888 3082 3941 discissa
3113 3888 3301 3958 rimis,
3326 3888 3523 3959 aliquo

1846 3973 2020 4027 modo
2041 3975 2291 4030 mldefie
2306 3976 2358 4028 ri
2372 3975 2692 4029 videretur.
2718 3976 3146 4045 Tuncquadam
3175 3977 3267 4030 die
3287 3976 3525 4047 quidam

1846 4062 2131 4132 rusticus,
2165 4068 2226 4116 ut
2258 4063 2531 4132 stipulam
2581 4064 2792 4117 triticae
2824 4064 3045 4117 messis
3077 4079 3188 4117 suo
3218 4064 3279 4118 in
3327 4065 3523 4136 agello

1845 4151 2239 4206 succenderet
2288 4167 2403 4221 quo
2453 4150 2701 4206 liberius
2738 4155 2953 4205 terram
2995 4152 3268 4206 excolere
3293 4155 3518 4222 posset,

1843 4240 2078 4294 allatum
2132 4241 2332 4311 ignem
2381 4239 2611 4294 incaute
2646 4240 2999 4309 supposuit;
3061 4256 3313 4310 cumque
3358 4241 3520 4311 ignis

1839 4329 2120 4400 paulatim
2150 4330 2424 4399 stipulam
2455 4329 2765 4383 lambendo
2788 4329 3079 4382 flammam
3099 4329 3158 4381 in
3189 4328 3305 4383 alto
3336 4328 3522 4399 porri-

1841 4421 2027 4489 geret,
2061 4418 2235 4472 ﬂante
2267 4433 2407 4471 aura
2433 4419 2491 4472 in
2538 4418 2864 4487 proximam
2913 4417 3144 4486 silvam,
3180 4433 3313 4488 quae
3365 4419 3514 4472 sub-

1835 4506 1996 4577 jacet
2030 4507 2409 4577 monasterio,
2442 4507 2669 4561 rustico
2690 4506 2996 4573 renitente,
3029 4506 3307 4561 dissiluit.
3334 4506 3521 4578 Igitur

1839 4594 2125 4649 inﬁnitam
2140 4596 2255 4650 sibi
2285 4597 2435 4651 silva
2453 4596 2825 4651 ministrante
2857 4595 3180 4663 materiam,
3214 4596 3374 4667 ignis
3403 4595 3520 4650 huc

1840 4684 1981 4739 illuc
2014 4702 2121 4756 per
2151 4686 2332 4739 latera
2359 4685 2578 4739 montis
2612 4686 2982 4755 discurrens,
3018 4699 3187 4738 omne
3218 4688 3517 4740 monaste—

1843 4774 1995 4827 rium
2027 4773 2301 4828 incendio
2332 4789 2399 4828 se
2432 4777 2963 4839 concrematurum,
2990 4772 3226 4843 populis
3258 4774 3518 4844 undique

1845 4862 2253 4933 spectantibus
2286 4862 2636 4917 minabatur.
2670 4862 2815 4917 Cum
2854 4864 3050 4931 itaque
3077 4861 3291 4914 fratres
3350 4861 3518 4915 ﬂam-

1843 4952 1957 5005 mis
2006 4952 2435 5022 crepitantibus
2481 4952 2688 5006 timore
2749 4949 3010 5003 exterriti
3054 4952 3228 5018 atque
3277 4950 3513 5018 turbati,

1844 5041 2040 5095 animo
2071 5041 2497 5111 expergefacti,
2518 5058 2549 5093 a
2578 5038 2814 5094 lectulis
2838 5036 3252 5093 surrexissent
3278 5038 3435 5105 (nam
3457 5039 3517 5092 in

1846 5129 2168 5183 meridiano
2203 5133 2464 5200 tempore
2496 5129 2615 5182 illis
2637 5126 3082 5198 quiescentibus
3114 5140 3214 5178 res
3233 5126 3345 5179 ista
3370 5141 3516 5180 con-

1846 5218 2097 5289 tigerat),
2132 5218 2341 5271 videns
2375 5222 2486 5271 tam
2520 5218 2789 5283 immane,
2816 5220 2931 5270 tam
2962 5214 3336 5269 subitaneum
3355 5215 3517 5286 peri-

1847 5307 2065 5376 culum,
2102 5307 2226 5361 etei
2260 5307 2512 5377 qualiter
2550 5304 2834 5359 resistere
2869 5308 3117 5374 possent
3149 5304 3307 5357 nullo
3343 5304 3515 5359 modo

1845 5450 1995 5503 libro
2028 5465 2138 5502 ms.
2169 5448 2240 5501 do
2274 5447 2569 5519 ort.just.,
2605 5463 2731 5517 cap.
2766 5445 2854 5502 36.

1908 5521 2021 5589 (40)
2055 5521 2323 5575 Habetur
2348 5516 2564 5573 mentio
2588 5516 2758 5572 etiam
2788 5519 2847 5572 in
2865 5520 3042 5572 Petro
3066 5516 3355 5589 Damian.)
3390 5532 3514 5571 ser-

1833 5588 2220 5647 mOn.'habito
2252 5591 2535 5664 ingvigilia
2563 5590 2761 5664 sancti
2787 5588 3104 5660 Benedicti,
3129 5592 3184 5643 et
3225 5589 3282 5642 in
3316 5588 3515 5646 Leone

1829 5664 2033 5719 Ost.in
2062 5664 2283 5718 Chron.
2316 5660 2505 5733 libiu,
2537 5678 2662 5734 cap.
2698 5660 2787 5717 65.
