3982 6164
465 296 577 376 991

1772 299 2161 362 VICTORIS
2207 301 2295 367 1Ιί
2344 301 2588 367 ΡΑΡΑΞ

3718 305 3815 373 992

462 499 809 570 excogitare
842 501 1125 567 valentes,
1166 500 1236 551 ad
1267 499 1461 553 divina
1495 515 1559 551 se
1604 498 1796 551 statim
1833 498 2135 552 contulere
2170 481 2218 540 Α
2330 496 2699 568 Theophilus.
2736 497 2860 551 Hoc
2895 498 3238 551 miraculum
3267 502 3322 552 et
3365 500 3416 553 in
3448 500 3616 555 Veteri
3658 504 3816 560 Testa-

468 588 766 658 praesidia.
799 588 963 641 Totis
1004 589 1199 656 itaque
1235 587 1467 639 viribus
1500 591 1554 639 et
1604 601 1674 638 ex
1709 586 1905 638 intimo
1940 586 2139 638 cordis

468 675 685 730 affectu
718 676 1171 744 omnipotentem:
1209 676 1513 728 Dominum
1548 691 1763 744 rogare
1815 678 2139 743 coeperunt,

472 768 538 818 ut
589 764 814 818 meritis
866 764 929 817 Β.
983 765 1177 816 Patris
1213 764 1528 831 Benedicti,
1563 779 1676 832 quo
1713 764 1915 816 ordine
1950 763 2140 830 vellet,

472 868 581 907 sua
605 854 823 907 virtute
857 854 1276 906 monasterium
1301 854 1371 905 ab
1394 852 1661 905 inccndio
1686 851 1957 919 eriperet,
1984 852 2138 921 quod

476 940 735 994 humana
765 957 936 994 manu
971 942 1204 995 defendi
1246 956 1425 1010 posse
1461 942 1693 1009 penitus
1727 940 2139 1009 deSperabant.

472 1029 734 1099 Cumque
794 1030 889 1082 alii
927 1031 1144 1083 erectis
1179 1031 1234 1082 in
1259 1031 1468 1083 cu-lum
1503 1028 1794 1096 manibus,
1821 1034 1997 1099 atque
2045 1029 2143 1081 alii

472 1118 789 1186 prostratis
823 1118 878 1170 in
912 1122 1063 1171 terra
1098 1119 1468 1187 corporibus,
1502 1118 1597 1170 alii
1644 1118 1813 1170 flexis
1865 1119 2139 1188 genibus,

473 1206 574 1258 alii
623 1207 682 1259 in
742 1210 955 1260 terram
1019 1207 1301 1259 demissis
1351 1207 1641 1274 capitibus
1688 1207 2144 1275 omnipotentem

474 1294 783 1347 Dominum
816 1298 1222 1363 precarentur,
1254 1296 1450 1348 subito
1489 1311 1667 1363 parva
1692 1294 1979 1369 nubecula
1994 1311 2061 1348 se
2083 1296 2141 1349 in

478 1380 664 1451 hujus
682 1382 861 1435 latere
877 1383 1090 1435 montis
1111 1383 1419 1451 colligens,
1439 1399 1613 1451 supra
1632 1398 1911 1436 cacumen
1929 1384 2140 1452 ipsius,

473 1470 670 1524 divina
713 1471 1037 1539 imperante
1077 1473 1353 1540 potentia,
1388 1471 1680 1538 dilatavit;
1707 1488 1837 1542 qua:
1870 1487 2007 1524 mox
2028 1477 2140 1525 tan-

476 1561 598 1613 tum
628 1558 875 1613 imbrem
905 1575 1062 1613 exse
1096 1559 1407 1614 effundens
1438 1561 1757 1628 expressit,
1789 1564 1849 1612 ut
1870 1565 1924 1613 et
1944 1561 2140 1614 incen-

478 1646 639 1700 dium
668 1663 839 1701 omne
872 1649 1302 1720 exstingueret,
1346 1651 1397 1702 et
1431 1650 1666 1703 omnino
1723 1648 2140 1702 monasterium

2249 590 2441 640 mento
2472 586 2544 639 ab
2565 586 2784 654 Elisco,
2818 589 2875 639 et
2905 587 2963 640 in
2996 587 3162 640 Novo
3185 603 3219 640 a
3248 588 3563 643 sactissimo
3589 592 3643 644 1).
3678 593 3819 647 Bene-

2250 675 2405 727 dicto
2439 674 2652 727 factum
2689 675 3061 728 reminiscor.
3106 674 3222 728 Sed
3248 675 3380 728 dum
3412 677 3596 730 merita
3637 681 3825 735 istorum

2249 763 2602 833 illorumque
2626 763 2800 833 longe
2820 763 3093 816 distantia
3111 779 3248 816 esse
3271 765 3567 833 perpendo,
3583 766 3822 836 majorem,

2249 851 2453 919 fateor,
2478 852 2921 905 admirationem
2944 852 3014 906 de
3038 852 3149 906 hoc
3173 868 3362 921 nuper
3378 856 3586 921 patrato
3604 855 3825 911 miraculo

2248 940 2306 993 in
2338 941 2531 996 animo
2566 956 2692 994 meo
2726 940 3012 1010 concipio.

2320 1028 2693 1083 Desiderius.
2737 1029 2861 1082 Hoc
2894 1027 3132 1097 factum,
3168 1028 3507 1082 charissima
3538 1028 3708 1098 frater,
3744 1048 3828 1088 non

2251 1120 2467 1170 tantum
2492 1117 2626 1189 istis
2647 1117 2933 1187 imputare
2956 1116 3266 1184 debemus,
3306 1121 3565 1187 quantum
3582 1118 3669 1187 illi,
3685 1121 3741 1173 de
3756 1138 3827 1174 cu-

2240 1205 2346 1276 jus
2381 1206 2606 1258 meritis
2632 1206 2860 1268 confisi,
2888 1205 2944 1257 id
2976 1220 3153 1275 agere
3177 1209 3548 1258 tentaverunt.
3579 1205 3823 1261 Verumta-

2250 1310 2380 1348 men
2416 1294 2506 1347 vis
2536 1309 2772 1347 narrem
2803 1293 3116 1363 aliquidde
3147 1293 3417 1347 obsessis
3446 1309 3476 1346 a
3505 1293 3825 1359 daemonem-

2248 1384 2382 1436 vina
2400 1383 2684 1454 largiente
2706 1382 3031 1450 clementia,
3055 1380 3509 1452 suifragantibus
3528 1382 3830 1437 B.Benedicti

2252 1471 2477 1525 meritis
2510 1472 2569 1523 in
2599 1471 2710 1524 hoc
2741 1470 2875 1541 ejus
2908 1470 3273 1524 monasterio
3306 1471 3536 1535 curatis,
3570 1473 3623 1522 ut
3647 1472 3829 1525 audien-

2251 1561 2392 1615 tium
2423 1561 2655 1614 animus
2680 1560 2872 1630 magis
2894 1575 2963 1612 ac
2987 1559 3177 1630 magis
3200 1558 3259 1611 in
3282 1558 3383 1612 Dei
3407 1559 3656 1613 laudibus
3674 1575 3832 1611 conva-

2252 1649 2455 1716 lescat,
2481 1652 2654 1718 atque
2678 1649 2736 1701 in
2757 1663 3016 1702 amorem
3035 1663 3283 1702 summae
3301 1646 3606 1702 divinitatis
3626 1647 3832 1716 multipli-

476 1734 774 1789 liberaret.
809 1737 1376 1807 Studeamusigitur,
1395 1738 1629 1803 fratres,
1666 1739 1950 1808 religiose
1968 1737 2141 1806 acpie
2174 1706 2223 1766 Β
2255 1737 2400 1791 citer
2429 1738 2768 1791 incalescat.

475 1822 697 1892 vivere,
733 1828 788 1877 et
820 1829 1039 1877 tantum
1070 1830 1399 1894 patronum,
1438 1826 1557 1879 Deo
1590 1826 1925 1891 serviendo,
1948 1826 2136 1895 propiv

477 1910 622 1964 tium
676 1912 988 1981 acquirere
1026 1927 1037 1966 ε
1071 1913 1204 1982 quia
1263 1914 1436 1982 cujus
1484 1914 1708 1967 meritis
1742 1914 1930 1967 nubes
1962 1914 2142 1984 hujus

485 2013 767 2052 cacumen
810 2002 1026 2054 montis
1059 2002 1298 2069 obtexit,
1333 2006 1504 2072 atque
1530 2018 1601 2055 ex
1625 2019 1690 2056 se
1711 2004 2017 2071 copiosum
2040 2003 2145 2055 im-

476 2085 643 2140 brem
675 2088 1036 2158 exprimens,
1069 2089 1406 2144 incendium
1440 2091 1742 2159 exstinxit,
1766 2090 1899 2160 ejus
1930 2092 2143 2144 nihilo-

480 2174 677 2228 minus
710 2177 1011 2246 precibus,
1045 2179 1096 2231 si
1129 2194 1261 2232 eum
1304 2180 1508 2232 sedule
1557 2196 1624 2232 ac
1653 2180 1882 2247 devote,
1916 2195 2148 2248 praeve-

482 2263 679 2317 niente
726 2264 880 2319 bono
914 2281 1111 2336 Opere,
1174 2268 1608 2338 rogaverimus,
1661 2267 1731 2320 ab
1776 2269 2150 2322 aastuantium

481 2350 757 2406 vitiorum
791 2353 1044 2423 ﬂamma,
1081 2355 1277 2408 divina
1328 2357 1687 2409 concedente
1722 2356 2148 2427 misericordia,

474 2438 877 2500 liberabimur.

557 2528 818 2593 Quodam
857 2536 1118 2601 tempore
1178 2533 1311 2601 (41),
1360 2534 1514 2588 sicut
1562 2534 1634 2587 ab
1691 2535 1763 2588 iis
1809 2536 1907 2604 qui
1939 2536 2153 2603 optime

486 2624 775 2671 noverant
819 2622 1057 2691 agnovi,
1115 2622 1248 2674 dum
1300 2622 1514 2676 fratres
1575 2622 1755 2692 hujus
1814 2622 2154 2677 monasterii

483 2706 802 2760 ecclesiam
836 2708 900 2761 li.
925 2709 1308 2764 Seholastiean
1344 2712 1595 2782 virginis
1639 2713 1787 2765 intra
1819 2712 2155 2781 Cajetanam

478 2794 717 2862 urbem,
774 2800 1065 2866 quatenus
1124 2799 1260 2851 dum
1319 2799 1391 2851 ad
1443 2801 1672 2869 aliquas
1738 2816 1833 2854 res
1874 2801 2154 2853 emendas

488 2883 705 2937 ibidem
750 2889 1084 2955 pergerent,
1141 2888 1577 2955 receptaculum
1624 2888 1842 2942 habere
1885 2891 2151 2957 possent.

2338 1825 2707 1897 TlleOpliilus.
2737 1824 3030 1896 Quidquid
3071 1825 3144 1879 ad
3188 1824 3620 1879 aedificationem
3653 1823 3835 1877 audien-

2260 1915 2401 1968 tium
2433 1914 2628 1967 dicere
2661 1914 2830 1982 velis,
2865 1929 3231 1984 prosequere
3261 1930 3272 1968 :
3307 1929 3419 1985 ego
3447 1918 3625 1967 autem
3653 1929 3727 1967 me
3751 1913 3840 1966 haec

2261 2006 2558 2075 gratanter
2588 2002 2922 2057 auscultare
2953 2004 3252 2072 profiteor.

2333 2090 2706 2145 Desiderius.
2727 2088 2971 2154 Quidam
2990 2105 3135 2158 puer
3152 2090 3228 2142 im
3247 2089 3420 2143 domo
3438 2090 3707 2159 hospitum
3719 2088 3843 2140 simul

2263 2196 2399 2234 cum
2429 2183 2593 2248 patre
2623 2178 2682 2231 in
2712 2178 2925 2232 lectulo
2958 2178 3204 2246 cubans,
3238 2194 3374 2232 cum
3404 2178 3474 2231 ad
3505 2176 3843 2231 necessitatem

2266 2268 2533 2336 corporis
2565 2268 2624 2321 in
2660 2267 2791 2335 ipso
2822 2267 3014 2320 noctis
3043 2266 3279 2321 silentio
3313 2266 3677 2333 surrexisset,
3704 2264 3845 2318 subito

2264 2358 2478 2428 ingens
2508 2357 2600 2410 leo
2632 2355 2907 2409 dentibus
2940 2354 3223 2424 fremens,
3257 2370 3393 2408 eum
3426 2358 3647 2424 paratus
3673 2353 3843 2406 discer-

2268 2463 2407 2517 pere
2432 2445 2754 2516 unguibus,
2782 2444 2897 2497 sibi
2929 2444 3263 2498 horrendus
3281 2444 3567 2513 apparuit;
3585 2443 3674 2513 qui
3689 2456 3855 2513 pavore

2266 2536 2447 2590 nimio
2479 2534 2794 2589 exterritus
2835 2532 3192 2601 vociferans,
3225 2533 3286 2585 in
3318 2537 3535 2587 terram
3565 2532 3765 2585 corruit.
3793 2529 3852 2580 Ad

2270 2624 2445 2694 cujus
2477 2638 2681 2676 vocem
2712 2637 2846 2675 mox
2895 2622 3162 2675 turbatus
3192 2626 3364 2690 pater
3392 2637 3424 2676 e
3454 2621 3596 2674 lecto
3641 2618 3853 2677 surrexit,

2270 2712 2523 2766 festinus
2555 2711 2627 2763 ad
2658 2726 2810 2778 eum,
2847 2709 3132 2779 valdeque
3164 2710 3380 2764 anxius
3412 2709 3670 2776 accessit,
3700 2723 3782 2759 cur
3805 2705 3853 2756 ita
3934 2720 3935 2725 η

2268 2801 2602 2867 clamasset,
2636 2800 2726 2853 vel
2758 2798 2897 2868 quid
2929 2798 3043 2851 sibi
3067 2798 3392 2866 evenisset,
3421 2798 3603 2868 prima
3623 2792 3855 2866 diligentia

2267 2890 2557 2944 sollicitus
2582 2887 2985 2957 interrogavit.
3014 2885 3114 2939 Ille
3137 2886 3453 2941 immanem
3477 2887 3686 2940 leonem
3707 2886 3857 2936 contra

478 2976 922 3041 construereut;
971 2974 1207 3044 quidam
1258 2992 1331 3029 ex
1382 2978 1672 3046 Operariis
1707 2977 1764 3029 in
1823 2977 2155 3041 summitate
2188 2959 2236 3019 Ο
2265 2994 2331 3032 se
2361 2977 2689 3031 venientem
2720 2975 3143 3029 tremebundus
3174 2990 3243 3028 ac
3272 2974 3563 3043 palpitans
3592 2972 3784 3025 vidisse
3807 2983 3855 3021 se

481 3061 672 3130 rupis,
708 3078 840 3131 quae
864 3062 919 3115 in
954 3065 1141 3134 capite
1177 3065 1431 3119 civitatis
1462 3066 1610 3119 mari
1627 3066 1988 3135 praecminet,
2010 3081 2153 3118 saxa

481 3149 703 3219 quibus
718 3151 991 3205 ecclesiae
1010 3153 1269 3221 parietes
1291 3156 1799 3221 construerentur,
1823 3153 2150 3224 frangebat.

476 3237 592 3302 Qui
637 3254 770 3291 cum
827 3241 1106 3294 attentius
1158 3242 1364 3295 eadem
1413 3258 1556 3294 saxa
1607 3242 1814 3295 malleo
1863 3247 2151 3311 quateret,

478 3326 637 3380 idem
672 3328 921 3381 malleus
952 3329 1023 3382 de
1069 3331 1376 3383 manubrio
1428 3331 1655 3395 recidit,
1708 3346 1776 3382 ac.
1807 3346 1911 3399 per
1942 3331 2154 3401 ingens

477 3416 896 3489 praecipitium,
932 3417 1318 3486 quodibidcm
1350 3419 1601 3486 patebat,
1625 3418 2154 3486 delapsusinmare

480 3502 693 3556 cecidit
726 3519 739 3558 :
773 3504 872 3573 qui
905 3504 1072 3557 valde
1104 3506 1483 3559 contristatae
1514 3507 1669 3576 quod
1691 3511 1968 3560 evenerat
1995 3507 2153 3560 dam-

478 3605 575 3657 no,
610 3591 682 3643 ad
716 3591 929 3644 fratres
974 3592 1067 3644 ubi
1121 3594 1376 3661 parietes
1437 3594 1711 3648 ecclesiae
1761 3594 2150 3664 aedificabant,

477 3678 749 3747 protinus
780 3679 957 3747 venit,
984 3683 1040 3733 et
1070 3696 1157 3747 ea,
1191 3698 1322 3750 quae
1356 3682 1472 3734 sibi
1502 3684 1857 3751 acciderant,
1888 3699 2147 3737 moerens

478 3766 695 3820 retulit.
730 3766 995 3838 Cumque
1017 3785 1160 3837 spes
1177 3772 1645 3839 recuperationis
1671 3776 1833 3824 esset
1854 3772 2065 3839 ablata,
2090 3777 2151 3826 et

480 3855 733 3908 alterum
758 3856 872 3909 sibi
903 3856 1200 3926 malleum,
1234 3874 1351 3928 quo
1385 3874 1526 3913 saxa
1560 3861 1629 3913 ad
1664 3860 1934 3915 ecclesia)
1966 3861 2150 3914 aedili-

481 3942 638 3997 cium
664 3944 1104 4015 frangerentur,
1138 3947 1264 4000 ficri
1299 3948 1701 4017 decreverant,
1737 3964 1938 4003 unuse
1972 3948 2156 4003 fratri-

479 4030 597 4086 bus
647 4032 838 4087 dixit:
899 4034 1348 4090 Descendamus
1404 4037 1565 4106 illuc,
1622 4037 1855 4105 fratres,
1909 4038 2154 4092 forsitan

480 4120 547 4174 B.
579 4120 941 4177 Benedictus
961 4123 1089 4176 suis
1110 4126 1335 4178 meritis
1369 4127 1542 4179 nobis
1563 4128 1832 4180 malleum
1861 4128 2149 4194 restituet,

2265 3066 2478 3120 retulit.
2513 3066 2697 3130 Quem
2744 3068 2910 3133 pater
2939 3063 3241 3116 blanditiis
3288 3063 3647 3126 demulcens,
3675 3060 3723 3112 in
3750 3057 3861 3111 ulnis

2262 3154 2519 3223 propriis
2533 3155 2835 3220 acceptum
2852 3152 3084 3206 reduxit
3097 3151 3169 3205 ad
3184 3151 3486 3204 lectulum.
3504 3149 3614 3203 Sed
3627 3145 3861 3209 diabolus,
3936 3145 3937 3191 ἓ

2263 3242 2363 3313 qui
2385 3243 2442 3294 in
2466 3241 2665 3310 specie
2692 3240 2883 3293 leonis
2908 3239 3020 3293 sibi
3044 3243 3422 3309 apparuerat,
3455 3241 3514 3293 in
3535 3254 3660 3292 eum
3686 3237 3860 3306 ingrcs-

2265 3346 2392 3399 sus,
2413 3333 2547 3400 post
2566 3329 2788 3399 aliquot
2806 3328 2933 3381 dies
2952 3327 3482 3381 vehementissime
3502 3340 3701 3380 vexare
3717 3321 3862 3389 cmpit.

2264 3420 2526 3488 Cumque
2556 3418 2627 3471 ad
2660 3416 2975 3470 ecclesiam
3007 3421 3140 3469 ante
3172 3416 3356 3470 altare
3380 3415 3705 3470 Beatissimi
3732 3412 3866 3464 Ilcne-

2265 3508 2400 3561 dicti
2436 3510 2599 3561 esset
2646 3505 2954 3572 adductus,
2991 3504 3200 3558 mirum
3246 3504 3305 3556 in
3358 3505 3611 3571 modum,
3656 3503 3705 3554 in
3744 3497 3865 3568 pavi-

2265 3601 2459 3650 mento
2491 3594 2713 3651 clausis
2746 3594 2934 3648 oculis
2966 3595 3295 3661 prostratus
3320 3592 3562 3663 jaccns,
3595 3591 3866 3661 quicunque

2265 3683 2607 3737 monasterii
2639 3685 2863 3751 portam
2895 3681 3362 3751 ingrediebatur,
3393 3698 3533 3735 mox
3562 3680 3686 3750 ejus
3712 3686 3868 3729 nomen

2263 3772 2649 3842 exprimebat,
2685 3771 2891 3824 dicens
2917 3785 2929 3823 :
2964 3770 3145 3837 Talis,
3173 3770 3263 3823 vel
3291 3771 3433 3823 talis
3468 3771 3638 3823 homo
3660 3782 3748 3836 per
3776 3777 3872 3832 por-

2262 3863 2379 3914 tam
2428 3859 2600 3911 modo
2634 3855 2978 3911 monasterii
3036 3855 3392 3926 ingreditur.
3447 3854 3684 3919 Quidam
3733 3853 3871 3903 autem

2265 3949 2448 4002 frater
2470 3964 2602 4000 cum
2627 3961 2807 4000 causa
2831 3945 3182 3999 obedientiae
3203 3962 3235 3998 e
3259 3944 3625 3999 monasterio
3645 3941 3710 3995 ad
3727 3938 3872 3993 civita-

2265 4041 2379 4091 tem
2428 4035 2865 4103 descendisset,
2917 4020 3291 4088 duodecima
3335 4024 3592 4103 quodam
3640 4027 3876 4096 accipiens

2262 4125 2560 4193 denarios,
2579 4138 2801 4193 eosque
2816 4122 3070 4192 propriae
3089 4121 3358 4175 utilitatis
3383 4121 3575 4193 gratia
3593 4116 3792 4173 occulte
3806 4127 3876 4165 ca-

481 4210 583 4280 qui
621 4210 1121 4279 quondamGotho
1138 4212 1559 4268 ferramentum
1576 4230 1649 4268 ex
1667 4215 1963 4284 profundo
1985 4215 2151 4269 lacus
2181 4200 2230 4259 D
2263 4213 2432 4283 piens
2466 4211 2581 4265 sibi
2616 4212 2672 4263 in
2706 4211 2899 4264 sinum
2933 4210 3110 4263 misit.
3145 4208 3289 4262 Cum
3322 4214 3521 4264 autem
3545 4209 3614 4262 ad
3645 4208 3879 4260 monaste-

480 4298 827 4354 mirabiliter
857 4300 1213 4356 abstrahens
1237 4303 1505 4369 reddidit,
1526 4308 1697 4373 atque
1728 4304 1795 4356 ad
1822 4319 1973 4373 opus
1995 4304 2152 4374 quod

481 4392 756 4456 caaperat,
790 4387 989 4442 laetum
1023 4390 1271 4444 remisit.
1314 4390 1539 4444 l’lacuit
1570 4408 1768 4445 sermo
1801 4408 2001 4445 coram
2033 4408 2151 4446 cae-

480 4475 647 4541 teris,
673 4479 728 4528 et
750 4476 1181 4532 descendentes
1214 4478 1285 4531 ad
1328 4494 1485 4533 mare
1517 4480 1857 4533 naviculam
1890 4484 2030 4534 sunt
2060 4480 2152 4532 in-

482 4564 724 4634 gressi:
776 4569 1249 4636 regyrantesque
1292 4568 1485 4620 sinum
1533 4568 1807 4637 civitatis,
1868 4573 2155 4623 venerunt

483 4651 971 4723 adlocuminquo
996 4654 1108 4708 sub
1140 4655 1423 4723 praedicto
1440 4656 1767 4725 praecipitio
1799 4672 1868 4710 ex
1902 4657 2154 4726 operarii

484 4740 760 4795 manibus
810 4741 1118 4796 dissiliens
1152 4743 1399 4797 malleus
1431 4744 1526 4797 illc
1560 4744 1855 4798 ceciderat
1892 4761 1902 4798 :
1937 4745 1995 4797 in
2037 4760 2154 4815 quo

484 4830 758 4885 videlicet
806 4834 961 4884 tanta
991 4834 1115 4885 erat
1145 4847 1427 4901 aquarum
1480 4832 1869 4901 profunditas,
1914 4837 1974 4887 ut
2013 4849 2155 4903 Spes

484 4919 877 4989 recuperandi
910 4919 1072 4973 illum
1098 4936 1206 4990 per
1236 4919 1471 4991 aliquod
1504 4920 1821 4975 humanum
1854 4922 2157 4992 ingenium

484 5008 644 5061 nulla
678 5008 917 5062 omnino
948 5009 1321 5077 persisteret.
1355 5009 1540 5080 Igitur
1569 5010 1779 5063 confisi
1804 5010 1875 5064 de
1896 5011 2159 5080 omnipo—

492 5095 671 5149 tentis
704 5096 808 5150 Dei
840 5096 1134 5167 adjutorio
1165 5100 1221 5150 et
1256 5097 1479 5150 meritis
1512 5098 1575 5151 I3.
1610 5098 1802 5152 Patris
1834 5098 2156 5167 Benedicti,

486 5183 860 5243 manubrium
894 5186 951 5239 in
986 5200 1221 5255 aequora
1252 5186 1504 5239 mittunt.
1564 5185 1775 5239 Mirum
1808 5187 1865 5239 in
1899 5187 2155 5255 modum,

487 5286 623 5324 mox
654 5272 881 5326 ferrum
904 5273 1211 5327 manubrio
1246 5274 1515 5342 adhaesit,
1542 5278 1597 5327 et
1626 5275 2003 5328 extrahentes
2027 5291 2160 5328 eum

491 5358 675 5426 foras,
712 5362 935 5431 gratias
964 5367 1208 5433 agentes
1234 5363 1354 5417 Deo
1385 5364 1523 5416 etB.
1559 5364 1875 5417 Benedicto
1901 5363 2161 5433 gauden-

488 5451 578 5503 tes
610 5449 680 5501 ad
714 5464 890 5517 Opera
923 5466 1029 5502 sua
1062 5455 1201 5504 sunt
1228 5453 1474 5505 reversi.

2267 4302 2413 4355 rium
2439 4315 2748 4367 reversus,
2776 4299 2846 4351 ad
2870 4314 3116 4368 puerum
3138 4298 3198 4351 in
3216 4297 3437 4365 locum,
3460 4313 3577 4368 quo
3595 4292 3879 4351 vexabatur,

2264 4390 2653 4457 accessisset,
2688 4388 2883 4441 statim
2914 4387 3184 4440 diabolus
3214 4385 3329 4440 hoc
3365 4387 3544 4440 modo
3576 4400 3699 4438 eum
3726 4396 3813 4450 per
3834 4390 3883 4429 os

2267 4478 2436 4550 pueri
2466 4493 2662 4531 coram
2686 4476 2969 4530 fratribus
2991 4474 3277 4528 infamare
3304 4475 3510 4544 cmpit,
3535 4473 3759 4527 dicens:
3789 4464 3882 4518 Mo-

2266 4567 2493 4621 nachus
2527 4566 2638 4619 iste
2670 4570 2871 4619 contra
2922 4563 3185 4634 regulam
3217 4563 3313 4616 sui
3357 4562 3589 4617 ordinis
3633 4554 3884 4614 duodecim

2265 4654 2541 4710 denarios
2572 4671 2603 4707 a
2634 4652 2731 4707 tali
2776 4654 2905 4706 viro
2935 4651 3237 4719 accipiens
3283 4666 3473 4704 causa
3522 4646 3730 4719 proprii
3762 4656 3885 4696 com-

2268 4744 2442 4810 modi,
2478 4742 2804 4797 occultatos
2837 4740 3048 4795 retinet
3078 4739 3135 4791 in
3176 4738 3334 4792 sinu.
3374 4738 3567 4810 Igitur
3596 4751 3720 4791 cum
3745 4750 3771 4785 a
3798 4729 3886 4783 fra-

2267 4833 2456 4885 tribus
2472 4832 2933 4905 interrogaretur
2947 4831 3280 4882 utrumnam
3299 4842 3445 4881 vera
3460 4826 3663 4881 essent
3675 4817 3887 4875 convicia

2267 4937 2400 4991 quae
2431 4904 2709 4989 antiquus
2741 4918 2932 4971 hostis
2964 4932 3072 4986 per
3113 4931 3182 4970 os
3229 4916 3428 4969 vexati
3481 4914 3596 4968 sibi
3636 4904 3889 4980 objiccrel,

2270 5025 2403 5062 mox
2433 5008 2529 5062 ille
2554 5023 2721 5061 suam
2745 5005 3050 5059 clamitans
3074 5004 3323 5073 culpam,
3350 5004 3595 5057 omnino
3617 5000 3672 5053 id
3698 4998 3766 5051 ita
3783 5004 3888 5048 esse

2268 5096 2584 5166 professus
2615 5096 2725 5149 est.

2341 5184 2503 5237 Alter
2517 5197 2751 5253 quoque
2768 5180 2967 5249 frater,
2983 5178 3160 5250 cujus
3180 5194 3419 5245 nomen,
3436 5194 3512 5232 ne
3529 5168 3891 5259 verecundiam

2271 5274 2542 5342 patiatur,
2591 5270 2812 5335 omitto,
2864 5284 2939 5323 ex
2989 5269 3102 5322 alio
3147 5266 3513 5322 monasterio
3561 5280 3684 5318 sum
3729 5258 3889 5313 salutis

2270 5377 2449 5415 causa
2493 5361 2563 5413 ad
2596 5363 2862 5412 nostrum
2896 5358 3203 5423 deductus,
3233 5355 3491 5426 quadam
3525 5356 3690 5407 nocte
3717 5348 3781 5401 ad
3806 5358 3887 5436 na-

2271 5453 2511 5503 cturnas
2533 5447 2791 5518 vigilias,
2813 5447 3122 5500 lectionem
3153 5446 3223 5499 de
3252 5443 3457 5497 Veteri
3487 5436 3832 5495 Testamento
3851 5442 3891 5480 In

563 5602 675 5673 (11)
719 5602 1026 5658 Recitatur
1057 5605 1231 5660 etiam
1262 5607 1374 5661 hoc
1405 5607 1756 5662 miraculum
1787 5623 1816 5659 a
1848 5607 2007 5661 Petr.
2042 5606 2300 5661 Diacono
2334 5606 2391 5662 in
2437 5620 2616 5660 serm.
2674 5620 2786 5657 ms.
2823 5603 2893 5657 de
2916 5604 3028 5658 oct.
3071 5599 3269 5655 Sancti
3295 5596 3623 5652 Benedicti.
