3982 6164
170 304 260 370 993

1445 296 1821 367 DIALOGI.
1853 339 1912 349 —
1972 298 2124 364 LIB.
2158 298 2233 366 11.

3437 311 3559 374 994

175 503 403 568 ecclesia,
435 517 586 557 more
609 503 802 567 solito,
827 504 1108 559 fratribus
1141 503 1774 570 residentibus,recita-
1807 474 1867 545 Α
1896 516 1964 555 eo
1999 502 2262 571 rogaturi
2299 503 2493 555 cuncti
2533 503 2705 556 simul
2754 502 2966 559 fratres
3014 508 3387 564 conveniunt.
3444 509 3554 565 Ex-

178 596 270 657 bat,
299 607 415 645 cum
445 591 587 645 forte
610 607 755 659 puer
785 593 883 663 qui
916 594 1261 659 vexabatur,
1286 593 1504 645 aderat.
1541 592 1609 645 Et
1641 608 1778 645 ecce

174 683 334 736 subito
362 680 619 733 diabolus
650 696 757 750 per
788 697 856 735 os
890 680 1023 751 ejus
1055 683 1429 739 exclamans,
1462 681 1556 733 illa
1589 680 1780 733 omnia

174 786 279 841 quae
292 769 617 839 legebantur
630 785 765 823 sese
780 770 848 823 ad
866 770 1149 840 liquidum
1166 786 1273 823 nos
1283 785 1367 832 se,
1380 769 1574 838 ibique
1597 769 1651 821 fu
1663 770 1784 822 isse

170 857 573 929 protestabatur;
588 858 652 911 ‘et
672 858 1007 929 adjungens
1028 859 1368 927 hujusmodi
1389 858 1632 911 lectoris
1652 874 1784 911 vcr-

172 948 245 1001 bis
269 945 635 1015 exprobrabat
656 962 667 1000 :
691 947 792 1000 sed
820 947 872 1000 si
895 962 983 1014 ea,
1017 946 1226 1018 inquit,
1266 962 1398 1018 quae
1441 948 1511 1000 de
1548 949 1601 1000 te
1622 946 1748 1000 scio
1771 988 1785 1013 ,

171 1034 358 1089 referre
370 1049 556 1087 coram
573 1036 967 1104 praesentibus
985 1036 1213 1101 vellem,
1237 1052 1504 1106 magnam
1526 1034 1788 1105 profectu

170 1124 249 1176 tibi
275 1122 670 1176 verecundiam
718 1123 979 1177 incutere
1022 1140 1282 1193 possem.
1324 1124 1392 1177 Et
1421 1139 1625 1177 revera
1666 1122 1786 1175 fra-

170 1218 290 1265 trem
329 1211 481 1263 illum
511 1211 746 1265 abunde
774 1213 831 1264 in
862 1229 971 1265 suo
1014 1214 1373 1267 monasterio
1423 1212 1791 1265 saeculariter

170 1301 358 1353 vixisse
379 1303 736 1367 compertum
767 1302 877 1353 est.
903 1301 1223 1371 Postquam
1249 1301 1430 1371 igitur
1448 1316 1554 1369 pro
1579 1302 1788 1353 vexato

176 1402 327 1457 puero
346 1391 469 1440 ante
502 1387 844 1456 sepulcrum
870 1388 932 1441 Β.
956 1388 1023 1441 Ρ.
1060 1389 1357 1443 Benedicti
1390 1388 1609 1442 diutius
1632 1404 1661 1440 a
1684 1387 1790 1441 fra-

166 1477 325 1529 tribus
351 1480 571 1529 oratum
596 1476 830 1544 fuisset,
850 1477 927 1530 ita
949 1492 1133 1531 sanus
1156 1476 1406 1531 effectus
1437 1479 1548 1545 est,
1575 1482 1635 1531 ul
1664 1482 1789 1529 a‘m-

166 1564 292 1633 ptius
319 1579 347 1616 a
370 1564 624 1633 maligno
667 1565 877 1634 spiritu
910 1566 1113 1619 vexari
1149 1566 1384 1619 minime
1411 1567 1577 1619 visus
1606 1568 1786 1618 esset.

222 1653 414 1706 Eodem
446 1653 622 1707 etiam
654 1657 919 1723 tempore
966 1655 1115 1708 alter
1162 1654 1447 1724 puerulus
1489 1655 1790 1724 ingentem

168 1741 463 1810 xEthiopem
514 1756 698 1810 super
734 1744 949 1795 tectum
996 1745 1245 1796 stantem
1299 1743 1637 1811 conspexit,
1688 1744 1786 1812 qui

1894 589 2046 658 pleta
2079 592 2273 660 itaque
2309 592 2571 644 oratione
2605 608 2670 643 ac
2706 594 3050 662 psalmodia,
3085 596 3226 649 hora
3250 603 3414 652 sexta
3439 599 3554 653 fra-

1896 683 2015 732 tres
2050 679 2118 731 ad
2153 678 2551 747 rcfeetorium,
2573 680 2839 734 dimissis
2865 699 2994 735 cum
3015 699 3083 737 eo
3099 684 3329 739 duobus
3352 687 3442 740 vel
3458 688 3557 740 tri-

1896 768 2007 820 bus
2041 767 2370 832 monachis,
2405 783 2584 820 causa
2611 769 3061 823 reficiendorum
3082 787 3556 844 corporum,per-

1898 860 2060 925 gunt.
2086 856 2276 925 Igitur
2307 871 2435 908 cum
2464 856 2563 921 illi,
2592 857 2688 926 qui
2710 863 3145 925 remanserant,
3171 860 3429 915 divinam
3449 878 3556 931 pro

1897 958 1966 996 eo
1999 944 2467 997 misericordiam
2510 945 2967 1015 lacrj'mabiliter
2996 954 3399 1017 precarentur,
3417 967 3559 1020 qua-

1898 1037 2069 1085 tenus
2097 1032 2526 1086 intercessione
2539 1033 2869 1087 beatissimi
2884 1035 3256 1090 confessoris
3272 1038 3365 1091 sui
3383 1039 3563 1093 Bene-

1898 1121 2034 1174 dicti
2054 1121 2304 1174 liberare
2334 1122 2625 1190 captivum
2655 1122 2947 1175 hominem
2976 1123 3337 1193 dignaretur,
3361 1142 3560 1181 mona-

1899 1211 2050 1263 chus
2082 1210 2419 1262 veneranda
2452 1210 2661 1264 canitie
2693 1210 2903 1275 eidem,
2930 1213 3393 1282 quivexabatur,
3428 1219 3560 1270 ante

1898 1299 2078 1352 altare
2112 1301 2268 1352 stare
2301 1298 2469 1352 visus
2505 1302 2594 1351 est
2630 1300 2764 1368 ;qui
2791 1300 3286 1369 antiquohostiab
3308 1317 3377 1356 eo
3397 1319 3561 1357 rece-

1898 1387 2041 1440 dere
2071 1388 2288 1456 potenti
2324 1389 2534 1441 virtute
2576 1388 2921 1456 imperabat.
2957 1388 3091 1441 Mox
3119 1389 3367 1459 daemon,
3404 1391 3558 1446 facto
3638 1428 3643 1431 -

1899 1476 2116 1544 impetu
2146 1491 2382 1546 magno,
2409 1492 2540 1529 cum
2574 1476 2792 1529 vomitu
2823 1476 2894 1529 ab
2920 1478 3174 1531 obsesso
3194 1479 3362 1548 exiit,
3387 1482 3560 1551 atque

1899 1565 1967 1617 ad
2026 1580 2160 1619 eum
2218 1566 2465 1618 ulterius
2518 1564 2801 1638 accedere
2851 1565 3086 1619 minime
3154 1569 3557 1638 praesumpsit.

1899 1652 2085 1716 Quem
2131 1653 2404 1706 videlicet
2459 1635 2665 1706 senem
2717 1653 2781 1706 B.
2831 1653 3095 1707 Maurum
3132 1656 3335 1723 procul
3381 1635 3559 1711 dubio

1903 1744 2094 1797 fuisse
2130 1746 2491 1811 compertum
2525 1746 2635 1805 est,
2674 1743 2847 1810 cujus
2878 1743 3180 1812 reliquias,
3214 1743 3429 1799 fratres
3461 1747 3561 1816 qui

169 1830 305 1883 valde
325 1829 581 1898 territus,
604 1844 741 1883 mox
761 1830 959 1901 fugam
992 1831 1213 1901 arripit.
1245 1831 1358 1885 Sed
1384 1832 1534 1884 idem
1557 1833 1785 1885 «laamon
1821 1832 1871 1892 Β
1905 1848 2035 1887 cum
2069 1830 2275 1885 eodem
2294 1830 2549 1884 obsesso
2573 1831 2630 1883 in
2654 1830 2904 1883 ecclesia
2939 1836 3362 1900 remanserant,
3380 1850 3565 1905 super

170 1933 276 1972 eum
306 1919 622 1988 insequens
649 1918 723 1971 ad
754 1920 971 1972 ostium
1005 1920 1237 1984 domus,
1283 1922 1340 1973 in
1374 1924 1586 1975 terram
1618 1937 1788 1989 pros-

167 2006 642 2077 travit,statimque
665 2007 722 2059 in
742 2023 873 2061 eum
902 2008 1491 2078 ingrediens,acriter
1507 2009 1788 2063 miserum

166 2094 426 2164 fatigabat.
458 2093 726 2164 Cumque
760 2094 816 2147 in
841 2096 1158 2149 oratiorum
1180 2096 1249 2149 ad
1274 2096 1611 2165 sepulcrum
1631 2113 1789 2165 prae-

163 2181 275 2235 dicti
294 2182 472 2235 Patris
503 2198 614 2252 per
642 2183 863 2253 aliquot
892 2185 1022 2238 dies
1054 2200 1214 2253 saepe
1240 2184 1453 2239 fuisset
1479 2185 1787 2252 adductus,

162 2270 395 2340 ejusdem
428 2270 623 2324 Patris
656 2272 901 2340 meritis,
936 2274 1035 2343 qui
1068 2288 1200 2327 eum
1234 2274 1529 2328 invaserat
1561 2275 1792 2329 daemon

161 2359 460 2429 relinquens
492 2360 815 2428 abscessit,
849 2362 938 2415 sic
968 2368 1031 2416 ut
1060 2363 1130 2415 ad
1164 2378 1297 2417 cum
1331 2363 1613 2418 accedere
1636 2364 1792 2417 ulte-

161 2447 263 2500 rius
288 2463 462 2501 ausus
487 2463 609 2502 non
642 2448 837 2503 fuerit.

219 2536 370 2590 Alius
398 2537 662 2607 quidam,
694 2537 955 2593 Joannes
980 2538 1236 2607 nomine,
1262 2540 1360 2609 qui
1385 2543 1553 2594 actate
1585 2556 1797 2609 prove—

162 2628 270 2678 ctus
309 2624 492 2679 adhuc
548 2631 855 2695 superest,
899 2631 1072 2697 atque
1114 2628 1169 2680 in
1220 2628 1583 2682 inﬁrmorum
1625 2629 1797 2684 domo

164 2713 392 2766 deservit
421 2729 494 2767 ex
512 2714 822 2783 provincia
847 2714 1200 2783 Marsorum,
1234 2716 1305 2769 de
1330 2732 1442 2785 qua
1467 2719 1632 2771 ortus
1666 2717 1797 2772 fue-

163 2805 249 2869 rat,
270 2818 390 2855 cum
406 2818 434 2854 a
457 2802 728 2871 pessimo
750 2803 1015 2857 daemone
1034 2808 1353 2871 teneretur,
1375 2805 1486 2859 hoc
1505 2806 1576 2859 ad
1595 2822 1798 2861 coeno-

162 2889 293 2943 bium
307 2891 483 2961 gralia
504 2892 932 2961 recuperandae
950 2892 1204 2962 salutisja
1218 2894 1567 2964 propinquis
1584 2896 1798 2949 adduc-

159 2981 237 3032 tus
263 2983 361 3039 est,
393 2980 605 3049 procul
646 2980 827 3035 dubio
864 2981 1243 3036 credentibus
1274 2998 1407 3037 eum
1438 2984 1671 3037 meritis
1728 2985 1793 3039 Β.

165 3065 428 3122 Benedicti
467 3068 723 3123 salutem
754 3085 935 3139 posse
966 3071 1252 3140 recipere,
1286 3071 1356 3124 ad
1391 3071 1568 3142 cujus
1600 3073 1795 3127 limina

1902 1923 2108 1990 pectus
2124 1918 2259 1988 ejus
2281 1933 2489 1988 magna
2509 1934 2642 1970 cum
2672 1918 2982 1972 devotione
3004 1935 3071 1972 ae
3091 1935 3195 1988 spe
3218 1927 3563 1989 posuerant.

1903 2010 1958 2061 ls
1980 2012 2170 2061 autem
2197 2048 2209 2073 ,
2232 2007 2557 2059 liberatusa‘
2582 2006 2869 2075 dmmonc,
2890 2010 2979 2061 est
3003 2008 3326 2063 monachus
3350 2009 3563 2081 factus,

1900 2097 2037 2150 etin
2069 2096 2181 2149 hoc
2214 2096 2575 2149 monasterio
2599 2096 2833 2149 cwteris
2861 2111 2993 2149 eum
3016 2095 3374 2152 fratribusin
3422 2100 3571 2155 Jesu

1898 2183 2115 2239 Christi
2140 2183 2365 2237 Domini
2386 2183 2574 2237 nostri
2596 2183 2837 2236 servitio
2869 2199 3264 2252 perseverans
3292 2187 3509 2241 existit.

1980 2273 2266 2327 Rusticus
2298 2272 2532 2341 quidam
2565 2272 2622 2324 in
2667 2272 2875 2325 vicinia
2909 2272 3090 2342 hujus
3127 2276 3470 2329 monasterii
3510 2276 3570 2330 in

1906 2361 2172 2425 castello,
2209 2361 2361 2431 quod
2388 2360 2583 2413 Sancti
2602 2361 2811 2431 Angeli
2846 2362 3196 2431 nominatur,
3232 2363 3565 2418 habitabat:

1904 2436 2001 2521 qui
2035 2449 2410 2503 festivitatem
2446 2449 2509 2502 Β.
2548 2449 2772 2503 Nicolai
2809 2449 3184 2504 confessoris
3213 2450 3429 2505 Christi
3462 2468 3570 2523 per

1906 2554 2094 2592 annos
2119 2538 2392 2609 singulos
2417 2553 2529 2591 una
2552 2554 2683 2591 cum
2713 2538 2929 2591 familia
2953 2553 3082 2604 sua,
3123 2543 3298 2608 prout
3320 2544 3566 2610 poterat,

1906 2627 2291 2682 devotissime
2324 2625 2677 2679 celebrabat.
2711 2625 2794 2679 Ea
2826 2625 3006 2696 igitur
3036 2627 3148 2695 die,
3176 2644 3289 2698 qua
3312 2628 3445 2699 ejus
3469 2645 3571 2683 sa-

1908 2732 2006 2770 cra
2037 2732 2067 2768 a
2087 2714 2362 2769 ﬁdelibus
2386 2715 2689 2767 colebatur
2707 2714 3072 2783 solemnitas,
3092 2718 3164 2770 ad
3183 2717 3487 2772 basilicam
3504 2719 3572 2773 il-

1906 2805 2023 2858 lius
2075 2804 2299 2858 nomini
2337 2808 2765 2872 consecratam,
2819 2818 2951 2856 cum
2992 2820 3177 2859 uxore
3237 2809 3293 2861 et
3322 2806 3462 2876 filio,
3513 2808 3573 2862 in

1908 2892 2116 2963 puerili
2151 2891 2342 2945 adhuc
2374 2894 2543 2945 aetate
2579 2895 2878 2960 manente,
2920 2893 3270 2948 oblationem
3322 2895 3572 2951 Domino

1909 2982 2233 3047 oblaturus,
2269 2981 2544 3034 accessit.
2577 2981 2897 3050 Postquam
2919 2997 3059 3036 vero
3090 2984 3338 3052 expletis
3358 2984 3573 3038 missa-

1908 3087 2037 3123 rum
2067 3070 2404 3137 solemniis,
2440 3072 2496 3122 et
2554 3070 2963 3124 communione
3006 3071 3160 3124 sacri
3221 3072 3491 3142 corporis
3517 3075 3574 3128 et

162 3155 346 3209 multos
376 3157 642 3211 diversis
686 3158 1071 3228 languoribus
1117 3164 1437 3229 occupatos
1495 3161 1799 3216 audierant
1831 3166 1881 3227 C
1912 3157 2225 3229 sanguinis
2262 3157 2489 3211 Domini
2521 3157 2869 3227 partieipati,
2904 3158 2972 3211 ad
3008 3159 3241 3213 domum
3274 3161 3574 3229 prOpriam

161 3244 307 3297 saluti
336 3246 607 3314 pristina:
635 3248 961 3301 restitutos.
998 3247 1067 3301 Et
1093 3248 1221 3317 ipse
1244 3251 1379 3318 post
1408 3264 1523 3302 non
1557 3250 1797 3320 longum

161 3333 361 3402 tempus
393 3336 649 3404 expulso
694 3335 885 3404 hoste,
938 3336 1186 3390 sanitate
1225 3341 1493 3407 recepta,
1527 3353 1800 3410 magnam

161 3423 584 3477 exsultationem
616 3425 956 3479 videntibus
989 3426 1202 3480 intulit.

218 3509 615 3567 Theodorieus
638 3513 805 3567 etiam
824 3513 1151 3567 monachus
1181 3517 1355 3586 atque
1369 3516 1676 3584 sacerdos,
1696 3516 1798 3586 qui

160 3599 322 3653 adhuc
355 3602 499 3655 vivit
529 3606 588 3656 et
621 3602 928 3655 nobiscum
949 3602 1005 3655 in
1030 3602 1141 3656 hoc
1165 3605 1435 3659 cmnobio
1458 3605 1803 3677 religiosam

162 3688 312 3742 vitam
341 3690 593 3759 ducens,
630 3694 1038 3757 conversatur,
1074 3696 1343 3761 nepotem
1382 3694 1604 3761 habuit,
1631 3708 1803 3763 quem

159 3776 303 3831 valde
334 3779 623 3847 diligebat
651 3780 710 3833 in
729 3780 952 3833 saeculo
986 3795 1000 3849 ;
1027 3782 1084 3833 in
1108 3796 1282 3851 quem
1313 3783 1591 3852 antiquus
1614 3782 1805 3836 hostis

162 3864 451 3936 ingressus
493 3872 611 3936 est,
648 3884 763 3922 non
794 3870 987 3923 tamen
1007 3872 1278 3938 utaperte
1304 3871 1805 3925 eumvexaretsed

161 3953 382 4010 latenter
410 3957 765 4028 languorem
800 3958 1085 4027 inferens,
1121 3960 1291 4029 quasi
1321 3960 1703 4030 paralyticum
1726 3960 1809 4013 vi-

160 4042 410 4100 dentibus
441 4046 958 4101 exhiberet.llunc
980 4048 1173 4117 itaque
1196 4049 1519 4117 praedictus
1552 4064 1811 4102 avuncu-

162 4130 238 4186 lus
254 4134 380 4204 ejus
400 4151 584 4190 causa
611 4137 1030 4204 recuperandae
1064 4138 1335 4191 sanitatis
1354 4138 1426 4191 ad
1450 4154 1535 4200 se,
1565 4138 1637 4191 de
1656 4138 1719 4191 Β,
1742 4137 1809 4190 P.

158 4219 429 4277 Benedicti
463 4224 781 4279 confidens
817 4226 1067 4293 meritis,
1101 4226 1315 4279 adduci
1340 4226 1497 4280 fecit.
1541 4226 1654 4280 Sed
1681 4241 1813 4279 cum

159 4308 207 4363 in
235 4310 337 4366 hoc
370 4314 734 4368 monasterio
752 4314 1091 4384 aliquandiu
1126 4316 1394 4369 infirmus
1428 4316 1503 4369 ita
1535 4320 1598 4369 ut
1630 4331 1812 4369 vene-

159 4404 249 4467 rat,
267 4403 634 4470 perduraret,
669 4406 725 4456 et
745 4420 775 4455 a
808 4404 989 4472 nullo,
1015 4404 1170 4473 quod
1206 4419 1338 4458 eum
1362 4405 1591 4458 dazmon
1616 4405 1810 4474 possi-

1910 3251 2046 3300 sunt
2077 3246 2326 3313 reversi,
2361 3261 2507 3314 puer
2536 3263 2567 3298 a
2597 3250 2762 3314 patre
2799 3263 3007 3317 agrum
3039 3248 3338 3302 revisendi
3384 3250 3572 3303 licen-

1910 3336 2047 3389 tiam
2078 3336 2260 3404 petiit.
2303 3336 2487 3398 Quem
2524 3338 2689 3402 pater
2735 3336 3118 3404 compescuit,
3154 3337 3391 3392 dicens;
3441 3338 3572 3392 Non

1911 3428 2003 3478 est
2021 3425 2286 3495 dignum,
2313 3439 2345 3477 ο
2389 3423 2564 3491 ﬁli,in
2583 3439 2789 3493 agrum
2816 3423 2987 3477 hodie
3008 3425 3079 3479 ad
3102 3426 3391 3497 agriopus
3406 3441 3574 3481 exer-

1914 3514 2161 3568 cendum
2185 3512 2366 3581 exire,
2400 3512 2555 3582 quia,
2598 3512 2733 3566 licet
2757 3512 3197 3583 indignidivina
3233 3530 3403 3569 saera
3434 3531 3574 3586 per-

1912 3603 2199 3672 cepimus,
2254 3604 2308 3655 et
2359 3601 2650 3655 festivitas
2682 3603 2911 3671 patroni
2961 3603 3146 3656 nostri
3182 3643 3195 3670 ,
3243 3604 3577 3659 beatissimi

1912 3691 2136 3745 scilicet
2166 3689 2416 3757 Nicolai,
2450 3690 2523 3743 ab
2556 3689 2830 3743 omnibus
2859 3706 3069 3762 magna
3103 3708 3235 3745 cum
3265 3692 3576 3749 devotione

1912 3780 2134 3850 ubique
2166 3778 2465 3832 recolitur.
2499 3777 2613 3831 Sed
2664 3779 2758 3832 ille
2789 3780 3000 3848 puerili
3053 3780 3271 3834 levitati
3303 3781 3536 3835 deditus
3558 3822 3572 3849 ,

1912 3872 2222 3938 postquam
2259 3867 2415 3937 quod
2456 3867 2700 3936 petierat
2728 3883 2756 3919 a
2805 3872 2967 3936 patre
2998 3868 3312 3938 impetrare
3353 3871 3574 3940 nequit,

1914 3955 2341 4026 paternajussa
2368 3956 2824 4025 parvipendens,
2850 3957 2999 4009 clam
3025 3956 3095 4010 de
3115 3957 3287 4011 domo
3309 3960 3575 4029 avolans,

1912 4046 2080 4100 solus
2113 4046 2182 4098 ad
2207 4060 2344 4097 rura
2378 4044 2625 4097 visenda
2650 4044 2965 4098 contendit.
2992 4044 3107 4098 Ubi
3138 4062 3277 4100 vero
3309 4047 3579 4126 aliqua};-

1913 4135 2010 4188 diu
2044 4135 2101 4188 in
2123 4150 2267 4205 agro
2288 4136 2572 4198 moratus,
2596 4132 2781 4185 solem
2813 4133 2883 4185 ad
2917 4149 3194 4187 occasum
3228 4150 3505 4206 vergere,
3523 4138 3581 4190 et

1914 4238 2153 4292 opacam
2183 4228 2413 4276 noctem
2438 4220 2563 4291 jam
2596 4236 2745 4289 pene
2777 4222 2954 4275 terris
2986 4221 3291 4276 imminere
3323 4239 3579 4292 conspe—

1915 4312 2016 4380 xit,
2050 4312 2120 4364 ad
2144 4311 2395 4363 vicinam
2429 4310 2661 4377 silvam,
2690 4325 2761 4362 ne
2786 4325 3011 4363 vacuus
3041 4310 3237 4363 redire
3261 4310 3578 4382 videretur,

1918 4417 1985 4454 ac
2008 4415 2115 4469 per
2127 4400 2237 4454 hoc
2254 4399 2436 4468 patris
2453 4398 2904 4469 gratiam,cujus
2919 4399 3099 4452 verba
3124 4403 3579 4469 contempserat,

163 4488 324 4558 deret,
346 4492 1032 4560 a2stimaretur,quadam
1055 4492 1147 4546 die
1181 4493 1253 4547 ab
1278 4495 1483 4547 eodem
1517 4495 1807 4549 avunculo
1834 4510 1887 4571 ι)
1919 4490 2184 4557 recipere
2218 4491 2445 4557 posset,
2470 4488 2628 4558 ligna
2662 4503 2952 4557 caesurus,
2973 4487 3326 4558 domumque
3354 4488 3581 4542 delatu-

163 4593 254 4630 suo
277 4580 341 4632 ad
366 4579 772 4634 venerabilem
799 4581 1010 4647 virum,
1030 4581 1403 4635 Lambertum
1430 4583 1685 4651 nomine,
1711 4584 1811 4653 qui

164 4665 213 4718 in
236 4666 339 4721 hac
360 4671 632 4738 proxima
658 4668 989 4737 silvajuxta
1017 4670 1331 4723 ecclesiam
1365 4670 1467 4725 SS.
1496 4672 1815 4742 Martyrum

162 4754 372 4811 Cosmze
391 4762 447 4811 et
477 4758 743 4810 Damiani
776 4758 1078 4811 solitarius
1108 4757 1435 4825 habitabat,
1473 4764 1535 4813 ut
1566 4760 1698 4830 ejus
1719 4761 1819 4815 be-

164 4844 475 4900 nedictione
512 4847 814 4900 frueretur
842 4846 1071 4900 delatus
1105 4851 1214 4901 est.
1236 4847 1342 4900 Cui
1374 4850 1467 4901 vir
1484 4848 1588 4902 Dei
1614 4865 1819 4918 panem

164 4929 521 4988 benedictum
546 4934 723 5002 dedit,
748 4938 1084 5005 eumqueut
1116 4937 1471 5001 comederet,
1492 4938 1818 5006 imperavit.

166 5018 409 5093 Cumque
433 5024 574 5091 sibi,
609 5024 765 5094 quod
791 5028 1101 5093 acceperat
1138 5025 1196 5078 in
1221 5041 1289 5080 os
1316 5025 1607 5095 misisset,
1645 5026 1819 5097 idque

166 5112 467 5166 comedens
501 5114 830 5183 gustasset,
864 5111 1115 5182 dmmon,
1148 5114 1550 5184 quihactenus
1576 5114 1631 5167 in
1652 5113 1820 5168 eola-

166 5200 367 5267 tuerat,
402 5200 874 5254 benedictionem
912 5202 1049 5254 tanti
1085 5203 1348 5257 muneris
1384 5202 1538 5256 ferre
1576 5219 1692 5256 non
1723 5219 1821 5256 va-

166 5282 1186 5358 lens,strependo,vociferando,hue
1204 5290 1460 5361 illucque
1474 5292 1822 5347 dissiliendo

165 5387 285 5442 qua:
302 5391 482 5429 causa
502 5377 810 5448 languoris
842 5382 1027 5445 esset,
1054 5379 1324 5435 innotuit.
1345 5381 1665 5452 Postquam
1685 5397 1823 5437 vero

167 5477 286 5517 cum
299 5465 595 5520 avunculo
610 5467 678 5521 ad
694 5468 1117 5522 monasterium
1134 5471 1223 5523 est
1240 5473 1610 5539 reversus,et
1626 5474 1825 5541 aperte

168 5553 312 5621 quod
334 5570 367 5607 a
398 5554 667 5609 daemone
695 5556 1110 5626 possideretur
1139 5557 1440 5629 cognitum
1468 5559 1595 5627 fuit,
1613 5559 1825 5615 ductus

166 5637 219 5695 in
248 5642 570 5700 oratorium
603 5647 711 5715 est,
738 5660 854 5720 quo
890 5645 1346 5719 omnipotentem
1374 5648 1683 5705 Dominum
1716 5665 1825 5724 pro

1922 4594 2025 4632 rus
2048 4577 2325 4632 accessit.
2360 4576 2624 4646 Cumque
2652 4576 2808 4647 ligna
2835 4575 2956 4647 jam
2988 4592 3338 4646 componere
3362 4577 3583 4647 coepis-

1922 4671 2012 4720 set
2052 4668 2108 4721 in
2153 4666 2466 4733 sarcinam,
2518 4666 2713 4719 subito
2754 4665 2927 4736 quasi
2965 4665 3287 4721 vehemens
3335 4666 3583 4736 spiritus

1922 4756 2180 4811 sonitum
2213 4759 2413 4809 contra
2440 4770 2505 4808 se
2521 4755 2721 4808 venire
2744 4756 3064 4824 persensit;
3095 4756 3437 4825 elevatoque
3452 4771 3582 4809 sur.

1923 4862 2053 4900 sum
2095 4845 2305 4914 capite,
2336 4844 2715 4914 nigerrimam
2750 4859 2916 4896 avem
2948 4844 3006 4895 in
3037 4844 3273 4897 modum
3306 4844 3579 4913 vulturis,

1921 4950 2135 5005 magno
2151 4934 2513 5003 cumimpetu
2542 4948 2988 5002 pcramasuper
3006 4947 3070 4985 se
3084 4932 3376 4987 volantem
3404 4948 3583 4987 cons-

1920 5025 2242 5094 pexit,quae
2267 5021 2423 5075 haud
2451 5020 2824 5092 longiuscule
2843 5021 2901 5073 in
2935 5021 3144 5074 semita
3171 5037 3284 5091 qua
3309 5038 3457 5091 puer
3485 5038 3583 5077 re-

1922 5113 2089 5185 gredi
2125 5111 2376 5166 debebat
2403 5126 2539 5164 sese
2553 5109 2784 5163 obviam
2800 5108 3217 5180 posuitltaque
3233 5126 3362 5165 cum
3378 5105 3588 5167 timore

1921 5201 2277 5273 perterritus
2306 5216 2373 5253 ac
2396 5198 2826 5253 tremebundus
2863 5198 2919 5251 in
2951 5213 3077 5252 eam
3100 5199 3465 5270 intenderet,
3490 5199 3590 5256 illa

1924 5293 1984 5347 in
2015 5290 2275 5361 speciem
2306 5287 2613 5360 nigerrimi
2638 5287 2822 5357 pueri,
2846 5285 3023 5358 cujus
3057 5287 3487 5359 capillihispidi
3520 5305 3589 5346 ac

1926 5395 2165 5435 sursum
2199 5378 2399 5442 erecti,
2448 5381 2705 5430 extrema
2756 5392 2895 5445 pars
2926 5377 3181 5430 vestium
3213 5377 3271 5432 in
3311 5380 3590 5435 ruborem

1926 5470 2199 5525 desinere
2250 5466 2583 5535 videbatur,
2635 5480 2775 5520 sese
2807 5466 3260 5537 transformans,
3311 5469 3588 5524 ostendit.

1927 5559 2118 5631 Igitur
2149 5573 2314 5628 puer,
2339 5556 2476 5611 dum
2509 5555 2567 5609 id
2597 5555 2754 5624 quod
2785 5554 3041 5625 videbat,
3080 5556 3330 5627 pavidus
3360 5560 3423 5612 ut
3442 5560 3588 5625 erat,

1926 5649 2121 5704 animo
2154 5645 2499 5719 inspiceret,
2534 5643 2687 5700 idem
2718 5644 2995 5719 antiquus
3026 5644 3219 5702 hostis
3245 5659 3378 5701 eum
3400 5645 3592 5706 taliter
