3926 6146
368 232 487 300 995

1683 223 2083 286 VICTORIS
2126 222 2213 287 III
2255 224 2533 287 PAPzE.

3687 226 3789 289 936

376 440 668 495 allocutus
703 438 795 492 est
819 452 831 491 :
856 434 1131 501 Efﬁcere,
1151 432 1359 503 inquit,
1381 447 1582 501 opuer
1601 447 1674 486 ex
1695 432 1812 485 toto
1847 447 2039 499 meus,
2071 411 2130 473 Α
2155 431 2263 499 ris,
2298 432 2768 487 misericordiam
2798 432 3032 487 Domini
3050 434 3515 506 lacrymabiliter
3528 436 3789 503 postulan-

375 533 430 585 et
455 544 570 583 una
600 541 830 580 mecum
862 524 932 577 ad
959 522 1141 593 hujus
1170 521 1426 592 proximi
1458 520 1716 574 ﬂuminis
1741 536 1904 574 oram
1937 536 2031 574 ac-

376 617 554 686 cede;
588 616 786 685 ibique
819 612 947 666 auri
977 614 1034 665 et
1078 610 1307 682 argenti
1356 625 1631 680 magnam
1680 610 1910 678 copiam
1939 609 2046 663 tibi

379 705 656 771 tribuam,
682 705 743 755 ut
765 715 881 754 non
907 698 1222 770 lignis,sed
1247 714 1389 751 auro
1414 702 1778 769 argentoque
1807 698 2046 751 domum

380 791 702 848 revertaris
717 791 990 857 onustus,
1005 791 1316 858 quatenus,
1337 786 1476 840 dum
1498 786 1893 855 superfueris,
1915 802 2042 840 om-

384 896 491 936 nes
524 879 886 950 propinquos
917 876 1267 945 vicinosque
1302 878 1436 929 tuos
1467 874 1687 929 divitiis
1719 874 2045 943 excellens,

384 968 660 1024 nobiliter
690 966 1048 1020 deliciosiori
1079 965 1195 1017 vita
1226 964 1446 1017 fruaris
1476 964 1535 1016 in
1566 963 1763 1017 terris.
1783 964 1924 1018 Haec
1938 980 2045 1016 au-

382 1062 498 1113 tem
530 1057 583 1110 ei
600 1055 877 1125 antiquus
897 1053 1088 1107 hostis
1113 1068 1229 1106 non
1244 1052 1374 1106 idco
1394 1052 1811 1122 persuadebat,
1837 1056 2047 1122 utqua:

385 1144 773 1216 pollicebatur
804 1143 1105 1210 tribueret,
1135 1141 1241 1195 scd
1274 1141 1497 1210 utzeum
1524 1156 1804 1211 mergens
1835 1157 2049 1195 necare

384 1236 590 1304 posset
618 1232 677 1284 in
709 1231 968 1284 ﬂumine.
995 1232 1253 1300 Atpuer,
1283 1229 1565 1300 frequens
1592 1229 1811 1283 Christi
1838 1245 2048 1283 nomen

384 1324 692 1387 invocans,
729 1319 925 1374 crucis
958 1334 1024 1372 se
1056 1319 1327 1372 studebat
1357 1318 1584 1372 munire
1602 1318 2049 1388 signaculo;ﬂe-

384 1410 607 1480 bilique
636 1424 783 1463 voce
816 1408 948 1461 talia
983 1422 1273 1477 responsa
1304 1406 1586 1460 reddebat
1620 1422 1631 1459 :
1667 1406 1840 1460 Absit
1871 1424 1903 1461 a
1934 1422 2048 1476 me,

382 1500 557 1567 absit,
589 1501 649 1552 ut
678 1495 936 1567 alicujus
967 1495 1282 1566 aliquando
1316 1495 1546 1550 efficiar
1571 1495 1854 1565 famulus,
1908 1495 2049 1565 nisi,

383 1589 483 1660 qui
515 1602 609 1641 me
631 1586 871 1655 creavit,
905 1583 1325 1653 omnipotentis
1352 1584 1479 1653 Dei,
1521 1587 1577 1638 et
1611 1584 1710 1654 qui
1745 1599 1836 1638 me
1866 1599 2052 1655 gene-

384 1677 555 1744 ravit,
590 1675 773 1745 patris
816 1672 1106 1727 mei.Cum
1137 1674 1332 1742 itaque
1380 1671 1590 1725 iterum
1630 1676 1804 1742 atque
1843 1672 2053 1725 iterum

386 1764 627 1835 signum
658 1764 870 1818 salutis
901 1762 1015 1815 sibi
1040 1768 1376 1830 apponeret,
1411 1761 1659 1829 dcemon,
1682 1760 1778 1831 qui
1809 1760 2053 1815 videba-

382 1858 497 1920 tur,
531 1852 590 1905 in
621 1851 811 1905 undas
844 1850 1074 1903 vicinas
1108 1848 1371 1901 ﬂuminis
1408 1848 1542 1901 inde
1565 1863 1631 1901 se
1664 1848 2050 1917 submovens,

383 1956 597 2011 magno
627 1956 761 1994 cum
776 1938 1027 2007 strepitu
1046 1953 1112 1991 se
1137 1937 1362 2006 mersit,
1386 1936 1586 2007 ibique
1605 1940 1948 2007 serpentum
1963 1936 2050 1990 si-

379 2027 588 2098 bilare,
620 2029 923 2083 asinorum
954 2027 1189 2093 rudere,
1224 2025 1452 2095 mugire
1487 2029 1811 2095 taurorum,
1844 2025 2049 2096 rugire

380 2115 616 2172 leonum
650 2131 815 2171 more
848 2116 1038 2185 caepit,
1073 2117 1246 2184 atque
1276 2116 1495 2167 tantum
1524 2114 1794 2171 timorem
1814 2113 2046 2168 misello

379 2206 653 2275 incussit,
688 2208 749 2259 ut
792 2206 905 2258 tota
935 2203 1051 2258 sibi
1083 2204 1233 2257 silva
1268 2204 1447 2256 rotari
1481 2203 1538 2255 in
1581 2203 1929 2273 vertiginem
1962 2204 2047 2257 vi-

380 2294 636 2349 deretur.
669 2294 932 2364 Cumque
964 2294 1021 2346 in
1052 2296 1206 2346 terra
1239 2291 1361 2345 fere
1388 2290 1617 2362 jaceret
1646 2292 1957 2359 exanimis,
1991 2296 2047 2347 et

378 2381 516 2452 quid
553 2383 756 2452 ageret
787 2380 1022 2449 penitus
1076 2379 1396 2450 ignoraret,
1430 2394 1569 2432 ecce
1629 2377 1825 2432 subito
1860 2394 2048 2433 senex

378 2470 610 2523 mitrato
642 2468 850 2538 capite,
887 2468 1194 2535 candidus,
1231 2466 1471 2520 indutus
1496 2466 1666 2536 stola,
1698 2466 1812 2520 sibi
1843 2470 2047 2522 astans

378 2558 669 2628 apparuit,
704 2561 760 2611 et
790 2557 979 2627 inquit
1008 2556 1079 2609 ad
1113 2571 1246 2609 eum
1273 2573 1284 2608 :
1307 2555 1456 2619 Quid
1491 2555 1586 2608 hic
1627 2554 1781 2626 agis,
1826 2571 1960 2609 cum
1981 2571 2047 2609 se

370 2645 496 2716 jam
528 2646 671 2700 hora
702 2644 1261 2714 tardiorprotrahat,
1297 2646 1353 2697 et
1384 2643 1801 2697 recedentibus
1815 2644 2044 2699 cunctis

380 2734 642 2788 solitaria
669 2733 791 2804 jam
822 2748 971 2803 pene
1003 2748 1141 2786 arva
1172 2732 1601 2785 remanserint?
1639 2730 1829 2803 Surge
1857 2747 2047 2802 quan-

379 2824 592 2893 tocius,
627 2822 981 2892 domumque
1012 2822 1206 2875 redire
1240 2820 1475 2886 festina,
1500 2836 1573 2874 ne
1604 2820 1655 2873 si
1675 2820 1925 2889 amplius
1948 2821 2045 2876 hic

376 2914 640 2967 moratus
668 2912 877 2980 fueris,
899 2926 1080 2982 grave
1100 2910 1430 2980 periculum
1455 2909 1749 2963 incurras.
1772 2908 2042 2980 Surgens

376 3000 573 3071 itaque
618 3001 689 3055 de
719 3003 897 3068 terra,
937 3015 1071 3053 cum
1104 2999 1177 3052 ad
1207 3013 1275 3053 se
1322 2999 1630 3052 levandam
1680 2998 2043 3052 sarcinulum

374 3089 747 3155 inclinasset,
765 3088 920 3143 idem
934 3088 1033 3158 qui
1055 3088 1223 3142 visus
1240 3086 1429 3141 fuerat
1442 3102 1626 3141 senex
1644 3086 1955 3157 disparuit.
1975 3086 2044 3140 Et

372 3191 513 3232 ecce
544 3178 755 3233 iterum
785 3177 1085 3249 malignus
1122 3176 1368 3246 spiritus
1417 3180 1547 3230 ante
1580 3176 1785 3229 oculos
1819 3174 1953 3245 ejus
1973 3190 2040 3229 se

372 3266 678 3338 ingerens,
705 3266 929 3321 eisdem
942 3265 1159 3336 quibus
1190 3264 1593 3334 prius,verbis
1614 3262 2041 3333 affaripuerum

373 3356 569 3425 coepit.
593 3356 710 3410 Sed
740 3355 836 3409 ille
867 3354 1250 3408 nihilominus
1281 3368 1413 3423 quae
1448 3352 1812 3422 hortabatur,
1847 3368 1915 3407 se
1948 3353 2039 3407 fa-

373 3448 603 3500 cturum
626 3444 861 3499 omnino
884 3443 1209 3513 denegans,
1227 3442 1377 3495 ﬂens
1401 3444 1455 3495 et
1479 3441 1711 3512 ejulans
1743 3441 1804 3495 in
1823 3445 2041 3496 terram

381 3533 617 3602 decidit,
652 3548 720 3585 ac
749 3534 921 3601 prout
952 3534 1177 3600 poterat
1208 3533 1265 3584 et
1296 3530 1542 3598 sciebat,
1575 3530 1901 3585 Salvatoris
1925 3547 2042 3585 om-

2158 512 2269 587 Ies,
2295 525 2695 589 prosternunt,
2731 522 2934 593 ibique
2956 523 3251 578 obsessus
3284 524 3664 577 vehementer
3682 525 3790 576 fati-

2157 614 2331 680 gatus
2364 610 2744 664 obdormivit.
2778 611 2968 681 Igitur
2998 611 3135 665 dum
3164 613 3255 666 sic
3291 612 3501 666 fessus
3531 612 3790 667 demicus

2146 697 2395 767 jaceret,
2431 699 2650 768 aperiri
2681 699 2795 752 sibi
2829 699 3027 754 subito
3052 701 3289 754 alatere
3322 700 3519 753 visum
3543 703 3645 765 est,
3668 701 3792 753 inde-

2153 801 2268 857 que
2300 788 2391 841 vir
2420 787 2753 842 clarissimo
2785 793 3031 857 aspectu
3063 789 3442 858 candidoquc
3461 788 3695 843 amictus
3710 789 3796 841 ha-

2152 874 2277 929 hitu
2307 876 2660 945 procedens,
2696 874 2833 946 ejus
2866 877 3085 945 alvum,
3117 879 3458 947 pectusque
3480 877 3577 930 diu
3599 881 3795 929 contre-

2155 965 2343 1033 ctans,
2370 965 2446 1034 ci,
2480 969 2540 1017 ut
2572 969 2848 1036 surgeret
2878 981 2947 1019 ac
2980 965 3341 1033 discederet,
3373 966 3691 1033 imperavit.
3711 966 3795 1029 Qui

2150 1068 2289 1105 mox
2320 1053 2801 1123 expergefactus,
2830 1055 2907 1107 ita
2929 1070 3115 1108 sanus
3139 1053 3410 1108 surrexit
3431 1057 3497 1107 ut
3516 1054 3794 1107 daemonia-

2154 1156 2282 1194 cam
2314 1141 2751 1197 infestationem
2780 1143 2841 1196 in
2873 1158 2939 1196 se
2970 1141 3218 1196 ulterius
3242 1158 3367 1195 non
3398 1144 3656 1196 sentiret.
3684 1142 3796 1195 llaec

2154 1230 2347 1283 omnia
2380 1246 2486 1299 per
2513 1230 2803 1297 ordinem,
2828 1246 2902 1284 ex
2925 1245 3029 1284 ore
3063 1230 3255 1298 ipsius
3280 1230 3476 1299 pueri,
3500 1230 3596 1300 qui
3612 1246 3793 1299 passus

2159 1316 2372 1386 fuerat,
2406 1318 2868 1388 lacrymabiliter
2896 1318 3238 1383 referentis,
3293 1318 3520 1372 audivi.

2240 1405 2613 1477 Theophilus.
2647 1406 2792 1460 Haec
2823 1422 2956 1476 quae
2988 1421 3170 1475 puero
3220 1405 3561 1477 contigisse
3605 1422 3792 1469 narras,

2159 1494 2331 1548 valde
2363 1494 2646 1562 admiror,
2694 1497 2870 1564 atque
2915 1494 2986 1548 ad
3018 1494 3450 1564 omnipotentis
3490 1494 3793 1564 Deijudicia

2158 1585 2420 1636 tremens
2478 1585 2778 1651 stupesco,
2843 1598 2949 1636 cur
2980 1583 3166 1651 illum,
3203 1583 3307 1652 qui
3340 1598 3460 1636 una
3492 1598 3617 1636 cum
3667 1588 3794 1653 patre

2160 1671 2539 1725 festivitatem
2559 1671 2624 1724 B.
2641 1670 2873 1726 Nicolai
2887 1671 3097 1726 devote
3112 1671 3459 1738 celebrans,
3483 1673 3792 1725 communio-

2161 1774 2297 1813 nem
2328 1758 2619 1813 Dominici
2669 1761 2941 1828 corporis
2971 1763 3028 1814 et
3057 1760 3384 1831 sanguinis
3417 1761 3682 1831 percepit,
3708 1760 3791 1813 im-

2162 1848 2378 1902 mundo
2411 1848 2646 1918 Spiritui
2679 1849 3021 1918 mancipare
3052 1849 3424 1918 permiserit.

2234 1936 2607 1992 Desiderius.
2642 1936 2703 1991 Si
2731 1937 3171 1992 animadvertas
3202 1938 3414 2008 utique
3447 1942 3703 2008 quantum
3720 1952 3789 2006 pa-

2162 2024 2433 2079 rentibus
2469 2040 2586 2078 non
2617 2025 2861 2079 obedire
2893 2025 3172 2080 delictum
3222 2026 3326 2088 sit.
3376 2042 3512 2080 eum
3540 2026 3788 2094 Scriptura

2162 2111 2315 2167 dicat
2350 2129 2361 2165 :
2396 2112 2632 2168 Honora
2656 2119 2891 2183 patrem
2923 2119 3078 2166 tuum
3102 2119 3160 2168 et
3183 2120 3447 2169 matrem
3472 2120 3638 2182 tuam,
3662 2120 3710 2165 ut
3724 2112 3789 2165 sis

2157 2201 2469 2272 longaevus
2479 2218 2661 2273 super
2674 2207 2898 2256 terram
2917 2201 3787 2272 (Exod.xx,12),Etitem:Melius

2159 2295 2253 2344 est
2283 2290 2531 2345 obedire
2565 2306 2730 2362 quam
2760 2290 3128 2360 sacriﬁcare,
3174 2297 3233 2345 et
3267 2290 3625 2357 auscultare,
3643 2290 3788 2359 magis
3870 2336 3871 2339 η

2160 2395 2326 2450 quam
2360 2378 2584 2433 oll‘erre
2614 2379 2844 2450 adipem
2877 2381 3151 2448 arietum,
3190 2381 3470 2452 quoniam
3506 2381 3661 2452 quasi
3678 2396 3785 2450 poc-
3870 2406 3871 2452 ρ

2156 2475 2346 2521 catum
2378 2468 2675 2523 ariolandi
2688 2474 2800 2537 est,
2843 2484 3205 2540 repugnare;
3231 2476 3293 2523 et
3318 2470 3491 2541 quasi
3505 2468 3785 2522 scelusido-

2153 2557 2434 2627 lolalriae,
2458 2557 2613 2612 nolle
2631 2558 3015 2630 acquiescere
3030 2557 3087 2625 (Ι
3096 2558 3247 2628 Reg.
3271 2556 3652 2627 xv,93,24).Et
3670 2556 3784 2610 Salo-
3870 2582 3871 2630 ξ

2151 2662 2334 2702 mon:
2374 2646 2553 2714 Audi,
2589 2645 2677 2700 ﬁli
2712 2647 2794 2699 mi
2823 2646 3199 2717 disciplinam
3236 2647 3445 2717 patris
3491 2647 3590 2714 tui,
3630 2653 3680 2699 et
3704 2660 3785 2697 non

2152 2736 2426 2791 dimittas
2456 2735 2647 2807 legem
2680 2736 2895 2788 matris
2915 2740 3045 2799 tum,
3075 2742 3133 2788 ut
3155 2734 3425 2789 addatur
3442 2734 3630 2805 gratia
3648 2732 3788 2803 capiti

2153 2830 2270 2894 tuo,
2305 2831 2363 2879 et
2396 2829 2639 2895 torques
2668 2823 2817 2877 collo
2839 2829 2935 2877 tuo
2965 2823 3172 2890 (Prov.
3211 2821 3326 2892 1,8,
3347 2823 3427 2892 9).
3451 2822 3637 2876 Etalio
3656 2821 3780 2873 loco:

2154 2912 2334 2978 Quam
2358 2911 2528 2967 malae
2557 2912 2730 2966 fama?
2757 2918 2871 2982 est,
2906 2913 3003 2984 qui
3033 2911 3327 2984 relinquit
3366 2917 3613 2982 patrem,
3644 2914 3693 2962 et
3715 2919 3783 2963 es:

2150 3002 2510 3056 maledictus
2532 3018 2563 3055 a
2594 3002 2719 3056 Deo
2749 3002 2847 3073 qui
2870 3008 3215 3072 exasperat,
3235 3006 3493 3054 matrem
3522 2997 3780 3068 (Ecrlinn,

2146 3088 2255 3159 18).
2290 3092 2459 3145 Justo
2493 3091 2596 3144 Dei
2618 3089 2900 3160 judiciod
2923 3089 3219 3145 accidisse
3250 3088 3559 3159 probabis.
3599 3085 3779 3140 Permi-

2144 3179 2222 3233 sit
2253 3180 2449 3250 itaque
2480 3179 2636 3241 Deus
2673 3194 2923 3248 puerum
2957 3178 3115 3232 hunc
3149 3194 3258 3247 pro
3292 3193 3407 3232 sua
3440 3173 3779 3231 inobedientia

2144 3266 2438 3339 ﬂagellari
2465 3283 2476 3322 :
2505 3267 2611 3322 sed
2642 3266 2814 3321 solita
2846 3267 3057 3336 pietate
3081 3282 3198 3321 non
3217 3270 3311 3321 est
3335 3281 3554 3335 passus
3571 3279 3684 3318 eum
3696 3260 3777 3315 sub

2155 3356 2361 3410 eodem
2393 3356 2645 3410 verbere
2673 3355 2894 3409 diutius
2916 3356 3246 3426 immorari;
3268 3359 3333 3410 ut
3350 3372 3424 3409 ex
3449 3355 3555 3408 hoc
3575 3352 3774 3424 quisque

2153 3444 2441 3516 intelligat
2471 3448 2755 3515 quantum
2807 3443 3200 3498 inobedientia
3250 3443 3581 3514 periculum
3615 3440 3772 3510 pariat,

2153 3537 2327 3604 atque
2356 3534 2428 3587 ad
2460 3533 2851 3588 obediendum
2875 3533 3225 3602 parentibus
3251 3538 3534 3604 quantum
3552 3544 3673 3584 sese
3690 3527 3769 3580 hu-

377 3623 539 3677 nium
554 3621 700 3675 Jesu
720 3619 941 3674 Christi
976 3618 1362 3687 clementiam,
1398 3622 1460 3672 ut
1490 3618 1605 3673 sibi
1618 3619 1912 3689 praeberet
1932 3635 2041 3673 au-
2071 3626 2123 3688 C
2154 3620 2372 3675 militer
2404 3621 2662 3677 subdere
2694 3621 2924 3676 debeat.

376 3710 605 3778 xilium,
627 3707 946 3780 ﬂagitabat.
968 3707 1102 3761 Mox
1119 3707 1213 3760 ille
1240 3707 1614 3762 venerandus
1631 3722 1837 3778 senex,
1863 3708 1965 3778 qui
1989 3708 2042 3763 ei

376 3798 596 3854 dudum
625 3799 796 3852 visus
827 3797 1038 3865 fuerat,
1072 3812 1286 3850 rursus
1328 3797 1619 3867 apparuit,
1658 3799 1713 3852 et
1756 3801 1819 3852 ut
1866 3797 2041 3853 citius

378 3889 691 3960 surgeret”
722 3885 1000 3958 lignaque
1030 3883 1328 3955 auferens,
1377 3889 1724 3956 asportaret,
1772 3886 2041 3942 hortatus

380 3981 491 4032 est.
524 3976 614 4030 Ad
638 3974 812 4047 cujus
840 3975 1175 4042 adventum,
1197 3973 1471 4029 inimicus
1502 3976 1604 4046 qui
1624 3974 1955 4047 videbatur,
1980 3979 2045 4030 ut

378 4065 578 4122 fumus
604 4064 858 4119 evanuit.
884 4062 1068 4128 Quem
1098 4062 1296 4134 utique
1324 4079 1549 4133 senem,
1582 4064 1819 4118 beatum
1851 4064 2041 4119 fuisse

381 4154 680 4209 credimus
694 4153 1000 4208 Nicolaum
1017 4152 1191 4223 cujus
1206 4152 1574 4207 celebrandae
1589 4152 1887 4208 festivitati
1901 4170 2045 4224 prae-

382 4243 577 4298 dictus
607 4243 953 4297 rusticuseo
967 4241 1060 4296 die
1075 4257 1313 4310 operam
1330 4241 1915 4312 dedcrat.Atpuerad
1943 4258 2044 4297 se-

382 4334 477 4386 nis
491 4332 803 4403 imperium
817 4346 1076 4402 surgens
1091 4346 1121 4384 e
1143 4330 1549 4399 terrra,levata
1570 4331 1864 4386 sarcinula
1890 4347 2048 4386 sum-

378 4434 473 4474 ma
509 4436 642 4474 cum
660 4420 970 4474 velocitate
1001 4419 1237 4474 domum
1271 4419 1461 4487 rediit,
1482 4422 1538 4473 et
1574 4419 1772 4489 utipse
1787 4425 2046 4489 postmo-

384 4509 529 4563 dum
558 4507 873 4575 referebat,
889 4510 1003 4561 tam
1022 4507 1269 4561 levisibi
1301 4506 1398 4560 illa
1425 4507 1723 4579 lignorum
1749 4510 2047 4565 sarcinula

380 4598 728 4669 facta-est,ut
744 4595 891 4650 nihil
908 4594 1189 4665 ponderis
1212 4595 1431 4650 habere
1445 4596 1763 4650 videretur.
1779 4596 1924 4651 Cum
1946 4615 2045 4653 au-

381 4690 501 4741 tem
534 4687 773 4741 domum
802 4699 1126 4756 regressus
1141 4683 1440 4753 paululum
1469 4687 1820 4755 remoratus,
1853 4689 2042 4757 esset,

380 4777 479 4847 qui
495 4776 548 4830 ei
560 4779 909 4845 apparuerat
922 4775 1152 4828 daemon
1167 4774 1223 4825 in
1238 4788 1368 4828 eum
1384 4773 1701 4844 ingressus
1715 4774 1890 4844 cmpit
1903 4775 2045 4830 hor-

376 4864 627 4918 ribiliter
647 4863 912 4935 fatigare.
932 4862 1195 4932 Uterque
1212 4862 1483 4916 turbatus
1499 4877 1719 4931 parens
1747 4862 1929 4933 aﬂ'uit,
1950 4864 2044 4918 lu-

2233 3710 2605 3781 Tlieopliilus.
2642 3710 2836 3765 Verba
2859 3709 3275 3780 responsionis
3307 3713 3426 3765 tuae
3457 3706 3769 3764 satisfecisse

2151 3798 2431 3853 videntur
2461 3799 2912 3870 interrogationi
2941 3814 3091 3853 mem

2222 3888 2598 3943 Desiderius.
2620 3887 2685 3941 In
2703 3888 2947 3943 dioecesi
2968 3887 3190 3942 Teatini
3207 3887 3581 3958 episcopatus
3596 3885 3674 3938 est
3688 3893 3769 3934 me

2149 3977 2470 4031 nasterium
2503 3976 2697 4031 nobile
2714 3976 2881 4047 juxta
2902 3976 3162 4031 radicem
3191 3976 3471 4047 Majellici
3504 3970 3706 4036 montis,
3728 3968 3765 4019 in

2151 4064 2439 4120 honorem
2488 4065 2681 4120 sancti
2726 4065 3096 4121 Liberatoris
3141 4065 3255 4135 (42)
3296 4066 3691 4126 constructum,
3729 4058 3765 4109 et

2151 4153 2290 4208 huic
2318 4157 2523 4209 nostra
2555 4153 2870 4209 Casinensi
2901 4154 3169 4209 coenobio
3208 4154 3531 4221 subditum,
3561 4150 3647 4205 ubi
3673 4160 3765 4200 ma-

2152 4254 2270 4314 gna
2300 4242 2549 4298 fratrum
2581 4242 2891 4298 multitudo
2920 4246 3378 4312 commorantes,
3407 4241 3567 4313 juxta
3590 4232 3763 4291 almiB.

2152 4331 2455 4388 Benedicti
2471 4332 2827 4403 mandatum,
2847 4332 3082 4388 Christo
3106 4332 3355 4387 Domino
3378 4345 3515 4384 vero
3547 4324 3672 4396 Regi
3684 4320 3760 4375 mi-

2152 4419 2391 4475 litantes
2422 4420 2791 4476 deserviunt.

2223 4509 2486 4574 Quodam
2515 4509 2699 4581 igitur
2754 4513 3040 4579 tempore,
3096 4508 3236 4564 dum
3284 4509 3494 4563 fratres
3521 4506 3576 4559 in
3601 4500 3759 4557 eodem

2151 4596 2515 4653 monasterio
2547 4599 2606 4651 in
2636 4598 2830 4652 noctis
2865 4597 3101 4652 silentio
3123 4597 3297 4668 juxta
3314 4611 3527 4651 morem
3550 4591 3763 4663 quiesce.

2150 4688 2301 4756 rent,
2337 4686 2572 4757 quidam
2604 4687 2969 4741 reverendus
2989 4686 3079 4739 vir
3091 4687 3415 4742 monastico
3443 4683 3654 4738 indutus
3679 4675 3755 4728 ha-

2148 4775 2275 4830 bitu
2307 4775 2575 4846 apparuit
2606 4775 2708 4829 uni
2737 4791 2963 4843 eorum,
2997 4790 3251 4845 eumque
3282 4774 3585 4829 exhortans
3610 4770 3660 4820 ut
3683 4776 3755 4813 ve-

2147 4864 2362 4919 lociter
2390 4864 2461 4918 de
2492 4864 2709 4918 lectulo
2742 4864 2802 4917 in
2833 4880 2949 4934 quo
2975 4863 3217 4934 jacebat
3238 4866 3523 4934 surgeret.
3542 4857 3751 4920 Cumque

379 4950 1908 5024 gensetperstrepcnsfamiliolacnnctacircumstetit
1930 4952 2041 5008 Sed
2072 4992 2125 5047 D
2152 4953 2252 5008 ille
2291 4954 2366 5007 ad
2429 4952 2563 5024 ejus
2625 4952 2936 5022 imperium
2993 4952 3442 5024 expergefactus
3496 4940 3753 5047 perniciter

382 5056 514 5095 cum
547 5040 771 5095 nullum
803 5040 855 5094 ei
878 5040 1161 5094 auxilium
1189 5039 1526 5109 impendere
1546 5055 1726 5110 posse
1741 5056 1807 5095 se
1834 5057 2043 5097 cerne-

382 5132 533 5197 rent,
570 5129 795 5183 salubri
822 5133 1056 5199 reperto
1076 5128 1348 5197 consilio,
1385 5129 1496 5183 hoc
1525 5129 1597 5183 ad
1625 5132 2048 5186 monasterium

383 5217 455 5271 ad
495 5216 695 5270 limina
725 5233 859 5271 eum
900 5218 964 5271 Β.
1024 5218 1328 5272 Benedicti
1358 5217 1705 5288 perducunt,
1756 5224 1929 5291 atque
1976 5220 2049 5274 ad

383 5304 520 5376 ejus
549 5305 949 5359 venerandum
983 5307 1322 5376 sepulcrum
1353 5307 1413 5360 in
1442 5305 1679 5361 dextera
1716 5311 1879 5376 parte
1909 5309 2047 5363 alta-

454 5444 567 5518 (4‘2)
593 5445 675 5500 De
698 5447 1059 5518 monasterio
1081 5448 1275 5518 Sancti
1297 5447 1663 5503 Liberatoris
1703 5450 1761 5503 in
1799 5449 2045 5505 dicaces.

383 5516 631 5588 Teatin.,
664 5516 800 5590 vide
822 5518 948 5590 ρει.
972 5518 1041 5590 in
1070 5517 1290 5573 Chron.
1325 5519 1427 5574 lib.
1460 5536 1498 5587 ι,
1532 5536 1658 5590 cap.
1689 5519 1780 5589 44,
1833 5524 1888 5575 et
1917 5537 2050 5576 eru-

381 5587 658 5657 ditissim.
695 5587 941 5646 Lucium
962 5587 1295 5646 Camaer
1313 5591 1396 5646 De
1412 5587 1671 5665 antiquis
1702 5587 1883 5649 rebus
1907 5592 2050 5651 Tea-

2159 5042 2548 5110 surrexisset,
2583 5041 2772 5112 inquit
2793 5041 2864 5095 ad
2895 5056 3027 5095 eum
3063 5056 3076 5095 :
3111 5041 3391 5095 Accelera
3412 5034 3637 5093 etexcita
3652 5041 3747 5083 om-

2158 5147 2267 5187 nes
2299 5131 2532 5199 fratres,
2569 5133 2625 5185 et
2648 5132 2708 5183 ut
2734 5129 3020 5184 velociter
3041 5133 3312 5201 surgant,
3343 5132 3504 5197 atque
3524 5123 3585 5177 ad
3603 5114 3746 5174 cccle-

2159 5222 2309 5276 siam
2335 5223 2602 5291 pergant,
2637 5218 2871 5290 magnis
2903 5219 3264 5273 clamoribus
3292 5219 3458 5284 insta,
3488 5211 3603 5283 quia
3629 5207 3741 5266 haec,

2158 5310 2217 5364 in
2249 5325 2363 5380 qua
2395 5308 2729 5380 quiescunt,
2763 5307 2910 5362 cella
2952 5308 3067 5363 sub
3097 5306 3255 5363 omni
3283 5309 3371 5361 est
3397 5299 3655 5357 celeritate
3677 5305 3743 5344 ca-

2157 5450 2296 5506 tinae
2328 5449 2601 5505 civitatis.
2662 5449 2829 5515 Quod
2857 5449 2916 5504 in
2944 5449 3044 5504 illo
3078 5449 3272 5504 evenit
3302 5446 3505 5519 legitur
3530 5429 3732 5519 etiamin

2160 5555 2341 5597 serm.
2374 5555 2488 5596 ms.
2524 5538 2679 5596 Petri
2708 5538 2894 5612 Diac.,
2928 5538 2999 5595 de
3031 5539 3239 5594 octava
3267 5517 3443 5593 sancti
3478 5517 3730 5587 Benedicti:
