  <div class='ocr_page' id='page_1' title='image "/cluster/home/n/w/nwhite01/storage/ocr_20150623/149/hvd.32044054760079/504.png"; bbox 0 0 3926 6146; ppageno 0'>
   <div class='ocr_carea' id='block_1_1' title="bbox 110 230 198 295">
    <p class='ocr_par' dir='ltr' id='par_1_1' title="bbox 110 230 198 295">
     <span class='ocr_line' id='line_1_1' title="bbox 110 230 198 295; baseline -0.068 0"><span class='ocrx_word' id='word_1_1' title='bbox 110 230 198 295; x_wconf 86' lang='grc'>997</span> 
     </span>
    </p>
   </div>
   <div class='ocr_carea' id='block_1_2' title="bbox 1328 203 2158 269">
    <p class='ocr_par' dir='ltr' id='par_1_2' title="bbox 1328 203 2158 269">
     <span class='ocr_line' id='line_1_2' title="bbox 1328 203 2158 269; baseline -0.006 -1"><span class='ocrx_word' id='word_1_2' title='bbox 1328 203 1700 269; x_wconf 84' lang='lat' dir='ltr'>DIALOGI.</span> <span class='ocrx_word' id='word_1_3' title='bbox 1750 239 1827 253; x_wconf 97' lang='lat'><strong><em>â€”</em></strong></span> <span class='ocrx_word' id='word_1_4' title='bbox 1873 205 2032 266; x_wconf 88' lang='lat' dir='ltr'>LIB.</span> <span class='ocrx_word' id='word_1_5' title='bbox 2081 205 2158 267; x_wconf 87' lang='lat' dir='ltr'>If.</span> 
     </span>
    </p>
   </div>
   <div class='ocr_carea' id='block_1_3' title="bbox 3349 205 3466 267">
    <p class='ocr_par' dir='ltr' id='par_1_3' title="bbox 3349 205 3466 267">
     <span class='ocr_line' id='line_1_3' title="bbox 3349 205 3466 267; baseline 0 0"><span class='ocrx_word' id='word_1_6' title='bbox 3349 205 3466 267; x_wconf 89' lang='lat'>998</span> 
     </span>
    </p>
   </div>
   <div class='ocr_carea' id='block_1_4' title="bbox 106 404 1687 493">
    <p class='ocr_par' dir='ltr' id='par_1_4' title="bbox 106 405 1684 485">
     <span class='ocr_line' id='line_1_4' title="bbox 106 405 1684 485; baseline -0.014 -4"><span class='ocrx_word' id='word_1_7' title='bbox 106 442 228 484; x_wconf 86' lang='lat' dir='ltr'>sura.</span> <span class='ocrx_word' id='word_1_8' title='bbox 240 422 323 476; x_wconf 88' lang='lat' dir='ltr'>Ille</span> <span class='ocrx_word' id='word_1_9' title='bbox 337 420 511 472; x_wconf 88' lang='lat' dir='ltr'>autem</span> <span class='ocrx_word' id='word_1_10' title='bbox 524 414 718 485; x_wconf 85' lang='lat' dir='ltr'>jussis</span> <span class='ocrx_word' id='word_1_11' title='bbox 733 413 1171 481; x_wconf 77' lang='lat' dir='ltr'>obtemperans,</span> <span class='ocrx_word' id='word_1_12' title='bbox 1188 408 1421 478; x_wconf 82' lang='lat' dir='ltr'>magnis</span> <span class='ocrx_word' id='word_1_13' title='bbox 1435 405 1684 460; x_wconf 87' lang='lat' dir='ltr'>vocibus</span> 
     </span>
    </p>
   </div>
   <div class='ocr_carea' id='block_1_5' title="bbox 1876 404 3464 493">
    <p class='ocr_par' dir='ltr' id='par_1_5' title="bbox 1882 421 3464 491">
     <span class='ocr_line' id='line_1_5' title="bbox 1882 421 3464 491; baseline 0 -16"><span class='ocrx_word' id='word_1_14' title='bbox 1882 423 1955 491; x_wconf 91' lang='lat' dir='ltr'>is,</span> <span class='ocrx_word' id='word_1_15' title='bbox 1990 422 2097 476; x_wconf 90' lang='lat' dir='ltr'>sed</span> <span class='ocrx_word' id='word_1_16' title='bbox 2120 422 2364 477; x_wconf 87' lang='lat' dir='ltr'>etiamin</span> <span class='ocrx_word' id='word_1_17' title='bbox 2391 422 2652 485; x_wconf 74' lang='lat' dir='ltr'>minimis</span> <span class='ocrx_word' id='word_1_18' title='bbox 2671 421 2851 474; x_wconf 86' lang='lat' dir='ltr'>rebus</span> <span class='ocrx_word' id='word_1_19' title='bbox 2873 421 3182 490; x_wconf 76' lang='lat' dir='ltr'>aliquando</span> <span class='ocrx_word' id='word_1_20' title='bbox 3208 421 3464 476; x_wconf 86' lang='lat' dir='ltr'>ostendit</span> 
     </span>
    </p>
   </div>
   <div class='ocr_carea' id='block_1_6' title="bbox 105 496 1684 576">
    <p class='ocr_par' dir='ltr' id='par_1_6' title="bbox 105 496 1684 576">
     <span class='ocr_line' id='line_1_6' title="bbox 105 496 1684 576; baseline -0.016 -5"><span class='ocrx_word' id='word_1_21' title='bbox 105 506 472 576; x_wconf 70' lang='lat' dir='ltr'>clamareempit</span> <span class='ocrx_word' id='word_1_22' title='bbox 504 521 517 558; x_wconf 90' lang='lat'><strong>:</strong></span> <span class='ocrx_word' id='word_1_23' title='bbox 550 502 810 573; x_wconf 83' lang='lat' dir='ltr'>Surgite,</span> <span class='ocrx_word' id='word_1_24' title='bbox 846 500 1139 569; x_wconf 82' lang='lat' dir='ltr'>inquiens,</span> <span class='ocrx_word' id='word_1_25' title='bbox 1168 497 1408 564; x_wconf 75' lang='lat' dir='ltr'>fratres,</span> <span class='ocrx_word' id='word_1_26' title='bbox 1434 496 1684 565; x_wconf 89' lang='lat' dir='ltr'>surgite,</span> 
     </span>
    </p>
   </div>
   <div class='ocr_carea' id='block_1_7' title="bbox 104 587 1687 675">
    <p class='ocr_par' dir='ltr' id='par_1_7' title="bbox 104 587 1687 675">
     <span class='ocr_line' id='line_1_7' title="bbox 104 587 1687 675; baseline -0.016 -16"><span class='ocrx_word' id='word_1_27' title='bbox 104 598 411 675; x_wconf 82' lang='lat' dir='ltr'>atqueexhac</span> <span class='ocrx_word' id='word_1_28' title='bbox 432 593 597 661; x_wconf 83' lang='lat' dir='ltr'>cella,</span> <span class='ocrx_word' id='word_1_29' title='bbox 633 591 768 662; x_wconf 87' lang='lat' dir='ltr'>quia</span> <span class='ocrx_word' id='word_1_30' title='bbox 799 589 1067 659; x_wconf 81' lang='lat' dir='ltr'>protinus</span> <span class='ocrx_word' id='word_1_31' title='bbox 1098 587 1321 641; x_wconf 90' lang='lat' dir='ltr'>ruitura</span> <span class='ocrx_word' id='word_1_32' title='bbox 1355 589 1465 652; x_wconf 91' lang='lat' dir='ltr'>est,</span> <span class='ocrx_word' id='word_1_33' title='bbox 1504 598 1687 654; x_wconf 86' lang='lat' dir='ltr'>quan-</span> 
     </span>
    </p>
   </div>
   <div class='ocr_carea' id='block_1_8' title="bbox 99 674 1684 752">
    <p class='ocr_par' dir='ltr' id='par_1_8' title="bbox 99 674 1684 752">
     <span class='ocr_line' id='line_1_8' title="bbox 99 674 1684 752; baseline -0.015 -4"><span class='ocrx_word' id='word_1_34' title='bbox 99 674 247 748; x_wconf 86' lang='lat' dir='ltr'>tocius</span> <span class='ocrx_word' id='word_1_35' title='bbox 275 688 427 752; x_wconf 81' lang='lat' dir='ltr'>exite,</span> <span class='ocrx_word' id='word_1_36' title='bbox 458 698 530 737; x_wconf 90' lang='lat' dir='ltr'>ne</span> <span class='ocrx_word' id='word_1_37' title='bbox 580 696 803 735; x_wconf 89' lang='lat' dir='ltr'>moram</span> <span class='ocrx_word' id='word_1_38' title='bbox 845 679 901 731; x_wconf 92' lang='lat' dir='ltr'>in</span> <span class='ocrx_word' id='word_1_39' title='bbox 934 693 1002 731; x_wconf 91' lang='lat' dir='ltr'>ea</span> <span class='ocrx_word' id='word_1_40' title='bbox 1033 676 1283 744; x_wconf 90' lang='lat' dir='ltr'>amplius</span> <span class='ocrx_word' id='word_1_41' title='bbox 1316 674 1618 739; x_wconf 84' lang='lat' dir='ltr'>facientes,</span> <span class='ocrx_word' id='word_1_42' title='bbox 1654 688 1684 725; x_wconf 87' lang='lat' dir='ltr'>a</span> 
     </span>
    </p>
   </div>
   <div class='ocr_carea' id='block_1_9' title="bbox 102 762 1685 846">
    <p class='ocr_par' dir='ltr' id='par_1_9' title="bbox 102 762 1685 846">
     <span class='ocr_line' id='line_1_9' title="bbox 102 762 1685 846; baseline -0.015 -11"><span class='ocrx_word' id='word_1_43' title='bbox 102 779 262 846; x_wconf 87' lang='lat' dir='ltr'>ruinis,</span> <span class='ocrx_word' id='word_1_44' title='bbox 289 773 425 846; x_wconf 87' lang='lat' dir='ltr'>quod</span> <span class='ocrx_word' id='word_1_45' title='bbox 440 771 615 839; x_wconf 87' lang='lat' dir='ltr'>absit,</span> <span class='ocrx_word' id='word_1_46' title='bbox 649 766 1076 839; x_wconf 74' lang='lat' dir='ltr'>opprimemini.</span> <span class='ocrx_word' id='word_1_47' title='bbox 1108 764 1252 818; x_wconf 89' lang='lat' dir='ltr'>Cum</span> <span class='ocrx_word' id='word_1_48' title='bbox 1284 762 1685 834; x_wconf 87' lang='lat' dir='ltr'>igiturilliex-</span> 
     </span>
    </p>
   </div>
   <div class='ocr_carea' id='block_1_10' title="bbox 97 850 1686 940">
    <p class='ocr_par' dir='ltr' id='par_1_10' title="bbox 97 850 1686 940">
     <span class='ocr_line' id='line_1_10' title="bbox 97 850 1686 940; baseline -0.014 -16"><span class='ocrx_word' id='word_1_49' title='bbox 97 865 378 940; x_wconf 84' lang='lat' dir='ltr'>pergefacti,</span> <span class='ocrx_word' id='word_1_50' title='bbox 400 861 529 931; x_wconf 91' lang='lat' dir='ltr'>ejus</span> <span class='ocrx_word' id='word_1_51' title='bbox 549 877 580 913; x_wconf 89' lang='lat' dir='ltr'>a</span> <span class='ocrx_word' id='word_1_52' title='bbox 598 857 958 913; x_wconf 75' lang='lat' dir='ltr'>clamoribus</span> <span class='ocrx_word' id='word_1_53' title='bbox 982 853 1215 921; x_wconf 78' lang='lat' dir='ltr'>turbati,</span> <span class='ocrx_word' id='word_1_54' title='bbox 1243 851 1395 905; x_wconf 91' lang='lat' dir='ltr'>unde</span> <span class='ocrx_word' id='word_1_55' title='bbox 1414 850 1541 904; x_wconf 82' lang='lat' dir='ltr'>haec</span> <span class='ocrx_word' id='word_1_56' title='bbox 1555 864 1686 940; x_wconf 81' lang='lat' dir='ltr'>nos-</span> 
     </span>
    </p>
   </div>
   <div class='ocr_carea' id='block_1_11' title="bbox 98 938 1686 1025">
    <p class='ocr_par' dir='ltr' id='par_1_11' title="bbox 98 938 1686 1025">
     <span class='ocr_line' id='line_1_11' title="bbox 98 938 1686 1025; baseline -0.014 -13"><span class='ocrx_word' id='word_1_57' title='bbox 98 938 619 1025; x_wconf 78' lang='lat' dir='ltr'>setinquirerent,ille</span> <span class='ocrx_word' id='word_1_58' title='bbox 633 963 764 1018; x_wconf 63' lang='lat' dir='ltr'>qua)</span> <span class='ocrx_word' id='word_1_59' title='bbox 797 946 1257 1014; x_wconf 84' lang='lat' dir='ltr'>viderat,quaeve</span> <span class='ocrx_word' id='word_1_60' title='bbox 1272 940 1384 995; x_wconf 91' lang='lat' dir='ltr'>sibi</span> <span class='ocrx_word' id='word_1_61' title='bbox 1400 939 1550 992; x_wconf 89' lang='lat' dir='ltr'>dicta</span> <span class='ocrx_word' id='word_1_62' title='bbox 1564 938 1686 991; x_wconf 90' lang='lat' dir='ltr'>fue-</span> 
     </span>
    </p>
   </div>
   <div class='ocr_carea' id='block_1_12' title="bbox 94 1028 1690 1105">
    <p class='ocr_par' dir='ltr' id='par_1_12' title="bbox 94 1028 1690 1105">
     <span class='ocr_line' id='line_1_12' title="bbox 94 1028 1690 1105; baseline -0.013 -6"><span class='ocrx_word' id='word_1_63' title='bbox 94 1038 603 1100; x_wconf 83' lang='lat' dir='ltr'>rantordineretulit.</span> <span class='ocrx_word' id='word_1_64' title='bbox 638 1036 773 1090; x_wconf 86' lang='lat' dir='ltr'>Mox</span> <span class='ocrx_word' id='word_1_65' title='bbox 792 1036 985 1105; x_wconf 83' lang='lat' dir='ltr'>itaque</span> <span class='ocrx_word' id='word_1_66' title='bbox 1000 1033 1235 1098; x_wconf 88' lang='lat' dir='ltr'>fratres,</span> <span class='ocrx_word' id='word_1_67' title='bbox 1253 1030 1385 1083; x_wconf 90' lang='lat' dir='ltr'>inde</span> <span class='ocrx_word' id='word_1_68' title='bbox 1419 1028 1690 1082; x_wconf 84' lang='lat' dir='ltr'>celeriter</span> 
     </span>
    </p>
   </div>
   <div class='ocr_carea' id='block_1_13' title="bbox 94 1122 1686 1193">
    <p class='ocr_par' dir='ltr' id='par_1_13' title="bbox 94 1122 1686 1193">
     <span class='ocr_line' id='line_1_13' title="bbox 94 1122 1686 1193; baseline -0.013 -5"><span class='ocrx_word' id='word_1_69' title='bbox 94 1137 340 1193; x_wconf 78' lang='lat' dir='ltr'>exeuntes,</span> <span class='ocrx_word' id='word_1_70' title='bbox 373 1126 681 1183; x_wconf 84' lang='lat' dir='ltr'>ecclesiam</span> <span class='ocrx_word' id='word_1_71' title='bbox 713 1122 1574 1188; x_wconf 75' lang='lat' dir='ltr'>intraverunt,nocturnumque</span> <span class='ocrx_word' id='word_1_72' title='bbox 1590 1131 1686 1185; x_wconf 74' lang='lat' dir='ltr'>sy-</span> 
     </span>
    </p>
   </div>
   <div class='ocr_carea' id='block_1_14' title="bbox 91 1207 1685 1284">
    <p class='ocr_par' dir='ltr' id='par_1_14' title="bbox 91 1207 1685 1284">
     <span class='ocr_line' id='line_1_14' title="bbox 91 1207 1685 1284; baseline -0.013 -9"><span class='ocrx_word' id='word_1_73' title='bbox 91 1222 245 1276; x_wconf 84' lang='lat' dir='ltr'>naxim</span> <span class='ocrx_word' id='word_1_74' title='bbox 260 1235 401 1273; x_wconf 90' lang='lat' dir='ltr'>more</span> <span class='ocrx_word' id='word_1_75' title='bbox 416 1213 866 1284; x_wconf 89' lang='lat' dir='ltr'>solito,pulsatis</span> <span class='ocrx_word' id='word_1_76' title='bbox 881 1210 1093 1282; x_wconf 83' lang='lat' dir='ltr'>signis,</span> <span class='ocrx_word' id='word_1_77' title='bbox 1115 1208 1358 1261; x_wconf 89' lang='lat' dir='ltr'>Domino</span> <span class='ocrx_word' id='word_1_78' title='bbox 1373 1207 1685 1259; x_wconf 87' lang='lat' dir='ltr'>decantare</span> 
     </span>
    </p>
   </div>
   <div class='ocr_carea' id='block_1_15' title="bbox 89 1295 1685 1380">
    <p class='ocr_par' dir='ltr' id='par_1_15' title="bbox 89 1295 1685 1380">
     <span class='ocr_line' id='line_1_15' title="bbox 89 1295 1685 1380; baseline -0.013 -15"><span class='ocrx_word' id='word_1_79' title='bbox 89 1296 619 1380; x_wconf 60' lang='lat' dir='ltr'>coeperuntCumque</span> <span class='ocrx_word' id='word_1_80' title='bbox 633 1301 871 1356; x_wconf 88' lang='lat' dir='ltr'>intentis</span> <span class='ocrx_word' id='word_1_81' title='bbox 885 1299 1180 1353; x_wconf 88' lang='lat' dir='ltr'>mentibus</span> <span class='ocrx_word' id='word_1_82' title='bbox 1195 1295 1389 1351; x_wconf 85' lang='lat' dir='ltr'>officia</span> <span class='ocrx_word' id='word_1_83' title='bbox 1403 1296 1685 1348; x_wconf 85' lang='lat' dir='ltr'>consueta</span> 
     </span>
    </p>
   </div>
   <div class='ocr_carea' id='block_1_16' title="bbox 88 1386 1685 1469">
    <p class='ocr_par' dir='ltr' id='par_1_16' title="bbox 88 1386 1685 1469">
     <span class='ocr_line' id='line_1_16' title="bbox 88 1386 1685 1469; baseline -0.011 -16"><span class='ocrx_word' id='word_1_84' title='bbox 88 1397 452 1469; x_wconf 81' lang='lat' dir='ltr'>persolverent,</span> <span class='ocrx_word' id='word_1_85' title='bbox 486 1392 685 1447; x_wconf 90' lang='lat' dir='ltr'>subito</span> <span class='ocrx_word' id='word_1_86' title='bbox 718 1389 995 1460; x_wconf 84' lang='lat' dir='ltr'>praedicta</span> <span class='ocrx_word' id='word_1_87' title='bbox 1028 1388 1258 1467; x_wconf 86' lang='lat' dir='ltr'>domus,</span> <span class='ocrx_word' id='word_1_88' title='bbox 1309 1386 1440 1438; x_wconf 91' lang='lat' dir='ltr'>dato</span> <span class='ocrx_word' id='word_1_89' title='bbox 1470 1397 1685 1453; x_wconf 90' lang='lat' dir='ltr'>magno</span> 
     </span>
    </p>
   </div>
   <div class='ocr_carea' id='block_1_17' title="bbox 86 1472 1686 1556">
    <p class='ocr_par' dir='ltr' id='par_1_17' title="bbox 86 1472 1686 1556">
     <span class='ocr_line' id='line_1_17' title="bbox 86 1472 1686 1556; baseline -0.01 -15"><span class='ocrx_word' id='word_1_90' title='bbox 86 1488 305 1556; x_wconf 84' lang='lat' dir='ltr'>strepitu,</span> <span class='ocrx_word' id='word_1_91' title='bbox 336 1483 595 1537; x_wconf 89' lang='lat' dir='ltr'>funditus</span> <span class='ocrx_word' id='word_1_92' title='bbox 627 1480 870 1535; x_wconf 87' lang='lat' dir='ltr'>corruit.</span> <span class='ocrx_word' id='word_1_93' title='bbox 906 1475 1185 1531; x_wconf 82' lang='lat' dir='ltr'>Exterriti</span> <span class='ocrx_word' id='word_1_94' title='bbox 1214 1474 1425 1528; x_wconf 83' lang='lat' dir='ltr'>fratres</span> <span class='ocrx_word' id='word_1_95' title='bbox 1473 1472 1686 1525; x_wconf 89' lang='lat' dir='ltr'>festiue</span> 
     </span>
    </p>
   </div>
   <div class='ocr_carea' id='block_1_18' title="bbox 84 1564 1685 1645">
    <p class='ocr_par' dir='ltr' id='par_1_18' title="bbox 84 1564 1685 1645">
     <span class='ocr_line' id='line_1_18' title="bbox 84 1564 1685 1645; baseline -0.009 -17"><span class='ocrx_word' id='word_1_96' title='bbox 84 1578 307 1645; x_wconf 84' lang='lat' dir='ltr'>pergunt,</span> <span class='ocrx_word' id='word_1_97' title='bbox 328 1571 561 1627; x_wconf 87' lang='lat' dir='ltr'>solliciti</span> <span class='ocrx_word' id='word_1_98' title='bbox 582 1586 654 1624; x_wconf 89' lang='lat' dir='ltr'>ne</span> <span class='ocrx_word' id='word_1_99' title='bbox 673 1570 806 1641; x_wconf 89' lang='lat' dir='ltr'>quis</span> <span class='ocrx_word' id='word_1_100' title='bbox 826 1583 1030 1622; x_wconf 89' lang='lat' dir='ltr'>eorum</span> <span class='ocrx_word' id='word_1_101' title='bbox 1048 1566 1145 1619; x_wconf 89' lang='lat' dir='ltr'>illa</span> <span class='ocrx_word' id='word_1_102' title='bbox 1167 1564 1335 1618; x_wconf 87' lang='lat' dir='ltr'>ruina</span> <span class='ocrx_word' id='word_1_103' title='bbox 1358 1576 1685 1632; x_wconf 89' lang='lat' dir='ltr'>oppressus</span> 
     </span>
    </p>
   </div>
   <div class='ocr_carea' id='block_1_19' title="bbox 80 1649 1687 1732">
    <p class='ocr_par' dir='ltr' id='par_1_19' title="bbox 80 1649 1687 1732">
     <span class='ocr_line' id='line_1_19' title="bbox 80 1649 1687 1732; baseline -0.009 -16"><span class='ocrx_word' id='word_1_104' title='bbox 80 1666 208 1716; x_wconf 87' lang='lat' dir='ltr'>esset</span> <span class='ocrx_word' id='word_1_105' title='bbox 244 1662 525 1732; x_wconf 90' lang='lat' dir='ltr'>inquirere</span> <span class='ocrx_word' id='word_1_106' title='bbox 561 1679 572 1714; x_wconf 84' lang='lat'>;</span> <span class='ocrx_word' id='word_1_107' title='bbox 609 1663 665 1713; x_wconf 95' lang='lat' dir='ltr'>et</span> <span class='ocrx_word' id='word_1_108' title='bbox 696 1675 829 1712; x_wconf 91' lang='lat' dir='ltr'>cum</span> <span class='ocrx_word' id='word_1_109' title='bbox 874 1656 1176 1725; x_wconf 85' lang='lat' dir='ltr'>delapsam</span> <span class='ocrx_word' id='word_1_110' title='bbox 1223 1650 1524 1706; x_wconf 89' lang='lat' dir='ltr'>materiam</span> <span class='ocrx_word' id='word_1_111' title='bbox 1572 1649 1687 1703; x_wconf 89' lang='lat' dir='ltr'>huc</span> 
     </span>
    </p>
   </div>
   <div class='ocr_carea' id='block_1_20' title="bbox 80 1739 1687 1821">
    <p class='ocr_par' dir='ltr' id='par_1_20' title="bbox 80 1739 1687 1821">
     <span class='ocr_line' id='line_1_20' title="bbox 80 1739 1687 1821; baseline -0.007 -18"><span class='ocrx_word' id='word_1_112' title='bbox 80 1752 289 1821; x_wconf 84' lang='lat' dir='ltr'>illucque</span> <span class='ocrx_word' id='word_1_113' title='bbox 314 1749 713 1817; x_wconf 88' lang='lat' dir='ltr'>devolverent,</span> <span class='ocrx_word' id='word_1_114' title='bbox 748 1746 1099 1801; x_wconf 90' lang='lat' dir='ltr'>invenerunt</span> <span class='ocrx_word' id='word_1_115' title='bbox 1132 1758 1309 1796; x_wconf 91' lang='lat' dir='ltr'>unum</span> <span class='ocrx_word' id='word_1_116' title='bbox 1352 1757 1382 1795; x_wconf 92' lang='lat' dir='ltr'>e</span> <span class='ocrx_word' id='word_1_117' title='bbox 1404 1739 1687 1793; x_wconf 80' lang='lat' dir='ltr'>fratribus</span> 
     </span>
    </p>
   </div>
   <div class='ocr_carea' id='block_1_21' title="bbox 76 1827 1689 1910">
    <p class='ocr_par' dir='ltr' id='par_1_21' title="bbox 76 1827 1689 1910">
     <span class='ocr_line' id='line_1_21' title="bbox 76 1827 1689 1910; baseline -0.009 -16"><span class='ocrx_word' id='word_1_118' title='bbox 76 1842 330 1893; x_wconf 84' lang='lat' dir='ltr'>senectute</span> <span class='ocrx_word' id='word_1_119' title='bbox 344 1841 647 1910; x_wconf 86' lang='lat' dir='ltr'>gravatum</span> <span class='ocrx_word' id='word_1_120' title='bbox 663 1836 775 1890; x_wconf 87' lang='lat' dir='ltr'>sub</span> <span class='ocrx_word' id='word_1_121' title='bbox 791 1834 981 1889; x_wconf 89' lang='lat' dir='ltr'>ruinis</span> <span class='ocrx_word' id='word_1_122' title='bbox 997 1832 1254 1902; x_wconf 86' lang='lat' dir='ltr'>undique</span> <span class='ocrx_word' id='word_1_123' title='bbox 1270 1827 1689 1899; x_wconf 91' lang='lat' dir='ltr'>circnmjacen-</span> 
     </span>
    </p>
   </div>
   <div class='ocr_carea' id='block_1_22' title="bbox 74 1917 1686 1992">
    <p class='ocr_par' dir='ltr' id='par_1_22' title="bbox 74 1917 1686 1992">
     <span class='ocr_line' id='line_1_22' title="bbox 74 1917 1686 1992; baseline -0.009 -10"><span class='ocrx_word' id='word_1_124' title='bbox 74 1929 201 1982; x_wconf 87' lang='lat' dir='ltr'>tibus</span> <span class='ocrx_word' id='word_1_125' title='bbox 243 1928 586 1982; x_wconf 81' lang='lat' dir='ltr'>incolumem</span> <span class='ocrx_word' id='word_1_126' title='bbox 631 1923 1015 1992; x_wconf 86' lang='lat' dir='ltr'>remansisse,</span> <span class='ocrx_word' id='word_1_127' title='bbox 1052 1922 1493 1988; x_wconf 84' lang='lat' dir='ltr'>extractumque</span> <span class='ocrx_word' id='word_1_128' title='bbox 1528 1917 1686 1969; x_wconf 86' lang='lat' dir='ltr'>foras</span> 
     </span>
    </p>
   </div>
   <div class='ocr_carea' id='block_1_23' title="bbox 73 2007 1687 2086">
    <p class='ocr_par' dir='ltr' id='par_1_23' title="bbox 73 2007 1687 2086">
     <span class='ocr_line' id='line_1_23' title="bbox 73 2007 1687 2086; baseline -0.007 -17"><span class='ocrx_word' id='word_1_129' title='bbox 73 2032 280 2086; x_wconf 88' lang='lat' dir='ltr'>quonam</span> <span class='ocrx_word' id='word_1_130' title='bbox 299 2016 462 2071; x_wconf 88' lang='lat' dir='ltr'>modo</span> <span class='ocrx_word' id='word_1_131' title='bbox 487 2014 788 2070; x_wconf 86' lang='lat' dir='ltr'>evasisset</span> <span class='ocrx_word' id='word_1_132' title='bbox 811 2012 1047 2067; x_wconf 88' lang='lat' dir='ltr'>curiose</span> <span class='ocrx_word' id='word_1_133' title='bbox 1066 2008 1596 2079; x_wconf 80' lang='lat' dir='ltr'>interrogaverunt.</span> <span class='ocrx_word' id='word_1_134' title='bbox 1615 2007 1687 2058; x_wconf 86' lang='lat' dir='ltr'>At</span> 
     </span>
    </p>
   </div>
   <div class='ocr_carea' id='block_1_24' title="bbox 72 2098 1688 2173">
    <p class='ocr_par' dir='ltr' id='par_1_24' title="bbox 72 2098 1688 2173">
     <span class='ocr_line' id='line_1_24' title="bbox 72 2098 1688 2173; baseline -0.006 -18"><span class='ocrx_word' id='word_1_135' title='bbox 72 2104 174 2158; x_wconf 87' lang='lat' dir='ltr'>ille:</span> <span class='ocrx_word' id='word_1_136' title='bbox 203 2104 334 2159; x_wconf 89' lang='lat' dir='ltr'>Cum</span> <span class='ocrx_word' id='word_1_137' title='bbox 365 2106 600 2173; x_wconf 86' lang='lat' dir='ltr'>domus,</span> <span class='ocrx_word' id='word_1_138' title='bbox 636 2102 843 2173; x_wconf 86' lang='lat' dir='ltr'>inquit,</span> <span class='ocrx_word' id='word_1_139' title='bbox 887 2099 1155 2155; x_wconf 89' lang='lat' dir='ltr'>funditus</span> <span class='ocrx_word' id='word_1_140' title='bbox 1191 2098 1474 2150; x_wconf 89' lang='lat' dir='ltr'>fatiscens</span> <span class='ocrx_word' id='word_1_141' title='bbox 1507 2109 1688 2163; x_wconf 89' lang='lat' dir='ltr'>super</span> 
     </span>
    </p>
   </div>
   <div class='ocr_carea' id='block_1_25' title="bbox 72 2185 1685 2263">
    <p class='ocr_par' dir='ltr' id='par_1_25' title="bbox 72 2185 1685 2263">
     <span class='ocr_line' id='line_1_25' title="bbox 72 2185 1685 2263; baseline -0.007 -17"><span class='ocrx_word' id='word_1_142' title='bbox 72 2193 725 2263; x_wconf 89' lang='lat' dir='ltr'>medilaberetur,subito</span> <span class='ocrx_word' id='word_1_143' title='bbox 757 2191 993 2262; x_wconf 88' lang='lat' dir='ltr'>quidam</span> <span class='ocrx_word' id='word_1_144' title='bbox 1009 2186 1377 2258; x_wconf 89' lang='lat' dir='ltr'>splendidus,</span> <span class='ocrx_word' id='word_1_145' title='bbox 1412 2185 1524 2253; x_wconf 90' lang='lat' dir='ltr'>vir,</span> <span class='ocrx_word' id='word_1_146' title='bbox 1558 2199 1685 2237; x_wconf 90' lang='lat' dir='ltr'>mo-</span> 
     </span>
    </p>
   </div>
   <div class='ocr_carea' id='block_1_26' title="bbox 67 2273 1686 2350">
    <p class='ocr_par' dir='ltr' id='par_1_26' title="bbox 67 2273 1686 2350">
     <span class='ocr_line' id='line_1_26' title="bbox 67 2273 1686 2350; baseline -0.006 -16"><span class='ocrx_word' id='word_1_147' title='bbox 67 2284 254 2336; x_wconf 85' lang='lat' dir='ltr'>nastica</span> <span class='ocrx_word' id='word_1_148' title='bbox 266 2285 424 2338; x_wconf 89' lang='lat' dir='ltr'>veste</span> <span class='ocrx_word' id='word_1_149' title='bbox 439 2282 704 2350; x_wconf 85' lang='lat' dir='ltr'>indutus,</span> <span class='ocrx_word' id='word_1_150' title='bbox 720 2279 862 2333; x_wconf 89' lang='lat' dir='ltr'>mihi</span> <span class='ocrx_word' id='word_1_151' title='bbox 877 2277 1121 2343; x_wconf 86' lang='lat' dir='ltr'>adstitit,</span> <span class='ocrx_word' id='word_1_152' title='bbox 1138 2277 1443 2346; x_wconf 86' lang='lat' dir='ltr'>ipsamque</span> <span class='ocrx_word' id='word_1_153' title='bbox 1456 2273 1686 2327; x_wconf 89' lang='lat' dir='ltr'>ruinam</span> 
     </span>
    </p>
   </div>
   <div class='ocr_carea' id='block_1_27' title="bbox 62 2362 1687 2442">
    <p class='ocr_par' dir='ltr' id='par_1_27' title="bbox 62 2362 1687 2442">
     <span class='ocr_line' id='line_1_27' title="bbox 62 2362 1687 2442; baseline -0.007 -18"><span class='ocrx_word' id='word_1_154' title='bbox 62 2369 380 2442; x_wconf 86' lang='lat' dir='ltr'>jamjamque</span> <span class='ocrx_word' id='word_1_155' title='bbox 423 2387 611 2441; x_wconf 88' lang='lat' dir='ltr'>super</span> <span class='ocrx_word' id='word_1_156' title='bbox 653 2385 746 2424; x_wconf 91' lang='lat' dir='ltr'>me</span> <span class='ocrx_word' id='word_1_157' title='bbox 790 2369 1081 2436; x_wconf 89' lang='lat' dir='ltr'>ruentem,</span> <span class='ocrx_word' id='word_1_158' title='bbox 1115 2379 1325 2435; x_wconf 90' lang='lat' dir='ltr'>meque</span> <span class='ocrx_word' id='word_1_159' title='bbox 1357 2362 1687 2432; x_wconf 90' lang='lat' dir='ltr'>opprimere</span> 
     </span>
    </p>
   </div>
   <div class='ocr_carea' id='block_1_28' title="bbox 64 2450 1686 2527">
    <p class='ocr_par' dir='ltr' id='par_1_28' title="bbox 64 2450 1686 2527">
     <span class='ocr_line' id='line_1_28' title="bbox 64 2450 1686 2527; baseline -0.006 -16"><span class='ocrx_word' id='word_1_160' title='bbox 64 2459 397 2527; x_wconf 85' lang='lat' dir='ltr'>minitantem,</span> <span class='ocrx_word' id='word_1_161' title='bbox 430 2458 681 2515; x_wconf 90' lang='lat' dir='ltr'>brachio</span> <span class='ocrx_word' id='word_1_162' title='bbox 704 2460 1068 2524; x_wconf 87' lang='lat' dir='ltr'>sustentans,</span> <span class='ocrx_word' id='word_1_163' title='bbox 1091 2453 1543 2518; x_wconf 82' lang='lat' dir='ltr'>incolumem,ut</span> <span class='ocrx_word' id='word_1_164' title='bbox 1573 2450 1686 2519; x_wconf 90' lang='lat' dir='ltr'>ipsi</span> 
     </span>
    </p>
   </div>
   <div class='ocr_carea' id='block_1_29' title="bbox 65 2539 1688 2617">
    <p class='ocr_par' dir='ltr' id='par_1_29' title="bbox 65 2539 1688 2617">
     <span class='ocr_line' id='line_1_29' title="bbox 65 2539 1688 2617; baseline -0.005 -17"><span class='ocrx_word' id='word_1_165' title='bbox 65 2549 289 2617; x_wconf 86' lang='lat' dir='ltr'>cernitis,</span> <span class='ocrx_word' id='word_1_166' title='bbox 321 2548 722 2604; x_wconf 84' lang='lat' dir='ltr'>conservavit.</span> <span class='ocrx_word' id='word_1_167' title='bbox 766 2546 876 2610; x_wconf 88' lang='lat' dir='ltr'>Qui</span> <span class='ocrx_word' id='word_1_168' title='bbox 906 2544 1181 2598; x_wconf 87' lang='lat' dir='ltr'>videlicet</span> <span class='ocrx_word' id='word_1_169' title='bbox 1203 2543 1412 2596; x_wconf 89' lang='lat' dir='ltr'>beatus</span> <span class='ocrx_word' id='word_1_170' title='bbox 1434 2539 1688 2594; x_wconf 89' lang='lat' dir='ltr'>Benedi-</span> 
     </span>
    </p>
   </div>
   <div class='ocr_carea' id='block_1_30' title="bbox 61 2629 1688 2707">
    <p class='ocr_par' dir='ltr' id='par_1_30' title="bbox 61 2629 1688 2707">
     <span class='ocr_line' id='line_1_30' title="bbox 61 2629 1688 2707; baseline -0.005 -19"><span class='ocrx_word' id='word_1_171' title='bbox 61 2640 165 2692; x_wconf 86' lang='lat' dir='ltr'>ctus</span> <span class='ocrx_word' id='word_1_172' title='bbox 212 2638 395 2693; x_wconf 86' lang='lat' dir='ltr'>fuisse</span> <span class='ocrx_word' id='word_1_173' title='bbox 447 2637 734 2707; x_wconf 89' lang='lat' dir='ltr'>creditur,</span> <span class='ocrx_word' id='word_1_174' title='bbox 781 2634 879 2706; x_wconf 90' lang='lat' dir='ltr'>qui</span> <span class='ocrx_word' id='word_1_175' title='bbox 920 2637 976 2687; x_wconf 92' lang='lat' dir='ltr'>et</span> <span class='ocrx_word' id='word_1_176' title='bbox 1005 2636 1172 2686; x_wconf 87' lang='lat' dir='ltr'>antea</span> <span class='ocrx_word' id='word_1_177' title='bbox 1207 2633 1445 2701; x_wconf 90' lang='lat' dir='ltr'>paterna</span> <span class='ocrx_word' id='word_1_178' title='bbox 1477 2629 1688 2698; x_wconf 86' lang='lat' dir='ltr'>pietate</span> 
     </span>
    </p>
   </div>
   <div class='ocr_carea' id='block_1_31' title="bbox 62 2718 1687 2799">
    <p class='ocr_par' dir='ltr' id='par_1_31' title="bbox 62 2718 1687 2799">
     <span class='ocr_line' id='line_1_31' title="bbox 62 2718 1687 2799; baseline -0.005 -22"><span class='ocrx_word' id='word_1_179' title='bbox 62 2725 388 2781; x_wconf 88' lang='lat' dir='ltr'>Dominicum</span> <span class='ocrx_word' id='word_1_180' title='bbox 418 2741 675 2799; x_wconf 80' lang='lat' dir='ltr'>gregem</span> <span class='ocrx_word' id='word_1_181' title='bbox 697 2724 810 2779; x_wconf 92' lang='lat' dir='ltr'>sub</span> <span class='ocrx_word' id='word_1_182' title='bbox 844 2739 953 2778; x_wconf 91' lang='lat' dir='ltr'>suo</span> <span class='ocrx_word' id='word_1_183' title='bbox 983 2720 1328 2792; x_wconf 88' lang='lat' dir='ltr'>magisterio</span> <span class='ocrx_word' id='word_1_184' title='bbox 1348 2718 1687 2772; x_wconf 77' lang='lat' dir='ltr'>militantem</span> 
     </span>
    </p>
   </div>
   <div class='ocr_carea' id='block_1_32' title="bbox 57 2804 1688 2884">
    <p class='ocr_par' dir='ltr' id='par_1_32' title="bbox 57 2804 1688 2884">
     <span class='ocr_line' id='line_1_32' title="bbox 57 2804 1688 2884; baseline -0.006 -17"><span class='ocrx_word' id='word_1_185' title='bbox 57 2816 539 2871; x_wconf 77' lang='lat' dir='ltr'>suaadmonitione</span> <span class='ocrx_word' id='word_1_186' title='bbox 554 2814 985 2884; x_wconf 84' lang='lat' dir='ltr'>etprotectione</span> <span class='ocrx_word' id='word_1_187' title='bbox 1012 2810 1243 2880; x_wconf 90' lang='lat' dir='ltr'>eripuit,</span> <span class='ocrx_word' id='word_1_188' title='bbox 1278 2810 1334 2862; x_wconf 93' lang='lat' dir='ltr'>et</span> <span class='ocrx_word' id='word_1_189' title='bbox 1365 2821 1570 2861; x_wconf 91' lang='lat' dir='ltr'>senem</span> <span class='ocrx_word' id='word_1_190' title='bbox 1594 2804 1688 2858; x_wconf 91' lang='lat' dir='ltr'>fu-</span> 
     </span>
    </p>
   </div>
   <div class='ocr_carea' id='block_1_33' title="bbox 59 2894 1687 2972">
    <p class='ocr_par' dir='ltr' id='par_1_33' title="bbox 59 2894 1687 2972">
     <span class='ocr_line' id='line_1_33' title="bbox 59 2894 1687 2972; baseline -0.006 -15"><span class='ocrx_word' id='word_1_191' title='bbox 59 2918 172 2972; x_wconf 83' lang='lat' dir='ltr'>gere</span> <span class='ocrx_word' id='word_1_192' title='bbox 186 2921 293 2959; x_wconf 91' lang='lat' dir='ltr'>non</span> <span class='ocrx_word' id='word_1_193' title='bbox 308 2906 606 2959; x_wconf 89' lang='lat' dir='ltr'>valentem</span> <span class='ocrx_word' id='word_1_194' title='bbox 626 2919 802 2956; x_wconf 88' lang='lat' dir='ltr'>manu</span> <span class='ocrx_word' id='word_1_195' title='bbox 831 2897 1249 2956; x_wconf 85' lang='lat' dir='ltr'>sollicitudinis</span> <span class='ocrx_word' id='word_1_196' title='bbox 1264 2913 1391 2951; x_wconf 71' lang='lat' dir='ltr'>suae</span> <span class='ocrx_word' id='word_1_197' title='bbox 1407 2894 1687 2950; x_wconf 87' lang='lat' dir='ltr'>defendit.</span> 
     </span>
    </p>
   </div>
   <div class='ocr_carea' id='block_1_34' title="bbox 109 2982 1689 3057">
    <p class='ocr_par' dir='ltr' id='par_1_34' title="bbox 109 2982 1689 3057">
     <span class='ocr_line' id='line_1_34' title="bbox 109 2982 1689 3057; baseline -0.006 -10"><span class='ocrx_word' id='word_1_198' title='bbox 109 2991 332 3057; x_wconf 88' lang='lat' dir='ltr'>Quidam</span> <span class='ocrx_word' id='word_1_199' title='bbox 362 2995 544 3048; x_wconf 89' lang='lat' dir='ltr'>etiam</span> <span class='ocrx_word' id='word_1_200' title='bbox 602 2992 785 3045; x_wconf 87' lang='lat' dir='ltr'>frater</span> <span class='ocrx_word' id='word_1_201' title='bbox 826 2991 884 3043; x_wconf 88' lang='lat' dir='ltr'>in</span> <span class='ocrx_word' id='word_1_202' title='bbox 932 2988 1141 3044; x_wconf 88' lang='lat' dir='ltr'>eodem</span> <span class='ocrx_word' id='word_1_203' title='bbox 1188 2984 1542 3040; x_wconf 89' lang='lat' dir='ltr'>monasterio</span> <span class='ocrx_word' id='word_1_204' title='bbox 1577 2982 1689 3053; x_wconf 76' lang='grc'>(43)</span> 
     </span>
    </p>
   </div>
   <div class='ocr_carea' id='block_1_35' title="bbox 55 3074 1688 3151">
    <p class='ocr_par' dir='ltr' id='par_1_35' title="bbox 55 3074 1688 3151">
     <span class='ocr_line' id='line_1_35' title="bbox 55 3074 1688 3151; baseline -0.005 -19"><span class='ocrx_word' id='word_1_205' title='bbox 55 3079 278 3137; x_wconf 75' lang='lat' dir='ltr'>Joannes</span> <span class='ocrx_word' id='word_1_206' title='bbox 292 3083 626 3150; x_wconf 88' lang='lat' dir='ltr'>dicebatur,</span> <span class='ocrx_word' id='word_1_207' title='bbox 644 3080 744 3151; x_wconf 91' lang='lat' dir='ltr'>qui</span> <span class='ocrx_word' id='word_1_208' title='bbox 772 3080 939 3133; x_wconf 86' lang='lat' dir='ltr'>aetate</span> <span class='ocrx_word' id='word_1_209' title='bbox 952 3094 1021 3132; x_wconf 90' lang='lat' dir='ltr'>ac</span> <span class='ocrx_word' id='word_1_210' title='bbox 1044 3074 1395 3147; x_wconf 65' lang='lat' dir='ltr'>aegritudine</span> <span class='ocrx_word' id='word_1_211' title='bbox 1414 3087 1688 3143; x_wconf 90' lang='lat' dir='ltr'>pressus,</span> 
     </span>
    </p>
   </div>
   <div class='ocr_carea' id='block_1_36' title="bbox 52 3163 1691 3239">
    <p class='ocr_par' dir='ltr' id='par_1_36' title="bbox 52 3163 1691 3239">
     <span class='ocr_line' id='line_1_36' title="bbox 52 3163 1691 3239; baseline -0.005 -17"><span class='ocrx_word' id='word_1_212' title='bbox 52 3172 341 3225; x_wconf 82' lang='lat' dir='ltr'>extremum</span> <span class='ocrx_word' id='word_1_213' title='bbox 370 3172 513 3225; x_wconf 74' lang='lat' dir='ltr'>vitae</span> <span class='ocrx_word' id='word_1_214' title='bbox 549 3169 823 3239; x_wconf 88' lang='lat' dir='ltr'>spiritum</span> <span class='ocrx_word' id='word_1_215' title='bbox 851 3166 1143 3221; x_wconf 88' lang='lat' dir='ltr'>trahebat.</span> <span class='ocrx_word' id='word_1_216' title='bbox 1177 3163 1320 3217; x_wconf 85' lang='lat' dir='ltr'>Cum</span> <span class='ocrx_word' id='word_1_217' title='bbox 1343 3163 1521 3233; x_wconf 83' lang='lat' dir='ltr'>igitur</span> <span class='ocrx_word' id='word_1_218' title='bbox 1552 3177 1691 3231; x_wconf 88' lang='lat' dir='ltr'>qua-</span> 
     </span>
    </p>
   </div>
   <div class='ocr_carea' id='block_1_37' title="bbox 52 3248 1693 3331">
    <p class='ocr_par' dir='ltr' id='par_1_37' title="bbox 52 3248 1693 3331">
     <span class='ocr_line' id='line_1_37' title="bbox 52 3248 1693 3331; baseline -0.005 -22"><span class='ocrx_word' id='word_1_219' title='bbox 52 3256 156 3310; x_wconf 86' lang='lat' dir='ltr'>dam</span> <span class='ocrx_word' id='word_1_220' title='bbox 178 3260 264 3314; x_wconf 85' lang='lat' dir='ltr'>die</span> <span class='ocrx_word' id='word_1_221' title='bbox 295 3260 480 3331; x_wconf 91' lang='lat' dir='ltr'>aliqui</span> <span class='ocrx_word' id='word_1_222' title='bbox 512 3276 591 3313; x_wconf 89' lang='lat' dir='ltr'>ex</span> <span class='ocrx_word' id='word_1_223' title='bbox 622 3257 905 3313; x_wconf 84' lang='lat' dir='ltr'>fratribus</span> <span class='ocrx_word' id='word_1_224' title='bbox 929 3268 1091 3309; x_wconf 91' lang='lat' dir='ltr'>more</span> <span class='ocrx_word' id='word_1_225' title='bbox 1122 3253 1295 3308; x_wconf 91' lang='lat' dir='ltr'>solito</span> <span class='ocrx_word' id='word_1_226' title='bbox 1328 3248 1693 3305; x_wconf 88' lang='lat' dir='ltr'>decantaturi</span> 
     </span>
    </p>
   </div>
   <div class='ocr_carea' id='block_1_38' title="bbox 52 3341 1693 3411">
    <p class='ocr_par' dir='ltr' id='par_1_38' title="bbox 52 3341 1693 3411">
     <span class='ocr_line' id='line_1_38' title="bbox 52 3341 1693 3411; baseline -0.004 -13"><span class='ocrx_word' id='word_1_227' title='bbox 52 3349 328 3403; x_wconf 88' lang='lat' dir='ltr'>matutinas</span> <span class='ocrx_word' id='word_1_228' title='bbox 343 3349 561 3404; x_wconf 90' lang='lat' dir='ltr'>laudes</span> <span class='ocrx_word' id='word_1_229' title='bbox 576 3348 648 3401; x_wconf 89' lang='lat' dir='ltr'>ad</span> <span class='ocrx_word' id='word_1_230' title='bbox 662 3362 795 3401; x_wconf 90' lang='lat' dir='ltr'>eum</span> <span class='ocrx_word' id='word_1_231' title='bbox 808 3345 1134 3411; x_wconf 84' lang='lat' dir='ltr'>venissent,</span> <span class='ocrx_word' id='word_1_232' title='bbox 1153 3341 1250 3395; x_wconf 92' lang='lat' dir='ltr'>ille</span> <span class='ocrx_word' id='word_1_233' title='bbox 1281 3356 1386 3395; x_wconf 92' lang='lat' dir='ltr'>eos</span> <span class='ocrx_word' id='word_1_234' title='bbox 1418 3354 1565 3393; x_wconf 87' lang='lat' dir='ltr'>voce</span> <span class='ocrx_word' id='word_1_235' title='bbox 1579 3353 1693 3409; x_wconf 88' lang='lat' dir='ltr'>qua</span> 
     </span>
    </p>
   </div>
   <div class='ocr_carea' id='block_1_39' title="bbox 47 3427 1693 3509">
    <p class='ocr_par' dir='ltr' id='par_1_39' title="bbox 47 3427 1693 3509">
     <span class='ocr_line' id='line_1_39' title="bbox 47 3427 1693 3509; baseline -0.006 -20"><span class='ocrx_word' id='word_1_236' title='bbox 47 3438 201 3501; x_wconf 86' lang='lat' dir='ltr'>potuit</span> <span class='ocrx_word' id='word_1_237' title='bbox 251 3437 650 3509; x_wconf 88' lang='lat' dir='ltr'>compescuit,</span> <span class='ocrx_word' id='word_1_238' title='bbox 704 3436 910 3489; x_wconf 89' lang='lat' dir='ltr'>dicens</span> <span class='ocrx_word' id='word_1_239' title='bbox 944 3432 1154 3498; x_wconf 87' lang='lat' dir='ltr'>:Nolo,</span> <span class='ocrx_word' id='word_1_240' title='bbox 1206 3431 1411 3501; x_wconf 91' lang='lat' dir='ltr'>inquit,</span> <span class='ocrx_word' id='word_1_241' title='bbox 1448 3432 1508 3482; x_wconf 95' lang='lat' dir='ltr'>ut</span> <span class='ocrx_word' id='word_1_242' title='bbox 1552 3427 1693 3481; x_wconf 90' lang='lat' dir='ltr'>mihi</span> 
     </span>
    </p>
   </div>
   <div class='ocr_carea' id='block_1_40' title="bbox 49 3516 1694 3594">
    <p class='ocr_par' dir='ltr' id='par_1_40' title="bbox 49 3516 1694 3594">
     <span class='ocr_line' id='line_1_40' title="bbox 49 3516 1694 3594; baseline -0.004 -19"><span class='ocrx_word' id='word_1_243' title='bbox 49 3526 329 3581; x_wconf 86' lang='lat' dir='ltr'>canonicas</span> <span class='ocrx_word' id='word_1_244' title='bbox 354 3527 549 3581; x_wconf 76' lang='lat' dir='ltr'>haras</span> <span class='ocrx_word' id='word_1_245' title='bbox 584 3525 836 3594; x_wconf 89' lang='lat' dir='ltr'>amplius</span> <span class='ocrx_word' id='word_1_246' title='bbox 869 3521 1214 3590; x_wconf 88' lang='lat' dir='ltr'>decantetis,</span> <span class='ocrx_word' id='word_1_247' title='bbox 1250 3519 1387 3590; x_wconf 90' lang='lat' dir='ltr'>quia</span> <span class='ocrx_word' id='word_1_248' title='bbox 1419 3516 1694 3572; x_wconf 91' lang='lat' dir='ltr'>dominus</span> 
     </span>
    </p>
   </div>
   <div class='ocr_carea' id='block_1_41' title="bbox 43 3604 1694 3671">
    <p class='ocr_par' dir='ltr' id='par_1_41' title="bbox 43 3604 1694 3671">
     <span class='ocr_line' id='line_1_41' title="bbox 43 3604 1694 3671; baseline -0.003 -8"><span class='ocrx_word' id='word_1_249' title='bbox 43 3612 196 3669; x_wconf 86' lang='lat' dir='ltr'>abbas</span> <span class='ocrx_word' id='word_1_250' title='bbox 218 3632 351 3671; x_wconf 90' lang='lat' dir='ltr'>cum</span> <span class='ocrx_word' id='word_1_251' title='bbox 377 3617 593 3671; x_wconf 89' lang='lat' dir='ltr'>multis</span> <span class='ocrx_word' id='word_1_252' title='bbox 616 3614 900 3668; x_wconf 88' lang='lat' dir='ltr'>fratribus</span> <span class='ocrx_word' id='word_1_253' title='bbox 918 3612 1071 3665; x_wconf 90' lang='lat' dir='ltr'>albis</span> <span class='ocrx_word' id='word_1_254' title='bbox 1094 3608 1366 3664; x_wconf 86' lang='lat' dir='ltr'>vestibus</span> <span class='ocrx_word' id='word_1_255' title='bbox 1385 3605 1607 3660; x_wconf 89' lang='lat' dir='ltr'>indutis</span> <span class='ocrx_word' id='word_1_256' title='bbox 1622 3604 1694 3658; x_wconf 90' lang='lat' dir='ltr'>ad</span> 
     </span>
    </p>
   </div>
   <div class='ocr_carea' id='block_1_42' title="bbox 45 3696 1695 3777">
    <p class='ocr_par' dir='ltr' id='par_1_42' title="bbox 45 3696 1695 3777">
     <span class='ocr_line' id='line_1_42' title="bbox 45 3696 1695 3777; baseline -0.007 -19"><span class='ocrx_word' id='word_1_257' title='bbox 45 3715 116 3754; x_wconf 83' lang='lat' dir='ltr'>me</span> <span class='ocrx_word' id='word_1_258' title='bbox 155 3707 318 3760; x_wconf 88' lang='lat' dir='ltr'>modo</span> <span class='ocrx_word' id='word_1_259' title='bbox 341 3706 545 3777; x_wconf 88' lang='lat' dir='ltr'>gratia</span> <span class='ocrx_word' id='word_1_260' title='bbox 570 3703 850 3758; x_wconf 88' lang='lat' dir='ltr'>visitandi</span> <span class='ocrx_word' id='word_1_261' title='bbox 880 3702 1190 3769; x_wconf 90' lang='lat' dir='ltr'>venerunt,</span> <span class='ocrx_word' id='word_1_262' title='bbox 1219 3697 1479 3767; x_wconf 88' lang='lat' dir='ltr'>mihique</span> <span class='ocrx_word' id='word_1_263' title='bbox 1511 3696 1695 3748; x_wconf 90' lang='lat' dir='ltr'>matu-</span> 
     </span>
    </p>
   </div>
   <div class='ocr_carea' id='block_1_43' title="bbox 39 3786 1698 3863">
    <p class='ocr_par' dir='ltr' id='par_1_43' title="bbox 39 3786 1698 3863">
     <span class='ocr_line' id='line_1_43' title="bbox 39 3786 1698 3863; baseline -0.004 -21"><span class='ocrx_word' id='word_1_264' title='bbox 39 3791 185 3848; x_wconf 89' lang='lat' dir='ltr'>tinale</span> <span class='ocrx_word' id='word_1_265' title='bbox 199 3795 466 3850; x_wconf 84' lang='lat' dir='ltr'>officium</span> <span class='ocrx_word' id='word_1_266' title='bbox 483 3790 1021 3863; x_wconf 51' lang='lat' dir='ltr'>decantantesjpost</span> <span class='ocrx_word' id='word_1_267' title='bbox 1038 3788 1335 3860; x_wconf 88' lang='lat' dir='ltr'>paululum</span> <span class='ocrx_word' id='word_1_268' title='bbox 1350 3801 1417 3841; x_wconf 93' lang='lat' dir='ltr'>se</span> <span class='ocrx_word' id='word_1_269' title='bbox 1430 3786 1547 3839; x_wconf 90' lang='lat' dir='ltr'>huc</span> <span class='ocrx_word' id='word_1_270' title='bbox 1565 3799 1698 3837; x_wconf 91' lang='lat' dir='ltr'>ven-</span> 
     </span>
    </p>
   </div>
   <div class='ocr_carea' id='block_1_44' title="bbox 38 3874 1695 3955">
    <p class='ocr_par' dir='ltr' id='par_1_44' title="bbox 38 3874 1695 3955">
     <span class='ocr_line' id='line_1_44' title="bbox 38 3874 1695 3955; baseline -0.006 -20"><span class='ocrx_word' id='word_1_271' title='bbox 38 3882 180 3937; x_wconf 85' lang='lat' dir='ltr'>turos</span> <span class='ocrx_word' id='word_1_272' title='bbox 191 3900 403 3955; x_wconf 89' lang='lat' dir='ltr'>meque</span> <span class='ocrx_word' id='word_1_273' title='bbox 416 3899 638 3939; x_wconf 88' lang='lat' dir='ltr'>secum</span> <span class='ocrx_word' id='word_1_274' title='bbox 652 3883 1067 3951; x_wconf 89' lang='lat' dir='ltr'>assumpturos</span> <span class='ocrx_word' id='word_1_275' title='bbox 1082 3892 1220 3933; x_wconf 89' lang='lat' dir='ltr'>esse</span> <span class='ocrx_word' id='word_1_276' title='bbox 1234 3877 1524 3930; x_wconf 89' lang='lat' dir='ltr'>dixerunt.</span> <span class='ocrx_word' id='word_1_277' title='bbox 1548 3874 1695 3926; x_wconf 91' lang='lat' dir='ltr'>Dum</span> 
     </span>
    </p>
   </div>
   <div class='ocr_carea' id='block_1_45' title="bbox 36 3963 1696 4043">
    <p class='ocr_par' dir='ltr' id='par_1_45' title="bbox 36 3963 1696 4043">
     <span class='ocr_line' id='line_1_45' title="bbox 36 3963 1696 4043; baseline -0.005 -20"><span class='ocrx_word' id='word_1_278' title='bbox 36 3968 201 4041; x_wconf 83' lang='lat' dir='ltr'>itaque</span> <span class='ocrx_word' id='word_1_279' title='bbox 214 3972 441 4028; x_wconf 88' lang='lat' dir='ltr'>fratres</span> <span class='ocrx_word' id='word_1_280' title='bbox 456 3972 565 4043; x_wconf 90' lang='lat' dir='ltr'>qui</span> <span class='ocrx_word' id='word_1_281' title='bbox 587 3970 658 4024; x_wconf 87' lang='lat' dir='ltr'>ad</span> <span class='ocrx_word' id='word_1_282' title='bbox 674 3986 807 4024; x_wconf 90' lang='lat' dir='ltr'>eum</span> <span class='ocrx_word' id='word_1_283' title='bbox 836 3968 1140 4036; x_wconf 87' lang='lat' dir='ltr'>venerant,</span> <span class='ocrx_word' id='word_1_284' title='bbox 1160 3966 1231 4020; x_wconf 90' lang='lat' dir='ltr'>ad</span> <span class='ocrx_word' id='word_1_285' title='bbox 1255 3963 1389 4036; x_wconf 88' lang='lat' dir='ltr'>ejus</span> <span class='ocrx_word' id='word_1_286' title='bbox 1406 3963 1696 4017; x_wconf 89' lang='lat' dir='ltr'>visionem</span> 
     </span>
    </p>
   </div>
   <div class='ocr_carea' id='block_1_46' title="bbox 39 4055 1696 4130">
    <p class='ocr_par' dir='ltr' id='par_1_46' title="bbox 39 4055 1696 4130">
     <span class='ocr_line' id='line_1_46' title="bbox 39 4055 1696 4130; baseline -0.004 -19"><span class='ocrx_word' id='word_1_287' title='bbox 39 4056 233 4130; x_wconf 88' lang='lat' dir='ltr'>intenti,</span> <span class='ocrx_word' id='word_1_288' title='bbox 250 4067 306 4117; x_wconf 90' lang='lat' dir='ltr'>et</span> <span class='ocrx_word' id='word_1_289' title='bbox 322 4064 378 4116; x_wconf 89' lang='lat' dir='ltr'>si</span> <span class='ocrx_word' id='word_1_290' title='bbox 394 4078 552 4116; x_wconf 87' lang='lat' dir='ltr'>vera</span> <span class='ocrx_word' id='word_1_291' title='bbox 568 4063 774 4114; x_wconf 85' lang='lat' dir='ltr'>essent</span> <span class='ocrx_word' id='word_1_292' title='bbox 786 4074 919 4129; x_wconf 86' lang='lat' dir='ltr'>quae</span> <span class='ocrx_word' id='word_1_293' title='bbox 935 4058 1234 4125; x_wconf 88' lang='lat' dir='ltr'>retulerat,</span> <span class='ocrx_word' id='word_1_294' title='bbox 1253 4055 1505 4109; x_wconf 91' lang='lat' dir='ltr'>sollicite</span> <span class='ocrx_word' id='word_1_295' title='bbox 1537 4066 1696 4122; x_wconf 85' lang='lat' dir='ltr'>prae-</span> 
     </span>
    </p>
   </div>
   <div class='ocr_carea' id='block_1_47' title="bbox 36 4140 1698 4223">
    <p class='ocr_par' dir='ltr' id='par_1_47' title="bbox 36 4140 1698 4223">
     <span class='ocr_line' id='line_1_47' title="bbox 36 4140 1698 4223; baseline -0.004 -23"><span class='ocrx_word' id='word_1_296' title='bbox 36 4148 394 4221; x_wconf 85' lang='lat' dir='ltr'>stolarentur,</span> <span class='ocrx_word' id='word_1_297' title='bbox 452 4154 603 4223; x_wconf 89' lang='lat' dir='ltr'>post</span> <span class='ocrx_word' id='word_1_298' title='bbox 653 4150 829 4203; x_wconf 88' lang='lat' dir='ltr'>unius</span> <span class='ocrx_word' id='word_1_299' title='bbox 876 4149 1038 4202; x_wconf 84' lang='lat' dir='ltr'>horae</span> <span class='ocrx_word' id='word_1_300' title='bbox 1088 4146 1342 4216; x_wconf 87' lang='lat' dir='ltr'>spatium</span> <span class='ocrx_word' id='word_1_301' title='bbox 1376 4144 1555 4197; x_wconf 84' lang='lat' dir='ltr'>frater</span> <span class='ocrx_word' id='word_1_302' title='bbox 1602 4140 1698 4194; x_wconf 90' lang='lat' dir='ltr'>ille</span> 
     </span>
    </p>
   </div>
   <div class='ocr_carea' id='block_1_48' title="bbox 36 4230 1697 4309">
    <p class='ocr_par' dir='ltr' id='par_1_48' title="bbox 36 4230 1697 4309">
     <span class='ocr_line' id='line_1_48' title="bbox 36 4230 1697 4309; baseline -0.007 -15"><span class='ocrx_word' id='word_1_303' title='bbox 36 4252 218 4309; x_wconf 79' lang='lat' dir='ltr'>magna</span> <span class='ocrx_word' id='word_1_304' title='bbox 248 4257 387 4295; x_wconf 90' lang='lat' dir='ltr'>cum</span> <span class='ocrx_word' id='word_1_305' title='bbox 437 4241 844 4296; x_wconf 85' lang='lat' dir='ltr'>exsultatione</span> <span class='ocrx_word' id='word_1_306' title='bbox 875 4237 1071 4292; x_wconf 88' lang='lat' dir='ltr'>emisit</span> <span class='ocrx_word' id='word_1_307' title='bbox 1100 4236 1396 4306; x_wconf 90' lang='lat' dir='ltr'>spiritum.</span> <span class='ocrx_word' id='word_1_308' title='bbox 1456 4230 1545 4284; x_wconf 85' lang='lat' dir='ltr'>Ex</span> <span class='ocrx_word' id='word_1_309' title='bbox 1581 4245 1697 4301; x_wconf 90' lang='lat' dir='ltr'>quo</span> 
     </span>
    </p>
   </div>
   <div class='ocr_carea' id='block_1_49' title="bbox 36 4322 1697 4401">
    <p class='ocr_par' dir='ltr' id='par_1_49' title="bbox 36 4322 1697 4401">
     <span class='ocr_line' id='line_1_49' title="bbox 36 4322 1697 4401; baseline -0.001 -22"><span class='ocrx_word' id='word_1_310' title='bbox 36 4330 492 4388; x_wconf 85' lang='lat' dir='ltr'>animadvertere</span> <span class='ocrx_word' id='word_1_311' title='bbox 518 4345 850 4401; x_wconf 81' lang='lat' dir='ltr'>possumus</span> <span class='ocrx_word' id='word_1_312' title='bbox 877 4330 942 4383; x_wconf 84' lang='lat' dir='ltr'>B.</span> <span class='ocrx_word' id='word_1_313' title='bbox 975 4329 1040 4381; x_wconf 84' lang='lat' dir='ltr'>P.</span> <span class='ocrx_word' id='word_1_314' title='bbox 1073 4327 1456 4382; x_wconf 89' lang='lat' dir='ltr'>Benedictum</span> <span class='ocrx_word' id='word_1_315' title='bbox 1487 4322 1697 4391; x_wconf 90' lang='lat' dir='ltr'>fuisse,</span> 
     </span>
    </p>
   </div>
   <div class='ocr_carea' id='block_1_50' title="bbox 35 4415 1701 4488">
    <p class='ocr_par' dir='ltr' id='par_1_50' title="bbox 35 4415 1701 4488">
     <span class='ocr_line' id='line_1_50' title="bbox 35 4415 1701 4488; baseline -0.004 -16"><span class='ocrx_word' id='word_1_316' title='bbox 35 4421 115 4488; x_wconf 87' lang='lat' dir='ltr'>qui</span> <span class='ocrx_word' id='word_1_317' title='bbox 142 4423 189 4475; x_wconf 89' lang='lat' dir='ltr'>ei</span> <span class='ocrx_word' id='word_1_318' title='bbox 204 4439 342 4478; x_wconf 90' lang='lat' dir='ltr'>cum</span> <span class='ocrx_word' id='word_1_319' title='bbox 364 4423 471 4478; x_wconf 90' lang='lat' dir='ltr'>illa</span> <span class='ocrx_word' id='word_1_320' title='bbox 489 4423 826 4477; x_wconf 87' lang='lat' dir='ltr'>albatorum</span> <span class='ocrx_word' id='word_1_321' title='bbox 842 4419 1123 4474; x_wconf 90' lang='lat' dir='ltr'>concione</span> <span class='ocrx_word' id='word_1_322' title='bbox 1138 4415 1422 4487; x_wconf 87' lang='lat' dir='ltr'>apparuit,</span> <span class='ocrx_word' id='word_1_323' title='bbox 1448 4426 1701 4482; x_wconf 89' lang='lat' dir='ltr'>eumque</span> 
     </span>
    </p>
   </div>
   <div class='ocr_carea' id='block_1_51' title="bbox 1723 3123 1777 3192">
    <p class='ocr_par' dir='ltr' id='par_1_51' title="bbox 1723 3123 1777 3192">
     <span class='ocr_line' id='line_1_51' title="bbox 1723 3123 1777 3192; baseline 0 0"><span class='ocrx_word' id='word_1_324' title='bbox 1723 3123 1777 3192; x_wconf 79' lang='grc' dir='ltr'>ÎŸ</span> 
     </span>
    </p>
   </div>
   <div class='ocr_carea' id='block_1_52' title="bbox 1795 502 3461 581">
    <p class='ocr_par' dir='ltr' id='par_1_52' title="bbox 1795 502 3461 581">
     <span class='ocr_line' id='line_1_52' title="bbox 1795 502 3461 581; baseline 0 -18"><span class='ocrx_word' id='word_1_325' title='bbox 1795 502 2088 564; x_wconf 63' lang='grc' dir='ltr'>Î·Î¹á½¶Î¹Î¹Î¸á½ºá½¶Î¹á½·á¼</span> <span class='ocrx_word' id='word_1_326' title='bbox 2117 527 2245 579; x_wconf 90' lang='lat' dir='ltr'>sua,</span> <span class='ocrx_word' id='word_1_327' title='bbox 2269 514 2328 563; x_wconf 89' lang='lat' dir='ltr'>ut</span> <span class='ocrx_word' id='word_1_328' title='bbox 2361 510 2507 563; x_wconf 88' lang='lat' dir='ltr'>fides</span> <span class='ocrx_word' id='word_1_329' title='bbox 2540 510 2905 563; x_wconf 86' lang='lat' dir='ltr'>credentium</span> <span class='ocrx_word' id='word_1_330' title='bbox 2937 510 3128 580; x_wconf 89' lang='lat' dir='ltr'>magis</span> <span class='ocrx_word' id='word_1_331' title='bbox 3171 526 3238 564; x_wconf 91' lang='lat' dir='ltr'>ac</span> <span class='ocrx_word' id='word_1_332' title='bbox 3271 513 3461 581; x_wconf 88' lang='lat' dir='ltr'>magis</span> 
     </span>
    </p>
   </div>
   <div class='ocr_carea' id='block_1_53' title="bbox 1795 599 3463 668">
    <p class='ocr_par' dir='ltr' id='par_1_53' title="bbox 1795 599 3463 668">
     <span class='ocr_line' id='line_1_53' title="bbox 1795 599 3463 668; baseline 0 -17"><span class='ocrx_word' id='word_1_333' title='bbox 1795 603 2101 668; x_wconf 84' lang='lat' dir='ltr'>augeatur,</span> <span class='ocrx_word' id='word_1_334' title='bbox 2135 616 2203 652; x_wconf 89' lang='lat' dir='ltr'>ac</span> <span class='ocrx_word' id='word_1_335' title='bbox 2237 600 2295 652; x_wconf 89' lang='lat' dir='ltr'>in</span> <span class='ocrx_word' id='word_1_336' title='bbox 2341 599 2614 652; x_wconf 87' lang='lat' dir='ltr'>laudibus</span> <span class='ocrx_word' id='word_1_337' title='bbox 2672 599 2969 651; x_wconf 71' lang='lat' dir='ltr'>Creatoris</span> <span class='ocrx_word' id='word_1_338' title='bbox 3032 600 3125 651; x_wconf 89' lang='lat' dir='ltr'>sui</span> <span class='ocrx_word' id='word_1_339' title='bbox 3181 600 3463 652; x_wconf 88' lang='lat' dir='ltr'>universa</span> 
     </span>
    </p>
   </div>
   <div class='ocr_carea' id='block_1_54' title="bbox 1798 686 3460 755">
    <p class='ocr_par' dir='ltr' id='par_1_54' title="bbox 1798 686 3460 755">
     <span class='ocr_line' id='line_1_54' title="bbox 1798 686 3460 755; baseline 0.001 -17"><span class='ocrx_word' id='word_1_340' title='bbox 1798 686 2067 739; x_wconf 87' lang='lat' dir='ltr'>creatura</span> <span class='ocrx_word' id='word_1_341' title='bbox 2097 690 2456 755; x_wconf 89' lang='lat' dir='ltr'>prorumpat,</span> <span class='ocrx_word' id='word_1_342' title='bbox 2520 703 2653 738; x_wconf 89' lang='lat' dir='ltr'>cum</span> <span class='ocrx_word' id='word_1_343' title='bbox 2686 688 2739 738; x_wconf 89' lang='lat' dir='ltr'>in</span> <span class='ocrx_word' id='word_1_344' title='bbox 2775 687 3006 739; x_wconf 86' lang='lat' dir='ltr'>cunctis</span> <span class='ocrx_word' id='word_1_345' title='bbox 3039 687 3174 739; x_wconf 93' lang='lat' dir='ltr'>usui</span> <span class='ocrx_word' id='word_1_346' title='bbox 3207 687 3460 741; x_wconf 89' lang='lat' dir='ltr'>humano</span> 
     </span>
    </p>
   </div>
   <div class='ocr_carea' id='block_1_55' title="bbox 1801 775 3460 844">
    <p class='ocr_par' dir='ltr' id='par_1_55' title="bbox 1801 775 3460 844">
     <span class='ocr_line' id='line_1_55' title="bbox 1801 775 3460 844; baseline 0.002 -17"><span class='ocrx_word' id='word_1_347' title='bbox 1801 776 2110 828; x_wconf 89' lang='lat' dir='ltr'>concessis</span> <span class='ocrx_word' id='word_1_348' title='bbox 2130 780 2367 843; x_wconf 86' lang='lat' dir='ltr'>paterna</span> <span class='ocrx_word' id='word_1_349' title='bbox 2384 776 2592 844; x_wconf 85' lang='lat' dir='ltr'>pietate</span> <span class='ocrx_word' id='word_1_350' title='bbox 2608 792 2808 828; x_wconf 87' lang='lat' dir='ltr'>curam</span> <span class='ocrx_word' id='word_1_351' title='bbox 2836 775 3052 828; x_wconf 86' lang='lat' dir='ltr'>habere</span> <span class='ocrx_word' id='word_1_352' title='bbox 3076 775 3460 844; x_wconf 86' lang='lat' dir='ltr'>conspicitur.</span> 
     </span>
    </p>
   </div>
   <div class='ocr_carea' id='block_1_56' title="bbox 1799 860 3461 933">
    <p class='ocr_par' dir='ltr' id='par_1_56' title="bbox 1799 860 3461 933">
     <span class='ocr_line' id='line_1_56' title="bbox 1799 860 3461 933; baseline 0.002 -19"><span class='ocrx_word' id='word_1_353' title='bbox 1799 860 1947 925; x_wconf 88' lang='lat' dir='ltr'>Quid</span> <span class='ocrx_word' id='word_1_354' title='bbox 1962 863 2415 933; x_wconf 88' lang='lat' dir='ltr'>delampadibus</span> <span class='ocrx_word' id='word_1_355' title='bbox 2441 865 2496 917; x_wconf 89' lang='lat' dir='ltr'>in</span> <span class='ocrx_word' id='word_1_356' title='bbox 2527 864 2636 917; x_wconf 88' lang='lat' dir='ltr'>hac</span> <span class='ocrx_word' id='word_1_357' title='bbox 2660 864 2912 917; x_wconf 84' lang='lat' dir='ltr'>ecclesia</span> <span class='ocrx_word' id='word_1_358' title='bbox 2942 864 3461 933; x_wconf 90' lang='lat' dir='ltr'>nostristempori-</span> 
     </span>
    </p>
   </div>
   <div class='ocr_carea' id='block_1_57' title="bbox 1799 950 3461 1023">
    <p class='ocr_par' dir='ltr' id='par_1_57' title="bbox 1799 950 3461 1023">
     <span class='ocr_line' id='line_1_57' title="bbox 1799 950 3461 1023; baseline 0.002 -20"><span class='ocrx_word' id='word_1_359' title='bbox 1799 950 1913 1003; x_wconf 90' lang='lat' dir='ltr'>bus</span> <span class='ocrx_word' id='word_1_360' title='bbox 1938 955 2130 1004; x_wconf 90' lang='lat' dir='ltr'>aetum</span> <span class='ocrx_word' id='word_1_361' title='bbox 2154 952 2229 1004; x_wconf 90' lang='lat' dir='ltr'>sit</span> <span class='ocrx_word' id='word_1_362' title='bbox 2261 952 2390 1019; x_wconf 71' lang='grc'>(44),</span> <span class='ocrx_word' id='word_1_363' title='bbox 2426 953 2581 1005; x_wconf 91' lang='lat' dir='ltr'>sicut</span> <span class='ocrx_word' id='word_1_364' title='bbox 2610 968 2638 1004; x_wconf 93' lang='lat' dir='ltr'>a</span> <span class='ocrx_word' id='word_1_365' title='bbox 2673 952 2960 1023; x_wconf 88' lang='lat' dir='ltr'>Gregorio</span> <span class='ocrx_word' id='word_1_366' title='bbox 2986 953 3311 1006; x_wconf 89' lang='lat' dir='ltr'>venerabili</span> <span class='ocrx_word' id='word_1_367' title='bbox 3334 969 3461 1006; x_wconf 83' lang='lat' dir='ltr'>mo-</span> 
     </span>
    </p>
   </div>
   <div class='ocr_carea' id='block_1_58' title="bbox 1799 1040 3458 1111">
    <p class='ocr_par' dir='ltr' id='par_1_58' title="bbox 1799 1040 3458 1111">
     <span class='ocr_line' id='line_1_58' title="bbox 1799 1040 3458 1111; baseline 0.001 -19"><span class='ocrx_word' id='word_1_368' title='bbox 1799 1040 2007 1108; x_wconf 90' lang='lat' dir='ltr'>nacho,</span> <span class='ocrx_word' id='word_1_369' title='bbox 2025 1040 2411 1109; x_wconf 83' lang='lat' dir='ltr'>quiejusdem</span> <span class='ocrx_word' id='word_1_370' title='bbox 2431 1041 2702 1094; x_wconf 84' lang='lat' dir='ltr'>ecclesiae</span> <span class='ocrx_word' id='word_1_371' title='bbox 2721 1044 2925 1094; x_wconf 92' lang='lat' dir='ltr'>custos</span> <span class='ocrx_word' id='word_1_372' title='bbox 2946 1041 3139 1095; x_wconf 85' lang='lat' dir='ltr'>adhuc</span> <span class='ocrx_word' id='word_1_373' title='bbox 3161 1046 3458 1111; x_wconf 89' lang='lat' dir='ltr'>superest,</span> 
     </span>
    </p>
   </div>
   <div class='ocr_carea' id='block_1_59' title="bbox 1800 1126 3066 1200">
    <p class='ocr_par' dir='ltr' id='par_1_59' title="bbox 1800 1126 3066 1200">
     <span class='ocr_line' id='line_1_59' title="bbox 1800 1126 3066 1200; baseline 0.002 -19"><span class='ocrx_word' id='word_1_374' title='bbox 1800 1126 1999 1197; x_wconf 89' lang='lat' dir='ltr'>didici,</span> <span class='ocrx_word' id='word_1_375' title='bbox 2035 1143 2109 1181; x_wconf 88' lang='lat' dir='ltr'>ex</span> <span class='ocrx_word' id='word_1_376' title='bbox 2139 1133 2304 1198; x_wconf 80' lang='lat' dir='ltr'>parte</span> <span class='ocrx_word' id='word_1_377' title='bbox 2337 1129 2560 1183; x_wconf 89' lang='lat' dir='ltr'>referre</span> <span class='ocrx_word' id='word_1_378' title='bbox 2591 1144 2707 1183; x_wconf 90' lang='lat' dir='ltr'>non</span> <span class='ocrx_word' id='word_1_379' title='bbox 2747 1129 3066 1200; x_wconf 89' lang='lat' dir='ltr'>negligam.</span> 
     </span>
    </p>
   </div>
   <div class='ocr_carea' id='block_1_60' title="bbox 1872 1216 3460 1289">
    <p class='ocr_par' dir='ltr' id='par_1_60' title="bbox 1872 1216 3460 1289">
     <span class='ocr_line' id='line_1_60' title="bbox 1872 1216 3460 1289; baseline 0.003 -21"><span class='ocrx_word' id='word_1_380' title='bbox 1872 1216 2018 1269; x_wconf 87' lang='lat' dir='ltr'>Cum</span> <span class='ocrx_word' id='word_1_381' title='bbox 2066 1217 2316 1287; x_wconf 88' lang='lat' dir='ltr'>quadam</span> <span class='ocrx_word' id='word_1_382' title='bbox 2375 1218 2468 1271; x_wconf 90' lang='lat' dir='ltr'>die</span> <span class='ocrx_word' id='word_1_383' title='bbox 2526 1233 2681 1271; x_wconf 89' lang='lat' dir='ltr'>unus</span> <span class='ocrx_word' id='word_1_384' title='bbox 2739 1233 2769 1271; x_wconf 90' lang='lat' dir='ltr'>e</span> <span class='ocrx_word' id='word_1_385' title='bbox 2828 1218 3176 1273; x_wconf 90' lang='lat' dir='ltr'>custodibus</span> <span class='ocrx_word' id='word_1_386' title='bbox 3236 1220 3460 1289; x_wconf 87' lang='lat' dir='ltr'>lampa-</span> 
     </span>
    </p>
   </div>
   <div class='ocr_carea' id='block_1_61' title="bbox 1801 1304 3460 1377">
    <p class='ocr_par' dir='ltr' id='par_1_61' title="bbox 1801 1304 3460 1377">
     <span class='ocr_line' id='line_1_61' title="bbox 1801 1304 3460 1377; baseline 0.002 -19"><span class='ocrx_word' id='word_1_387' title='bbox 1801 1304 1934 1359; x_wconf 89' lang='lat' dir='ltr'>dem</span> <span class='ocrx_word' id='word_1_388' title='bbox 1964 1306 2023 1359; x_wconf 90' lang='lat' dir='ltr'>in</span> <span class='ocrx_word' id='word_1_389' title='bbox 2055 1306 2309 1360; x_wconf 89' lang='lat' dir='ltr'>oratorio</span> <span class='ocrx_word' id='word_1_390' title='bbox 2360 1309 2491 1360; x_wconf 90' lang='lat' dir='ltr'>ante</span> <span class='ocrx_word' id='word_1_391' title='bbox 2523 1306 2722 1373; x_wconf 88' lang='lat' dir='ltr'>altare,</span> <span class='ocrx_word' id='word_1_392' title='bbox 2773 1307 2909 1377; x_wconf 86' lang='lat' dir='ltr'>igne</span> <span class='ocrx_word' id='word_1_393' title='bbox 2952 1306 3203 1375; x_wconf 87' lang='lat' dir='ltr'>admoto,</span> <span class='ocrx_word' id='word_1_394' title='bbox 3252 1322 3460 1361; x_wconf 89' lang='lat' dir='ltr'>accen-</span> 
     </span>
    </p>
   </div>
   <div class='ocr_carea' id='block_1_62' title="bbox 1801 1394 3461 1466">
    <p class='ocr_par' dir='ltr' id='par_1_62' title="bbox 1801 1394 3461 1466">
     <span class='ocr_line' id='line_1_62' title="bbox 1801 1394 3461 1466; baseline 0.001 -18"><span class='ocrx_word' id='word_1_395' title='bbox 1801 1394 2007 1463; x_wconf 90' lang='lat' dir='ltr'>disset,</span> <span class='ocrx_word' id='word_1_396' title='bbox 2044 1409 2289 1465; x_wconf 90' lang='lat' dir='ltr'>eamque</span> <span class='ocrx_word' id='word_1_397' title='bbox 2338 1411 2578 1449; x_wconf 89' lang='lat' dir='ltr'>sursum</span> <span class='ocrx_word' id='word_1_398' title='bbox 2622 1411 2769 1465; x_wconf 89' lang='lat' dir='ltr'>pene</span> <span class='ocrx_word' id='word_1_399' title='bbox 2822 1411 3011 1465; x_wconf 90' lang='lat' dir='ltr'>usque</span> <span class='ocrx_word' id='word_1_400' title='bbox 3059 1395 3131 1449; x_wconf 89' lang='lat' dir='ltr'>ad</span> <span class='ocrx_word' id='word_1_401' title='bbox 3163 1396 3461 1466; x_wconf 88' lang='lat' dir='ltr'>laquearia</span> 
     </span>
    </p>
   </div>
   <div class='ocr_carea' id='block_1_63' title="bbox 1798 1483 3459 1553">
    <p class='ocr_par' dir='ltr' id='par_1_63' title="bbox 1798 1483 3459 1553">
     <span class='ocr_line' id='line_1_63' title="bbox 1798 1483 3459 1553; baseline 0.001 -16"><span class='ocrx_word' id='word_1_402' title='bbox 1798 1483 2114 1552; x_wconf 88' lang='lat' dir='ltr'>elevasset,</span> <span class='ocrx_word' id='word_1_403' title='bbox 2149 1486 2386 1552; x_wconf 89' lang='lat' dir='ltr'>repente</span> <span class='ocrx_word' id='word_1_404' title='bbox 2417 1483 2676 1553; x_wconf 89' lang='lat' dir='ltr'>delapsa,</span> <span class='ocrx_word' id='word_1_405' title='bbox 2698 1486 2829 1537; x_wconf 89' lang='lat' dir='ltr'>ante</span> <span class='ocrx_word' id='word_1_406' title='bbox 2859 1485 3038 1538; x_wconf 88' lang='lat' dir='ltr'>altare</span> <span class='ocrx_word' id='word_1_407' title='bbox 3068 1484 3128 1538; x_wconf 90' lang='lat' dir='ltr'>in</span> <span class='ocrx_word' id='word_1_408' title='bbox 3156 1484 3459 1553; x_wconf 88' lang='lat' dir='ltr'>pavimen-</span> 
     </span>
    </p>
   </div>
   <div class='ocr_carea' id='block_1_64' title="bbox 1800 1570 3459 1627">
    <p class='ocr_par' dir='ltr' id='par_1_64' title="bbox 1800 1570 3459 1627">
     <span class='ocr_line' id='line_1_64' title="bbox 1800 1570 3459 1627; baseline 0.001 -2"><span class='ocrx_word' id='word_1_409' title='bbox 1800 1576 1921 1625; x_wconf 89' lang='lat' dir='ltr'>tum</span> <span class='ocrx_word' id='word_1_410' title='bbox 1939 1571 2169 1626; x_wconf 91' lang='lat' dir='ltr'>cecidit.</span> <span class='ocrx_word' id='word_1_411' title='bbox 2188 1571 2477 1625; x_wconf 84' lang='lat' dir='ltr'>Mirabilis</span> <span class='ocrx_word' id='word_1_412' title='bbox 2502 1572 2659 1625; x_wconf 89' lang='lat' dir='ltr'>Deus</span> <span class='ocrx_word' id='word_1_413' title='bbox 2680 1572 2736 1625; x_wconf 91' lang='lat' dir='ltr'>in</span> <span class='ocrx_word' id='word_1_414' title='bbox 2760 1572 2930 1626; x_wconf 89' lang='lat' dir='ltr'>factis</span> <span class='ocrx_word' id='word_1_415' title='bbox 2953 1572 3081 1626; x_wconf 91' lang='lat' dir='ltr'>suis</span> <span class='ocrx_word' id='word_1_416' title='bbox 3100 1570 3111 1627; x_wconf 90' lang='lat' dir='ltr'>l</span> <span class='ocrx_word' id='word_1_417' title='bbox 3130 1588 3245 1627; x_wconf 91' lang='lat' dir='ltr'>non</span> <span class='ocrx_word' id='word_1_418' title='bbox 3265 1574 3459 1627; x_wconf 90' lang='lat' dir='ltr'>solum</span> 
     </span>
    </p>
   </div>
   <div class='ocr_carea' id='block_1_65' title="bbox 1799 1660 3458 1734">
    <p class='ocr_par' dir='ltr' id='par_1_65' title="bbox 1799 1660 3458 1734">
     <span class='ocr_line' id='line_1_65' title="bbox 1799 1660 3458 1734; baseline 0.001 -20"><span class='ocrx_word' id='word_1_419' title='bbox 1799 1660 1982 1714; x_wconf 86' lang='lat' dir='ltr'>fracta</span> <span class='ocrx_word' id='word_1_420' title='bbox 2014 1676 2130 1714; x_wconf 92' lang='lat' dir='ltr'>non</span> <span class='ocrx_word' id='word_1_421' title='bbox 2163 1663 2273 1729; x_wconf 89' lang='lat' dir='ltr'>est,</span> <span class='ocrx_word' id='word_1_422' title='bbox 2307 1661 2413 1714; x_wconf 90' lang='lat' dir='ltr'>sed</span> <span class='ocrx_word' id='word_1_423' title='bbox 2443 1676 2552 1715; x_wconf 89' lang='lat' dir='ltr'>nec</span> <span class='ocrx_word' id='word_1_424' title='bbox 2583 1662 2775 1715; x_wconf 88' lang='lat' dir='ltr'>oleum</span> <span class='ocrx_word' id='word_1_425' title='bbox 2825 1660 3096 1731; x_wconf 76' lang='lat' dir='ltr'>effusum,</span> <span class='ocrx_word' id='word_1_426' title='bbox 3147 1678 3255 1716; x_wconf 90' lang='lat' dir='ltr'>nec</span> <span class='ocrx_word' id='word_1_427' title='bbox 3299 1663 3458 1734; x_wconf 86' lang='lat' dir='ltr'>ignis</span> 
     </span>
    </p>
   </div>
   <div class='ocr_carea' id='block_1_66' title="bbox 1724 1749 2779 1829">
    <p class='ocr_par' dir='ltr' id='par_1_66' title="bbox 1724 1749 2779 1829">
     <span class='ocr_line' id='line_1_66' title="bbox 1724 1749 2779 1829; baseline 0.003 -28"><span class='ocrx_word' id='word_1_428' title='bbox 1724 1766 1773 1829; x_wconf 80' lang='grc' dir='ltr'>Î’</span> <span class='ocrx_word' id='word_1_429' title='bbox 1800 1749 1857 1803; x_wconf 90' lang='lat' dir='ltr'>in</span> <span class='ocrx_word' id='word_1_430' title='bbox 1881 1764 1947 1803; x_wconf 88' lang='lat' dir='ltr'>ea</span> <span class='ocrx_word' id='word_1_431' title='bbox 1979 1764 2273 1803; x_wconf 89' lang='lat' dir='ltr'>accensus</span> <span class='ocrx_word' id='word_1_432' title='bbox 2303 1750 2635 1803; x_wconf 88' lang='lat' dir='ltr'>exstinctus</span> <span class='ocrx_word' id='word_1_433' title='bbox 2669 1754 2779 1804; x_wconf 91' lang='lat' dir='ltr'>est.</span> 
     </span>
    </p>
   </div>
   <div class='ocr_carea' id='block_1_67' title="bbox 1875 1837 3460 1912">
    <p class='ocr_par' dir='ltr' id='par_1_67' title="bbox 1875 1837 3460 1912">
     <span class='ocr_line' id='line_1_67' title="bbox 1875 1837 3460 1912; baseline 0.002 -22"><span class='ocrx_word' id='word_1_434' title='bbox 1875 1837 2001 1891; x_wconf 88' lang='lat' dir='ltr'>Alio</span> <span class='ocrx_word' id='word_1_435' title='bbox 2036 1842 2295 1908; x_wconf 88' lang='lat' dir='ltr'>tempore</span> <span class='ocrx_word' id='word_1_436' title='bbox 2328 1854 2460 1892; x_wconf 90' lang='lat' dir='ltr'>cum</span> <span class='ocrx_word' id='word_1_437' title='bbox 2489 1840 2772 1908; x_wconf 64' lang='lat' dir='ltr'>praefatus</span> <span class='ocrx_word' id='word_1_438' title='bbox 2791 1838 3114 1912; x_wconf 89' lang='lat' dir='ltr'>Gregorius</span> <span class='ocrx_word' id='word_1_439' title='bbox 3134 1838 3460 1909; x_wconf 88' lang='lat' dir='ltr'>lampadem</span> 
     </span>
    </p>
   </div>
   <div class='ocr_carea' id='block_1_68' title="bbox 1800 1927 3461 1999">
    <p class='ocr_par' dir='ltr' id='par_1_68' title="bbox 1800 1927 3461 1999">
     <span class='ocr_line' id='line_1_68' title="bbox 1800 1927 3461 1999; baseline 0.001 -18"><span class='ocrx_word' id='word_1_440' title='bbox 1800 1930 1932 1982; x_wconf 90' lang='lat' dir='ltr'>ante</span> <span class='ocrx_word' id='word_1_441' title='bbox 1950 1927 2263 1998; x_wconf 86' lang='lat' dir='ltr'>imaginem</span> <span class='ocrx_word' id='word_1_442' title='bbox 2288 1927 2633 1996; x_wconf 88' lang='lat' dir='ltr'>Salvatoris,</span> <span class='ocrx_word' id='word_1_443' title='bbox 2660 1944 2792 1999; x_wconf 85' lang='lat' dir='ltr'>quae</span> <span class='ocrx_word' id='word_1_444' title='bbox 2806 1945 2985 1998; x_wconf 90' lang='lat' dir='ltr'>supra</span> <span class='ocrx_word' id='word_1_445' title='bbox 3007 1928 3166 1983; x_wconf 89' lang='lat' dir='ltr'>fores</span> <span class='ocrx_word' id='word_1_446' title='bbox 3189 1928 3461 1983; x_wconf 84' lang='lat' dir='ltr'>ecclesiae</span> 
     </span>
    </p>
   </div>
   <div class='ocr_carea' id='block_1_69' title="bbox 1801 2016 3461 2085">
    <p class='ocr_par' dir='ltr' id='par_1_69' title="bbox 1801 2016 3461 2085">
     <span class='ocr_line' id='line_1_69' title="bbox 1801 2016 3461 2085; baseline 0.001 -16"><span class='ocrx_word' id='word_1_447' title='bbox 1801 2016 2030 2085; x_wconf 87' lang='lat' dir='ltr'>depicta</span> <span class='ocrx_word' id='word_1_448' title='bbox 2063 2019 2206 2084; x_wconf 89' lang='lat' dir='ltr'>erat,</span> <span class='ocrx_word' id='word_1_449' title='bbox 2259 2016 2433 2070; x_wconf 90' lang='lat' dir='ltr'>vellet</span> <span class='ocrx_word' id='word_1_450' title='bbox 2471 2017 2737 2085; x_wconf 85' lang='lat' dir='ltr'>reticere,</span> <span class='ocrx_word' id='word_1_451' title='bbox 2771 2017 2995 2070; x_wconf 89' lang='lat' dir='ltr'>invenit</span> <span class='ocrx_word' id='word_1_452' title='bbox 3034 2032 3161 2070; x_wconf 92' lang='lat' dir='ltr'>eam</span> <span class='ocrx_word' id='word_1_453' title='bbox 3193 2016 3461 2071; x_wconf 84' lang='lat' dir='ltr'>extensis</span> 
     </span>
    </p>
   </div>
   <div class='ocr_carea' id='block_1_70' title="bbox 1799 2104 3460 2175">
    <p class='ocr_par' dir='ltr' id='par_1_70' title="bbox 1799 2104 3460 2175">
     <span class='ocr_line' id='line_1_70' title="bbox 1799 2104 3460 2175; baseline 0.001 -17"><span class='ocrx_word' id='word_1_454' title='bbox 1799 2105 2096 2159; x_wconf 89' lang='lat' dir='ltr'>uncinulis</span> <span class='ocrx_word' id='word_1_455' title='bbox 2144 2105 2222 2157; x_wconf 88' lang='lat' dir='ltr'>ita</span> <span class='ocrx_word' id='word_1_456' title='bbox 2266 2104 2325 2157; x_wconf 88' lang='lat' dir='ltr'>in</span> <span class='ocrx_word' id='word_1_457' title='bbox 2374 2121 2509 2159; x_wconf 90' lang='lat' dir='ltr'>aere</span> <span class='ocrx_word' id='word_1_458' title='bbox 2540 2105 2889 2175; x_wconf 83' lang='lat' dir='ltr'>dependere,</span> <span class='ocrx_word' id='word_1_459' title='bbox 2929 2109 2988 2159; x_wconf 90' lang='lat' dir='ltr'>ut</span> <span class='ocrx_word' id='word_1_460' title='bbox 3021 2105 3179 2159; x_wconf 89' lang='lat' dir='ltr'>nulla</span> <span class='ocrx_word' id='word_1_461' title='bbox 3209 2120 3460 2174; x_wconf 83' lang='lat' dir='ltr'>prorsus</span> 
     </span>
    </p>
   </div>
   <div class='ocr_carea' id='block_1_71' title="bbox 1799 2190 3459 2261">
    <p class='ocr_par' dir='ltr' id='par_1_71' title="bbox 1799 2190 3459 2261">
     <span class='ocr_line' id='line_1_71' title="bbox 1799 2190 3459 2261; baseline 0.001 -18"><span class='ocrx_word' id='word_1_462' title='bbox 1799 2192 2037 2244; x_wconf 87' lang='lat' dir='ltr'>materia</span> <span class='ocrx_word' id='word_1_463' title='bbox 2055 2194 2504 2245; x_wconf 88' lang='lat' dir='ltr'>sustentaretur.</span> <span class='ocrx_word' id='word_1_464' title='bbox 2520 2190 2628 2255; x_wconf 79' lang='lat' dir='ltr'>Qui</span> <span class='ocrx_word' id='word_1_465' title='bbox 2648 2207 2781 2245; x_wconf 87' lang='lat' dir='ltr'>mox</span> <span class='ocrx_word' id='word_1_466' title='bbox 2796 2191 3137 2245; x_wconf 88' lang='lat' dir='ltr'>convocatis</span> <span class='ocrx_word' id='word_1_467' title='bbox 3153 2190 3459 2261; x_wconf 88' lang='lat' dir='ltr'>fratribus,</span> 
     </span>
    </p>
   </div>
   <div class='ocr_carea' id='block_1_72' title="bbox 1800 2278 3461 2350">
    <p class='ocr_par' dir='ltr' id='par_1_72' title="bbox 1800 2278 3461 2350">
     <span class='ocr_line' id='line_1_72' title="bbox 1800 2278 3461 2350; baseline 0.001 -18"><span class='ocrx_word' id='word_1_468' title='bbox 1800 2278 1899 2350; x_wconf 90' lang='lat' dir='ltr'>qui</span> <span class='ocrx_word' id='word_1_469' title='bbox 1932 2294 2110 2349; x_wconf 90' lang='lat' dir='ltr'>prope</span> <span class='ocrx_word' id='word_1_470' title='bbox 2141 2279 2429 2347; x_wconf 87' lang='lat' dir='ltr'>astabant,</span> <span class='ocrx_word' id='word_1_471' title='bbox 2468 2279 2557 2332; x_wconf 92' lang='lat' dir='ltr'>eis</span> <span class='ocrx_word' id='word_1_472' title='bbox 2591 2279 2810 2333; x_wconf 89' lang='lat' dir='ltr'>uttanti</span> <span class='ocrx_word' id='word_1_473' title='bbox 2830 2281 3014 2333; x_wconf 89' lang='lat' dir='ltr'>testes</span> <span class='ocrx_word' id='word_1_474' title='bbox 3033 2278 3300 2332; x_wconf 86' lang='lat' dir='ltr'>miraculi</span> <span class='ocrx_word' id='word_1_475' title='bbox 3323 2294 3461 2333; x_wconf 90' lang='lat' dir='ltr'>esse</span> 
     </span>
    </p>
   </div>
   <div class='ocr_carea' id='block_1_73' title="bbox 1800 2367 2898 2436">
    <p class='ocr_par' dir='ltr' id='par_1_73' title="bbox 1800 2367 2898 2436">
     <span class='ocr_line' id='line_1_73' title="bbox 1800 2367 2898 2436; baseline -0.004 -12"><span class='ocrx_word' id='word_1_476' title='bbox 1800 2368 2102 2436; x_wconf 86' lang='lat' dir='ltr'>deberent,</span> <span class='ocrx_word' id='word_1_477' title='bbox 2137 2367 2291 2436; x_wconf 89' lang='lat' dir='ltr'>quod</span> <span class='ocrx_word' id='word_1_478' title='bbox 2325 2367 2587 2435; x_wconf 89' lang='lat' dir='ltr'>miratur,</span> <span class='ocrx_word' id='word_1_479' title='bbox 2623 2368 2898 2421; x_wconf 90' lang='lat' dir='ltr'>ostendit.</span> 
     </span>
    </p>
   </div>
   <div class='ocr_carea' id='block_1_74' title="bbox 1870 2454 3463 2524">
    <p class='ocr_par' dir='ltr' id='par_1_74' title="bbox 1870 2454 3463 2524">
     <span class='ocr_line' id='line_1_74' title="bbox 1870 2454 3463 2524; baseline -0.001 -13"><span class='ocrx_word' id='word_1_480' title='bbox 1870 2459 2164 2511; x_wconf 68' lang='lat' dir='ltr'>Praeterea</span> <span class='ocrx_word' id='word_1_481' title='bbox 2210 2456 2323 2509; x_wconf 89' lang='lat' dir='ltr'>alio</span> <span class='ocrx_word' id='word_1_482' title='bbox 2382 2459 2645 2524; x_wconf 88' lang='lat' dir='ltr'>tempore</span> <span class='ocrx_word' id='word_1_483' title='bbox 2694 2455 2753 2508; x_wconf 90' lang='lat' dir='ltr'>in</span> <span class='ocrx_word' id='word_1_484' title='bbox 2801 2455 2911 2509; x_wconf 86' lang='lat' dir='ltr'>hac</span> <span class='ocrx_word' id='word_1_485' title='bbox 2970 2454 3175 2510; x_wconf 90' lang='lat' dir='ltr'>eadem</span> <span class='ocrx_word' id='word_1_486' title='bbox 3208 2455 3463 2510; x_wconf 89' lang='lat' dir='ltr'>ecclesia</span> 
     </span>
    </p>
   </div>
   <div class='ocr_carea' id='block_1_75' title="bbox 1800 2543 3461 2615">
    <p class='ocr_par' dir='ltr' id='par_1_75' title="bbox 1800 2543 3461 2615">
     <span class='ocr_line' id='line_1_75' title="bbox 1800 2543 3461 2615; baseline -0.003 -13"><span class='ocrx_word' id='word_1_487' title='bbox 1800 2547 1955 2602; x_wconf 88' lang='lat' dir='ltr'>beati</span> <span class='ocrx_word' id='word_1_488' title='bbox 1986 2545 2287 2600; x_wconf 88' lang='lat' dir='ltr'>Benedicti</span> <span class='ocrx_word' id='word_1_489' title='bbox 2336 2560 2403 2599; x_wconf 90' lang='lat' dir='ltr'>ea</span> <span class='ocrx_word' id='word_1_490' title='bbox 2432 2547 2622 2611; x_wconf 88' lang='lat' dir='ltr'>nocte,</span> <span class='ocrx_word' id='word_1_491' title='bbox 2677 2560 2809 2614; x_wconf 75' lang='lat' dir='ltr'>quae</span> <span class='ocrx_word' id='word_1_492' title='bbox 2858 2543 3230 2613; x_wconf 84' lang='lat' dir='ltr'>praecedebat</span> <span class='ocrx_word' id='word_1_493' title='bbox 3285 2544 3461 2615; x_wconf 90' lang='lat' dir='ltr'>diem,</span> 
     </span>
    </p>
   </div>
   <div class='ocr_carea' id='block_1_76' title="bbox 1803 2632 3467 2706">
    <p class='ocr_par' dir='ltr' id='par_1_76' title="bbox 1803 2632 3467 2706">
     <span class='ocr_line' id='line_1_76' title="bbox 1803 2632 3467 2706; baseline -0.001 -18"><span class='ocrx_word' id='word_1_494' title='bbox 1803 2652 1917 2706; x_wconf 92' lang='lat' dir='ltr'>qua</span> <span class='ocrx_word' id='word_1_495' title='bbox 1948 2635 2087 2706; x_wconf 80' lang='lat' dir='ltr'>ejus-</span> <span class='ocrx_word' id='word_1_496' title='bbox 2118 2634 2406 2688; x_wconf 86' lang='lat' dir='ltr'>festivitas</span> <span class='ocrx_word' id='word_1_497' title='bbox 2439 2634 2745 2704; x_wconf 86' lang='lat' dir='ltr'>agebatur,</span> <span class='ocrx_word' id='word_1_498' title='bbox 2781 2633 2935 2686; x_wconf 90' lang='lat' dir='ltr'>sicut</span> <span class='ocrx_word' id='word_1_499' title='bbox 2964 2632 3036 2686; x_wconf 91' lang='lat' dir='ltr'>ab</span> <span class='ocrx_word' id='word_1_500' title='bbox 3077 2633 3164 2686; x_wconf 90' lang='lat' dir='ltr'>eis</span> <span class='ocrx_word' id='word_1_501' title='bbox 3195 2632 3294 2703; x_wconf 92' lang='lat' dir='ltr'>qui</span> <span class='ocrx_word' id='word_1_502' title='bbox 3327 2634 3467 2687; x_wconf 88' lang='lat' dir='ltr'>huic</span> 
     </span>
    </p>
   </div>
   <div class='ocr_carea' id='block_1_77' title="bbox 1803 2721 3466 2792">
    <p class='ocr_par' dir='ltr' id='par_1_77' title="bbox 1803 2721 3466 2792">
     <span class='ocr_line' id='line_1_77' title="bbox 1803 2721 3466 2792; baseline 0 -15"><span class='ocrx_word' id='word_1_503' title='bbox 1803 2723 2087 2778; x_wconf 88' lang='lat' dir='ltr'>miraculo</span> <span class='ocrx_word' id='word_1_504' title='bbox 2113 2723 2454 2791; x_wconf 89' lang='lat' dir='ltr'>interfuere,</span> <span class='ocrx_word' id='word_1_505' title='bbox 2476 2722 2676 2791; x_wconf 89' lang='lat' dir='ltr'>accepi</span> <span class='ocrx_word' id='word_1_506' title='bbox 2700 2737 2715 2791; x_wconf 84' lang='lat'><strong>;</strong></span> <span class='ocrx_word' id='word_1_507' title='bbox 2748 2721 2885 2775; x_wconf 90' lang='lat' dir='ltr'>dum</span> <span class='ocrx_word' id='word_1_508' title='bbox 2902 2721 2972 2774; x_wconf 87' lang='lat' dir='ltr'>ad</span> <span class='ocrx_word' id='word_1_509' title='bbox 2995 2721 3230 2792; x_wconf 87' lang='lat' dir='ltr'>vigilias</span> <span class='ocrx_word' id='word_1_510' title='bbox 3249 2737 3402 2775; x_wconf 91' lang='lat' dir='ltr'>unus</span> <span class='ocrx_word' id='word_1_511' title='bbox 3432 2737 3466 2777; x_wconf 88' lang='lat' dir='ltr'>e</span> 
     </span>
    </p>
   </div>
   <div class='ocr_carea' id='block_1_78' title="bbox 1803 2809 3465 2881">
    <p class='ocr_par' dir='ltr' id='par_1_78' title="bbox 1803 2809 3465 2881">
     <span class='ocr_line' id='line_1_78' title="bbox 1803 2809 3465 2881; baseline -0.002 -14"><span class='ocrx_word' id='word_1_512' title='bbox 1803 2813 2151 2867; x_wconf 90' lang='lat' dir='ltr'>custodibus</span> <span class='ocrx_word' id='word_1_513' title='bbox 2173 2812 2497 2880; x_wconf 90' lang='lat' dir='ltr'>lampadem</span> <span class='ocrx_word' id='word_1_514' title='bbox 2511 2814 2642 2865; x_wconf 87' lang='lat' dir='ltr'>ante</span> <span class='ocrx_word' id='word_1_515' title='bbox 2658 2811 2972 2881; x_wconf 89' lang='lat' dir='ltr'>imaginem</span> <span class='ocrx_word' id='word_1_516' title='bbox 3004 2809 3275 2880; x_wconf 89' lang='lat' dir='ltr'>ejusdem</span> <span class='ocrx_word' id='word_1_517' title='bbox 3307 2810 3465 2864; x_wconf 87' lang='lat' dir='ltr'>beati</span> 
     </span>
    </p>
   </div>
   <div class='ocr_carea' id='block_1_79' title="bbox 1803 2899 3468 2970">
    <p class='ocr_par' dir='ltr' id='par_1_79' title="bbox 1803 2899 3468 2970">
     <span class='ocr_line' id='line_1_79' title="bbox 1803 2899 3468 2970; baseline -0.002 -14"><span class='ocrx_word' id='word_1_518' title='bbox 1803 2901 2129 2967; x_wconf 90' lang='lat' dir='ltr'>Benedicti,</span> <span class='ocrx_word' id='word_1_519' title='bbox 2153 2902 2443 2970; x_wconf 85' lang='lat' dir='ltr'>reficeret,</span> <span class='ocrx_word' id='word_1_520' title='bbox 2469 2903 2708 2969; x_wconf 84' lang='lat' dir='ltr'>repente</span> <span class='ocrx_word' id='word_1_521' title='bbox 2731 2899 2972 2969; x_wconf 89' lang='lat' dir='ltr'>delapsa</span> <span class='ocrx_word' id='word_1_522' title='bbox 2994 2899 3050 2952; x_wconf 90' lang='lat' dir='ltr'>in</span> <span class='ocrx_word' id='word_1_523' title='bbox 3071 2899 3468 2969; x_wconf 84' lang='lat' dir='ltr'>pavimentum</span> 
     </span>
    </p>
   </div>
   <div class='ocr_carea' id='block_1_80' title="bbox 1804 2988 3465 3059">
    <p class='ocr_par' dir='ltr' id='par_1_80' title="bbox 1804 2988 3465 3059">
     <span class='ocr_line' id='line_1_80' title="bbox 1804 2988 3465 3059; baseline -0.003 -14"><span class='ocrx_word' id='word_1_524' title='bbox 1804 2992 2046 3059; x_wconf 92' lang='lat' dir='ltr'>corruit,</span> <span class='ocrx_word' id='word_1_525' title='bbox 2082 3006 2149 3044; x_wconf 91' lang='lat' dir='ltr'>ac</span> <span class='ocrx_word' id='word_1_526' title='bbox 2180 2990 2368 3044; x_wconf 80' lang='lat' dir='ltr'>illaesa</span> <span class='ocrx_word' id='word_1_527' title='bbox 2400 2988 2724 3059; x_wconf 89' lang='lat' dir='ltr'>permansit</span> <span class='ocrx_word' id='word_1_528' title='bbox 2758 3004 2771 3042; x_wconf 94' lang='lat'>:</span> <span class='ocrx_word' id='word_1_529' title='bbox 2804 3004 2937 3058; x_wconf 84' lang='lat' dir='ltr'>quae</span> <span class='ocrx_word' id='word_1_530' title='bbox 2968 2989 3179 3043; x_wconf 90' lang='lat' dir='ltr'>iterum</span> <span class='ocrx_word' id='word_1_531' title='bbox 3209 2993 3298 3042; x_wconf 88' lang='lat' dir='ltr'>ter</span> <span class='ocrx_word' id='word_1_532' title='bbox 3328 3003 3465 3041; x_wconf 89' lang='lat' dir='ltr'>sur-</span> 
     </span>
    </p>
   </div>
   <div class='ocr_carea' id='block_1_81' title="bbox 1804 3076 3463 3146">
    <p class='ocr_par' dir='ltr' id='par_1_81' title="bbox 1804 3076 3463 3146">
     <span class='ocr_line' id='line_1_81' title="bbox 1804 3076 3463 3146; baseline -0.004 -10"><span class='ocrx_word' id='word_1_533' title='bbox 1804 3096 1937 3136; x_wconf 91' lang='lat' dir='ltr'>sum</span> <span class='ocrx_word' id='word_1_534' title='bbox 1968 3080 2212 3145; x_wconf 89' lang='lat' dir='ltr'>elevata,</span> <span class='ocrx_word' id='word_1_535' title='bbox 2265 3084 2353 3134; x_wconf 88' lang='lat' dir='ltr'>ter</span> <span class='ocrx_word' id='word_1_536' title='bbox 2383 3079 2594 3132; x_wconf 88' lang='lat' dir='ltr'>cecidit</span> <span class='ocrx_word' id='word_1_537' title='bbox 2628 3093 2639 3131; x_wconf 93' lang='lat'>:</span> <span class='ocrx_word' id='word_1_538' title='bbox 2676 3083 2752 3145; x_wconf 92' lang='lat' dir='ltr'>et,</span> <span class='ocrx_word' id='word_1_539' title='bbox 2795 3078 2953 3146; x_wconf 86' lang='lat' dir='ltr'>quod</span> <span class='ocrx_word' id='word_1_540' title='bbox 2984 3076 3319 3131; x_wconf 88' lang='lat' dir='ltr'>mirabilius</span> <span class='ocrx_word' id='word_1_541' title='bbox 3349 3079 3463 3145; x_wconf 89' lang='lat' dir='ltr'>est,</span> 
     </span>
    </p>
   </div>
   <div class='ocr_carea' id='block_1_82' title="bbox 1804 3165 3467 3240">
    <p class='ocr_par' dir='ltr' id='par_1_82' title="bbox 1804 3165 3467 3240">
     <span class='ocr_line' id='line_1_82' title="bbox 1804 3165 3467 3240; baseline -0.003 -17"><span class='ocrx_word' id='word_1_542' title='bbox 1804 3186 1911 3226; x_wconf 85' lang='lat' dir='ltr'>nec</span> <span class='ocrx_word' id='word_1_543' title='bbox 1942 3171 2073 3239; x_wconf 90' lang='lat' dir='ltr'>ipsa</span> <span class='ocrx_word' id='word_1_544' title='bbox 2103 3169 2321 3240; x_wconf 88' lang='lat' dir='ltr'>frangi,</span> <span class='ocrx_word' id='word_1_545' title='bbox 2348 3183 2456 3222; x_wconf 90' lang='lat' dir='ltr'>nec</span> <span class='ocrx_word' id='word_1_546' title='bbox 2494 3168 2688 3221; x_wconf 90' lang='lat' dir='ltr'>oleum</span> <span class='ocrx_word' id='word_1_547' title='bbox 2739 3165 2981 3235; x_wconf 72' lang='lat' dir='ltr'>effundi,</span> <span class='ocrx_word' id='word_1_548' title='bbox 3023 3181 3132 3220; x_wconf 87' lang='lat' dir='ltr'>nec</span> <span class='ocrx_word' id='word_1_549' title='bbox 3179 3166 3378 3219; x_wconf 90' lang='lat' dir='ltr'>lumen</span> <span class='ocrx_word' id='word_1_550' title='bbox 3407 3166 3467 3218; x_wconf 89' lang='lat' dir='ltr'>in</span> 
     </span>
    </p>
   </div>
   <div class='ocr_carea' id='block_1_83' title="bbox 1805 3254 3464 3328">
    <p class='ocr_par' dir='ltr' id='par_1_83' title="bbox 1805 3254 3464 3328">
     <span class='ocr_line' id='line_1_83' title="bbox 1805 3254 3464 3328; baseline -0.004 -14"><span class='ocrx_word' id='word_1_551' title='bbox 1805 3275 1871 3314; x_wconf 87' lang='lat' dir='ltr'>ea</span> <span class='ocrx_word' id='word_1_552' title='bbox 1903 3274 2221 3313; x_wconf 86' lang='lat' dir='ltr'>accensum</span> <span class='ocrx_word' id='word_1_553' title='bbox 2253 3257 2575 3328; x_wconf 86' lang='lat' dir='ltr'>exstingui,</span> <span class='ocrx_word' id='word_1_554' title='bbox 2597 3255 2791 3309; x_wconf 89' lang='lat' dir='ltr'>divina</span> <span class='ocrx_word' id='word_1_555' title='bbox 2816 3258 3205 3309; x_wconf 88' lang='lat' dir='ltr'>conservante</span> <span class='ocrx_word' id='word_1_556' title='bbox 3230 3254 3464 3323; x_wconf 89' lang='lat' dir='ltr'>virtute,</span> 
     </span>
    </p>
   </div>
   <div class='ocr_carea' id='block_1_84' title="bbox 1806 3350 2011 3418">
    <p class='ocr_par' dir='ltr' id='par_1_84' title="bbox 1806 3350 2011 3418">
     <span class='ocr_line' id='line_1_84' title="bbox 1806 3350 2011 3418; baseline 0 -15"><span class='ocrx_word' id='word_1_557' title='bbox 1806 3350 2011 3418; x_wconf 89' lang='lat' dir='ltr'>potuit.</span> 
     </span>
    </p>
   </div>
   <div class='ocr_carea' id='block_1_85' title="bbox 1878 3432 3470 3508">
    <p class='ocr_par' dir='ltr' id='par_1_85' title="bbox 1878 3432 3470 3508">
     <span class='ocr_line' id='line_1_85' title="bbox 1878 3432 3470 3508; baseline -0.004 -15"><span class='ocrx_word' id='word_1_558' title='bbox 1878 3439 2054 3493; x_wconf 88' lang='lat' dir='ltr'>Plura</span> <span class='ocrx_word' id='word_1_559' title='bbox 2089 3440 2228 3492; x_wconf 91' lang='lat' dir='ltr'>sunt</span> <span class='ocrx_word' id='word_1_560' title='bbox 2258 3438 2317 3491; x_wconf 92' lang='lat' dir='ltr'>in</span> <span class='ocrx_word' id='word_1_561' title='bbox 2348 3436 2528 3508; x_wconf 88' lang='lat' dir='ltr'>hujus</span> <span class='ocrx_word' id='word_1_562' title='bbox 2565 3434 2906 3491; x_wconf 86' lang='lat' dir='ltr'>monasterii</span> <span class='ocrx_word' id='word_1_563' title='bbox 2936 3433 3192 3489; x_wconf 88' lang='lat' dir='ltr'>oratorio</span> <span class='ocrx_word' id='word_1_564' title='bbox 3224 3449 3299 3487; x_wconf 85' lang='lat' dir='ltr'>ex</span> <span class='ocrx_word' id='word_1_565' title='bbox 3326 3432 3470 3487; x_wconf 87' lang='lat' dir='ltr'>lam-</span> 
     </span>
    </p>
   </div>
   <div class='ocr_carea' id='block_1_86' title="bbox 1805 3522 3468 3599">
    <p class='ocr_par' dir='ltr' id='par_1_86' title="bbox 1805 3522 3468 3599">
     <span class='ocr_line' id='line_1_86' title="bbox 1805 3522 3468 3599; baseline -0.004 -15"><span class='ocrx_word' id='word_1_566' title='bbox 1805 3530 2057 3599; x_wconf 89' lang='lat' dir='ltr'>padibus</span> <span class='ocrx_word' id='word_1_567' title='bbox 2086 3526 2429 3599; x_wconf 89' lang='lat' dir='ltr'>hujusmodi</span> <span class='ocrx_word' id='word_1_568' title='bbox 2451 3526 2602 3581; x_wconf 86' lang='lat' dir='ltr'>facta</span> <span class='ocrx_word' id='word_1_569' title='bbox 2647 3525 2923 3579; x_wconf 88' lang='lat' dir='ltr'>miracula</span> <span class='ocrx_word' id='word_1_570' title='bbox 2950 3539 3116 3594; x_wconf 67' lang='lat' dir='ltr'>:quaa</span> <span class='ocrx_word' id='word_1_571' title='bbox 3135 3522 3272 3594; x_wconf 88' lang='lat' dir='ltr'>quia</span> <span class='ocrx_word' id='word_1_572' title='bbox 3297 3522 3468 3577; x_wconf 89' lang='lat' dir='ltr'>valde</span> 
     </span>
    </p>
   </div>
   <div class='ocr_carea' id='block_1_87' title="bbox 1806 3610 3470 3689">
    <p class='ocr_par' dir='ltr' id='par_1_87' title="bbox 1806 3610 3470 3689">
     <span class='ocr_line' id='line_1_87' title="bbox 1806 3610 3470 3689; baseline -0.005 -16"><span class='ocrx_word' id='word_1_573' title='bbox 1806 3617 2097 3689; x_wconf 89' lang='lat' dir='ltr'>simplicia</span> <span class='ocrx_word' id='word_1_574' title='bbox 2120 3621 2278 3686; x_wconf 89' lang='lat' dir='ltr'>sunt,</span> <span class='ocrx_word' id='word_1_575' title='bbox 2313 3616 2680 3686; x_wconf 87' lang='lat' dir='ltr'>superfluum</span> <span class='ocrx_word' id='word_1_576' title='bbox 2704 3614 2968 3668; x_wconf 88' lang='lat' dir='ltr'>scribere</span> <span class='ocrx_word' id='word_1_577' title='bbox 2991 3613 3288 3667; x_wconf 90' lang='lat' dir='ltr'>duximus.</span> <span class='ocrx_word' id='word_1_578' title='bbox 3326 3610 3470 3666; x_wconf 60' lang='lat' dir='ltr'>llaec</span> 
     </span>
    </p>
   </div>
   <div class='ocr_carea' id='block_1_88' title="bbox 1808 3702 3472 3774">
    <p class='ocr_par' dir='ltr' id='par_1_88' title="bbox 1808 3702 3472 3774">
     <span class='ocr_line' id='line_1_88' title="bbox 1808 3702 3472 3774; baseline -0.005 -12"><span class='ocrx_word' id='word_1_579' title='bbox 1808 3711 1999 3762; x_wconf 90' lang='lat' dir='ltr'>autem</span> <span class='ocrx_word' id='word_1_580' title='bbox 2031 3707 2253 3761; x_wconf 91' lang='lat' dir='ltr'>idcirco</span> <span class='ocrx_word' id='word_1_581' title='bbox 2285 3705 2661 3774; x_wconf 87' lang='lat' dir='ltr'>scripsimus,</span> <span class='ocrx_word' id='word_1_582' title='bbox 2694 3719 2787 3769; x_wconf 87' lang='lat' dir='ltr'>ne,</span> <span class='ocrx_word' id='word_1_583' title='bbox 2813 3703 2950 3772; x_wconf 86' lang='lat' dir='ltr'>quia</span> <span class='ocrx_word' id='word_1_584' title='bbox 2970 3718 3150 3773; x_wconf 89' lang='lat' dir='ltr'>parva</span> <span class='ocrx_word' id='word_1_585' title='bbox 3173 3702 3329 3770; x_wconf 88' lang='lat' dir='ltr'>sunt,</span> <span class='ocrx_word' id='word_1_586' title='bbox 3352 3716 3472 3755; x_wconf 83' lang='lat' dir='ltr'>om-</span> 
     </span>
    </p>
   </div>
   <div class='ocr_carea' id='block_1_89' title="bbox 1808 3789 3475 3861">
    <p class='ocr_par' dir='ltr' id='par_1_89' title="bbox 1808 3789 3475 3861">
     <span class='ocr_line' id='line_1_89' title="bbox 1808 3789 3475 3861; baseline -0.005 -10"><span class='ocrx_word' id='word_1_587' title='bbox 1808 3797 1944 3851; x_wconf 90' lang='lat' dir='ltr'>nino</span> <span class='ocrx_word' id='word_1_588' title='bbox 1979 3795 2275 3850; x_wconf 90' lang='lat' dir='ltr'>contemni</span> <span class='ocrx_word' id='word_1_589' title='bbox 2324 3794 2684 3848; x_wconf 90' lang='lat' dir='ltr'>viderentur.</span> <span class='ocrx_word' id='word_1_590' title='bbox 2728 3792 2922 3846; x_wconf 90' lang='lat' dir='ltr'>Unum</span> <span class='ocrx_word' id='word_1_591' title='bbox 2952 3795 3166 3859; x_wconf 88' lang='lat' dir='ltr'>autem,</span> <span class='ocrx_word' id='word_1_592' title='bbox 3227 3790 3385 3861; x_wconf 92' lang='lat' dir='ltr'>quod</span> <span class='ocrx_word' id='word_1_593' title='bbox 3416 3789 3475 3843; x_wconf 92' lang='lat' dir='ltr'>in</span> 
     </span>
    </p>
   </div>
   <div class='ocr_carea' id='block_1_90' title="bbox 1810 3878 3477 3955">
    <p class='ocr_par' dir='ltr' id='par_1_90' title="bbox 1810 3878 3477 3955">
     <span class='ocr_line' id='line_1_90' title="bbox 1810 3878 3477 3955; baseline -0.005 -15"><span class='ocrx_word' id='word_1_594' title='bbox 1810 3885 2104 3955; x_wconf 90' lang='lat' dir='ltr'>superiori</span> <span class='ocrx_word' id='word_1_595' title='bbox 2135 3884 2289 3937; x_wconf 91' lang='lat' dir='ltr'>libro</span> <span class='ocrx_word' id='word_1_596' title='bbox 2320 3900 2352 3936; x_wconf 87' lang='lat' dir='ltr'>a</span> <span class='ocrx_word' id='word_1_597' title='bbox 2384 3882 2663 3936; x_wconf 87' lang='lat' dir='ltr'>memoria</span> <span class='ocrx_word' id='word_1_598' title='bbox 2723 3880 2958 3948; x_wconf 81' lang='lat' dir='ltr'>excidit,</span> <span class='ocrx_word' id='word_1_599' title='bbox 3021 3895 3130 3933; x_wconf 93' lang='lat' dir='ltr'>suo</span> <span class='ocrx_word' id='word_1_600' title='bbox 3179 3878 3238 3932; x_wconf 91' lang='lat' dir='ltr'>in</span> <span class='ocrx_word' id='word_1_601' title='bbox 3271 3878 3477 3932; x_wconf 91' lang='lat' dir='ltr'>ordine</span> 
     </span>
    </p>
   </div>
   <div class='ocr_carea' id='block_1_91' title="bbox 1810 3966 3480 4042">
    <p class='ocr_par' dir='ltr' id='par_1_91' title="bbox 1810 3966 3480 4042">
     <span class='ocr_line' id='line_1_91' title="bbox 1810 3966 3480 4042; baseline -0.007 -12"><span class='ocrx_word' id='word_1_602' title='bbox 1810 3974 2034 4030; x_wconf 87' lang='lat' dir='ltr'>referre</span> <span class='ocrx_word' id='word_1_603' title='bbox 2065 3974 2123 4026; x_wconf 92' lang='lat' dir='ltr'>in</span> <span class='ocrx_word' id='word_1_604' title='bbox 2153 3987 2267 4042; x_wconf 92' lang='lat' dir='ltr'>quo</span> <span class='ocrx_word' id='word_1_605' title='bbox 2299 3987 2391 4026; x_wconf 88' lang='lat' dir='ltr'>me</span> <span class='ocrx_word' id='word_1_606' title='bbox 2408 3970 2513 4024; x_wconf 85' lang='lat' dir='ltr'>tibi</span> <span class='ocrx_word' id='word_1_607' title='bbox 2535 3985 2775 4023; x_wconf 90' lang='lat' dir='ltr'>narrare</span> <span class='ocrx_word' id='word_1_608' title='bbox 2793 3968 3201 4038; x_wconf 86' lang='lat' dir='ltr'>promiseram,</span> <span class='ocrx_word' id='word_1_609' title='bbox 3225 3966 3480 4037; x_wconf 87' lang='lat' dir='ltr'>qualiter</span> 
     </span>
    </p>
   </div>
   <div class='ocr_carea' id='block_1_92' title="bbox 1812 4055 3476 4133">
    <p class='ocr_par' dir='ltr' id='par_1_92' title="bbox 1812 4055 3476 4133">
     <span class='ocr_line' id='line_1_92' title="bbox 1812 4055 3476 4133; baseline -0.008 -14"><span class='ocrx_word' id='word_1_610' title='bbox 1812 4063 2185 4133; x_wconf 87' lang='lat' dir='ltr'>omnipotens</span> <span class='ocrx_word' id='word_1_611' title='bbox 2219 4062 2378 4115; x_wconf 89' lang='lat' dir='ltr'>Deus</span> <span class='ocrx_word' id='word_1_612' title='bbox 2401 4060 2513 4114; x_wconf 87' lang='lat' dir='ltr'>hoc</span> <span class='ocrx_word' id='word_1_613' title='bbox 2538 4057 2960 4112; x_wconf 87' lang='lat' dir='ltr'>monasterium</span> <span class='ocrx_word' id='word_1_614' title='bbox 2993 4070 3153 4125; x_wconf 67' lang='lat' dir='ltr'>saepe</span> <span class='ocrx_word' id='word_1_615' title='bbox 3181 4055 3252 4109; x_wconf 89' lang='lat' dir='ltr'>de</span> <span class='ocrx_word' id='word_1_616' title='bbox 3274 4057 3476 4124; x_wconf 72' lang='lat' dir='ltr'>tyran-</span> 
     </span>
    </p>
   </div>
   <div class='ocr_carea' id='block_1_93' title="bbox 1810 4142 3477 4217">
    <p class='ocr_par' dir='ltr' id='par_1_93' title="bbox 1810 4142 3477 4217">
     <span class='ocr_line' id='line_1_93' title="bbox 1810 4142 3477 4217; baseline -0.008 -10"><span class='ocrx_word' id='word_1_617' title='bbox 1810 4167 2020 4207; x_wconf 89' lang='lat' dir='ltr'>norum</span> <span class='ocrx_word' id='word_1_618' title='bbox 2045 4149 2318 4204; x_wconf 89' lang='lat' dir='ltr'>manibus</span> <span class='ocrx_word' id='word_1_619' title='bbox 2346 4148 2650 4217; x_wconf 89' lang='lat' dir='ltr'>eripuerit,</span> <span class='ocrx_word' id='word_1_620' title='bbox 2685 4146 2741 4199; x_wconf 90' lang='lat' dir='ltr'>in</span> <span class='ocrx_word' id='word_1_621' title='bbox 2771 4146 2885 4199; x_wconf 91' lang='lat' dir='ltr'>hoc</span> <span class='ocrx_word' id='word_1_622' title='bbox 2908 4142 3193 4209; x_wconf 87' lang='lat' dir='ltr'>secundo,</span> <span class='ocrx_word' id='word_1_623' title='bbox 3213 4157 3286 4195; x_wconf 83' lang='lat' dir='ltr'>ne</span> <span class='ocrx_word' id='word_1_624' title='bbox 3308 4157 3340 4194; x_wconf 88' lang='lat' dir='ltr'>a</span> <span class='ocrx_word' id='word_1_625' title='bbox 3364 4156 3477 4195; x_wconf 90' lang='lat' dir='ltr'>me-</span> 
     </span>
    </p>
   </div>
   <div class='ocr_carea' id='block_1_94' title="bbox 1814 4231 3399 4306">
    <p class='ocr_par' dir='ltr' id='par_1_94' title="bbox 1814 4231 3399 4306">
     <span class='ocr_line' id='line_1_94' title="bbox 1814 4231 3399 4306; baseline -0.009 -10"><span class='ocrx_word' id='word_1_626' title='bbox 1814 4240 1999 4296; x_wconf 89' lang='lat' dir='ltr'>moria</span> <span class='ocrx_word' id='word_1_627' title='bbox 2028 4240 2344 4306; x_wconf 90' lang='lat' dir='ltr'>laberetur,</span> <span class='ocrx_word' id='word_1_628' title='bbox 2380 4237 2644 4291; x_wconf 86' lang='lat' dir='ltr'>scribere</span> <span class='ocrx_word' id='word_1_629' title='bbox 2676 4236 3069 4304; x_wconf 82' lang='lat' dir='ltr'>opportunum</span> <span class='ocrx_word' id='word_1_630' title='bbox 3099 4231 3399 4285; x_wconf 85' lang='lat' dir='ltr'>duximus.</span> 
     </span>
    </p>
   </div>
   <div class='ocr_carea' id='block_1_95' title="bbox 1884 4318 3478 4400">
    <p class='ocr_par' dir='ltr' id='par_1_95' title="bbox 1884 4318 3478 4400">
     <span class='ocr_line' id='line_1_95' title="bbox 1884 4318 3478 4400; baseline -0.009 -15"><span class='ocrx_word' id='word_1_631' title='bbox 1884 4332 2035 4385; x_wconf 90' lang='lat' dir='ltr'>Dum</span> <span class='ocrx_word' id='word_1_632' title='bbox 2053 4327 2523 4400; x_wconf 69' lang='lat' dir='ltr'>praedecessoris</span> <span class='ocrx_word' id='word_1_633' title='bbox 2554 4324 2743 4379; x_wconf 90' lang='lat' dir='ltr'>nostri</span> <span class='ocrx_word' id='word_1_634' title='bbox 2793 4319 3150 4388; x_wconf 88' lang='lat' dir='ltr'>Athenulpbi</span> <span class='ocrx_word' id='word_1_635' title='bbox 3181 4318 3295 4390; x_wconf 79' lang='grc'>(45)</span> <span class='ocrx_word' id='word_1_636' title='bbox 3326 4323 3478 4394; x_wconf 81' lang='lat' dir='ltr'>tem-</span> 
     </span>
    </p>
   </div>
   <div class='ocr_carea' id='block_1_96' title="bbox 1815 4407 3484 4492">
    <p class='ocr_par' dir='ltr' id='par_1_96' title="bbox 1815 4407 3484 4492">
     <span class='ocr_line' id='line_1_96' title="bbox 1815 4407 3484 4492; baseline -0.009 -16"><span class='ocrx_word' id='word_1_637' title='bbox 1815 4437 1957 4492; x_wconf 89' lang='lat' dir='ltr'>pore</span> <span class='ocrx_word' id='word_1_638' title='bbox 1988 4418 2210 4490; x_wconf 84' lang='lat' dir='ltr'>praedia</span> <span class='ocrx_word' id='word_1_639' title='bbox 2240 4416 2424 4488; x_wconf 85' lang='lat' dir='ltr'>hujus</span> <span class='ocrx_word' id='word_1_640' title='bbox 2458 4413 2800 4470; x_wconf 88' lang='lat' dir='ltr'>monasterii</span> <span class='ocrx_word' id='word_1_641' title='bbox 2819 4411 3038 4466; x_wconf 90' lang='lat' dir='ltr'>acriter</span> <span class='ocrx_word' id='word_1_642' title='bbox 3055 4411 3127 4465; x_wconf 91' lang='lat' dir='ltr'>ab</span> <span class='ocrx_word' id='word_1_643' title='bbox 3152 4407 3484 4480; x_wconf 88' lang='lat' dir='ltr'>Aquinensi</span> 
     </span>
    </p>
   </div>
   <div class='ocr_carea' id='block_1_97' title="bbox 33 4485 1687 4585">
    <p class='ocr_par' dir='ltr' id='par_1_97' title="bbox 33 4501 1676 4585">
     <span class='ocr_line' id='line_1_97' title="bbox 33 4501 1676 4585; baseline -0.005 -23"><span class='ocrx_word' id='word_1_644' title='bbox 33 4521 230 4582; x_wconf 86' lang='lat' dir='ltr'>secum,</span> <span class='ocrx_word' id='word_1_645' title='bbox 249 4512 727 4585; x_wconf 89' lang='lat' dir='ltr'>utpromiserat,</span> <span class='ocrx_word' id='word_1_646' title='bbox 743 4508 1173 4578; x_wconf 89' lang='lat' dir='ltr'>assumpsisse.</span> <span class='ocrx_word' id='word_1_647' title='bbox 1193 4506 1335 4560; x_wconf 70' lang='lat' dir='ltr'>Haec</span> <span class='ocrx_word' id='word_1_648' title='bbox 1358 4520 1489 4574; x_wconf 64' lang='lat' dir='ltr'>quae</span> <span class='ocrx_word' id='word_1_649' title='bbox 1504 4501 1676 4557; x_wconf 90' lang='lat' dir='ltr'>retuli</span> 
     </span>
    </p>
   </div>
   <div class='ocr_carea' id='block_1_98' title="bbox 1876 4485 3484 4585">
    <p class='ocr_par' dir='ltr' id='par_1_98' title="bbox 1876 4485 3484 4575">
     <span class='ocr_line' id='line_1_98' title="bbox 1876 4485 3484 4575; baseline -0.008 -12"><span class='ocrx_word' id='word_1_650' title='bbox 1876 4485 2027 4564; x_wconf 72' lang='lat' dir='ltr'>imite</span> <span class='ocrx_word' id='word_1_651' title='bbox 2076 4485 2521 4575; x_wconf 79' lang='lat' dir='ltr'>infestarentur,</span> <span class='ocrx_word' id='word_1_652' title='bbox 2573 4506 2630 4558; x_wconf 89' lang='lat' dir='ltr'>et</span> <span class='ocrx_word' id='word_1_653' title='bbox 2658 4518 2851 4573; x_wconf 90' lang='lat' dir='ltr'>neque</span> <span class='ocrx_word' id='word_1_654' title='bbox 2898 4499 3321 4555; x_wconf 87' lang='lat' dir='ltr'>monachorum</span> <span class='ocrx_word' id='word_1_655' title='bbox 3351 4511 3484 4567; x_wconf 86' lang='lat' dir='ltr'>pre-</span> 
     </span>
    </p>
   </div>
   <div class='ocr_carea' id='block_1_99' title="bbox 30 4585 1687 4670">
    <p class='ocr_par' dir='ltr' id='par_1_99' title="bbox 30 4591 1687 4670">
     <span class='ocr_line' id='line_1_99' title="bbox 30 4591 1687 4670; baseline -0.007 -15"><span class='ocrx_word' id='word_1_656' title='bbox 30 4596 78 4649; x_wconf 78' lang='lat' dir='ltr'>in</span> <span class='ocrx_word' id='word_1_657' title='bbox 119 4603 373 4669; x_wconf 85' lang='lat' dir='ltr'>quadam</span> <span class='ocrx_word' id='word_1_658' title='bbox 427 4600 632 4655; x_wconf 84' lang='lat' dir='ltr'>veteri</span> <span class='ocrx_word' id='word_1_659' title='bbox 682 4598 958 4670; x_wconf 88' lang='lat' dir='ltr'>paginula</span> <span class='ocrx_word' id='word_1_660' title='bbox 1017 4597 1286 4666; x_wconf 90' lang='lat' dir='ltr'>imperito</span> <span class='ocrx_word' id='word_1_661' title='bbox 1344 4594 1492 4648; x_wconf 88' lang='lat' dir='ltr'>satis</span> <span class='ocrx_word' id='word_1_662' title='bbox 1551 4591 1687 4662; x_wconf 74' lang='lat' dir='ltr'>stylc</span> 
     </span>
    </p>
   </div>
   <div class='ocr_carea' id='block_1_100' title="bbox 1876 4585 3484 4670">
    <p class='ocr_par' dir='ltr' id='par_1_100' title="bbox 1880 4585 3484 4668">
     <span class='ocr_line' id='line_1_100' title="bbox 1880 4585 3484 4668; baseline -0.01 -14"><span class='ocrx_word' id='word_1_663' title='bbox 1880 4601 2014 4668; x_wconf 89' lang='lat' dir='ltr'>bus,</span> <span class='ocrx_word' id='word_1_664' title='bbox 2040 4612 2232 4668; x_wconf 87' lang='lat' dir='ltr'>neque</span> <span class='ocrx_word' id='word_1_665' title='bbox 2264 4594 2595 4650; x_wconf 89' lang='lat' dir='ltr'>reverentia</span> <span class='ocrx_word' id='word_1_666' title='bbox 2626 4592 2762 4645; x_wconf 87' lang='lat' dir='ltr'>almi</span> <span class='ocrx_word' id='word_1_667' title='bbox 2792 4592 2857 4645; x_wconf 86' lang='lat' dir='ltr'>P.</span> <span class='ocrx_word' id='word_1_668' title='bbox 2890 4588 3190 4645; x_wconf 89' lang='lat' dir='ltr'>Benedicti</span> <span class='ocrx_word' id='word_1_669' title='bbox 3222 4586 3322 4657; x_wconf 92' lang='lat' dir='ltr'>qui</span> <span class='ocrx_word' id='word_1_670' title='bbox 3354 4585 3484 4639; x_wconf 85' lang='lat' dir='ltr'>fun-</span> 
     </span>
    </p>
   </div>
   <div class='ocr_carea' id='block_1_101' title="bbox 32 4674 1687 4763">
    <p class='ocr_par' dir='ltr' id='par_1_101' title="bbox 32 4680 1687 4763">
     <span class='ocr_line' id='line_1_101' title="bbox 32 4680 1687 4763; baseline -0.004 -25"><span class='ocrx_word' id='word_1_671' title='bbox 32 4695 244 4745; x_wconf 74' lang='lat' dir='ltr'>exarata</span> <span class='ocrx_word' id='word_1_672' title='bbox 305 4692 550 4763; x_wconf 86' lang='lat' dir='ltr'>reperi,</span> <span class='ocrx_word' id='word_1_673' title='bbox 602 4691 924 4757; x_wconf 89' lang='lat' dir='ltr'>nostroque</span> <span class='ocrx_word' id='word_1_674' title='bbox 956 4701 1113 4740; x_wconf 91' lang='lat' dir='ltr'>nunc</span> <span class='ocrx_word' id='word_1_675' title='bbox 1145 4682 1448 4739; x_wconf 89' lang='lat' dir='ltr'>associare</span> <span class='ocrx_word' id='word_1_676' title='bbox 1506 4680 1687 4734; x_wconf 85' lang='lat' dir='ltr'>libellc</span> 
     </span>
    </p>
   </div>
   <div class='ocr_carea' id='block_1_102' title="bbox 1876 4674 3489 4763">
    <p class='ocr_par' dir='ltr' id='par_1_102' title="bbox 1876 4674 3489 4754">
     <span class='ocr_line' id='line_1_102' title="bbox 1876 4674 3489 4754; baseline -0.011 -12"><span class='ocrx_word' id='word_1_677' title='bbox 1876 4693 1989 4742; x_wconf 78' lang='lat' dir='ltr'>iter</span> <span class='ocrx_word' id='word_1_678' title='bbox 2008 4704 2076 4741; x_wconf 90' lang='lat' dir='ltr'>ac</span> <span class='ocrx_word' id='word_1_679' title='bbox 2099 4685 2422 4741; x_wconf 66' lang='lat' dir='ltr'>aedificator</span> <span class='ocrx_word' id='word_1_680' title='bbox 2440 4682 2621 4754; x_wconf 89' lang='lat' dir='ltr'>hujus</span> <span class='ocrx_word' id='word_1_681' title='bbox 2637 4679 2889 4735; x_wconf 71' lang='lat' dir='ltr'>caanobii</span> <span class='ocrx_word' id='word_1_682' title='bbox 2907 4679 3232 4743; x_wconf 89' lang='lat' dir='ltr'>exstiterat,</span> <span class='ocrx_word' id='word_1_683' title='bbox 3255 4674 3489 4727; x_wconf 90' lang='lat' dir='ltr'>animus</span> 
     </span>
    </p>
   </div>
   <div class='ocr_carea' id='block_1_103' title="bbox 31 4762 3494 4850">
    <p class='ocr_par' dir='ltr' id='par_1_103' title="bbox 31 4762 3494 4850">
     <span class='ocr_line' id='line_1_103' title="bbox 31 4762 3494 4850; baseline -0.008 -7"><span class='ocrx_word' id='word_1_684' title='bbox 31 4779 226 4834; x_wconf 68' lang='grc' dir='ltr'>Î´á½·Ï…á½±Î±á¼±.</span> <span class='ocrx_word' id='word_1_685' title='bbox 380 4762 397 4763; x_wconf 20' lang='lat'><em>7</em></span> <span class='ocrx_word' id='word_1_686' title='bbox 1830 4778 1964 4850; x_wconf 89' lang='lat' dir='ltr'>ejus</span> <span class='ocrx_word' id='word_1_687' title='bbox 1989 4776 2398 4840; x_wconf 87' lang='lat' dir='ltr'>emolesceret,</span> <span class='ocrx_word' id='word_1_688' title='bbox 2432 4776 2493 4826; x_wconf 88' lang='lat' dir='ltr'>ut</span> <span class='ocrx_word' id='word_1_689' title='bbox 2511 4772 2583 4826; x_wconf 92' lang='lat' dir='ltr'>ab</span> <span class='ocrx_word' id='word_1_690' title='bbox 2600 4769 2781 4840; x_wconf 91' lang='lat' dir='ltr'>hujus</span> <span class='ocrx_word' id='word_1_691' title='bbox 2810 4767 3185 4822; x_wconf 89' lang='lat' dir='ltr'>locilaesione</span> <span class='ocrx_word' id='word_1_692' title='bbox 3204 4778 3270 4816; x_wconf 90' lang='lat' dir='ltr'>se</span> <span class='ocrx_word' id='word_1_693' title='bbox 3294 4762 3494 4832; x_wconf 89' lang='lat' dir='ltr'>aliquo</span> 
     </span>
    </p>
   </div>
   <div class='ocr_carea' id='block_1_104' title="bbox 84 4853 3506 4941">
    <p class='ocr_par' dir='ltr' id='par_1_104' title="bbox 84 4853 3506 4941">
     <span class='ocr_line' id='line_1_104' title="bbox 84 4853 3506 4941; baseline -0.008 -11"><span class='ocrx_word' id='word_1_694' title='bbox 84 4866 217 4930; x_wconf 77' lang='lat' dir='ltr'>QUia</span> <span class='ocrx_word' id='word_1_695' title='bbox 248 4887 401 4927; x_wconf 83' lang='lat' dir='ltr'>vero</span> <span class='ocrx_word' id='word_1_696' title='bbox 438 4869 827 4941; x_wconf 90' lang='lat' dir='ltr'>omnipotens</span> <span class='ocrx_word' id='word_1_697' title='bbox 867 4867 1027 4922; x_wconf 89' lang='lat' dir='ltr'>Deus</span> <span class='ocrx_word' id='word_1_698' title='bbox 1048 4881 1192 4937; x_wconf 76' lang='lat' dir='ltr'>l,non</span> <span class='ocrx_word' id='word_1_699' title='bbox 1236 4866 1456 4917; x_wconf 83' lang='lat' dir='ltr'>tantum</span> <span class='ocrx_word' id='word_1_700' title='bbox 1492 4860 1547 4913; x_wconf 83' lang='lat' dir='ltr'>in</span> <span class='ocrx_word' id='word_1_701' title='bbox 1581 4873 1705 4911; x_wconf 74' lang='lat' dir='ltr'>ma-</span> <span class='ocrx_word' id='word_1_702' title='bbox 1824 4868 1997 4923; x_wconf 90' lang='lat' dir='ltr'>modo</span> <span class='ocrx_word' id='word_1_703' title='bbox 2012 4861 2732 4935; x_wconf 82' lang='lat' dir='ltr'>temperaret,praedietus</span> <span class='ocrx_word' id='word_1_704' title='bbox 2753 4857 2938 4911; x_wconf 87' lang='lat' dir='ltr'>abbas</span> <span class='ocrx_word' id='word_1_705' title='bbox 2975 4853 3330 4908; x_wconf 79' lang='lat' dir='ltr'>necessitate</span> <span class='ocrx_word' id='word_1_706' title='bbox 3352 4865 3506 4905; x_wconf 91' lang='lat' dir='ltr'>com-</span> 
     </span>
    </p>
   </div>
   <div class='ocr_carea' id='block_1_105' title="bbox 83 5002 1709 5083">
    <p class='ocr_par' dir='ltr' id='par_1_105' title="bbox 83 5002 1709 5083">
     <span class='ocr_line' id='line_1_105' title="bbox 83 5002 1709 5083; baseline -0.012 -9"><span class='ocrx_word' id='word_1_707' title='bbox 83 5011 187 5083; x_wconf 60' lang='grc'>(43)</span> <span class='ocrx_word' id='word_1_708' title='bbox 219 5015 543 5069; x_wconf 88' lang='lat' dir='ltr'>Narratur</span> <span class='ocrx_word' id='word_1_709' title='bbox 578 5025 812 5083; x_wconf 89' lang='lat' dir='ltr'>quoque</span> <span class='ocrx_word' id='word_1_710' title='bbox 844 5011 903 5064; x_wconf 92' lang='lat' dir='ltr'>in</span> <span class='ocrx_word' id='word_1_711' title='bbox 949 5024 1131 5064; x_wconf 88' lang='lat' dir='ltr'>serm.</span> <span class='ocrx_word' id='word_1_712' title='bbox 1166 5022 1278 5060; x_wconf 91' lang='lat' dir='ltr'>ms.</span> <span class='ocrx_word' id='word_1_713' title='bbox 1314 5004 1471 5059; x_wconf 86' lang='lat' dir='ltr'>Petri</span> <span class='ocrx_word' id='word_1_714' title='bbox 1503 5002 1709 5057; x_wconf 91' lang='lat' dir='ltr'>Diaco-</span> 
     </span>
    </p>
   </div>
   <div class='ocr_carea' id='block_1_106' title="bbox 24 5080 925 5141">
    <p class='ocr_par' dir='ltr' id='par_1_106' title="bbox 24 5080 925 5141">
     <span class='ocr_line' id='line_1_106' title="bbox 24 5080 925 5141; baseline 0.002 -8"><span class='ocrx_word' id='word_1_715' title='bbox 24 5080 71 5134; x_wconf 88' lang='lat' dir='ltr'>ni</span> <span class='ocrx_word' id='word_1_716' title='bbox 97 5080 175 5137; x_wconf 87' lang='lat' dir='ltr'>de</span> <span class='ocrx_word' id='word_1_717' title='bbox 196 5090 316 5141; x_wconf 89' lang='lat' dir='ltr'>oet.</span> <span class='ocrx_word' id='word_1_718' title='bbox 355 5086 576 5141; x_wconf 88' lang='lat' dir='ltr'>sancti</span> <span class='ocrx_word' id='word_1_719' title='bbox 594 5080 925 5137; x_wconf 75' lang='lat' dir='ltr'>Benedicti.</span> 
     </span>
    </p>
   </div>
   <div class='ocr_carea' id='block_1_107' title="bbox 80 5145 1710 5228">
    <p class='ocr_par' dir='ltr' id='par_1_107' title="bbox 80 5145 1710 5228">
     <span class='ocr_line' id='line_1_107' title="bbox 80 5145 1710 5228; baseline -0.01 -15"><span class='ocrx_word' id='word_1_720' title='bbox 80 5154 185 5223; x_wconf 73' lang='grc'>(44)</span> <span class='ocrx_word' id='word_1_721' title='bbox 217 5158 323 5228; x_wconf 82' lang='lat' dir='ltr'>Ea,</span> <span class='ocrx_word' id='word_1_722' title='bbox 342 5174 493 5227; x_wconf 67' lang='lat' dir='ltr'>qua:</span> <span class='ocrx_word' id='word_1_723' title='bbox 526 5157 609 5228; x_wconf 10' lang='lat' dir='ltr'>de,</span> <span class='ocrx_word' id='word_1_724' title='bbox 624 5153 995 5228; x_wconf 74' lang='lat' dir='ltr'>lampadibus</span> <span class='ocrx_word' id='word_1_725' title='bbox 1020 5145 1710 5228; x_wconf 46' lang='lat' dir='ltr'>i&#39;eferuntur,nconfi&#39;rmat</span> 
     </span>
    </p>
   </div>
   <div class='ocr_carea' id='block_1_108' title="bbox 22 5218 1710 5290">
    <p class='ocr_par' dir='ltr' id='par_1_108' title="bbox 22 5218 1710 5290">
     <span class='ocr_line' id='line_1_108' title="bbox 22 5218 1710 5290; baseline -0.004 -16"><span class='ocrx_word' id='word_1_726' title='bbox 22 5218 175 5280; x_wconf 82' lang='lat' dir='ltr'>etiam</span> <span class='ocrx_word' id='word_1_727' title='bbox 224 5218 543 5283; x_wconf 45' lang='lat' dir='ltr'>Leo-Oet.</span> <span class='ocrx_word' id='word_1_728' title='bbox 600 5227 657 5280; x_wconf 90' lang='lat' dir='ltr'>in</span> <span class='ocrx_word' id='word_1_729' title='bbox 678 5218 895 5278; x_wconf 77' lang='lat' dir='ltr'>Chron.</span> <span class='ocrx_word' id='word_1_730' title='bbox 919 5224 1023 5278; x_wconf 90' lang='lat' dir='ltr'>lib.</span> <span class='ocrx_word' id='word_1_731' title='bbox 1058 5240 1139 5290; x_wconf 82' lang='lat' dir='ltr'>in,</span> <span class='ocrx_word' id='word_1_732' title='bbox 1181 5237 1309 5289; x_wconf 88' lang='lat' dir='ltr'>cap.</span> <span class='ocrx_word' id='word_1_733' title='bbox 1342 5218 1431 5283; x_wconf 83' lang='lat'>38,</span> <span class='ocrx_word' id='word_1_734' title='bbox 1462 5223 1520 5290; x_wconf 86' lang='lat' dir='ltr'>et</span> <span class='ocrx_word' id='word_1_735' title='bbox 1550 5218 1710 5290; x_wconf 68' lang='lat' dir='ltr'>Iâ€™etr.</span> 
     </span>
    </p>
   </div>
   <div class='ocr_carea' id='block_1_109' title="bbox 20 5287 1714 5355">
    <p class='ocr_par' dir='ltr' id='par_1_109' title="bbox 20 5287 1714 5355">
     <span class='ocr_line' id='line_1_109' title="bbox 20 5287 1714 5355; baseline -0.005 -8"><span class='ocrx_word' id='word_1_736' title='bbox 20 5293 162 5352; x_wconf 88' lang='lat' dir='ltr'>Diae.</span> <span class='ocrx_word' id='word_1_737' title='bbox 202 5301 262 5355; x_wconf 93' lang='lat' dir='ltr'>in</span> <span class='ocrx_word' id='word_1_738' title='bbox 297 5315 503 5355; x_wconf 86' lang='lat' dir='ltr'>serm.</span> <span class='ocrx_word' id='word_1_739' title='bbox 550 5315 664 5351; x_wconf 87' lang='lat' dir='ltr'>ms.</span> <span class='ocrx_word' id='word_1_740' title='bbox 699 5297 769 5352; x_wconf 90' lang='lat' dir='ltr'>de</span> <span class='ocrx_word' id='word_1_741' title='bbox 794 5301 908 5350; x_wconf 90' lang='lat' dir='ltr'>oct.</span> <span class='ocrx_word' id='word_1_742' title='bbox 946 5294 1006 5349; x_wconf 83' lang='lat' dir='ltr'>S.</span> <span class='ocrx_word' id='word_1_743' title='bbox 1034 5287 1356 5346; x_wconf 83' lang='lat' dir='ltr'>Benedicti.</span> <span class='ocrx_word' id='word_1_744' title='bbox 1394 5289 1585 5343; x_wconf 77' lang='lat' dir='ltr'>Afï¬ne</span> <span class='ocrx_word' id='word_1_745' title='bbox 1618 5287 1714 5340; x_wconf 92' lang='lat' dir='ltr'>his</span> 
     </span>
    </p>
   </div>
   <div class='ocr_carea' id='block_1_110' title="bbox 18 5360 1716 5441">
    <p class='ocr_par' dir='ltr' id='par_1_110' title="bbox 18 5360 1716 5441">
     <span class='ocr_line' id='line_1_110' title="bbox 18 5360 1716 5441; baseline -0.005 -23"><span class='ocrx_word' id='word_1_746' title='bbox 18 5369 312 5426; x_wconf 84' lang='lat' dir='ltr'>miraculis</span> <span class='ocrx_word' id='word_1_747' title='bbox 338 5376 466 5438; x_wconf 88' lang='lat' dir='ltr'>est,</span> <span class='ocrx_word' id='word_1_748' title='bbox 519 5371 685 5441; x_wconf 86' lang='lat' dir='ltr'>quod</span> <span class='ocrx_word' id='word_1_749' title='bbox 718 5370 788 5423; x_wconf 90' lang='lat' dir='ltr'>de</span> <span class='ocrx_word' id='word_1_750' title='bbox 811 5366 899 5441; x_wconf 61' lang='grc' dir='ltr'>Î”8.</span> <span class='ocrx_word' id='word_1_751' title='bbox 929 5366 1177 5441; x_wconf 71' lang='lat' dir='ltr'>Martiae</span> <span class='ocrx_word' id='word_1_752' title='bbox 1203 5364 1479 5416; x_wconf 87' lang='lat' dir='ltr'>haustum</span> <span class='ocrx_word' id='word_1_753' title='bbox 1509 5375 1583 5413; x_wconf 82' lang='lat' dir='ltr'>ex</span> <span class='ocrx_word' id='word_1_754' title='bbox 1614 5360 1716 5441; x_wconf 53' lang='lat' dir='ltr'>Se:</span> 
     </span>
    </p>
   </div>
   <div class='ocr_carea' id='block_1_111' title="bbox 18 5431 1717 5514">
    <p class='ocr_par' dir='ltr' id='par_1_111' title="bbox 18 5431 1717 5514">
     <span class='ocr_line' id='line_1_111' title="bbox 18 5431 1717 5514; baseline -0.006 -22"><span class='ocrx_word' id='word_1_755' title='bbox 18 5450 140 5514; x_wconf 54' lang='lat' dir='ltr'>fere</span> <span class='ocrx_word' id='word_1_756' title='bbox 174 5431 463 5514; x_wconf 77' lang='lat' dir='ltr'>Sulpicio</span> <span class='ocrx_word' id='word_1_757' title='bbox 519 5431 755 5511; x_wconf 79' lang='lat' dir='ltr'>Dialog.</span> <span class='ocrx_word' id='word_1_758' title='bbox 806 5436 863 5514; x_wconf 51' lang='grc' dir='ltr'>Î¾Îµ</span> <span class='ocrx_word' id='word_1_759' title='bbox 908 5453 1039 5507; x_wconf 91' lang='lat' dir='ltr'>cap,</span> <span class='ocrx_word' id='word_1_760' title='bbox 1070 5435 1127 5514; x_wconf 45' lang='grc' dir='ltr'>Î¾Îµ</span> <span class='ocrx_word' id='word_1_761' title='bbox 1160 5449 1375 5514; x_wconf 66' lang='lat' dir='ltr'>versus</span> <span class='ocrx_word' id='word_1_762' title='bbox 1417 5431 1717 5514; x_wconf 71' lang='lat' dir='ltr'>expressit</span> 
     </span>
    </p>
   </div>
   <div class='ocr_carea' id='block_1_112' title="bbox 17 5502 1719 5639">
    <p class='ocr_par' dir='ltr' id='par_1_112' title="bbox 17 5502 1719 5639">
     <span class='ocr_line' id='line_1_112' title="bbox 17 5502 1719 5639; baseline -0.006 -73"><span class='ocrx_word' id='word_1_763' title='bbox 17 5502 334 5639; x_wconf 44' lang='lat' dir='ltr'>genantius</span> <span class='ocrx_word' id='word_1_764' title='bbox 370 5502 757 5571; x_wconf 71' lang='lat' dir='ltr'>Fortunatus</span> <span class='ocrx_word' id='word_1_765' title='bbox 809 5502 910 5567; x_wconf 87' lang='lat' dir='ltr'>lib.</span> <span class='ocrx_word' id='word_1_766' title='bbox 948 5502 1034 5580; x_wconf 55' lang='lat' dir='ltr'>te,</span> <span class='ocrx_word' id='word_1_767' title='bbox 1086 5502 1169 5564; x_wconf 88' lang='lat' dir='ltr'>De</span> <span class='ocrx_word' id='word_1_768' title='bbox 1203 5506 1325 5560; x_wconf 86' lang='lat' dir='ltr'>Vita</span> <span class='ocrx_word' id='word_1_769' title='bbox 1355 5503 1544 5560; x_wconf 89' lang='lat' dir='ltr'>sancti</span> <span class='ocrx_word' id='word_1_770' title='bbox 1571 5502 1719 5559; x_wconf 85' lang='lat' dir='ltr'>Mar-</span> 
     </span>
     <span class='ocr_line' id='line_1_113' title="bbox 61 5600 161 5639; baseline 0.01 -1"><span class='ocrx_word' id='word_1_771' title='bbox 61 5600 116 5638; x_wconf 85' lang='lat' dir='ltr'>m</span> <span class='ocrx_word' id='word_1_772' title='bbox 148 5604 161 5639; x_wconf 92' lang='lat'>:</span> 
     </span>
    </p>
   </div>
   <div class='ocr_carea' id='block_1_113' title="bbox 61 5600 161 5646">
    <p class='ocr_par' dir='ltr' id='par_1_113' title="bbox 61 5600 161 5646">
     <span class='ocr_line' id='line_1_114' title="bbox 61 5600 161 5646; baseline 0 -8"><span class='ocrx_word' id='word_1_773' title='bbox 61 5600 161 5646; x_wconf 82' lang='lat' dir='ltr'>n1:</span> 
     </span>
    </p>
   </div>
   <div class='ocr_carea' id='block_1_114' title="bbox 1897 5017 3434 5100">
    <p class='ocr_par' dir='ltr' id='par_1_114' title="bbox 1897 5017 3434 5100">
     <span class='ocr_line' id='line_1_115' title="bbox 1897 5017 3434 5100; baseline -0.013 -16"><span class='ocrx_word' id='word_1_774' title='bbox 1897 5029 2088 5100; x_wconf 86' lang='lat' dir='ltr'>Lapsa</span> <span class='ocrx_word' id='word_1_775' title='bbox 2114 5026 2460 5098; x_wconf 77' lang='lat' dir='ltr'>pavimento</span> <span class='ocrx_word' id='word_1_776' title='bbox 2482 5019 2730 5093; x_wconf 82' lang='lat' dir='ltr'>ampulla</span> <span class='ocrx_word' id='word_1_777' title='bbox 2754 5022 2872 5072; x_wconf 83' lang='lat' dir='ltr'>stat</span> <span class='ocrx_word' id='word_1_778' title='bbox 2890 5028 3185 5069; x_wconf 83' lang='lat' dir='ltr'>marmore</span> <span class='ocrx_word' id='word_1_779' title='bbox 3217 5017 3385 5066; x_wconf 84' lang='lat' dir='ltr'>tenso</span> <span class='ocrx_word' id='word_1_780' title='bbox 3418 5028 3434 5064; x_wconf 89' lang='lat'><strong><em>:</em></strong></span> 
     </span>
    </p>
   </div>
   <div class='ocr_carea' id='block_1_115' title="bbox 1896 5100 3505 5181">
    <p class='ocr_par' dir='ltr' id='par_1_115' title="bbox 1896 5100 3505 5181">
     <span class='ocr_line' id='line_1_116' title="bbox 1896 5100 3505 5181; baseline -0.014 -8"><span class='ocrx_word' id='word_1_781' title='bbox 1896 5118 2021 5173; x_wconf 83' lang='lat' dir='ltr'>Sed</span> <span class='ocrx_word' id='word_1_782' title='bbox 2056 5132 2163 5171; x_wconf 68' lang='lat' dir='ltr'>nec:</span> <span class='ocrx_word' id='word_1_783' title='bbox 2187 5130 2331 5169; x_wconf 74' lang='lat' dir='ltr'>saxa</span> <span class='ocrx_word' id='word_1_784' title='bbox 2361 5113 2577 5167; x_wconf 75' lang='lat' dir='ltr'>vitrum</span> <span class='ocrx_word' id='word_1_785' title='bbox 2599 5108 2874 5181; x_wconf 79' lang='lat' dir='ltr'>perdunt,</span> <span class='ocrx_word' id='word_1_786' title='bbox 2906 5119 3011 5158; x_wconf 83' lang='lat' dir='ltr'>nec</span> <span class='ocrx_word' id='word_1_787' title='bbox 3038 5118 3176 5157; x_wconf 83' lang='lat' dir='ltr'>vasa</span> <span class='ocrx_word' id='word_1_788' title='bbox 3198 5100 3505 5172; x_wconf 83' lang='lat' dir='ltr'>liquorem.</span> 
     </span>
    </p>
   </div>
   <div class='ocr_carea' id='block_1_116' title="bbox 1898 5257 3511 5351">
    <p class='ocr_par' dir='ltr' id='par_1_116' title="bbox 1898 5257 3511 5351">
     <span class='ocr_line' id='line_1_117' title="bbox 1898 5257 3511 5351; baseline -0.017 -15"><span class='ocrx_word' id='word_1_789' title='bbox 1898 5277 2012 5351; x_wconf 71' lang='lat'>(45)</span> <span class='ocrx_word' id='word_1_790' title='bbox 2064 5270 2501 5351; x_wconf 64' lang='lat' dir='ltr'>Atlienulplips</span> <span class='ocrx_word' id='word_1_791' title='bbox 2565 5269 2751 5351; x_wconf 81' lang='lat' dir='ltr'>abbas</span> <span class='ocrx_word' id='word_1_792' title='bbox 2799 5265 2953 5321; x_wconf 88' lang='lat' dir='ltr'>sedit</span> <span class='ocrx_word' id='word_1_793' title='bbox 2994 5257 3405 5351; x_wconf 12' lang='lat' dir='ltr'>attinntâ€˜lutltâ€˜lâ€˜,</span> <span class='ocrx_word' id='word_1_794' title='bbox 3444 5259 3511 5351; x_wconf 64' lang='lat' dir='ltr'>et</span> 
     </span>
    </p>
   </div>
   <div class='ocr_carea' id='block_1_117' title="bbox 1827 5332 3511 5421">
    <p class='ocr_par' dir='ltr' id='par_1_117' title="bbox 1827 5332 3511 5421">
     <span class='ocr_line' id='line_1_118' title="bbox 1827 5332 3511 5421; baseline -0.016 -14"><span class='ocrx_word' id='word_1_795' title='bbox 1827 5332 2195 5421; x_wconf 54' lang='lat' dir='ltr'>vixitlusque</span> <span class='ocrx_word' id='word_1_796' title='bbox 2233 5348 2301 5401; x_wconf 84' lang='lat' dir='ltr'>ad</span> <span class='ocrx_word' id='word_1_797' title='bbox 2350 5332 2515 5421; x_wconf 50' lang='lat'>1999,</span> <span class='ocrx_word' id='word_1_798' title='bbox 2546 5343 2996 5421; x_wconf 42' lang='lat' dir='ltr'>quohtcmpore.</span> <span class='ocrx_word' id='word_1_799' title='bbox 3021 5332 3397 5421; x_wconf 52' lang='lat' dir='ltr'>c%ti_geruâ€˜nt</span> 
     </span>
    </p>
   </div>
   <div class='ocr_carea' id='block_1_118' title="bbox 1829 5399 3511 5497">
    <p class='ocr_par' dir='ltr' id='par_1_118' title="bbox 1829 5399 3511 5497">
     <span class='ocr_line' id='line_1_119' title="bbox 1829 5399 3511 5497; baseline -0.018 -16"><span class='ocrx_word' id='word_1_800' title='bbox 1829 5399 1974 5497; x_wconf 61' lang='grc' dir='ltr'>á¾á½·á½·á¾¶á¼</span> <span class='ocrx_word' id='word_1_801' title='bbox 1993 5399 2192 5497; x_wconf 45' lang='lat' dir='ltr'>{aditi</span> <span class='ocrx_word' id='word_1_802' title='bbox 2223 5399 2619 5497; x_wconf 45' lang='lat' dir='ltr'>Desideriiis.</span> <span class='ocrx_word' id='word_1_803' title='bbox 2652 5411 2797 5493; x_wconf 79' lang='lat' dir='ltr'>Vide</span> <span class='ocrx_word' id='word_1_804' title='bbox 2826 5399 3041 5497; x_wconf 28' lang='lat' dir='ltr'>Ostiin</span> <span class='ocrx_word' id='word_1_805' title='bbox 3062 5399 3289 5497; x_wconf 51' lang='lat' dir='ltr'>Europ.</span> <span class='ocrx_word' id='word_1_806' title='bbox 3320 5399 3511 5497; x_wconf 44' lang='lat' dir='ltr'>iam,</span> 
     </span>
    </p>
   </div>
   <div class='ocr_carea' id='block_1_119' title="bbox 1830 5471 3511 5567">
    <p class='ocr_par' dir='ltr' id='par_1_119' title="bbox 1830 5471 3511 5567">
     <span class='ocr_line' id='line_1_120' title="bbox 1830 5471 3511 5567; baseline -0.015 -15"><span class='ocrx_word' id='word_1_807' title='bbox 1830 5471 1960 5567; x_wconf 56' lang='lat'>33;.</span> <span class='ocrx_word' id='word_1_808' title='bbox 1994 5471 2199 5567; x_wconf 34' lang='grc' dir='ltr'>â€™,Î´á½·</span> <span class='ocrx_word' id='word_1_809' title='bbox 2225 5471 2483 5545; x_wconf 62' lang='lat' dir='ltr'>_Petrum</span> <span class='ocrx_word' id='word_1_810' title='bbox 2537 5485 2700 5540; x_wconf 86' lang='lat' dir='ltr'>Diae.</span> <span class='ocrx_word' id='word_1_811' title='bbox 2739 5483 2799 5537; x_wconf 89' lang='lat' dir='ltr'>in</span> <span class='ocrx_word' id='word_1_812' title='bbox 2843 5494 3021 5536; x_wconf 88' lang='lat' dir='ltr'>serm.</span> <span class='ocrx_word' id='word_1_813' title='bbox 3056 5475 3129 5543; x_wconf 79' lang='lat' dir='ltr'>de</span> <span class='ocrx_word' id='word_1_814' title='bbox 3161 5476 3276 5530; x_wconf 89' lang='lat' dir='ltr'>oet.</span> <span class='ocrx_word' id='word_1_815' title='bbox 3319 5471 3511 5529; x_wconf 83' lang='lat' dir='ltr'>sancti</span> 
     </span>
    </p>
   </div>
   <div class='ocr_carea' id='block_1_120' title="bbox 1828 5562 2133 5627">
    <p class='ocr_par' dir='ltr' id='par_1_120' title="bbox 1828 5562 2133 5627">
     <span class='ocr_line' id='line_1_121' title="bbox 1828 5562 2133 5627; baseline -0.03 0"><span class='ocrx_word' id='word_1_816' title='bbox 1828 5562 2133 5627; x_wconf 71' lang='lat' dir='ltr'>Benedicti</span> 
     </span>
    </p>
   </div>
  </div>
