3926 6146
458 321 581 385 999

1734 318 2129 384 VICTORIS
2155 321 2267 383 ΙῙῙ.
2300 357 2377 368 -
2408 322 2653 384 ΡΑΡᾹΞ

3674 332 3790 397 1000

461 519 691 588 pulsus,
723 521 1035 590 postquam
1068 520 1209 573 vidit
1240 518 1500 574 ferocem
1533 519 1642 572 viri
1675 518 1930 573 animum
1958 519 2123 574 nullo
2153 505 2210 566 Α
2242 520 2609 575 obsidionem
2635 521 2903 592 ejusdem
2924 522 3082 576 arcis
3100 523 3351 576 animum
3381 525 3654 582 intendunt.
3669 530 3795 597 (Mira

463 608 634 662 modo
666 608 920 678 mitigari
953 624 1150 677 posse,
1185 609 1406 678 aliquot
1451 625 1523 661 ex
1574 608 1977 672 Nortmannis,
2025 610 2127 678 qui

463 701 601 750 tunc
633 697 915 765 temporis
949 696 1240 750 conduetu
1276 702 1610 750 nostrorum
1648 696 1973 765 principum
2014 696 2129 749 Ita-

466 785 600 838 liam
623 784 1031 849 adventabant,
1052 785 1109 837 in
1131 786 1558 854 possessiones
1582 784 1763 854 hujus
1787 785 2129 839 monasterii

465 877 756 943 quatenus
808 887 910 927 eas
943 890 972 925 a
1010 874 1297 941 praedicto
1331 874 1541 927 comite
1572 889 1678 943 per
1709 889 1813 926 eos
1846 877 2125 942 tueretur,

465 961 713 1014 induxit.
739 960 845 1023 Qui
882 964 1195 1030 postquam
1227 965 1281 1015 et
1322 962 1528 1015 domos
1560 962 1629 1014 ad
1671 962 2041 1028 manendum,
2077 965 2133 1015 et

468 1049 1001 1118 stipendia,quibus
1026 1050 1764 1117 sustentarentur,abunde
1782 1065 2128 1120 percepero,

468 1142 774 1207 cmperunt
834 1154 1084 1208 quaeque
1133 1139 1474 1192 monasterii
1521 1139 1907 1206 pertinentia,
1969 1154 2132 1192 more

470 1232 846 1280 strenuorum
878 1227 1148 1294 militum,
1198 1227 1453 1280 inimicis
1494 1228 1670 1297 longe
1711 1226 1990 1296 repulsis,
2024 1227 2137 1280 cir-

468 1315 763 1368 cumcirca
821 1315 1098 1368 nobiliter
1140 1315 1505 1385 fidcliterque
1564 1315 1902 1369 defendere.
1950 1317 2135 1385 Igitur

469 1418 600 1457 cum
634 1403 953 1471 praedictus
972 1403 1179 1472 abbas,
1201 1407 1256 1457 ct
1277 1404 1375 1473 qui
1407 1403 1461 1457 ei
1491 1404 1547 1456 in
1567 1404 1853 1475 regimine
1872 1405 2134 1458 secundo

469 1492 661 1564 gradu
708 1495 1107 1561 successerat,
1142 1493 1549 1561 supervixere,
1595 1494 1865 1547 conducti
1918 1494 2136 1547 milites

469 1580 616 1634 satis
646 1580 897 1634 honeste
928 1581 986 1634 in
1018 1596 1220 1634 eorum
1254 1582 1530 1635 fidelitate
1562 1585 1907 1636 manserunt
1938 1598 1948 1635 :
1976 1586 2136 1650 post-

469 1685 644 1740 quam
667 1686 808 1724 vero
834 1670 982 1739 ipsis
1026 1670 1133 1723 hac
1156 1671 1271 1723 vita
1292 1671 1631 1735 subtractis,
1659 1670 1892 1725 fortuna
1906 1675 2137 1725 nostro-

470 1775 600 1812 rum
632 1759 964 1828 principum
994 1763 1232 1827 mutata,
1266 1759 1689 1828 aliquantulum
1720 1760 1996 1813 vacillare
2030 1775 2141 1813 cce-

469 1848 570 1917 pit,
606 1847 1024 1901 Nortmannica
1059 1846 1297 1915 cohors,
1338 1862 1469 1916 qua)
1528 1847 1603 1900 ob
1637 1852 1896 1901 nostram
1928 1848 2137 1902 defen-

472 1936 701 1989 sionem
732 1935 995 1988 admissa
1029 1934 1238 2003 fuerat,
1272 1936 1443 1989 nobis
1477 1935 1651 1989 infida
1684 1941 1856 2006 atque
1886 1937 2137 1991 adversa

471 2023 749 2093 paulatim
772 2039 909 2076 esse
934 2023 1131 2091 coepit;
1170 2039 1301 2093 quae
1325 2024 1583 2094 quotidie
1619 2024 1690 2078 ad
1724 2027 1983 2078 nostram
2009 2040 2141 2093 per-

472 2112 687 2166 niciem
718 2114 781 2165 ut
812 2111 977 2165 canis
1021 2114 1078 2164 et
1123 2127 1405 2182 serpens,
1457 2114 1628 2166 modo
1680 2112 1808 2167 haec
1840 2114 2012 2167 modo
2041 2114 2138 2166 illa

474 2200 651 2255 nobis
665 2200 1055 2267 auferens,ad
1077 2200 1527 2255 dominationem
1549 2202 1641 2255 sui
1660 2201 1820 2271 juris
1846 2202 2138 2273 sacrilega

472 2288 628 2343 ducti
654 2288 991 2357 cupiditate,
1037 2288 1377 2342 devolvunt.
1408 2290 1576 2343 Unde
1614 2289 1831 2343 factum
1863 2293 1953 2343 est
1981 2295 2041 2342 ut
2067 2305 2141 2343 ex

470 2381 626 2432 tanta
650 2380 883 2446 tamque
900 2379 1091 2448 ampla
1112 2379 1503 2447 possessione
1521 2380 1661 2433 nihil
1687 2381 1841 2433 aliud
1861 2380 1931 2432 ad
1948 2380 2140 2433 nostri

475 2467 771 2521 commodi
803 2483 972 2533 usus,
1008 2471 1224 2536 praeter
1254 2468 1568 2535 civitatem,
1603 2484 1735 2539 qum
1765 2469 1838 2522 ad
1884 2469 2139 2521 radicem

472 2555 674 2609 Casini
705 2555 922 2608 montis
956 2555 1065 2607 sita
1115 2558 1225 2623 est,
1279 2571 1410 2609 cum
1460 2559 1713 2626 quatuor
1754 2558 1847 2610 vel
1878 2556 2138 2626 quinque

471 2645 742 2697 villarum
776 2644 998 2708 fundis,
1033 2645 1426 2699 remanserit:
1462 2646 1561 2714 qui
1588 2646 1760 2698 etiam
1791 2646 1968 2713 (sicut
1997 2647 2140 2703 bar-

472 2726 669 2786 barica
702 2732 944 2786 avaritia
990 2733 1181 2786 nescit
1219 2735 1421 2787 tenere
1458 2733 1721 2800 modum)
1770 2735 2028 2803 quotidie
2066 2737 2140 2790 ab

475 2821 563 2875 eis
595 2821 890 2891 Oppressi,
926 2822 1043 2875 illis
1078 2837 1223 2890 epes
1254 2821 1595 2876 auferentes
1635 2823 1807 2877 nobis
1839 2824 2140 2878 miseriam

473 2911 648 2978 atque
682 2908 934 2978 inopiam
962 2909 1311 2963 tribuebant.
1341 2908 1485 2962 Cum
1518 2910 1699 2981 igitur
1727 2925 1832 2980 per
1860 2912 2139 2983 aliquanti

474 2997 725 3067 spatium
758 2998 1042 3066 temporis
1075 2998 1205 3052 sine
1237 2998 1354 3051 ulla
1398 2999 1577 3052 animi
1605 3000 1818 3068 pietate
1850 3001 1905 3054 id
1942 3001 2140 3054 inces-

474 3090 679 3140 santer
694 3091 959 3157 agerent,
978 3086 1391 3141 etmisericors
1409 3104 1476 3141 ac
1488 3089 1623 3157 pius
1640 3088 1925 3143 Dominus
1945 3090 2141 3144 servis

473 3176 602 3229 suis
622 3176 774 3229 fame
798 3179 969 3246 atque
989 3176 1183 3245 inopia
1202 3176 1627 3245 laborantibus,
1645 3193 1754 3231 sua
1774 3177 2141 3249 benignitate

475 3264 794 3317 subvenire
844 3264 1234 3331 decrevisset,
1270 3264 1655 3319 beatissimus
1683 3267 1749 3320 P.
1786 3267 2141 3321 Benedictus

473 3353 702 3407 cuidam
736 3352 960 3406 rustico
991 3352 1050 3405 in
1079 3353 1272 3423 agello
1315 3352 1628 3423 cujusdam
1660 3359 1883 3409 nostrae
1914 3356 2135 3411 villulae

475 3441 882 3509 commoranti,
903 3456 1010 3510 per
1031 3441 1322 3493 visionem
1355 3442 1641 3511 apparuit,
1676 3443 1847 3513 eique
1876 3447 1939 3498 ut
1963 3460 2141 3515 egre-

474 3529 645 3583 diens
679 3544 745 3582 se
779 3527 1676 3600 sequerenturjussit.Cumque
1698 3531 1850 3584 idem
1876 3533 2141 3588 rustiens

474 3617 547 3671 ad
581 3617 847 3671 eamdem
866 3616 1155 3669 visionem
1181 3618 1437 3671 animum
1474 3619 1821 3691 intenderet,
1835 3620 2032 3675 visum
2051 3626 2144 3676 est

475 3705 529 3758 ei
562 3704 719 3775 quod
748 3704 1137 3759 beatissimus
1170 3706 1527 3761 Benedictus
1558 3712 1805 3763 cunctos
1837 3709 2141 3764 Nortman-

476 3808 609 3861 nos,
643 3793 741 3863 qui
788 3792 922 3863 ejus
965 3793 1120 3848 bona
1168 3794 1525 3850 invaserant.
1571 3813 1704 3851 cum
1742 3798 1932 3870 virga,
1967 3814 2142 3870 quam

477 3896 650 3934 manu
669 3881 957 3952 gestabat,
983 3884 1201 3951 potenti
1226 3884 1439 3938 virtute
1462 3902 1492 3940 a
1515 3886 1731 3940 finibus
1764 3887 1945 3957 hujus
1968 3892 2142 3943 terrae

478 3971 820 4040 expelleret,
837 3985 1061 4041 eosque
1088 3988 1310 4027 vacuos
1332 3973 1535 4041 rebus,
1561 3980 1954 4046 oneratosque
1977 3976 2143 4047 igno-

480 4058 661 4113 minia
689 4075 721 4112 a
755 4060 850 4112 sui
881 4060 1221 4115 haereditate
1270 4063 1612 4117 monasterii
1644 4065 1992 4120 eliminaret.
2024 4065 2143 4120 Eo-

482 4149 614 4202 dem
637 4148 835 4219 itaque
866 4165 1017 4203 anno
1049 4150 1293 4220 praefata
1324 4152 1543 4207 cohors
1573 4153 2007 4224 Nortmannica,
2031 4169 2146 4208 am-

480 4237 638 4307 plius
669 4253 841 4307 quam
877 4239 1107 4293 solebat
1153 4255 1261 4309 per
1298 4241 1599 4295 audaciam
1642 4242 2036 4313 insolescens,
2072 4243 2145 4297 ad

481 4330 743 4380 nostram
765 4327 1170 4396 calamitatem,
1206 4344 1422 4397 arcem,
1456 4346 1589 4399 quae
1621 4330 1680 4385 S.
1716 4332 1968 4386 Andreae
2000 4347 2147 4386 nun-

482 4418 751 4484 cupatur,
774 4419 836 4468 ut
874 4416 1152 4469 securius
1171 4417 1344 4470 nobis
1386 4419 1614 4472 sublata
1648 4420 1899 4474 retinere
1918 4424 2143 4491 posset,

483 4504 824 4572 occupavit:
851 4519 984 4573 quae
997 4504 1198 4574 utique
1213 4520 1311 4559 res
1332 4506 1565 4560 illorum
1581 4508 1839 4561 animum
1855 4509 1923 4562 ad
1956 4510 2146 4563 domi-

2238 610 2506 663 dicturus
2540 612 2696 680 sum)
2728 610 3039 664 obsidione
3072 611 3244 680 facta,
3278 612 3407 665 dum
3432 613 3600 683 jacula
3620 621 3798 671 exutra-

2236 714 2349 769 que
2380 702 2545 768 parte
2577 699 2792 752 acriter
2824 700 3075 768 impulsa
3107 701 3473 769 mitterentur,
3497 703 3797 759 Nortmannc-

2235 802 2364 839 rum
2395 787 2531 856 pila,
2565 787 2725 841 velut
2772 804 2805 840 a
2843 791 3151 841 ventorum
3204 788 3425 843 flamine
3452 796 3653 860 retorta,
3679 809 3757 847 eos
3780 812 3800 847 a

2236 875 2453 945 quibus
2488 876 2669 929 missa
2695 876 2945 945 fuerant,
2969 876 3330 931 sauciabant.
3362 877 3495 942 Quid
3516 881 3801 951 multiSOpus

2238 965 2377 1017 est?
2409 980 2539 1017 cum
2571 980 2638 1017 se
2669 981 2700 1017 a
2733 965 3073 1034 semetipsis
3114 967 3188 1018 ita
3221 966 3534 1037 impugnari
3565 970 3805 1037 conspice-

2238 1056 2387 1120 rent,
2435 1056 2490 1105 et
2530 1051 2656 1122 jam
2706 1053 2957 1122 amplius
3002 1054 3287 1107 resistere
3335 1054 3550 1108 minime
3588 1056 3801 1121 valerent,

2239 1144 2549 1194 cernentes
2581 1141 2790 1194 durum
2819 1142 2931 1196 sibi
2980 1156 3121 1196 esse
3152 1145 3353 1195 contra
3383 1143 3646 1197 stimulum
3684 1146 3808 1197 calci-

2239 1233 2393 1283 trare
2424 1230 2502 1298 (et
2531 1230 2689 1299 quod
2708 1234 2911 1284 contra
2933 1246 2999 1284 se
3024 1231 3281 1284 divinam
3307 1230 3580 1299 dexteram
3598 1232 3809 1285 dimicare

2242 1320 2698 1389 Cognoscerent)
2735 1319 2882 1373 facta
2912 1319 3205 1373 deditione
3229 1320 3286 1372 in
3310 1319 3564 1373 manibus
3584 1321 3812 1373 abbatiset

2241 1405 2664 1460 monachorum
2696 1423 2763 1461 se
2796 1407 3032 1461 tradunt
3066 1424 3077 1461 :
3112 1424 3143 1460 a
3173 1408 3389 1477 quibus
3420 1407 3511 1460 vix
3539 1407 3725 1462 defensi
3764 1410 3812 1460 ad

2243 1493 2466 1561 socios,
2501 1496 2598 1565 qui
2631 1496 2690 1549 in
2740 1498 3044 1550 Aversano
3093 1497 3309 1566 Oppido
3363 1496 3814 1564 commorabantur,

2254 1583 2487 1636 remissi
2520 1587 2676 1638 sunt.
2713 1583 2929 1655 Sicque
2962 1585 3177 1639 factum
3209 1589 3301 1638 est
3333 1588 3392 1638 ut
3421 1585 3488 1638 ab
3515 1601 3577 1638 eo
3601 1588 3815 1654 tempore,

2248 1671 2403 1725 beati
2435 1672 2736 1727 Benedicti
2768 1674 3016 1739 meritis,
3052 1673 3179 1727 haec
3210 1674 3269 1727 in
3301 1689 3412 1744 qua
3450 1674 3685 1744 degimus
3710 1678 3817 1728 terra

2250 1759 2322 1813 ab
2356 1776 2560 1815 eorum
2593 1762 2966 1817 infestatione
2998 1763 3180 1817 illaesa
3204 1765 3550 1832 permaneat,
3575 1766 3717 1832 atque
3741 1761 3817 1813 sub

2171 1874 2216 1939 Β
2252 1849 2441 1919 ipsius
2466 1851 2652 1903 sancti
2682 1853 2961 1904 tutamine
3012 1866 3222 1905 secura
3253 1851 3543 1920 persistat.

2323 1938 2534 1993 Modus
2566 1939 2747 1993 libelli
2779 1938 2963 2010 hujus
2997 1956 3105 1993 nos
3135 1940 3203 1993 ad
3246 1939 3421 1994 tinem
3453 1939 3663 1993 tendere
3693 1938 3818 2008 cogit.

2250 2026 2367 2081 Sed
2396 2027 2615 2081 bonum
2645 2028 2996 2082 obedientiee
3037 2044 3168 2098 quae
3201 2028 3357 2082 inter
3385 2032 3612 2082 caateras
3638 2027 3818 2079 virtutes

2251 2117 2438 2185 prima
2470 2119 2580 2185 est,
2607 2132 2722 2171 non
2742 2118 2881 2171 sinit
2912 2133 3021 2171 nos
3052 2118 3329 2171 virtutem
3355 2117 3642 2187 cujusdam
3662 2114 3821 2177 fratris,

2252 2203 2352 2273 qui
2383 2219 2510 2257 eam
2564 2206 2678 2258 tota
2724 2204 2921 2257 cordis
2976 2204 3300 2258 humilitate
3350 2220 3532 2274 usque
3557 2203 3619 2255 ad
3646 2206 3822 2256 mortem

2251 2307 2485 2362 quoque
2516 2296 2776 2346 sectatus
2827 2296 2955 2363 est,
3001 2294 3236 2362 penitus
3286 2293 3514 2346 silentio
3558 2291 3826 2362 praaterire:

2250 2380 2415 2436 illum
2464 2382 2737 2436 videlicet
2786 2381 3042 2448 imitans,
3076 2381 3175 2452 qui
3222 2381 3420 2435 factus
3447 2382 3696 2435 obediens
3719 2378 3826 2431 Patri

2251 2470 2441 2539 usque
2491 2469 2560 2521 ad
2613 2473 2860 2524 mortem
2904 2470 3187 2541 (Philipp.
3233 2472 3322 2540 ιι),
3362 2469 3680 2525 obcdientiae
3707 2466 3826 2520 nobis

2250 2560 2471 2629 pariter
2503 2574 2569 2610 ac
2600 2559 2893 2627 patientia)
2926 2559 3161 2630 reliquit
3191 2560 3542 2629 exemplum.

2320 2646 2429 2710 Qui
2459 2647 2734 2701 videlicet
2765 2647 2949 2701 frater
2976 2647 3158 2718 hujus
3182 2652 3408 2702 nostrae
3430 2641 3826 2719 congregationis

2258 2735 2591 2805 Baynerius
2623 2736 2857 2789 nomine
2890 2736 3022 2804 (46),
3044 2735 3289 2806 juvenis
3322 2737 3550 2808 quidem
3578 2738 3735 2799 (etate,
3760 2729 3829 2784 sed

2252 2824 2519 2878 moribus
2565 2825 2929 2895 grandaevus
2983 2825 3134 2879 fuit:
3180 2827 3274 2879 cui
3317 2826 3480 2879 multi
3512 2840 3577 2878 ex
3603 2820 3832 2883 fratribus,

2253 2913 2353 2983 qui
2385 2913 2577 2966 adhuc
2608 2917 2953 2982 supersunt,
2988 2918 3043 2967 et
3073 2930 3207 2968 eum
3238 2915 3737 2984 optimenoverunt,
3760 2913 3837 2961 tes-

2254 3002 2558 3055 timonium
2590 3001 2921 3071 perhibent,
2956 3002 3109 3073 quod
3142 3006 3320 3058 tantm
3351 3002 3672 3057 humilitatis
3697 3001 3835 3051 tantae

2254 3105 2368 3160 que
2398 3090 2746 3144 obedientiae
2780 3090 2981 3163 fuerit,
3011 3095 3072 3144 ut
3102 3106 3178 3145 ex
3222 3091 3341 3146 hoc
3372 3090 3641 3145 mirabilis
3668 3087 3727 3140 ab
3750 3101 3835 3139 cm-

2254 3178 2432 3233 nibus
2463 3178 2801 3233 haberetur.

2326 3266 2433 3320 Cui
2464 3267 2599 3321 dum
2630 3268 2879 3338 quadam
2911 3268 3005 3322 die
3039 3270 3203 3323 esset
3232 3268 3308 3323 ab
3340 3269 3547 3323 abbate
3577 3281 3672 3321 suo
3697 3261 3837 3333 injun-

2254 3359 2430 3424 ctum,
2462 3356 2535 3410 ad
2567 3356 2802 3427 aliquod
2832 3373 2982 3426 Opus
3014 3373 3120 3427 pro
3149 3358 3401 3411 utilitate
3432 3352 3739 3410 monasterii
3754 3364 3836 3419 per-

2252 3444 2569 3517 agendum,
2603 3445 2909 3499 Teatinum
2941 3436 3101 3500 adire
3132 3446 3517 3513 territorium,
3550 3444 3640 3498 ille
3667 3440 3838 3503 lzeto,ut

2257 3549 2514 3604 semper,
2538 3534 2732 3588 animo
2754 3534 2825 3588 ad
2853 3534 3244 3589 obedientiam
3268 3538 3594 3605 promptus,
3615 3532 3758 3602 jussa
3777 3528 3841 3577 im-

2256 3621 2421 3692 plere
2454 3621 2894 3691 festinans,iter
2924 3624 3190 3693 arripuit.
3223 3624 3341 3689 Qui
3369 3625 3505 3678 dum
3539 3618 3784 3692 pergeret,
3806 3617 3839 3667 et

2257 3711 2534 3782 aliquanti
2556 3711 2678 3782 jam
2701 3712 2931 3766 itineris
2954 3712 3205 3782 spatium
3226 3714 3667 3784 profligasset,a
3688 3709 3841 3761 latrun-

2259 3800 2409 3854 culis
2428 3799 2736 3870 cujusdam
2762 3801 3017 3870 potentis
3040 3800 3155 3854 viri
3184 3800 3470 3871 Oderisii,
3495 3800 3591 3872 qui
3611 3815 3676 3853 cx
3690 3804 3844 3867 praece-

2258 3892 2354 3959 pto
2388 3888 2541 3959 ejus,
2575 3889 2783 3960 siquid
2803 3906 2876 3943 ex
2900 3890 3238 3944 monasterii
3272 3890 3641 3962 hujusrchus
3659 3885 3842 3951 diripere

2259 3982 2524 4048 possent,
2547 3978 2701 4031 viam
2735 3979 3151 4042 observabant,
3177 3980 3458 4034 omnibus
3473 3994 3598 4050 quae
3614 3968 3842 4030 deferebat

2261 4067 2535 4135 sublatis,
2566 4066 2913 4122 interfectus
2945 4073 3055 4123 est.
3089 4068 3276 4139 Cujus
3302 4070 3541 4140 quidem
3564 4079 3767 4134 corpus,
3786 4055 3844 4109 vel

2258 4160 2504 4227 propter
2532 4156 2902 4211 inimicorum
2934 4157 3315 4227 insidias,vel
3339 4158 3476 4228 quia
3495 4156 3659 4226 longe
3686 4143 3845 4211 eratad

2260 4245 2373 4299 hoc
2404 4246 2737 4299 coenobium
2770 4245 2987 4300 deferri
3018 4262 3137 4301 non
3181 4248 3394 4316 potuit,
3448 4246 3550 4300 sed
3588 4245 3639 4296 in
3664 4237 3847 4310 quadam

2258 4335 2512 4389 ecclesia
2539 4334 2706 4405 juxta
2738 4336 2929 4404 posita
2964 4334 3126 4389 humi
3146 4336 3428 4389 traditum
3456 4338 3564 4388 est.
3594 4329 3695 4386 Sed
3721 4338 3846 4396 quan-

2257 4427 2377 4478 tum
2410 4423 2571 4476 illius
2602 4423 2934 4477 obedientia
2974 4424 3362 4493 omnipotenti
3408 4424 3511 4477 Dei
3549 4419 3703 4475 fueril
3728 4426 3849 4469 acce-

2257 4517 2373 4582 pta,
2407 4512 2475 4566 ad
2498 4513 2852 4566 exstinctum
2875 4512 3009 4583 ejus
3033 4529 3252 4583 corpus
3273 4513 3590 4567 ostendere
3611 4511 3691 4563 est
3708 4505 3851 4572 digna'

2171 3220 2225 3292 G

482 4591 799 4660 nationem,
834 4594 1099 4645 nostrum
1123 4592 1194 4645 ad
1213 4593 1682 4662 desperationem
1700 4597 2144 4652 adduxit.Post-
2169 4583 2224 4644 Ῑ)
2260 4605 2376 4656 tus.
2425 4602 2743 4672 Coeperunt
2792 4603 2988 4673 itaque
3034 4602 3197 4655 multi
3247 4601 3581 4656 infirmitate
3609 4594 3786 4652 detenti
3803 4585 3850 4639 ad

482 4694 658 4751 quam
692 4693 834 4749 ergo
867 4680 1068 4734 eadem
1101 4698 1236 4735 arce
1282 4684 1448 4752 potiti
1485 4689 1643 4754 sunt,
1679 4686 1929 4755 quadam
1962 4687 2055 4741 die
2086 4689 2145 4740 in

483 4784 664 4824 unum
696 4768 1049 4838 conglobati,
1078 4785 1289 4841 magna
1311 4788 1440 4825 cum
1460 4773 1739 4843 superbia
1760 4774 1818 4827 in
1840 4774 2144 4844 praefatam

482 4856 683 4911 Casini
713 4857 1008 4911 civitatem
1038 4859 1757 4917 vcnientesintraverunt:
1791 4863 1988 4934 ibique
2002 4867 2147 4918 nutu

483 4946 588 4999 Dei
623 4945 887 5015 apopulo
920 4946 1172 5000 civitatis
1205 4950 1499 5018 oppressi,
1521 4950 1798 5020 aliquanti
1831 4968 2034 5007 eorum
2049 4953 2143 5007 vel

484 5035 671 5089 occisi
700 5036 793 5089 vel
824 5036 975 5106 capti
1017 5039 1173 5102 sunt,
1226 5039 1426 5091 caeteri
1465 5043 1653 5093 autem
1705 5041 1804 5111 qui
1835 5057 2144 5097 remanse-

486 5126 637 5187 runt,
672 5124 729 5177 in
778 5124 1159 5179 munitionem
1206 5127 1504 5191 prmdictae
1546 5129 1702 5182 arcis
1748 5129 2045 5201 fugientes
2076 5146 2144 5186 se

487 5211 875 5266 contulerunt.
902 5213 1089 5284 Igitur
1120 5214 1481 5271 habitatores
1514 5217 1696 5289 hujus
1729 5222 1903 5274 terrae
1936 5221 2145 5274 unani-

489 5298 658 5350 miter
687 5297 838 5354 facto
870 5317 1074 5373 grege,
1095 5304 1310 5359 vicinis
1344 5306 1601 5377 undique
1623 5307 2147 5378 auxiliantibus,ad

536 5507 671 5583 ,(46)
704 5511 785 5565 De
818 5513 1109 5583 Raynerio
1142 5519 1428 5574 monacho
1461 5510 1735 5575 Casinen.
1772 5521 1973 5578 occiso
2005 5539 2036 5577 a
2065 5522 2145 5576 la-

486 5582 763 5666 tronibus
795 5582 927 5653 agit
945 5600 1177 5666 queque
1207 5591 1362 5645 Petr.
1396 5592 1582 5662 Diac.,
1616 5593 1718 5647 lib.
1754 5594 1837 5647 De
1869 5594 2143 5666 ort.just.

483 5654 798 5711 Casinens.
832 5670 959 5725 cap.
991 5656 1079 5711 45.

556 5725 672 5800 (47)
702 5725 993 5784 Vivebant
1022 5742 1174 5783 anno
1208 5730 1437 5788 Domini
1471 5734 1630 5808 1053,
1665 5740 1721 5794 et
1765 5734 2004 5794 fuerunt
2043 5736 2148 5794 Ita-

2261 4690 2394 4760 ejus
2442 4691 2780 4760 sepulcrum
2810 4706 3147 4761 properare,
3203 4692 3261 4744 et
3299 4693 3537 4760 recepta
3573 4686 3780 4740 sanitate
3803 4673 3850 4727 ad

2262 4795 2369 4833 sua
2414 4779 2743 4833 incolumes
2791 4795 3073 4833 remeare.
3110 4779 3267 4833 Inter
3314 4796 3470 4850 quos
3518 4779 3641 4831 Atto
3686 4779 3853 4827 comeS,

2262 4869 2461 4939 magni
2499 4868 2729 4922 Attonis
2760 4868 2991 4922 comitis
3040 4868 3217 4936 filius,
3250 4868 3485 4937 prmfati
3512 4877 3718 4936 quoque
3741 4855 3851 4911 Ode-

2268 4958 2393 5010 risii
2426 4974 2614 5028 gener
2642 4957 2775 5027 (4’7),
2811 4974 2944 5011 cum
2979 4963 3240 5028 gravrtcr
3277 4957 3553 5011 detentus
3589 4969 3618 5006 a
3647 4943 3851 5004 febribus

2267 5045 2631 5117 fatigaretur,
2674 5046 2744 5099 ad
2800 5045 3138 5116 sepulcrum
3184 5047 3387 5114 istius,
3448 5045 3593 5097 fama
3644 5034 3849 5092 ducente,

2265 5136 2442 5203 venit,
2477 5134 2674 5205 ibique
2698 5135 2754 5188 in
2776 5134 3037 5188 oratione
3072 5138 3409 5204 prostratus
3428 5131 3713 5187 recedente
3733 5121 3849 5176 febre

2265 5222 2341 5277 ita
2371 5239 2555 5277 sanus
2605 5223 2864 5277 surrexit
2896 5228 2958 5277 ut
3002 5223 3171 5277 malae
3200 5224 3365 5276 illius
3397 5217 3738 5282 valetudinis,
3773 5220 3848 5296 qut

2263 5311 2431 5363 antea
2463 5308 2799 5379 laborabat,
2833 5308 2976 5363 nihil
3019 5323 3268 5379 prorsus
3303 5309 3360 5361 in
3402 5324 3469 5363 se
3498 5303 3752 5365 sentiret;
3782 5305 3847 5363 qm

2259 5523 2450 5579 lorum
2481 5522 2665 5579 duces
2705 5522 3004 5579 adversus
3045 5523 3470 5578 Nortmannos.
3509 5517 3641 5574 Vide
3674 5503 3847 5579 Guillel.

2259 5575 2805 5666 ﬁnissem";
2828 5575 3063 5651 nam
3081 5575 3156 5650 in
3172 5575 3443 5649 unum;
3461 5575 3636 5665 regno
3664 5575 3846 5651 Neapol-

2260 5667 2833 5725 Nortmannicarum.
