3926 6146
82 5518 87 5581 Ι

140 280 270 347 1001

1435 274 1789 339 DIALOGI
1825 308 1893 324 —
1939 275 2097 338 LIB.
2147 277 2236 339 III

3384 283 3543 349 1002

135 497 225 552 pro
252 481 472 547 recepta
512 476 756 530 sanitate
803 475 1029 547 gratias
1061 474 1354 542 referens,
1387 475 1462 530 ob
1512 476 1761 530 retribu-
1789 458 1847 518 Α
1878 478 2042 530 runt:
2089 492 2340 546 cumque
2400 476 2685 531 salutatos
2719 494 2823 532 eos
2881 480 3147 536 studiose
3206 483 3306 553 qui
3335 487 3544 538 essent

134 572 323 623 tionem
350 567 487 620 tanti
509 565 788 633 muneris,
816 566 1034 635 Optimo
1053 581 1236 634 super
1254 567 1387 635 ejus
1419 565 1761 634 sepulcrum

136 658 303 713 oblato
329 655 520 725 pallio,
554 654 820 724 gaudens
853 654 1155 708 discessit.

190 745 251 799 Et
290 744 555 815 quoniam
601 743 673 797 de
701 742 1072 797 mirabilibus
1106 743 1209 797 Dei
1245 744 1534 812 coepimus
1566 742 1761 796 facere

132 835 467 897 mentionem,
497 832 651 903 quod
684 831 1237 902 mihiipsicontigit,
1264 831 1498 885 silentio
1514 835 1761 900 praeter-

132 923 360 978 eundum
386 938 499 976 non
536 920 694 987 duxi,
730 920 960 974 dicente
1003 919 1306 988 Scriptura
1338 920 1494 989 quod
1542 919 1762 973 Secre—

135 1019 233 1065 tum
247 1012 403 1082 regis
418 1009 788 1063 abscondere
802 1008 1013 1063 bonum
1026 1013 1138 1076 est,
1169 1023 1346 1079 Opera
1368 1023 1508 1062 vero
1521 1008 1632 1062 Dei
1646 1024 1763 1062 ma-

132 1100 391 1154 nifestare
407 1114 474 1152 ac
485 1113 555 1152 re
565 1096 766 1151 velare
778 1096 1162 1151 honorificum
1181 1104 1271 1150 est
1288 1095 1457 1165 (Tob.
1476 1098 1595 1165 xu).
1616 1095 1763 1150 Cum

131 1190 255 1242 intra
274 1202 449 1241 annos
466 1186 733 1256 pueritiae
762 1186 1095 1255 positus,vi
1124 1185 1378 1239 febrium
1408 1184 1758 1239 laborarem.

128 1276 288 1331 beatae
316 1275 609 1329 memoriae
648 1274 931 1343 Joannes,
957 1274 1301 1329 reverendae
1334 1274 1637 1343 dignitatis
1674 1289 1763 1327 sa-

129 1364 328 1431 cerdos,
356 1364 451 1434 qui
478 1368 617 1417 tunc
638 1364 699 1416 in
721 1366 921 1417 nostra
955 1363 1366 1417 Beneventana
1401 1362 1546 1416 urbe
1569 1362 1627 1416 in
1654 1363 1761 1416 Dei

129 1453 339 1507 servitio
396 1451 653 1507 celebris
695 1452 1041 1521 habebatur,
1076 1451 1435 1506 visitationis
1468 1451 1658 1521 gratia
1687 1452 1758 1504 ad

128 1557 202 1595 me
227 1556 543 1611 properans
562 1542 740 1594 venit.
767 1540 1031 1611 Cumque
1050 1540 1352 1609 paululum
1375 1555 1508 1593 cum
1524 1540 1759 1593 caeteris

127 1630 208 1699 qui
230 1629 578 1685 advenerant
630 1630 1025 1698 consedisset,
1060 1633 1117 1683 et
1161 1645 1253 1683 me
1284 1628 1693 1683 vehementius
1725 1644 1757 1680 a

126 1719 337 1773 tertiana
379 1723 518 1789 typo
567 1720 767 1789 urgeri
798 1719 1189 1788 conspiceret,
1246 1720 1439 1771 motus
1474 1717 1757 1771 charitate

1878 563 2220 633 inquireret,
2251 565 2471 619 audivit
2500 566 2572 619 ab
2604 568 2692 620 eis
2725 569 2881 637 quod
2903 585 3057 623 unus
3077 586 3278 624 eorum
3299 572 3538 641 Protus,

1879 652 2025 706 alter
2042 668 2184 706 vero
2210 654 2578 723 Hyacinthus
2593 657 2909 711 diceretur.
2944 660 3016 711 At
3046 659 3165 727 ille,
3191 660 3541 729 obstupera-

1877 744 2030 811 ctus,
2064 758 2170 796 cur
2225 746 2535 797 venissent
2587 760 2719 798 cum
2770 748 3275 815 percunctaretur,
3324 748 3404 800 illi
3450 748 3542 801 in-

1876 830 2114 900 quiunt:
2162 832 2253 885 Ad
2298 832 2531 899 fratres,
2584 834 2682 903 qui
2733 834 2907 888 hodie
2966 835 3155 888 nostri
3197 838 3541 890 memoriam

1876 923 2070 973 mente
2128 921 2337 974 devota
2395 923 2682 988 recolunt,
2716 923 3044 976 visitandos
3077 923 3369 978 venimus.
3406 924 3545 979 Erat

1875 1008 2029 1061 enim
2048 1024 2115 1062 ea
2147 1009 2273 1062 dies
2306 1025 2441 1079 qua,
2467 1026 2571 1079 pro
2594 1011 2832 1065 Christo
2865 1010 3053 1065 effuso
3086 1013 3399 1083 sanguine,
3433 1014 3550 1081 pal-

1876 1112 2027 1150 mam
2059 1098 2321 1167 martyrii
2353 1099 2483 1167 ipso
2516 1099 2767 1153 donante
2810 1103 3168 1154 meruerunt.
3222 1100 3367 1154 Cum
3399 1116 3543 1172 ergo

1875 1186 2156 1239 attonitus
2176 1186 2473 1255 paululum
2492 1188 2880 1252 substitisset,
2918 1205 2985 1241 ac
3014 1189 3095 1241 illi
3116 1192 3306 1258 coepto
3334 1189 3544 1243 itinere

1874 1275 2295 1328 monasterium
2312 1280 2515 1329 essent
2532 1278 2588 1327 in
2596 1278 2814 1347 gressi,
2833 1278 2903 1330 ad
2917 1292 2983 1330 se
2999 1293 3303 1345 reversus,
3321 1278 3542 1332 certius

1874 1364 2029 1433 quod
2052 1363 2315 1417 audierat
2332 1380 2695 1436 cognoscere
2716 1366 2940 1434 volens,
2982 1367 3186 1435 rapido
3216 1382 3321 1420 eos
3358 1382 3541 1421 cursu

1872 1453 2271 1522 prosequitur.
2315 1452 2579 1523 Dumque
2616 1470 2719 1508 eos
2758 1455 2872 1508 huc
2908 1456 3165 1525 illucque
3201 1471 3306 1524 per
3331 1470 3537 1509 mona-

1874 1541 2119 1595 sterium
2165 1541 2430 1595 studiose
2468 1543 2813 1612 requireret,
2874 1560 2941 1596 ac
2986 1544 3221 1597 minime
3269 1543 3537 1598 invenire

1871 1634 2097 1699 posset,
2152 1646 2423 1700 quosque
2455 1631 2571 1684 sibi
2606 1632 2914 1685 obviantcs
2955 1632 3323 1702 interrogare
3359 1633 3536 1702 coepit

1872 1717 1972 1772 ubi
2025 1723 2229 1773 essent
2273 1719 2543 1773 monachi
2579 1721 2677 1790 qui
2732 1720 2905 1773 modo
2974 1736 3178 1774 secum
3220 1721 3534 1790 loquentes

126 1822 272 1877 quam
297 1822 434 1878 erga
466 1822 566 1861 me
612 1807 886 1873 habebat,
923 1808 1203 1875 surrexit,
1242 1821 1311 1859 ac
1341 1805 1625 1876 perfusus
1656 1819 1758 1858 ora
1790 1793 1839 1853 Β
1870 1808 2292 1861 monasterium
2340 1809 2545 1862 essent
2594 1808 2899 1878 ingressi?
2938 1808 3053 1860 Sed
3106 1808 3187 1861 illi
3220 1808 3443 1862 nullum
3473 1809 3535 1862 in

124 1895 367 1965 lacrymis
410 1896 570 1950 lenta
599 1911 745 1951 voce
786 1896 1096 1949 Dominum
1145 1896 1465 1963 invocans,
1523 1911 1759 1951 manum

125 1984 270 2054 capiti
300 1999 420 2039 meo
451 1985 760 2054 imposuit,
784 1988 841 2039 et
879 1984 1087 2053 febris,
1110 1999 1244 2054 quae
1277 1999 1369 2038 me
1399 1984 1598 2038 acrius
1619 1985 1763 2039 infe-

124 2074 305 2142 stabat,
336 2089 466 2128 mox
496 2073 756 2145 effugata
790 2072 1093 2129 discessit.

182 2160 251 2215 Ea
268 2162 617 2234 etiam,~quaa
652 2163 848 2216 Leone
879 2162 1091 2217 abbate
1126 2162 1470 2216 monasterii
1501 2162 1560 2215 S.
1596 2161 1761 2215 Pauli

128 2250 343 2320 apostoli
360 2249 873 2319 (47-48),secundo
889 2251 960 2305 ab
979 2252 1123 2305 urbe
1144 2252 1327 2305 Roma
1345 2251 1521 2304 millia
1532 2252 1616 2304 rio
1630 2267 1762 2304 con-

127 2340 299 2408 stituti,
331 2340 918 2394 ubisacratissimum
950 2339 1085 2411 ejus
1117 2355 1337 2409 corpus
1353 2340 1546 2410 signis
1564 2340 1758 2408 prodi-

125 2428 322 2498 giisque
359 2444 691 2483 coruscans
723 2431 1038 2483 veneratur
1076 2432 1132 2482 et
1189 2428 1420 2495 colitur,
1467 2428 1758 2481 referente

126 2520 361 2587 cognovi,
394 2519 451 2571 in
486 2517 655 2571 calce
688 2516 869 2586 hujus
902 2517 1086 2571 libelli
1114 2516 1383 2571 scribere
1406 2516 1758 2570 curabo.Di-

123 2604 264 2658 cebat
281 2607 427 2660 enim
447 2605 615 2676 quod
645 2606 764 2659 sibi
802 2605 990 2658 Adam
1016 2605 1555 2659 reverendissimus
1589 2605 1756 2658 valde

123 2694 407 2748 monachus
438 2698 496 2748 et
535 2697 741 2748 custos
790 2694 1064 2748 ecclesia:
1105 2693 1290 2764 hujus
1340 2694 1529 2747 nostri
1557 2709 1758 2747 mona-

125 2781 258 2834 sterii
288 2782 554 2837 retulerit
606 2782 740 2852 quia
771 2767 1023 2851 quadam
1049 2781 1163 2849 die,
1196 2781 1336 2835 dum
1385 2782 1541 2835 idem
1573 2797 1756 2836 vene-

124 2868 291 2923 rabilis
340 2870 531 2924 Adarn
561 2872 788 2939 portam
839 2871 1177 2924 monasterii
1215 2870 1287 2923 ad
1335 2870 1571 2939 aliquod
1603 2886 1754 2939 opus

125 2956 414 3013 faciendum
461 2962 635 3014 esset
669 2974 981 3029 egressus,
1013 2958 1129 3012 duo
1167 2958 1427 3028 juvenes
1458 2958 1517 3011 in
1552 2958 1754 3013 habitu

127 3047 359 3101 monachi
386 3048 504 3101 sibi
552 3047 614 3100 in
654 3047 785 3117 ipso
828 3046 1069 3101 introitu
1100 3047 1443 3101 monasterii
1475 3047 1752 3102 obviave-

174 3205 355 3280 (fi-48)
382 3207 774 3280 Argumentis
799 3206 1045 3280 Joannis
1067 3205 1247 3260 Bosci
1278 3205 1480 3280 relatis
1507 3206 1564 3280 in
1587 3206 1746 3280 _Bibl_._

124 3275 335 3349 Floriac.
367 3280 436 3332 de
471 3275 945 3349 'jurisdictionei
977 3277 1318 3349 monasterii
1347 3276 1546 3329 Sancti
1586 3278 1750 3331 Pauli

124 3347 178 3400 de
195 3347 630 3419 Urbc,temporc
654 3348 874 3403 Leonis
897 3348 1147 3415 abbatis,
1170 3348 1402 3401 cuinam
1430 3362 1753 3419 congrega-

122 3420 237 3472 tioni
278 3422 559 3474 subesset
603 3420 802 3474 Casin.
845 3436 918 3473 an
949 3434 1094 3472 vero
1125 3419 1413 3484 Cluniac.,
1446 3420 1753 3487 respondit

123 3487 373 3546 Lauretus
403 3493 461 3545 in
491 3491 600 3545 lib.
631 3491 716 3545 De
750 3490 921 3545 exist.
946 3506 1108 3560 corp.
1142 3490 1330 3545 sancti
1360 3490 1659 3544 Benedicti
1690 3490 1750 3543 in

1870 1897 2291 1950 monasterium
2313 1897 2596 1950 introisse
2626 1900 2843 1964 praeter
2863 1896 3024 1949 illum
3056 1911 3121 1949 se
3137 1896 3378 1950 audisse
3396 1912 3537 1966 pro-

1868 1984 2018 2038 fessi
2063 1990 2220 2038 sunt.
2254 1984 2377 2048 Qua
2407 1985 2477 2036 de
2528 2000 2594 2036 re
2626 1987 2825 2053 aperto
2866 1984 3038 2037 datur
3099 1984 3370 2055 intelligi,
3428 2000 3534 2040 eos

1864 2073 1965 2142 qui
1988 2073 2104 2126 sibi
2120 2074 2548 2143 apparuerant,
2584 2077 2828 2127 sanctos
2860 2073 3151 2143 Martyres
3210 2074 3449 2127 Protum
3480 2076 3536 2127 et

1865 2161 2278 2231 Hyacinthum,
2311 2176 2560 2230 quorum
2584 2160 2877 2213 festivitas
2907 2177 2975 2213 eo
3007 2161 3100 2213 die
3122 2161 3537 2216 celebrabatur

1862 2250 2153 2302 veraciter
2182 2249 2393 2302 fuisse.
2425 2248 2567 2312 Quae
2591 2248 2784 2301 omnia
2808 2248 3014 2302 eodem
3047 2249 3250 2302 ordine
3281 2264 3314 2301 a
3333 2249 3531 2303 Firmo

1862 2337 2045 2407 hujus
2067 2337 2415 2390 monasterii
2446 2342 2723 2390 veterano
2753 2336 3059 2404 monacho,
3080 2341 3288 2404 nepote
3304 2337 3532 2392 scilicet

1856 2426 2048 2495 ipsius
2095 2426 2259 2491 Adae,
2294 2441 2414 2496 quo
2445 2426 2543 2478 ille
2603 2425 2747 2478 mihi
2784 2426 2983 2479 Romae
3015 2426 3246 2494 positus
3277 2425 3526 2496 dixerat,

1857 2530 2142 2568 reversus
2169 2515 2241 2568 ad
2264 2515 2707 2582 monasterium,
2755 2517 2883 2567 acta
2914 2514 3103 2567 fuisse
3125 2514 3382 2583 percepi.

1930 2604 2045 2657 Hic
2077 2604 2251 2657 ﬁnem
2284 2602 2456 2656 faciat
2501 2602 2683 2672 hujus
2722 2602 2837 2655 diei
2878 2602 3093 2655 oratio:
3147 2604 3437 2671 quatenus
3469 2602 3529 2656 in

1855 2692 2081 2746 honore
2128 2694 2421 2746 tantorum
2478 2694 2802 2761 martyrum
2841 2690 2997 2744 liber
3040 2691 3152 2744 iste
3183 2690 3526 2761 conclusus,

1854 2785 2118 2835 recreato
2151 2780 2452 2851 perhujus
2484 2781 2678 2834 noctis
2701 2780 2953 2850 spatium
2985 2779 3200 2847 animo,
3226 2780 3529 2834 adcaetera

1856 2886 1987 2940 quae
2025 2872 2250 2924 restant
2281 2871 2620 2922 sanctorum
2658 2870 2820 2935 Acta,
2854 2869 3120 2937 ipsorum
3151 2867 3527 2937 omniumque

1844 2963 2195 3012 sanctorum
2213 2958 2491 3027 precibus
2513 2956 2720 3027 adjuti,
2756 2957 3005 3010 ﬁdeliter
3036 2955 3366 3010 cnarrando
3409 2971 3518 3009 ve-

1855 3048 2108 3101 niamus.

1857 3210 2051 3260 monte
2088 3206 2310 3259 Casin..
2335 3220 2461 3273 cap.
2497 3205 2583 3258 25.
2619 3204 2966 3256 Miraculum
3000 3218 3140 3257 vero
3169 3202 3516 3271 praedictum

1857 3278 1960 3330 SS.
2031 3281 2268 3346 martyr.
2320 3275 2476 3329 Proti
2512 3278 2568 3328 et
2611 3274 2921 3343 Hyacinthi
2960 3279 3231 3346 narratur
3269 3274 3445 3346 etiam
3476 3290 3509 3327 a

1861 3348 2057 3401 Leone
2106 3344 2231 3400 Ost.
2284 3348 2343 3399 in
2391 3346 2634 3413 Chron.,
2684 3345 2783 3398 lib.
2816 3363 2876 3411 ιι,
2937 3360 3064 3415 cap.
3095 3344 3183 3405 48.
3219 3347 3275 3398 et
3307 3344 3518 3399 aPetr.

1859 3420 2021 3487 Diac,
2043 3418 2144 3472 lib.
2180 3433 2292 3472 ms.
2328 3418 2411 3471 De
2443 3421 2555 3471 ort.
2581 3418 2901 3487 justorum,
2926 3431 3052 3485 cap.
3075 3415 3165 3470 46.

1272 3773 1683 3884 LIBER
1760 3766 2367 3901 TERTIUS

1190 3949 1300 4015 Qui
1358 3955 1451 4003 est
1505 3948 1580 4003 de
1636 3944 1946 4001 miraculis
1991 3943 2140 3998 alibi
2202 3943 2415 4014 gestis.

175 4159 413 4232 Expletis
430 4163 689 4230 duobus,
709 4163 928 4219 Christi
949 4166 1133 4236 gratia
1152 4166 1483 4230 comitante,
1506 4163 1745 4230 libellis,

123 4262 245 4316 quos
273 4250 340 4305 de
383 4253 689 4307 miraculis
721 4253 846 4323 Dei,
880 4253 974 4307 vel
1007 4254 1065 4307 in
1098 4254 1210 4307 hoc
1244 4254 1536 4323 coenobio,
1562 4253 1656 4307 vel
1686 4253 1747 4305 in

1856 4160 2011 4231 legis
2026 4155 2369 4212 auctoritate
2383 4153 2715 4224 postposita
2730 4153 2923 4206 divina
2938 4153 3306 4222 humanaque
3325 4151 3523 4207 omnia

1859 4249 2272 4313 miscerentur,
2298 4243 2445 4298 adeo
2472 4246 2534 4295 ut
2555 4241 2809 4311 populus
2840 4240 3205 4309 electionem,
3240 4243 3295 4294 et
3328 4255 3524 4294 sacer-

121 4335 212 4390 sibi
237 4340 483 4395 subditis
515 4341 705 4409 cellis,
739 4342 872 4411 ipso
904 4342 1189 4413 largiente
1236 4344 1480 4413 patratis
1520 4342 1746 4397 descri-
1774 4362 1827 4422 D
1860 4339 2027 4392 dotes
2086 4332 2625 4422 consecrationem,
2654 4329 2989 4422 donumque
3018 4328 3206 4422 sancti
3238 4327 3516 4422 Spiritus,

124 4424 335 4496 psimus,
365 4430 439 4483 ad
490 4431 891 4485 narrationem
920 4432 1072 4485 tertii
1105 4432 1464 4485 concedente
1494 4430 1742 4485 Domino

120 4514 405 4572 veniamus.
423 4518 496 4572 Et
524 4519 662 4589 quia
694 4522 927 4588 caetera,
953 4535 1086 4591 quae
1109 4523 1273 4573 extra
1329 4519 1512 4591 hujus
1545 4535 1742 4574 mona-

122 4603 256 4655 sterii
284 4605 539 4661 claustra
577 4607 727 4662 facta
757 4613 914 4676 sunt,
948 4624 1200 4679 quaeque
1231 4610 1366 4663 visu
1405 4609 1498 4662 vel
1545 4608 1746 4662 auditu

121 4694 476 4763 percepimus,
513 4696 572 4750 in
585 4696 716 4750 aliis
739 4696 1203 4751 duobuslibellis
1235 4698 1427 4751 adhuc
1449 4696 1747 4751 exaranda

126 4787 412 4852 remanent,
449 4800 647 4855 operae
678 4787 934 4855 pretium
956 4786 1097 4840 mihi
1132 4787 1361 4841 videtur
1381 4787 1453 4841 ab
1485 4786 1617 4856 ipso
1653 4801 1745 4839 ca-

119 4865 212 4931 pite
237 4868 516 4927 Ecclesiae
529 4874 833 4929 exordium
849 4890 1105 4943 sumere,
1124 4876 1329 4945 sicque
1344 4878 1548 4945 postea
1568 4875 1748 4930 seria-

120 4952 202 5007 tim
228 4960 369 5028 stylo
414 4966 811 5033 prosequente
851 4964 924 5017 ad
954 4963 1192 5035 singula
1226 4963 1488 5018 membra
1522 4963 1744 5017 venire.

176 5043 307 5101 Dum
362 5049 542 5120 igitur
568 5050 681 5121 (49')
713 5052 1073 5123 negligentia
1123 5051 1497 5106 sacerdotum
1520 5051 1682 5105 Italia
1713 5067 1746 5104 a

121 5136 255 5187 recto
285 5137 586 5210 religionis
615 5140 845 5194 tramite
860 5142 1134 5209 paulatim
1157 5140 1745 5195 devianslabefacta-

78 5278 79 5287 χ
118 5222 271 5287 retur,
303 5225 358 5279 in
386 5229 603 5282 tantum
621 5228 769 5282 mala
794 5230 1159 5284 consuetudo
1173 5230 1448 5297 adolevit,
1471 5231 1532 5283 ut
1554 5244 1743 5284 sacrae

180 5343 279 5423 (12;
310 5349 470 5423 Vide
504 5345 815 5423 Lauretum
846 5353 917 5406 ad
946 5352 1165 5407 Chron.
1213 5353 1468 5417 Ost.,lib.
1509 5371 1567 5420 ιι,
1615 5370 1741 5423 cap.

125 5409 198 5478 78,
226 5409 688 5493 Ρρζζπ-Βειῐηὶαηη
722 5426 859 5477 tom.
895 5424 938 5491 Ι,
974 5425 1073 5477 lib.
1107 5442 1166 5491 ιι,
1203 5409 1373 5493 epist.
1410 5424 1471 5477 10
1496 5409 1742 5492 ;Daron,

82 5492 87 5566 τ
125 5488 422 5566 ρρυέοὸἳ,
458 5508 518 5566 n_.
568 5488 939 5566 15_etseqq.,
992 5500 1046 5549 ct
1084 5488 1424 5566 anno—1074,
1458 5488 1513 5548 n.
1544 5495 1629 5563 “28,
1657 5488 1741 5562 29,

124 5552 451 5615 5710mm.
478 5552 943 5619 Genebrardi‘ad
974 5581 1108 5620 ann.
1145 5564 1301 5620 1074.

184 5624 368 5698 (50)Eo
396 5646 584 5704 usque
613 5635 801 5707 pestis
834 5637 929 5691 illa
946 5636 1367 5696 Nicolaitarum
1389 5636 1523 5695 istis
1555 5651 1745 5695 saecu-

379 5746 630 5809 PATROL.
662 5749 916 5810 CXLIX.

1860 4426 2013 4497 quod
2056 4422 2243 4495 gratis
2274 4420 2543 4489 accipere
2578 4421 2634 4473 et
2663 4418 2801 4471 dare
2815 4417 3013 4471 divina
3041 4417 3384 4473 auctoritate
3398 4420 3517 4470 sta-

1859 4517 2044 4569 tutum
2084 4512 2291 4580 fuerat,
2344 4510 2476 4563 data
2512 4509 2865 4577 acceptaque
2894 4522 3001 4576 per
3031 4522 3241 4561 manus
3271 4504 3520 4575 pecunia

1858 4604 2017 4658 ducti
2044 4600 2288 4655 avaritia
2338 4597 2696 4659 venderent;
2740 4596 2815 4648 ita
2844 4595 2948 4648 vix
2977 4595 3253 4667 aliquanti
3287 4594 3519 4648 inveni-

1858 4694 2059 4746 rentur
2088 4690 2208 4760 qui,
2240 4703 2358 4742 non
2381 4685 2564 4756 hujus
2602 4684 2916 4739 Simonicaa
2947 4684 3135 4754 pestis
3166 4682 3517 4753 contagione

1860 4779 2078 4848 foedati,
2097 4777 2511 4831 mundicoram
2537 4774 2658 4828 Deo
2680 4778 2973 4843 praecepta
2992 4772 3291 4826 Dominica
3305 4772 3514 4826 obser-

1855 4873 2064 4923 vantes
2127 4867 2468 4921 existerent.
2529 4864 2729 4933 Itaque
2759 4877 2890 4915 cum
2921 4861 3137 4932 vulgus
3172 4860 3524 4915 clericorum

1854 4974 1961 5028 per
1988 4957 2143 5011 viam
2173 4952 2735 5009 eifrenataelicentize
2768 4950 2996 5003 nemine
3018 4948 3366 5018 prohibente
3383 4965 3521 5027 gra-

1856 5047 2110 5113 deretur,
2147 5045 2454 5112 coeperunt
2483 5040 2597 5109 ipsi
2620 5037 2951 5108 presbyteri
2984 5053 3049 5090 ac
3083 5037 3365 5092 diaconos
3396 5038 3523 5109 (qui

1856 5135 2065 5188 tradita
2094 5132 2207 5186 sibi
2227 5132 2590 5185 sacramenta
2623 5127 2924 5180 Dominica
2966 5126 3183 5179 mundo
3217 5128 3394 5181 corde
3418 5142 3521 5181 ca-

1858 5227 2069 5295 stoque
2084 5235 2331 5291 corpore
2344 5221 2594 5272 tractare
2608 5214 2919 5283 debebant)
2940 5213 3220 5269 laicorum
3234 5230 3396 5270 more
3410 5214 3523 5287 (50)

1858 5349 2008 5404 culis
2057 5346 2402 5409 invaluerat,
2440 5345 2494 5394 et
2552 5339 2850 5408 praecipue
2883 5338 2942 5392 in
2974 5338 3304 5410 Germania,
3338 5345 3399 5395 ut
3428 5341 3523 5395 in-

1858 5423 2135 5474 cestuosa
2150 5414 2285 5485 conj
2297 5414 2431 5483 ugia
2447 5411 2647 5485 clerici
2673 5425 2791 5463 non
2808 5412 3029 5463 tantum
3052 5411 3285 5478 publice
3309 5413 3523 5465 inirent

1856 5492 1964 5547 sed
1996 5495 2050 5544 et
2086 5483 2595 5558 impudrentissime
2641 5487 3101 5558 propugnarent,
3139 5498 3273 5558 cum
3317 5497 3522 5537 omnes

1854 5578 2002 5634 pene
2034 5576 2141 5634 per
2168 5553 2466 5634 'vitiorum
2497 5553 2742 5634 abrupta
2773 5553 3109 5621 praecipites
3142 5556 3199 5606 et
3246 5556 3519 5634 tanq‘uam

1854 5623 2109 5691 furentis
2142 5628 2275 5703 equi
2297 5642 2404 5698 per
2432 5624 2796 5696 voluptatum
2828 5638 3075 5678 suarum
3105 5639 3345 5693 campos
3372 5623 3522 5676 fere-

3147 5736 3220 5791 32
