3926 6146
417 299 573 365 1003

1735 303 2132 365 VICTORIS
2172 304 2259 366 IlI
2307 305 2575 366 ΡΑΡΑΞ.

3623 320 3736 381 1004

413 521 632 561 uxores
663 505 898 571 ducere,
933 505 1368 572 susceptosquc
1402 501 1555 556 filios
1587 501 1858 556 lizeredes
1889 504 2072 555 testa-
2105 482 2152 542 Α
2185 501 2328 572 ejus
2347 501 2435 572 51,
2466 503 2752 558 Joannem
2775 504 3046 560 videlicet
3079 505 3446 561 Sabinensem
3471 511 3736 581 episcOpum

415 598 612 650 mento
643 594 1011 662 relinquere;
1043 590 1498 644 nonnullietiam
1530 591 1639 658 (51)
1663 591 2076 660 episcoporum

412 682 774 739 verecundia
831 680 988 734 omni
1039 684 1388 749 contempta,
1423 695 1552 732 cum
1586 679 1872 732 uxoribus
1904 679 2076 732 domo

416 771 592 826 simul
621 771 678 822 in
703 784 814 823 una
827 768 1112 822 habitare.
1139 768 1216 820 Ht
1235 768 1361 820 haec
1384 767 1644 836 pessima
1673 772 1726 820 et
1749 767 2079 820 execranda

415 858 782 914 consuetudo
840 858 989 909 intra
1047 854 1159 926 (52)
1195 856 1415 909 Urbem
1440 856 1689 909 maxime
1728 855 2074 924 pullulabat,

411 947 569 1003 unde
600 946 738 1000 olim
767 944 1077 1015 religionis
1104 959 1306 996 norma
1331 945 1400 998 ab
1445 944 1577 1012 ipso
1609 943 1876 1012 apostolo
1903 943 2078 997 Petro

411 1036 664 1107 ejusque
698 1033 1156 1087 successoribus
1179 1031 1398 1101 ubique
1430 1031 1643 1085 diffusa
1674 1034 2075 1102 processerat.

481 1124 665 1195 Igitur
693 1122 830 1175 dum
851 1121 1188 1190 peraliquot
1216 1135 1402 1174 annos
1434 1120 1699 1173 nonnulli
1730 1120 1857 1173 solo
1887 1120 2077 1173 nomi-

415 1228 488 1266 ne
502 1210 846 1281 pontificum
861 1209 1196 1262 cathedram
1222 1208 1695 1276 obtinerent(53),
1724 1208 2078 1262 Benedictus

413 1300 651 1371 quidam
680 1298 936 1365 nomine,
970 1313 1084 1350 non
1117 1299 1308 1348 tamen
1341 1311 1540 1365 Opere,
1567 1296 1880 1366 cujusdam
1906 1297 2078 1350 Albe-

412 1389 522 1444 riei
553 1385 822 1442 consulis
855 1385 1010 1439 filius
1041 1383 1219 1456 (Magi
1251 1385 1446 1453 potius
1471 1383 1748 1452 Simonis,
1777 1401 1950 1454 quam
1981 1386 2078 1438 Si-

415 1477 607 1532 monis
635 1475 796 1530 Petri
828 1473 1082 1543 vestigia
1117 1472 1402 1540 sectatus)
1419 1487 1535 1526 non
1554 1488 1732 1542 parva
1762 1489 1794 1526 a
1824 1476 1986 1542 patre
2020 1473 2078 1526 in

413 1565 695 1637 pepulum
724 1563 1036 1634 profligata
1061 1562 1640 1631 pecunia,summum
1661 1562 1775 1614 sibi
1794 1563 2079 1616 sacerdo-

415 1656 561 1710 tium
592 1651 938 1715 vindicavit;
975 1649 1155 1720 cujus
1186 1649 1422 1719 quidem
1438 1653 1572 1716 post
1594 1650 1864 1718 adeptum
1878 1666 2079 1704 sacer-

417 1745 640 1798 dotium
693 1741 810 1794 vita
866 1755 1039 1808 quam
1097 1738 1307 1806 turpis,
1346 1753 1520 1807 quam
1579 1737 1753 1806 foeda,
1785 1754 2077 1809 quamque

418 1829 782 1887 exsecranda
813 1826 1121 1895 exstiterit,
1156 1825 1440 1879 horresco
1471 1825 1693 1880 referre
1720 1845 1733 1889 ;
1770 1843 1838 1880 eo
1884 1829 2078 1895 potius

2187 592 2326 658 (non
2356 595 2548 645 tamen
2579 608 2764 646 vacua
2789 595 2986 660 manu)
3031 595 3309 648 canonica
3345 597 3738 666 parvipendentes

2186 679 2439 748 decreta,
2462 680 2826 734 substituunt
2848 699 2860 744 ;
2893 683 2992 750 qui
3009 683 3201 736 tribus
3224 699 3335 737 non
3353 685 3567 753 amplius
3582 691 3745 742 meusi-

2185 767 2300 820 bus
2319 769 2596 822 Romanae
2626 785 2775 822 usus
2801 772 2893 822 est
2919 771 3216 824 cathedrae
3243 773 3599 842 successione,
3615 777 3748 830 Bene-

2187 855 2342 909 dicto
2356 856 2614 926 undique
2630 857 2758 910 suis
2775 873 2905 910 cum
2929 859 3278 928 propinquis
3291 859 3566 915 infestante
3584 863 3746 918 Urbem

2186 944 2322 1013 quia
2353 960 2426 998 ex
2457 945 2806 999 consulibus
2852 951 3025 1000 terrae
3057 951 3222 1001 ortus
3258 953 3392 1016 erat,
3423 953 3472 1003 et
3499 950 3546 1002 in
3572 953 3642 1004 eis
3665 970 3751 1006 ma-

2187 1032 2343 1085 xima
2375 1034 2584 1103 virtus,
2621 1034 2782 1088 Urbe
2813 1050 2944 1088 cum
2977 1035 3269 1090 dedecore
3301 1037 3507 1106 pulsus,
3533 1054 3672 1093 suum
3704 1042 3755 1094 ad

2187 1122 2590 1190 episcopatum
2621 1137 2908 1177 reversus
2936 1127 3046 1176 est.
3083 1125 3425 1179 Benedictus
3460 1127 3614 1197 igitur
3637 1131 3749 1198 quod

2188 1210 2465 1262 amiserat
2494 1211 2891 1265 sacerdotium
2925 1213 3167 1282 recepit,
3203 1215 3473 1282 pristinos
3502 1219 3657 1270 tamen
3670 1233 3753 1270 mo-

2186 1311 2286 1350 res
2318 1297 2553 1351 minime
2582 1300 2844 1367 mutavit,
2881 1301 3209 1354 secundum
3240 1302 3392 1372 quod
3413 1304 3653 1373 scriptum
3669 1308 3758 1358 est:

2185 1385 2556 1440 Adolescens
2572 1388 2749 1458 juxta
2778 1389 2926 1442 viam
2957 1404 3149 1453 suam;
3182 1391 3356 1444 etiam
3394 1408 3506 1445 cum
3540 1394 3758 1459 senuerit,

2189 1489 2302 1528 non
2324 1475 2567 1529 recedet
2599 1475 2672 1529 ab
2704 1492 2771 1530 ea
2800 1475 3009 1544 (Prov.
3053 1478 3218 1547 xxu).
3248 1479 3319 1532 Et
3349 1479 3474 1549 quia
3499 1481 3675 1534 durum
3701 1487 3764 1534 est

2189 1561 2248 1614 in
2279 1563 2454 1616 corde
2486 1566 2670 1618 veteri
2703 1580 2854 1618 nova
2899 1566 3184 1635 meditari,
3211 1567 3270 1620 in
3300 1568 3512 1622 eisdem
3541 1570 3702 1638 pravis
3728 1576 3764 1622 et

2189 1652 2493 1719 perversis
2517 1652 2819 1721 operibus,
2855 1656 2914 1706 ut
2937 1658 3091 1720 ante,
3117 1657 3542 1724 perseverabat.
3571 1657 3765 1727 Cumque

2193 1753 2259 1792 se
2298 1755 2330 1791 a
2370 1739 2530 1793 clero
2563 1741 2739 1794 simul
2771 1745 2827 1795 et
2857 1743 3073 1810 populo
3107 1747 3347 1812 propter
3373 1746 3630 1814 nequitias
3668 1761 3766 1798 suas

2193 1829 2484 1880 contemni
2501 1829 2846 1899 respiceret,
2867 1835 2924 1883 et
2945 1830 3098 1884 fama
3121 1847 3368 1886 suorum
3390 1833 3768 1887 facinorumom-

419 1919 669 1990 qualiter
727 1915 1094 1984 omnipotens
1152 1914 1310 1967 Deus
1342 1913 1400 1967 in
1443 1914 1652 1968 faciem
1684 1915 1970 1970 Ecclesiae
2003 1917 2078 1972 sit
2109 1936 2164 2005 Β
2195 1915 2355 1970 nium
2410 1932 2585 1971 aures
2642 1917 2870 1986 impleri
2903 1923 3193 1988 cerneret,
3225 1921 3455 1975 tandem
3484 1921 3581 1989 (55)
3603 1925 3768 1990 reperto

418 2007 697 2078 dignatus
715 2005 1037 2072 respicere,
1055 2002 1329 2055 exordiar
1350 2018 1642 2056 enarrare.
1670 2003 1932 2074 Denique
1947 2020 2080 2059 cum

421 2096 681 2165 rapinas,
717 2092 932 2158 cades,
950 2091 1179 2160 aliaque
1201 2089 1453 2144 nefanda
1471 2090 1527 2143 in
1562 2091 2081 2163 RomanumpoPu-

419 2185 540 2238 lum
562 2182 856 2252 aliquanta
886 2195 993 2248 per
1023 2181 1305 2248 tempora,
1339 2177 1470 2232 sine
1501 2179 1618 2232 ulla
1650 2180 1924 2235 dilatione
1946 2199 2084 2253 age-

420 2274 529 2341 ret,
563 2268 908 2341 congregati
930 2267 987 2319 in
1009 2282 1188 2320 unum
1207 2266 1402 2336 populi
1435 2267 1568 2336 quia
1599 2266 1734 2337 ejus
1766 2270 2085 2339 nequitiam

419 2360 670 2430 amplius
702 2357 857 2412 ferre
885 2355 1220 2426 nequibant,
1256 2369 1389 2408 eum
1419 2370 1452 2407 a
1481 2356 1856 2424 pontiﬁcatus
1880 2361 2082 2414 cathe-

419 2451 524 2504 dra
549 2448 952 2516 exturbantes,
983 2445 1144 2499 Urbe
1173 2443 1432 2518 pellunt;
1473 2441 1841 2516 alterumque
1872 2447 1931 2503 in
1952 2448 2083 2504 loco

418 2720 634 2774 bantur
663 2715 942 2788 effrenae;
975 2716 1305 2788 praesertim
1337 2717 1388 2770 si
1420 2733 1559 2772 vera
1593 2721 1731 2771 sunt
1762 2733 1893 2788 quae
1907 2718 2084 2772 Lam-

418 2791 626 2844 bertus
669 2785 1253 2856 Schafnaburgensis
1304 2793 1502 2842 narrat
1529 2789 1664 2842 istis
1695 2785 2081 2857 temporibus.

419 2857 1020 2915 Animadvertendum
1069 2859 1260 2911 tamen
1291 2863 1383 2912 est
1426 2875 1543 2913 non
1575 2874 1781 2914 omnes
1831 2859 2084 2914 clericos

419 2933 498 2986 ita
529 2932 587 2985 in
618 2929 983 3000 profundum
1007 2928 1442 2984 incontinentiae
1460 2931 1845 2984 demersosut
1863 2946 2084 2985 uxores

419 3003 724 3069 ducerent,
742 3000 848 3053 sed
872 2999 1066 3073 potius
1090 3014 1164 3052 ex
1186 3000 1287 3073 _eis
1312 3002 1627 3056 nonnullos
1660 3001 1851 3073 magis
1883 3002 2083 3055 incon-

415 3073 672 3128 tinentes
719 3071 1102 3142 tumultuatos
1133 3070 1428 3125 adversus
1460 3070 1780 3126 decretum'
1809 3071 2086 3142 Gregorii

418 3144 653 3214 septimi
671 3141 1184 3214 praedecessorum
1219 3143 1492 3213 vestigiis
1513 3143 1858 3214 inhaerentis
1880 3141 1955 3196 de
1975 3144 2085 3198 cle-

418 3212 688 3270 ricorum
714 3212 1067 3266 continentia
1091 3212 1403 3279 servanda,
1437 3214 1684 3268 dicendo
1710 3213 1920 3267 melius
1945 3229 2083 3268 esse

418 3287 642 3342 nubere
672 3299 848 3356 quam
870 3283 987 3356 uri,
1005 3283 1209 3356 etdum
1229 3288 1578 3356 consuetum
1597 3301 1837 3338 cursum
1860 3288 2082 3339 naturae

417 3353 1114 3428 negaret—Gregorius,_
1160 3353 1529 3428 fornicationi
1586 3360 1641 3408 et
1698 3356 2084 3410 .immunditiei

416 3422 585 3483 frena
641 3422 883 3480 laxaret:
930 3422 1054 3478 Sub
1102 3423 1213 3477 hoc
1270 3425 1451 3494 igitur
1485 3427 1794 3494 praetextu
1863 3441 2083 3481 uxores

416 3497 730 3553 ducebant.
764 3495 933 3548 Unde
955 3508 1096 3547 vere
1111 3495 1520 3549 sacerdotibus
1544 3497 1702 3550 illius
1740 3500 1851 3550 aevi
1894 3500 2084 3550 conti-

414 3570 502 3640 git
531 3567 687 3640 quod
719 3565 946 3640 dixerat
991 3564 1276 3640 propheta
1321 3565 1646 3640 _Malachias
1689 3567 1907 3640 primo:
1943 3567 2084 3640 _Vos

416 3634 769 3709 recessistis
787 3635 860 3709 de
881 3635 994 3709 via,
1013 3640 1070 3688 et
1084 3635 1543 3709 scandaIizastis
1549 3634 1836 3707 plurimos
1851 3639 1917 3709 in
1929 3637 2081 3709 lege;

417 3709 662 3787 irritum
691 3705 931 3787 fecistis
945 3711 1178 3787 pactum
1210 3705 1389 3787 Levi:
1427 3705 1685 3787 propter
1717 3708 1866 3787 quod
1895 3713 1952 3761 et
1979 3705 2087 3779 ego

416 3779 559 3837 dedi
595 3793 697 3833 vos
708 3775 1529 3849 contemptibiles,ethlzumﬂes
1544 3775 1608 3830 in
1631 3775 1827 3833 omnib
1835 3795 1900 3833 us
1908 3775 2086 3849 μορίι-

416 3851 498 3905 Iis
515 3849 680 3920 (Mal.
695 3846 946 3920 u)._Vide
961 3862 1165 3920 opusc.
1181 3848 1232 3900 5.
1248 3847 1319 3920 Β.
1335 3849 1495 3920 Petri
1523 3849 1684 3903 Dam.
1705 3849 1858 3920 quod
1876 3846 2084 3904 inscri-

416 3918 579 3975 bitur
610 3920 692 3974 De
714 3918 1026 3990 privilegio
1044 3919 1211 3990 Bpm.
1229 3918 1404 3990 _Eccl.
1433 3937 1444 3981 ;
1479 3919 1689 3990 Baron.
1717 3918 1808 3973 an.
1846 3920 2000 3990 1074,
2027 3938 2083 3976 n.

409 3991 609 4060 28,29,
629 3990 717 4058 57,
749 3992 808 4044 et
837 3988 1048 4042 Bellar.
1085 3989 1164 4043 De
1194 3988 1392 4043 cleric.
1425 4005 1476 4043 c.
1513 3989 1599 4046 ~19.

487 4059 601 4132 (51)
656 4059 958 4132 Tullensis
1016 4060 1560 4132 enimJSpecialiter
1617 4060 1935 4130 episcopus
1977 4063 2085 4117 fuit

414 4130 662 4190 vocatus
713 4147 747 4185 a
796 4130 1084 4201 Gregorio
1118 4130 1218 4202 VII
1250 4132 1309 4184 in
1350 4131 1586 4202 Synodo
1630 4148 1779 4186 anno
1812 4133 1967 4199 1075,
2010 4134 2083 4187 ad

416 4204 726 4262 dicendam
757 4200 998 4256 causam
1029 4202 1100 4256 de
1122 4200 1413 4270 Simonia,‘
1432 4206 1488 4256 et
1507 4203 1934 4256 cohabitatione
1949 4219 2081 4257 cum

411 4277 677 4338 muliere,
705 4289 880 4344 quam
911 4272 1164 4344 habebat
1189 4277 1250 4326 ut
1281 4273 1619 4344 conjugem.
1653 4274 1699 4326 Ο
1729 4274 2080 4342 propudium

410 4349 572 4403 illius
621 4341 856 4400 saeculi!
891 4343 1038 4396 Vide
1068 4343 1282 4412 Baron,
1334 4341 1408 4398 ad
1435 4341 1568 4398 ann.
1605 4341 1765 4413 1074,
1795 4341 1952 4398 num.
1986 4345 2072 4399 5'7.

505 4416 595 4485 52)
626 4413 963 4484 Stephanus
992 4429 1143 4485 papa
1185 4414 1256 4481 X,
1319 4415 1426 4468 zeli
1457 4415 1717 4469 Phinees
1767 4415 2075 4470 aemulatus

413 4484 706 4554 ardorem,
741 4499 948 4540 omnes
997 4484 1248 4555 clericos
1285 4485 1487 4540 Romae
1531 4485 1631 4555 qui
1664 4489 1795 4555 post
1828 4486 2076 4539 interdi-

411 4563 572 4614 ctum
626 4571 793 4625 papae
846 4555 1064 4609 Leonis
1097 4554 1174 4609 IX
1228 4554 2068 4624 incontinentesexstiterant,

409 4631 565 4684 inter
581 4643 731 4698 quos
756 4627 957 4698 forsan
990 4626 1166 4698 aliqui
1191 4628 1440 4698 uxorati,
1465 4631 1564 4698 aut
1583 4631 1643 4681 ut
1669 4627 1864 4694 potius
1883 4627 2074 4698 dicam

407 4695 631 4771 publici
685 4695 1103 4771 concubinarii
1130 4695 1481 4771 existebant,
1516 4697 1587 4751 de
1620 4699 1911 4771 conventu
1947 4697 2071 4751 cle-

407 4765 668 4826 ricorum
721 4771 778 4823 et
833 4767 1012 4822 choro
1065 4765 1336 4822 ecclesiw
1381 4769 1660 4837 praecepit
1715 4767 1876 4821 exire
1913 4783 1924 4820 :
1959 4784 2070 4836 pu-

2195 2004 2443 2059 consilio
2465 2005 2642 2074 (quia,
2676 2006 2956 2076 voluptati
2989 2007 3247 2077 deditus,
3269 2013 3330 2062 ut
3359 2009 3770 2079 Epicurusmagis

2192 2107 2366 2162 quam
2396 2096 2458 2146 ut
2489 2095 2750 2162 pontifex
2773 2096 2972 2150 vivere
2988 2097 3260 2165 malebat)
3284 2099 3505 2152 cuidam
3524 2099 3775 2167 (56;)Joanni

2189 2181 2728 2252 archipresbytcro,
2779 2183 2878 2254 qui
2925 2187 3063 2238 tunc
3095 2186 3152 2238 in
3188 2186 3349 2240 Urbe
3379 2187 3676 2257 religiosior
3697 2203 3773 2238 cae-

2187 2269 2335 2322 teris
2367 2270 2600 2323 clericis
2633 2271 2962 2342 videbatur,
2990 2289 3108 2327 non
3132 2291 3315 2343 parva
3329 2276 3400 2328 ab
3421 2290 3487 2329 eo
3500 2279 3696 2343 accepta
3711 2290 3777 2342 pe-

2189 2357 2382 2425 cunia,
2417 2374 2712 2412 summum
2764 2362 3159 2416 sacerdotium
3203 2363 3539 2433 relinquens
3578 2362 3775 2426 tradidit;

2190 2445 2320 2516 ipse
2349 2461 2494 2501 vero
2535 2448 2594 2500 in
2625 2449 2882 2519 prOpriis
2912 2466 2978 2504 se
3034 2451 3301 2505 castellis
3343 2453 3635 2523 recipiens,
3665 2451 3777 2505 Urbe

2189 2729 2257 2767 ac
2316 2713 2661 2768 detestabile
2718 2720 2841 2770 erat
2871 2717 3004 2771 visu
3055 2719 3257 2773 videre
3293 2721 3585 2774 sedentem
3610 2718 3659 2771 in
3683 2716 3780 2769 emi-

2190 2785 2349 2858 nenti
2399 2785 2581 2858 Petri
2617 2786 2767 2840 solio
2819 2804 3085 2856 puerum.
3119 2790 3273 2853 Quid
3305 2792 3458 2844 enim
3501 2805 3605 2843 non
3630 2788 3785 2858 patitur

2191 2855 2480 2929 Ecclesia,
2533 2857 2586 2909 si
2641 2855 2939 2926 principes
2981 2875 3046 2912 se
3077 2861 3455 2915 immisceant
3481 2863 3536 2914 in
3557 2855 3673 2929 jura
3697 2873 3778 2910 non

2191 2928 2348 3000 suam?
2379 2942 2510 3000 quae
2529 2943 2645 2981 non
2663 2930 2844 2982 tentat
2870 2930 3127 3000 ﬂagrans
3151 2934 3524 3000 praefecturae
3541 2928 3788 2998 Cupiditas?

2262 2997 2373 3073 (5_4)
2405 2997 2664 3073 Joannes
2697 2997 3430 3073 episcopusSabinensis,
3451 3003 3545 3073 qui
3571 2997 3789 3073 silvester

2189 3069 2403 3121 tertius
2451 3069 2722 3137 antipapa
2775 3070 2987 3124 dictus.
3025 3072 3244 3127 Baron.
3281 3075 3354 3127 ad
3387 3068 3517 3127 ann.
3552 3071 3686 3134 1044,
3711 3068 3791 3122 ni

2263 3137 2771 3217 (‘55)17‘Benedic‘tus
2816 3157 3022 3217 suasu
3062 3146 3255 3217 sancti
3309 3144 3696 3217 Bartholommi
3724 3139 3791 3217 ab:

2190 3209 2344 3332 hstiis
2368 3209 2601 3279 (lryptae
2634 3210 2913 3280 Ferratae,
2969 3213 3250 3284 discipuli
3286 3218 3478 3269 sancti
3508 3214 3632 3280 Nili,
3663 3210 3794 3266 cessit

2194 3294 2260 3332 se
2305 3295 2358 3332 e.

2194 3294 2358 3332 seue.

2265 3351 2376 3430 (56)
2413 3350 2897 3430 ῌιιιιοῆιῐοθιιιιβιιι
2929 3354 3387 3430 aliiGratianum
3418 3357 3705 3430 nominant,
3725 3350 3792 3430 qui

2193 3424 2410 3495 postea
2430 3421 2536 3474 fuit
2567 3421 2892 3495 Gregorius
2924 3429 3152 3479 sextus.
3191 3426 3285 3495 Et,
3325 3428 3467 3482 licet
3495 3443 3525 3479 a
3555 3422 3794 3495 Desiderio

2192 3491 2484 3570 _Simopiai
2503 3491 2819 3570 sugillatus
2837 3491 3524 3570 re_periatur,sciendum
3555 3502 3714 3570 tamen
3736 3494 3796 3570 est

2193 3562 2322 3636 haec
2342 3563 2429 3636 de
2445 3562 2732 3633 Gregorio
2765 3562 3063 3632 retulisse,
3099 3562 3236 3636 quia
3269 3569 3409 3623 talis
3442 3569 3563 3622 fere
3581 3563 3794 3620 abomni-

2191 3633 2304 3687 bus
2337 3633 2611 3713 indoctis,
2647 3639 2702 3688 et
2744 3638 3081 3713 praesertim
3104 3633 3185 3713 ab
3232 3641 3484 3713 aemulis
3518 3638 3794 3713 habebatur.

2191 3719 2308 3775 non
2363 3705 2554 3758 adhuc
2587 3705 2734 3758 bene
2768 3711 2902 3760 nota
2935 3708 3049 3775 ipsi
3102 3708 3421 3764 Desiderio
3456 3725 3623 3762 causa
3660 3706 3742 3759 zeli
3763 3707 3799 3754 et

2193 3773 2492 3851 charitatis
2521 3775 2824 3851 Gregorii;
2884 3773 3360 3851 calumniamque
3412 3784 3798 3851 propterea‘non

2192 3846 2436 3920 legitimi
2467 3847 2764 3920 pontificis
2797 3849 3143 3916 patiebatur,
3180 3846 3292 3904 sed
3317 3846 3675 3920 usurpatoris
3700 3848 3802 3920 fere:

2191 3916 2288 3969 bat
2347 3932 2578 3985 nomen,
2641 3919 2776 3971 licet
2805 3935 2867 3973 re
2918 3936 3054 3973 vera
3115 3921 3408 3976 liberator
3442 3916 3703 3976 Ecclesiae
3728 3916 3795 3968 Dei

2190 3987 2386 4063 potius
2419 3988 2705 4063 dicendus
2722 3992 2845 4042 erat
2864 4006 3044 4063 quam
3061 3991 3422 4047 Simoniacm
3437 3993 3587 4046 labis
3611 3990 3800 4063 infectus

2190 4061 2252 4139 ut
2294 4057 2444 4139 Otho
2503 4057 2911 4139 F‘risingens‘is
2971 4061 3222 4139 fideliter
3254 4070 3479 4139 narrat.
3521 4057 3802 4139 Etfuerit

2189 4128 2498 4207 depositus
2531 4128 2806 4207 tanquam
2825 4131 3196 4207 Simoniacus
3221 4135 3306 4207 ab
3338 4135 3453 4207 hoc
3491 4128 3802 4207 conciliasti:

2188 4199 2358 4275 trino,
2393 4206 2688 4275 praesente
2723 4201 2980 4275 Henrico
3013 4205 3281 4258 secundo
3332 4206 3700 4275 imperatore;
3728 4199 3803 4275 Viri

2183 4272 2755 4344 tamengravissimi
2787 4276 2842 4326 et
2892 4274 3223 4327 doctissimi
3277 4271 3446 4330 illius
3478 4280 3744 4344 temporis,
3769 4271 3804 4318 ct

2182 4340 2646 4418 Simoniacorum
2663 4342 2868 4418 hostes
2883 4343 3480 4418 implacabiles,inter
3492 4340 3807 4418 quosPetruS

2183 4411 2426 4488 Da_m_ia_n
2475 4412 2845 4488 datis__e_tiam
2889 4411 2982 4488 ad
3017 4415 3209 4488 ipsum
3242 4411 3602 4488 Gregorium
3630 4415 3807 4488 sextum

2181 4483 2471 4556 epistolis,
2494 4485 2550 4536 et
2582 4483 3019 4556 Hildebrandus
3042 4483 3157 4556 qui
3201 4483 3418 4555 postea
3447 4489 3519 4541 de
3575 4483 3802 4539 industria

2181 4552 2508 4624 Gregorius
2539 4569 2688 4622 papa
2715 4555 3002 4622 septimus
3035 4552 3331 4612 nominari
3366 4559 3570 4622 voluit,
3603 4560 3657 4610 ut
3683 4568 3809 4607 mon-

2181 4625 2394 4697 straret
2423 4624 2774 4697 Gregorium
2807 4631 3040 4680 sextum
3073 4628 3266 4682 fuisse
3286 4646 3499 4683 verum
3525 4625 3803 4697 pontiﬁcem

2182 4697 2237 4747 et
2267 4694 2427 4770 male
2446 4694 2528 4770 ab
2553 4694 2805 4770 _chrico
2841 4698 3211 4770 exturbatum
3246 4716 3372 4753 non
3405 4694 3730 4754 alia—revera
3751 4705 3804 4770 ex

2183 4781 2380 4844 causa.
2411 4765 2716 4844 (quidquid
2770 4767 3053 4844 denique
3083 4774 3470 4844 prietexeret)
3515 4785 3672 4844 quam
3709 4765 3809 4833 quia

406 4842 516 4898 dor
545 4841 702 4897 enim
731 4843 787 4894 et
815 4835 1485 4914 honestas‘perierat—g‘et
1513 4835 1650 4914 dum
1678 4835 2072 4914 ecclesasitici
2095 4835 2149 4899 D
2183 4835 2321 4914 ipso.
2366 4835 2717 4914 imperatore
2765 4835 3099 4914 inconsulto
3157 4841 3392 4914 electus
3447 4835 3657 4914 fuerat;
3705 4848 3806 4886 sen-
3888 4835 3889 4908 1

409 4913 640 4983 vigoris
684 4910 910 4965 sensim
967 4909 1278 4983 disciplina
1320 4909 1741 4983 collabebatur,
1776 4909 2068 4983 inundans

406 4981 684 5039 vitiorum
715 4999 782 5036 ac
815 4981 1164 5050 pravitatum
1197 4981 1457 5034 omnium
1485 4981 1544 5033 in
1575 4981 1702 5034 dies
1743 4981 1930 5048 pestis
1962 4996 2068 5034 au-

409 5055 681 5130 gebatur;
711 5053 856 5130 Vide
886 5053 1099 5130 Baron.
1129 5067 1269 5130 _ann.
1308 5051 1554 5130 1057,_n.
1598 5051 1664 5104 15
1711 5055 1766 5104 et
1797 5066 1953 5130 sequ

480 5124 592 5192 (53)
642 5123 996 5178 Benedictus
1036 5123 1218 5194 hujus
1277 5123 1799 5194 nominismnonus,
1844 5123 1963 5194 qui
2015 5124 2071 5175 et

410 5193 902 5272 TheOphylactus,
965 5191 1219 5247 Alberici
1254 5193 1852 5272 cognitisTusculani
1889 5191 2066 5272 filius,

409 5278 558 5333 puer
578 5262 593 5263 ί
615 5262 924 5318 duodecim
986 5281 1291 5332 annorum,
1327 5265 1635 5334 largitione
1665 5279 1732 5316 ac
1765 5262 2069 5331 tyrannide

451 5334 596 5413 atris
617 5335 877 5414 pontifex
888 5335 1191 5414 in_se_dem
1219 5337 1544 5414 Romanam
1577 5334 1900 5414 intruditiir
1917 5349 2068 5414 anno

465 5403 642 5476 omini
689 5405 848 5476 1034.
882 5406 927 5458 Ο
960 5407 1190 5460 facinus
1214 5409 1332 5461 toto
1367 5403 1944 5476 lacrymarumifonte
1976 5404 2068 5456 lu—

411 5472 700 5546 gendum!
733 5475 934 5546 Qualis
969 5477 1176 5530 deinde
1212 5477 1385 5531 fuerit
1436 5472 1548 5529 iste
1595 5474 1970 5546 Benedictus,
2015 5476 2071 5546 et

411 5544 586 5615 quam
617 5545 773 5612 turpi
805 5545 939 5598 vita
970 5547 1222 5613 deditus,
1261 5563 1372 5601 una
1406 5563 1537 5601 cum
1568 5547 1702 5615 ejus
1744 5544 1964 5597 infelici
1998 5544 2068 5596 ad

409 5615 1330 5686 inferosdamnatione,quiscire
1361 5620 1537 5686 cupit,
1572 5617 1728 5685 legat
1754 5617 1962 5669 Baron.
1999 5615 2067 5667 ad

408 5704 542 5742 ann.
579 5686 717 5741 1033
740 5689 795 5740 et
815 5702 979 5756 seq.;
1013 5688 1170 5754 Diae,
1208 5689 1263 5739 in
1289 5689 1416 5741 Vita
1451 5689 1747 5741 Benedict.
1799 5686 2067 5754 aliosque

409 5759 481 5814 de
513 5759 644 5816 Vita
676 5757 844 5814 Rom.
891 5759 1062 5812 Pent.
1108 5758 1460 5814 scribentes.
1505 5757 1881 5815 Horrendum
1911 5759 2068 5811 certe

2181 4907 2346 4982 tiunt,
2385 4907 2640 4982 iquam,
2678 4907 2787 4982 hoc
2820 4910 3136 4982 concilium
3169 4913 3385 4982 egisse
3418 4911 3575 4982 quod
3603 4923 3702 4963 non
3728 4917 3806 4974 p0-

2179 4981 2346 5055 terat,
2383 4980 2438 5030 et
2470 4978 2824 5055 Gregorium
2857 4981 3046 5055 fuisse
3077 4978 3271 5055 virum
3305 4978 3588 5051 optimum
3618 4995 3677 5055 ac
3701 4990 3810 5055 san-

2179 5047 2545 5120 ctissimum:
2583 5064 2716 5102 cum
2757 5050 2885 5103 haec
2940 5053 3172 5120 largitio
3204 5047 3590 5120 pecuniarum
3621 5049 3683 5101 ab
3712 5049 3808 5112 ipso

2179 5117 2348 5191 facta,
2375 5135 2490 5191 non
2523 5120 2735 5191 emptio
2761 5121 2944 5184 sedis,
2967 5117 3073 5174 sed
3105 5117 3305 5190 potius
3327 5121 3648 5191 redemptio
3674 5129 3810 5191 vem'

2178 5189 2352 5262 tionis
2393 5189 2638 5262 dicenda
2663 5190 2831 5255 foret,
2865 5188 3129 5261 adeoque
3150 5195 3507 5248 necessaria
3541 5188 3607 5244 ad
3636 5188 3807 5262 pellen-

2176 5259 2282 5312 des
2330 5263 2452 5313 tres
2512 5261 2674 5314 sedis
2724 5255 3067 5330 apostolicae
3127 5265 3472 5327 invasores,
3533 5267 3591 5316 ut
3636 5255 3803 5330 luerim

2176 5332 2495 5403 transactio
2553 5335 2608 5383 et
2664 5328 2780 5384 non
2855 5334 3114 5387 Simonia
3171 5336 3528 5403 appellanda
3587 5328 3802 5403 deberet.

2175 5401 2423 5476 ideoque
2454 5402 2725 5476 licita,“ut
2758 5404 2931 5476 tradit
2964 5397 3266 5476 Lavinam,
3309 5407 3413 5458 tib.
3452 5423 3526 5467 iv,
3561 5406 3709 5476 tract.
3741 5397 3798 5453 ίυς

2176 5487 2300 5544 cap.
2335 5473 2387 5537 8,
2425 5488 2581 5525 num.
2617 5472 2703 5540 23,
2741 5474 3009 5544 allegatis
3057 5472 3367 5544 Cajetano.
3417 5477 3576 5536 Solo,
3610 5472 3801 5526 Suarei.

2177 5543 2406 5595 licssio.
2443 5544 2742 5612 Deumque
2773 5543 2967 5612 ipsum
3003 5543 3287 5599 miraculo
3345 5549 3800 5612 attestatumesse

2175 5613 2565 5687 innocentiam
2597 5607 2869 5685 Gregorii
2900 5617 3052 5669 sexti
3076 5617 3286 5670 scribit
3316 5617 3639 5687 Gregorius
3661 5607 3799 5687 FOQ"

2177 5683 2381 5756 (larius
2425 5685 2480 5735 in
2512 5682 2896 5756 Gregoriano.
2936 5687 3081 5741 Vide
3141 5688 3320 5742 etiam
3354 5682 3591 5755 Baron.,
3621 5682 3800 5737 adcum.

2179 5754 2334 5824 1044,
2368 5769 2528 5809 num.
2553 5755 2604 5809 6.
