3926 6146
154 341 277 406 1005

133 540 291 596 cessit.
320 539 519 593 Interea
549 536 828 606 Joannes,
863 537 958 591 cui
984 536 1312 608 Gregorius
1344 553 1559 592 nomen
1578 538 1729 591 indi-

131 634 223 683 tum
246 634 339 695 est,
369 642 486 681 cum
510 626 738 680 duobus
757 626 928 680 annis
950 629 1013 680 et
1037 631 1167 680 octo
1197 626 1504 681 mensibus
1527 641 1727 681 sacer'

128 718 300 771 dotium
351 714 823 781 administrasset,
887 715 1183 768 Henricus
1241 730 1367 782 rex,
1428 716 1525 785 qui
1586 720 1724 769 tunc

126 803 411 870 Germaniae,
442 803 775 871 Pannoniae,
800 801 1073 857 Saxonica
1092 819 1160 857 ac
1178 803 1718 873 ltalim'imperabat,

123 893 175 946 ad
189 890 584 960 suscipiendam
614 891 685 945 de
721 907 896 945 manu
930 891 1178 945 Romani
1211 891 1509 961 pontificis
1540 893 1721 961 impe-

122 980 281 1033 rialem
299 994 570 1047 coronam,
592 981 884 1049 quatenus
900 979 1183 1049 deinceps
1203 980 1512 1052 Augustus
1530 981 1726 1049 appel-

118 1068 200 1121 lari
244 1069 452 1137 posset,
510 1068 730 1121 Italiam
788 1069 1131 1139 ingressus,
1198 1069 1521 1123 Romanam
1581 1069 1723 1123 adiit

116 1155 279 1209 urbem
314 1157 474 1225 (anno
502 1154 681 1224 1047).
734 1154 852 1209 Sed
903 1160 1213 1226 antequam
1262 1157 1485 1211 Urbem
1516 1157 1719 1228 ingre-

116 1243 320 1309 deretur,
335 1244 705 1313 plurimorum
724 1243 1276 1314 episcoporum,nec
1291 1260 1407 1298 non
1419 1245 1717 1315 abbatum,

115 1332 405 1384 clericorum
433 1346 665 1401 quoque
696 1348 763 1385 ac
802 1332 1226 1404 religiosorum
1269 1333 1712 1402 monachorum,

112 1420 155 1471 in
171 1418 369 1472 Sutrina
398 1419 537 1473 urbe
572 1420 822 1474 concilio
856 1424 1240 1492 congregato,
1276 1422 1582 1491 Joannem,
1617 1423 1717 1492 qui

108 1504 379 1577 Gregorius
399 1506 591 1561 dictus
610 1511 720 1577 est,
744 1509 950 1563 missis
974 1509 1046 1562 ad
1068 1525 1201 1563 eum
1225 1510 1546 1579 episcopis,
1566 1512 1628 1563 ut
1644 1511 1715 1564 de

107 1594 474 1649 ecclesiasticis
499 1596 779 1667 negotiis,
808 1597 1175 1668 maximeque
1198 1597 1268 1651 de
1293 1598 1555 1652 Romana
1574 1601 1715 1653 tunc

104 1679 472 1753 Ecclesia,quae
484 1687 610 1738 tres
624 1685 801 1739 simul
820 1685 1038 1740 habere
1052 1686 1364 1755 pontifices
1383 1686 1714 1755 videbatur,

102 1770 201 1837 ipso
241 1772 603 1839 praesidente,
646 1775 1015 1842 tractaretur,
1047 1775 1250 1829 venire
1294 1776 1542 1846 rogavit.
1596 1774 1712 1830 Sed

98 1855 199 1909 hzec
226 1858 289 1912 de
308 1859 593 1915 industria
614 1862 961 1933 agebantur,
980 1862 1104 1933 jam
1129 1865 1285 1917 enim
1307 1863 1524 1917 dudum
1546 1864 1713 1934 regio

97 1946 250 1999 animo
267 1948 557 2003 insederat
578 1952 637 2003 ut
654 1955 775 2004 tres
794 1951 946 2014 illos,
970 1952 1068 2021 qui
1088 1952 1309 2022 injuste
1329 1952 1713 2020 apostolicam

94 2032 257 2087 sedem
278 2035 629 2107 invaserant,
654 2054 786 2093 cum
806 2040 1056 2094 concilio
1081 2045 1137 2094 et
1163 2041 1508 2094 auctoritate
1532 2040 1713 2094 totius

90 2122 284 2175 concilii
302 2123 461 2193 juste
484 2126 835 2195 depelleret,
860 2131 917 2182 et
940 2144 1092 2183 unus
1112 2129 1213 2199 qui
1242 2128 1567 2183 secundum
1589 2130 1713 2181 sta-

90 2211 182 2261 tuta
208 2209 300 2265 SS.
330 2212 567 2268 Patrum
600 2216 904 2271 Dominico
927 2217 1097 2287 gregi
1119 2217 1376 2271 sollicite
1400 2218 1711 2287 praeesset,

87 2296 215 2351 clero
259 2303 311 2353 et
352 2302 573 2372 populo
617 2303 893 2375 eligente,
943 2304 1338 2359 ordinaretur.
1386 2304 1715 2359 Praedictus

88 2385 245 2457 itaque
270 2390 532 2457 pontifex
569 2395 847 2447 exoratus
880 2410 912 2447 a
943 2409 1108 2464 rege,
1140 2392 1495 2463 caeterisque
1526 2392 1717 2462 ponti-

86 2473 284 2544 ﬁcibus,
307 2476 593 2549 Sutrium,
620 2480 721 2534 ubi
752 2482 1016 2551 synodus
1036 2485 1396 2553 congregata
1417 2484 1563 2549 erat,
1585 2480 1719 2534 alle-

83 2566 188 2616 ctus
207 2579 303 2634 spe
320 2568 497 2637 quod,
524 2569 663 2623 aliis
688 2569 919 2624 duobus
944 2571 1249 2640 depositis,
1272 2570 1385 2623 sibi
1405 2570 1517 2624 soli
1534 2569 1719 2639 ponti-

81 2650 255 2706 ﬁcatus
283 2656 753 2727 confirmaretur,
785 2662 1085 2728 gratanter
1108 2658 1385 2727 perrexit.
1410 2657 1525 2712 Sed
1553 2660 1716 2726 post-

85 2753 228 2806 quam
257 2758 324 2798 eo
350 2749 600 2800 ventum
630 2750 741 2813 est,
776 2750 832 2800 et
863 2762 960 2800 res
982 2748 1196 2817 agitari
1224 2763 1291 2800 ac
1322 2746 1536 2799 discuti
1567 2762 1598 2798 a
1619 2744 1719 2816 Sy-

77 2827 207 2881 nodo
224 2836 404 2900 coepta
429 2839 545 2903 est,
575 2850 913 2906 agnoscens
935 2851 1000 2889 se
1019 2851 1135 2888 non
1151 2834 1511 2905 possejuste
1533 2833 1717 2889 hono-

82 2930 186 2969 rem
225 2921 361 2974 tanti
409 2922 733 2978 sacerdotii
780 2923 1208 2992 administrare,
1270 2910 1344 2977 ex'
1397 2922 1717 2991 pontificali

74 3003 194 3057 sella
207 3009 512 3080 exsiliens,
529 3027 600 3065 ac
615 3012 999 3081 semetipsum
1014 3011 1367 3081 pontiﬁcalia
1381 3011 1717 3065 indumenta

73 3106 289 3164 exuens,
316 3100 617 3167 postulata
651 3100 844 3168 venia,
876 3100 1092 3154 summi
1122 3099 1436 3154 sacerdotii
1461 3099 1717 3171 dignita-

71 3182 163 3233 tem
191 3182 462 3254 deposuit
493 3187 631 3257 (57).

127 3268 250 3325 Post
281 3274 414 3330 haec
447 3292 563 3330 rex
595 3275 815 3331 Urbem
862 3276 1203 3348 ingressus,
1248 3276 1610 3348 congregato
1659 3275 1718 3327 in

67 3359 288 3415 ecclesia
311 3363 377 3418 Β.
412 3365 581 3420 Petri
614 3365 865 3435 apostoli
897 3365 1161 3420 Romano
1194 3365 1350 3419 clero
1389 3368 1445 3419 et
1473 3362 1716 3433 populo:

63 3460 154 3499 una
185 3466 313 3505 cum
343 3453 658 3522 episcopis
688 3454 790 3524 qui
820 3454 880 3508 in
927 3453 1270 3523 praedictam
1318 3454 1717 3507 convenerant

65 3538 347 3608 synodum,
382 3542 690 3595 communi
723 3542 972 3596 consilio
1014 3542 1127 3613 (58)
1157 3540 1515 3597 Clementem
1544 3540 1714 3593 Bam-

58 3621 390 3696 bergansem
421 3631 779 3701 episcopum
810 3631 1138 3702 elegerunt,
1192 3631 1328 3701 quia
1358 3629 1418 3683 in
1451 3630 1715 3691 Romana

1364 338 1737 402 DIALOGI.
1773 373 1851 388 ο-
1881 340 2042 407 LIB.
2074 341 2178 404 III.

1746 1889 1791 1948 Β

1747 3237 1796 3298 C

3343 349 3502 414 1006

1836 539 2014 612 digne
2044 544 2251 611 posset
2272 542 2353 596 ad.
2364 543 2506 597 tanti
2531 543 2816 598 honorem
2834 546 3111 602 sufﬁcere
3143 550 3458 606 sacerdotii
3484 565 3501 607 :

1837 644 2088 700 eumque
2105 630 2164 683 in
2182 632 2504 700 apostolica
2523 633 2664 686 sede
2690 634 2762 686 ad
2785 634 3112 705 regendum
3132 637 3503 696 Dominicum

1816 732 2083 789 gregem
2100 718 2561 774 inthronizantes
2581 722 2962 776 constituunt.
2979 723 3104 787 Quo
3119 740 3235 779 non
3247 726 3501 796 amplius

1836 818 2047 857 novem
2066 805 2371 858 mensibus
2390 807 2723 861 sacerdotio
2742 808 2962 878 functo,
2978 826 3051 863 ex
3065 810 3175 865 hac
3193 812 3309 865 vita
3327 813 3498 868 dece-

1836 892 2026 960 dente,
2064 893 2352 946 Damasus
2385 909 2456 946 ox
2496 893 2802 949 Germania
2835 897 3142 965 oriundus,
3183 899 3367 954 fultus
3399 917 3499 956 au-

1836 981 2099 1034 ctoritate
2113 982 2274 1052 regia
2287 980 2619 1051 (59),eidem
2632 984 3391 1053 succedens,sacerdotium
3404 994 3497 1044 est

1834 1069 2102 1137 adeptus,
2135 1068 2350 1139 quique
2382 1085 2500 1123 non
2526 1072 2776 1140 amplius
2799 1088 2971 1142 quam
2997 1074 3207 1145 viginti
3229 1078 3285 1129 et
3304 1076 3497 1131 tribus

1831 1156 2042 1211 diebus
2105 1157 2438 1212 sacerdotio
2466 1159 2872 1214 administrato
2891 1160 3045 1214 diem
3069 1162 3279 1216 clausit
3295 1166 3497 1219 extre-

1829 1260 2007 1298 mum.
2057 1245 2209 1300 Huic
2258 1248 2556 1301 successit
2586 1247 2697 1315 (60)
2729 1249 2869 1317 Leo,
2906 1250 2977 1302 de
3018 1266 3133 1320 quo
3181 1252 3355 1306 nobis
3402 1256 3496 1307 est

1831 1349 2029 1387 sermo
2059 1350 2182 1403 prae
2215 1334 2508 1402 manibus,
2536 1335 2625 1387 vir
2646 1351 2751 1405 per
2772 1337 2965 1391 omnia
2987 1340 3373 1409 apostolicus,
3394 1355 3494 1395 re-

1829 1422 1945 1491 gali
1996 1436 2221 1493 genere
2268 1426 2457 1491 ortus,
2508 1424 2796 1493 sapientia
2844 1427 3150 1496 praeditus,
3203 1429 3493 1501 religione

1829 1512 2211 1579 conspicuus,
2234 1511 2508 1581 omnique
2527 1512 2934 1567 ecclesiastica
2951 1515 3217 1569 doctrina
3230 1518 3493 1588 apprime

1827 1597 2116 1667 eruditus,
2137 1613 2205 1651 ac
2223 1599 2321 1668 qui
2346 1600 2861 1668 (quemadmodum
2879 1603 3165 1673 scriptum
3186 1605 3298 1673 est)
3317 1607 3494 1675 coepit

1824 1685 2101 1740 invocare
2120 1702 2333 1740 nomen
2364 1686 2616 1752 Domini;
2642 1705 2935 1760 quemque
2965 1691 3137 1745 etiam
3168 1693 3288 1746 vidi
3319 1692 3490 1764 ejus-

1825 1789 1937 1844 que
1956 1774 2404 1829 familiaritatem
2428 1776 2648 1830 habere
2681 1779 2901 1832 merui:
2931 1795 3092 1848 saepe
3123 1780 3297 1834 etiam
3328 1796 3398 1835 eo
3429 1782 3491 1837 in

1825 1863 2077 1917 ecclesia
2126 1863 2346 1917 missas
2389 1864 2743 1932 celebrante,
2796 1882 2931 1920 cum
2976 1867 3076 1921 illo
3105 1868 3180 1921 ad
3227 1868 3489 1924 divinum

1823 1952 2003 2005 altare
2035 1951 2227 2005 sacris
2280 1950 2521 2005 indutus
2560 1953 2831 2007 vestibus
2881 1954 3037 2022 steti,
3073 1955 3244 2025 eique
3294 1955 3488 2012 Evan-

1824 2040 2044 2111 gelium
2075 2039 2214 2110 legi.
2239 2040 2289 2091 A
2312 2054 2426 2108 quo
2448 2041 2639 2093 omnia
2658 2041 3063 2096 ecclesiastica
3094 2042 3289 2097 studia
3316 2059 3487 2100 reno-

1814 2124 1955 2181 vata
1985 2143 2054 2181 ac
2101 2131 2451 2196 restaurata,
2497 2143 2767 2199 novaque
2814 2129 2917 2182 lux
2959 2130 3177 2185 mundo
3218 2130 3349 2185 visa
3397 2135 3489 2187 est

1825 2232 2042 2270 ΘΧΟΙῚῙῚ
2053 2258 2065 2269 .

1894 2303 2005 2356 Hic
2036 2318 2197 2371 saepe
2221 2302 2583 2356 sacerdotale
2614 2304 2929 2357 consilium
2954 2305 3272 2373 advocans,
3293 2320 3489 2361 sacer-

1824 2392 2011 2460 dotes,
2047 2391 2329 2445 diaconos
2359 2392 2415 2444 et
2435 2390 2699 2461 reliquos
2724 2392 2972 2446 clericos
2994 2408 3112 2446 non
3131 2393 3486 2464 regulariter

1825 2481 2125 2535 ordinatos
2174 2480 2444 2548 removit,
2488 2483 2543 2532 et
2589 2479 2649 2532 in
2693 2495 2898 2534 eorum
2944 2480 3094 2535 locis
3143 2482 3216 2535 ad
3256 2481 3384 2536 veri
3426 2486 3486 2537 et

1828 2571 2042 2623 summi
2095 2567 2201 2621 Dei
2234 2567 2453 2621 cultum
2495 2567 2594 2637 qui
2643 2568 2820 2639 digne
2860 2569 3197 2623 ministrare
3236 2574 3486 2639 possent

1825 2656 2145 2711 constituit.
2179 2654 2447 2718 Quotidie
2471 2672 2704 2726 quoque
2721 2672 2829 2726 per
2850 2673 2916 2711 se
2936 2673 3199 2729 suosque
3217 2658 3486 2728 discipu-

1823 2744 1915 2799 los
1945 2743 2161 2815 ubique
2184 2744 2424 2812 missos,
2448 2744 2683 2813 pbpulis
2714 2745 2870 2798 viam
2901 2746 3150 2814 Domini,
3182 2747 3397 2801 litteris
3428 2749 3487 2803 et

1824 2833 2027 2886 verbis
2058 2832 2388 2901 praedicans
2418 2833 2784 2887 ostendebat.
2827 2833 2934 2899 Qui
2964 2849 3070 2903 per
3100 2835 3485 2904 apostolicam

1822 2920 1978 2973 viam
2010 2935 2246 2988 semper
2292 2919 2592 2989 gradiens,
2632 2921 2994 2989 apostolicos
3025 2923 3200 2976 etiam
3228 2923 3391 2976 viros
3422 2924 3485 2977 in

1823 3008 2124 3063 miraculis
2156 3009 2247 3061 est
2276 3007 2555 3060 imitatus.
2583 3007 2664 3060 De
2687 3023 2803 3077 quo
2826 3009 3061 3078 quidem
3083 3009 3252 3079 plura
3280 3010 3483 3065 audire

1824 3112 1915 3151 me
1949 3095 2212 3165 contigit,
2243 3094 2351 3148 sed
2373 3094 2571 3148 multis
2605 3098 2925 3164 occupatus
2943 3097 3219 3167 negotiis,
3246 3097 3484 3168 singula

1824 3200 2074 3257 quaeque
2118 3183 2460 3237 discurrere
2504 3198 2620 3236 non
2653 3184 2879 3253 valens,
2911 3200 3098 3254 pauca
3139 3185 3366 3240 referre
3409 3186 3481 3241 de

1823 3273 2092 3344 pluribus
2127 3274 2410 3342 satagam,
2445 3274 2506 3324 ut
2526 3285 2630 3339 per
2653 3271 2780 3325 haec
2801 3273 3002 3343 quanti
3021 3272 3115 3326 vir
3142 3273 3256 3327 iste
3287 3274 3483 3328 meriti

1824 3361 2019 3429 fuerit,
2051 3359 2387 3429 quicunque
2407 3358 2467 3412 in
2497 3362 2799 3428 posterum
2828 3360 3039 3432 legerit
3065 3365 3372 3432 agnoscat.

1895 3449 2006 3518 (61)
2035 3447 2306 3518 Gregorii
2337 3447 2533 3517 itaque
2564 3448 2879 3516 pontificis,
2913 3449 3015 3519 qui
3044 3449 3117 3503 ab
3152 3465 3222 3503 eo
3261 3450 3483 3504 educa-

1820 3540 1918 3593 tus
1949 3552 2019 3591 ac
2049 3535 2453 3589 subdiaconus
2482 3535 2809 3606 ordinatus,
2852 3553 3008 3592 nunc
3037 3539 3231 3592 autem
3258 3538 3320 3592 in
3359 3539 3484 3593 Ro-

1823 3641 1994 3680 mana
2037 3625 2198 3679 Urbe
2252 3623 2482 3679 culmen
2528 3626 2918 3694 apostolicum
2972 3629 3199 3691 tenens,
3261 3625 3485 3681 Christi

60 3709 301 3770 Ecclesia
332 3733 458 3773 non
491 3722 620 3774 erat
663 3721 801 3773 tunc
832 3719 966 3774 talis
1008 3723 1239 3789 reperta
1281 3733 1540 3789 persona
1582 3731 1714 3788 quae
1823 3713 2151 3768 Ecclesiam
2182 3712 2383 3767 verbis
2414 3712 2589 3766 simul
2610 3716 2667 3767 et
2687 3714 2975 3784 exemplis
2997 3714 3269 3785 illustrat,
3303 3714 3483 3770 didici

112 3816 216 3895 (5])
266 3821 521 3895 Yidens
549 3823 877 3895 Gregorius
925 3840 1073 3894 papa
1121 3823 1540 3895 sanctissimus
1562 3822 1715 3895 Afore
1819 3834 1968 3876 voce
1990 3819 2347 3895 cantantium
2380 3834 2392 3871 :
2429 3817 2556 3890 Ego
2588 3819 2783 3890 cogito
2816 3820 3203 3892 cogitationes
3232 3822 3399 3891 pacis
3430 3826 3489 3878 et

56 3890 410 3975 conitendum
465 3890 1023 3975 dirum'schisniaz:
1050 3895 1167 3948 nisi
1216 3892 1714 3975 pontificatuife-

54 3961 393 4036 nuntiasset,
466 3966 731 4019 imitatus
797 3966 925 4034 ipse
981 3961 1307 4036 Gregorius
1352 3964 1717 4036 Gregorium

51 4028 502 4106 Nazianzenum,
537 4037 639 4106 qui
670 4037 744 4090 ob
791 4028 996 4105 p'acem
1045 4028 1468 4090 conciliandam
1487 4028 1718 4106 “Eccle-

52 4100 164 4176 sise,
212 4110 435 4174 sponte
490 4100 575 4160 se'
603 4100 914 4175 abdicavit,
969 4109 1025 4161 et
1070 4107 1199 4176 ipse
1242 4106 1450 4160 eodem
1497 4105 1711 4176 animo,

49 4171 360 4247 eademque
393 4178 641 4240 virtute,
664 4171 961 4247 pontificis
991 4171 1133 4232 sede
1154 4180 1363 4247 sponte
1394 4174 1599 4244 cessit;
1624 4171 1714 4228 sic

47 4243 317 4318 euimgilla
350 4243 699 4318 temporum
730 4248 1008 4318 iniquitas
1038 4243 1392 4318 postulabat.

106 4312 212 4383 (58)
241 4312 543 4373 Clemens
575 4312 875 4373 secundus
898 4312 1131 4372 nomine
1162 4317 1514 4383 Suidigerus
1546 4316 1717 4369 Bam-

42 4380 353 4459 pergensis
374 4390 713 4459 episcopus
733 4394 967 4444 creatur
979 4404 1125 4459 papa
1141 4402 1293 4441 anno
1314 4380 1543 4459 Domini
1558 4384 1714 4440 1047.

44 4452 271 4531 Veneno
301 4452 652 4530 propinate,
684 4464 747 4514 ut
777 4452 1012 4531 quidam
1042 4452 1343 4525 "scribunt,
1388 4457 1716 4531 confectus,

46 4524 179 4601 Pura
197 4524 450 4601 Montes
478 4546 512 4585 c
531 4524 648 4585 vita
670 4524 992 4601 improviso
1016 4531 1245 4601 migrat,
1269 4543 1426 4583 nono
1448 4528 1541 4582 die
1557 4526 1721 4581 Octo-

37 4592 370 4677 brislbferia
406 4604 612 4677 sexta.
857 4671 869 4677 _
1084 4592 1131 4677 -ν
1672 4666 1683 4677 ,

100 4669 208 4737 (59)
240 4671 566 4727 Henricus
598 4671 805 4726 tertius
854 4671 1188 4740 imperator.
1224 4669 1562 4738 POpponem
1593 4669 1709 4736 epi-

39 4751 278 4812 §l§opum
311 4743 750 4797 Brixinensem
783 4743 981 4812 magni
1001 4741 1550 4812 nominis,gRoniam
1578 4753 1722 4808 pon-

35 4808 240 4866 titicem
273 4814 771 4869 consecrandum
804 4808 973 4866 mittit
1004 4828 1138 4866 ann.
1172 4811 1330 4873 1048;
1355 4812 1412 4865 et
1434 4810 1724 4863 Damasus

37 4884 339 4955 secundus
392 4884 752 4955 appellatur,
786 4882 918 4937 Fuit
947 4883 999 4937 is
1044 4884 1195 4950 dies,
1229 4887 1293 4955 ut
1335 4880 1569 4955 quidam
1601 4884 1722 4955 trag

32 4948 184 5024 dunt,
210 4954 367 5008 Julii
390 4948 631 5009 niénsis
650 4948 915 5009 decimus
933 4948 1243 5024 septimus,
1265 4948 1609 5024 Doininicus
1631 4966 1642 5002 :
1669 4952 1726 5002 et

30 5020 345 5100 Praeneste
380 5026 493 5079 die
537 5041 690 5100 nona
720 5020 1161 5100 Augusti—feria
1193 5024 1361 5100 tertia
1390 5037 1421 5075 e
1452 5021 1569 5100 vita
1614 5034 1724 5100 ex-

30 5095 230 5157 cessit:
288 5097 500 5151 funus
546 5096 605 5149 in
638 5090 858 5150 Urbem
908 5097 1155 5150 relatum
1201 5098 1257 5148 et
1294 5094 1367 5148 ad
1410 5090 1726 5146 ecclesiam

25 5160 220 5220 Sancti
251 5167 590 5222 Laurentii
611 5170 778 5221 extra
804 5182 1008 5221 muros
1038 5165 1335 5220 conditum
1359 5165 1469 5231 est,
1492 5174 1722 5214 veneno

25 5236 331 5293 sublatum
367 5253 568 5307 opera
598 5236 895 5292 Benedicti
929 5238 1066 5291 noni
1097 5236 1261 5291 sedis
1311 5231 1628 5301 invasoris,
1663 5232 1727 5284 ut

26 5307 610 5384 qu_idam_referunt.
702 5379 712 5384 _
1233 5377 1304 5384 ___

85 5378 222 5454 (60);,
255 5380 396 5454 Leo
446 5394 650 5454 ponus
699 5379 757 5433 in
807 5394 1102 5454 summum
1137 5374 1726 5454 potiﬁccimneligitur

25 5463 149 5503 ann.
183 5446 461 5505 Domini
499 5448 653 5504 1049.
678 5453 847 5504 antea
869 5452 1113 5504 vacatus
1137 5446 1337 5502 Bruno
1359 5446 1726 5500 Tullensium

25 5520 702 5598 Episcopus,_Hu_gonis
724 5521 879 5575 ﬁlius
906 5536 1105 5598 comes
1129 5520 1199 5598 de
1222 5518 1563 5598 Diagsburg,
1579 5518 1724 5595 “etc.,

26 5591 372 5673 nonaclius
388 5591 703 5647 Tullensis
718 5592 1203 5673 congregationis
1218 5591 1730 5673 (gluniace‘nsismx

25 5663 203 5718 nobili
220 5664 626 5719 Francorum
638 5656 914 5733 prosapia
926 5656 1446 5733 o'riundusldibus
1469 5656 1732 5733 Februa-

25 5736 79 5790 'ii
96 5734 219 5793 fuit
262 5737 511 5794 Romae
538 5728 946 5807 consecratus,
976 5733 1173 5790 audita
1198 5731 1367 5803 prius
1382 5728 1733 5802 angelorum

1823 3907 1938 3946 non
1978 3889 2336 3943 afﬂictionis.

1894 3959 2004 4028 (61)
2018 3960 2078 4012 Is
2095 3958 2538 4029 fuitGregorius
2555 3960 2842 4029 septimus
2855 3963 3020 4015 antea
3038 3961 3481 4019 Hildebrandus

1825 4030 2056 4084 natione
2099 4028 2355 4091 Tuscus,
2388 4028 2812 4083 creatusanno
2861 4030 3087 4085 Domini
3120 4030 3293 4087 1073:
3340 4034 3487 4089 obiit

1825 4116 1967 4155 vero
2004 4115 2138 4152 ann.
2182 4098 2340 4166 1085;
2375 4098 2551 4168 cujus
2584 4101 2863 4154 sanctitas
2894 4108 3209 4156 veneratur
3235 4103 3295 4156 in
3326 4104 3487 4158 Mar-

1824 4171 2116 4242 tyrologio
2149 4170 2409 4242 Romano
2440 4170 2552 4222 sub
2579 4170 2672 4223 die
2703 4171 2768 4242 15
2792 4170 2946 4239 Maii,
2979 4172 3168 4242 liceta
3185 4172 3486 4227 schisma-

1826 4238 1958 4296 ticis
1997 4238 2054 4294 et
2096 4238 2393 4309 haereticis
2436 4254 2504 4292 ac
2549 4240 2844 4309 praecipue
2895 4238 2939 4294 α
2972 4241 3289 4295 Melchiore
3339 4242 3485 4296 Hai-

1821 4310 2161 4366 minsfeldio
2191 4307 2471 4363 Goldasto
2506 4307 2567 4362 in
2594 4307 2989 4365 suis—constit.
3023 4311 3306 4379 imperial.
3342 4312 3482 4368 edit.

1823 4381 1959 4436 1607
2001 4381 2292 4451 adversus
2339 4378 2688 4451 Gregorium
2736 4378 3156 4435 delatrantibus
3205 4380 3487 4439 Simoniae

1823 4453 2199 4507 insimutatus
2245 4449 2421 4504 fuerit
2456 4449 2482 4504 ε’
2521 4450 2594 4504 ad
2641 4466 2818 4521 quam
2865 4452 3076 4505 deinde
3134 4451 3489 4509 calumniam

1823 4522 2229 4593 depellendam
2249 4522 2577 4593 Gregorius
2610 4522 2983 4591 perceptione
3013 4522 3228 4577 divinm
3257 4522 3488 4579 Eucha-

1737 4585 1790 4646 D
1823 4585 2009 4648 ristiae
2033 4608 2202 4647 suam
2231 4585 2502 4660 probavit
2530 4585 2942 4662 innocentiam,
2976 4594 3244 4648 hortatus
3275 4594 3491 4649 Henri-

1825 4680 1958 4718 cum
1986 4679 2211 4735 regem,
2237 4663 2295 4715 in
2328 4661 2503 4735 cujus
2535 4662 2783 4735 gratiam
2808 4661 3095 4718 calumnia
3120 4664 3217 4735 illa
3240 4665 3490 4735 conflata

1824 4736 2036 4804 fuerat,
2065 4733 2132 4787 ut
2156 4733 2588 4804 ipseisimiliter
2618 4734 2677 4786 in
2706 4735 3106 4788 testimonium
3135 4734 3488 4789 innocentia

1825 4805 1985 4877 quod
2020 4802 2262 4877 erimina
2280 4803 2351 4856 de
2369 4802 2589 4877 quibus
2605 4805 2981 4877 arguebatur,
3007 4804 3485 4877 communicaret,

1827 4873 2098 4930 invocato
2151 4875 2210 4927 in
2266 4876 2477 4927 testem
2530 4873 2788 4942 Christo,
2847 4873 3062 4942 quiin
3114 4874 3491 4928 Eucharistia

1829 4946 2170 5015 percipitur;
2228 4943 2384 5014 quod
2440 4958 2561 5015 rex,
2603 4944 2779 5015 male,
2809 4943 2925 4997 sibi
2980 4943 3258 5015 conscius
3285 4944 3493 5015 noluit

1833 5013 2049 5071 facere.
2084 5013 2388 5085 Postrema
2419 5014 2722 5085 morientis
2753 5014 3025 5085 Gregorii
3062 5013 3245 5068 verba
3272 5013 3439 5069 fuere
3471 5030 3485 5068 :

1840 5109 1861 5133 «
1897 5085 2087 5140 Dilexi
2114 5084 2424 5155 justitiam,
2458 5087 2515 5138 et
2561 5084 2717 5139 odivi
2747 5084 3133 5155 iniquitatem,
3179 5088 3492 5154 propterea

1834 5158 2055 5211 morior
2085 5154 2145 5209 in
2175 5155 2405 5209 exsilio.
2436 5174 2457 5203 ι
2487 5155 2598 5207 Pro
2618 5155 3081 5225 Gregrpugnant
3103 5154 3489 5225 Baronrann.

1837 5227 1995 5295 1085;
2016 5226 2203 5279 Nicol.
2226 5225 2470 5278 Sander.
2499 5225 2578 5278 De
2602 5224 2775 5278 visib’.
2802 5224 2959 5277 Eccl.
2985 5240 3142 5279 mon.
3162 5224 3488 5295 Genebrar.

1833 5299 1892 5352 in
1920 5297 2238 5352 Chronich.
2270 5295 2473 5367 Sigon.
2507 5295 2577 5367 de
2609 5310 2809 5367 regno,
2840 5295 3054 5367 Italia):
3091 5298 3376 5367 praeterea
3419 5294 3494 5367 ad

1876 5368 2256 5439 uinquaginta
2287 5364 2473 5420 testes
2521 5364 2868 5419 innocentiae
2912 5365 3182 5435 Gregorii
3205 5364 3496 5490 (producit

1876 5443 2149 5490 retserus
2197 5439 2257 5490 in
2302 5437 2551 5490 Anolosr.
2607 5452 2710 5490 nro
2770 5437 3148 5490 sanctissimo
3257 5435 3493 5490 regorio

1884 5435 2149 5494 retseru's
2197 5439 2257 5491 in
2302 5437 2551 5507 Apolog.
2607 5452 2739 5507 pro,
2770 5437 3148 5507 sanctissimo
3205 5435 3493 5507 Gregorio

1835 5512 2104 5580 septimo;
2133 5507 2375 5580 consule
2408 5506 2578 5560 etiam
2602 5506 2933 5580 Marianum
2951 5506 3209 5574 Scotum,
3230 5509 3301 5580 et
3330 5506 3494 5580 Lam-

1833 5577 2065 5636 bei'tum
2083 5579 2518 5648 Schafnaburg.
2532 5618 2546 5645 ,
2566 5578 2668 5647 qui
2688 5578 2806 5630 illis
2824 5578 2973 5647 ipsis
2995 5577 3361 5648 temporibus
3380 5577 3495 5648 cla-

1835 5653 2101 5725 ruerunt,
2136 5654 2191 5705 et
2219 5653 2345 5725 ac_t_a
2373 5646 2518 5717 pura
2535 5646 2603 5701 ac
2626 5646 2906 5725 germana
2936 5646 3213 5725 Gregorii
3242 5662 3348 5721 per
3369 5646 3496 5701 sin-

1835 5724 2009 5797 gulos
2039 5736 2229 5775 annos
2260 5719 2664 5792 digesserunt.
