  <div class='ocr_page' id='page_1' title='image "/cluster/home/n/w/nwhite01/storage/ocr_20150623/149/hvd.32044054760079/509.png"; bbox 0 0 3982 6164; ppageno 0'>
   <div class='ocr_carea' id='block_1_1' title="bbox 486 323 645 387">
    <p class='ocr_par' dir='ltr' id='par_1_1' title="bbox 486 323 645 387">
     <span class='ocr_line' id='line_1_1' title="bbox 486 323 645 387; baseline -0.006 -1"><span class='ocrx_word' id='word_1_1' title='bbox 486 323 645 387; x_wconf 87' lang='grc'>1007</span> 
     </span>
    </p>
   </div>
   <div class='ocr_carea' id='block_1_2' title="bbox 1776 322 2617 387">
    <p class='ocr_par' dir='ltr' id='par_1_2' title="bbox 1776 322 2617 387">
     <span class='ocr_line' id='line_1_2' title="bbox 1776 322 2617 387; baseline -0.001 -3"><span class='ocrx_word' id='word_1_2' title='bbox 1776 322 2173 387; x_wconf 80' lang='lat' dir='ltr'>VICTORIS</span> <span class='ocrx_word' id='word_1_3' title='bbox 2214 323 2300 383; x_wconf 93' lang='grc' dir='ltr'>ΙΙΙ</span> <span class='ocrx_word' id='word_1_4' title='bbox 2342 322 2617 384; x_wconf 68' lang='lat' dir='ltr'>PAPIE.</span> 
     </span>
    </p>
   </div>
   <div class='ocr_carea' id='block_1_3' title="bbox 3713 329 3840 393">
    <p class='ocr_par' dir='ltr' id='par_1_3' title="bbox 3713 329 3840 393">
     <span class='ocr_line' id='line_1_3' title="bbox 3713 329 3840 393; baseline 0.031 -4"><span class='ocrx_word' id='word_1_5' title='bbox 3713 329 3840 393; x_wconf 73' lang='grc' dir='ltr'>1ω8</span> 
     </span>
    </p>
   </div>
   <div class='ocr_carea' id='block_1_4' title="bbox 488 507 3841 597">
    <p class='ocr_par' dir='ltr' id='par_1_4' title="bbox 488 507 3841 597">
     <span class='ocr_line' id='line_1_4' title="bbox 488 507 3841 597; baseline -0.001 -14"><span class='ocrx_word' id='word_1_6' title='bbox 488 527 770 583; x_wconf 83' lang='lat' dir='ltr'>relatione</span> <span class='ocrx_word' id='word_1_7' title='bbox 799 542 931 597; x_wconf 68' lang='lat' dir='ltr'>quae</span> <span class='ocrx_word' id='word_1_8' title='bbox 964 540 1158 579; x_wconf 89' lang='lat' dir='ltr'>narro.</span> <span class='ocrx_word' id='word_1_9' title='bbox 1212 524 1399 595; x_wconf 82' lang='lat' dir='ltr'>Cujus</span> <span class='ocrx_word' id='word_1_10' title='bbox 1441 526 1639 594; x_wconf 84' lang='lat' dir='ltr'>utique</span> <span class='ocrx_word' id='word_1_11' title='bbox 1684 523 1886 577; x_wconf 84' lang='lat' dir='ltr'>verbis</span> <span class='ocrx_word' id='word_1_12' title='bbox 1930 523 2007 576; x_wconf 88' lang='lat' dir='ltr'>ita</span> <span class='ocrx_word' id='word_1_13' title='bbox 2054 537 2147 576; x_wconf 90' lang='lat' dir='ltr'>me</span> <span class='ocrx_word' id='word_1_14' title='bbox 2178 507 2233 571; x_wconf 74' lang='grc' dir='ltr'><strong>Ᾱ</strong></span> <span class='ocrx_word' id='word_1_15' title='bbox 2258 522 2525 575; x_wconf 89' lang='lat' dir='ltr'>eumdem</span> <span class='ocrx_word' id='word_1_16' title='bbox 2556 522 2791 576; x_wconf 89' lang='lat' dir='ltr'>beatum</span> <span class='ocrx_word' id='word_1_17' title='bbox 2821 522 3155 592; x_wconf 90' lang='lat' dir='ltr'>pontiﬁcem</span> <span class='ocrx_word' id='word_1_18' title='bbox 3191 523 3477 594; x_wconf 80' lang='lat' dir='ltr'>decipere,</span> <span class='ocrx_word' id='word_1_19' title='bbox 3508 524 3661 595; x_wconf 82' lang='lat' dir='ltr'>eique</span> <span class='ocrx_word' id='word_1_20' title='bbox 3682 527 3841 580; x_wconf 86' lang='lat' dir='ltr'>subla-</span> 
     </span>
    </p>
   </div>
   <div class='ocr_carea' id='block_1_5' title="bbox 491 612 2149 684">
    <p class='ocr_par' dir='ltr' id='par_1_5' title="bbox 491 612 2149 684">
     <span class='ocr_line' id='line_1_5' title="bbox 491 612 2149 684; baseline -0.004 -14"><span class='ocrx_word' id='word_1_21' title='bbox 491 617 735 671; x_wconf 91' lang='lat' dir='ltr'>credere</span> <span class='ocrx_word' id='word_1_22' title='bbox 749 616 1072 684; x_wconf 89' lang='lat' dir='ltr'>oportet,ac</span> <span class='ocrx_word' id='word_1_23' title='bbox 1086 614 1139 667; x_wconf 89' lang='lat' dir='ltr'>si</span> <span class='ocrx_word' id='word_1_24' title='bbox 1152 628 1264 684; x_wconf 92' lang='lat' dir='ltr'>ego</span> <span class='ocrx_word' id='word_1_25' title='bbox 1279 613 1807 683; x_wconf 78' lang='lat' dir='ltr'>impraesentiarum</span> <span class='ocrx_word' id='word_1_26' title='bbox 1822 612 2149 665; x_wconf 79' lang='lat' dir='ltr'>adfuissem</span> 
     </span>
    </p>
   </div>
   <div class='ocr_carea' id='block_1_6' title="bbox 492 700 2145 773">
    <p class='ocr_par' dir='ltr' id='par_1_6' title="bbox 492 700 2145 773">
     <span class='ocr_line' id='line_1_6' title="bbox 492 700 2145 773; baseline -0.004 -15"><span class='ocrx_word' id='word_1_27' title='bbox 492 705 802 773; x_wconf 89' lang='lat' dir='ltr'>oculisque</span> <span class='ocrx_word' id='word_1_28' title='bbox 830 703 1136 756; x_wconf 78' lang='lat' dir='ltr'>vidissem.</span> <span class='ocrx_word' id='word_1_29' title='bbox 1176 702 1321 755; x_wconf 89' lang='lat' dir='ltr'>Dum</span> <span class='ocrx_word' id='word_1_30' title='bbox 1350 703 1598 772; x_wconf 90' lang='lat' dir='ltr'>quodam</span> <span class='ocrx_word' id='word_1_31' title='bbox 1636 704 1899 770; x_wconf 90' lang='lat' dir='ltr'>tempore</span> <span class='ocrx_word' id='word_1_32' title='bbox 1929 700 2145 770; x_wconf 55' lang='lat' dir='ltr'>praedi-</span> 
     </span>
    </p>
   </div>
   <div class='ocr_carea' id='block_1_7' title="bbox 494 789 2147 858">
    <p class='ocr_par' dir='ltr' id='par_1_7' title="bbox 494 789 2147 858">
     <span class='ocr_line' id='line_1_7' title="bbox 494 789 2147 858; baseline -0.004 -11"><span class='ocrx_word' id='word_1_33' title='bbox 494 795 624 847; x_wconf 91' lang='lat' dir='ltr'>ctus</span> <span class='ocrx_word' id='word_1_34' title='bbox 649 793 767 846; x_wconf 89' lang='lat' dir='ltr'>Leo</span> <span class='ocrx_word' id='word_1_35' title='bbox 790 791 1147 845; x_wconf 83' lang='lat' dir='ltr'>venerabilis</span> <span class='ocrx_word' id='word_1_36' title='bbox 1165 790 1425 858; x_wconf 82' lang='lat' dir='ltr'>pontifex</span> <span class='ocrx_word' id='word_1_37' title='bbox 1445 790 1871 844; x_wconf 83' lang='lat' dir='ltr'>ecclesiasticis</span> <span class='ocrx_word' id='word_1_38' title='bbox 1892 789 2147 842; x_wconf 91' lang='lat' dir='ltr'>intentus</span> 
     </span>
    </p>
   </div>
   <div class='ocr_carea' id='block_1_8' title="bbox 492 879 2149 951">
    <p class='ocr_par' dir='ltr' id='par_1_8' title="bbox 492 879 2149 951">
     <span class='ocr_line' id='line_1_8' title="bbox 492 879 2149 951; baseline -0.004 -16"><span class='ocrx_word' id='word_1_39' title='bbox 492 882 750 951; x_wconf 89' lang='lat' dir='ltr'>negotiis</span> <span class='ocrx_word' id='word_1_40' title='bbox 781 880 839 933; x_wconf 94' lang='lat' dir='ltr'>in</span> <span class='ocrx_word' id='word_1_41' title='bbox 865 879 1046 932; x_wconf 89' lang='lat' dir='ltr'>Gallia</span> <span class='ocrx_word' id='word_1_42' title='bbox 1078 882 1420 944; x_wconf 75' lang='lat' dir='ltr'>moraretur,</span> <span class='ocrx_word' id='word_1_43' title='bbox 1450 897 1483 932; x_wconf 90' lang='lat' dir='ltr'>a</span> <span class='ocrx_word' id='word_1_44' title='bbox 1514 880 1763 949; x_wconf 89' lang='lat' dir='ltr'>quodam</span> <span class='ocrx_word' id='word_1_45' title='bbox 1796 879 2003 932; x_wconf 90' lang='lat' dir='ltr'>abbate</span> <span class='ocrx_word' id='word_1_46' title='bbox 2034 891 2149 929; x_wconf 87' lang='lat' dir='ltr'>mo-</span> 
     </span>
    </p>
   </div>
   <div class='ocr_carea' id='block_1_9' title="bbox 492 967 2149 1039">
    <p class='ocr_par' dir='ltr' id='par_1_9' title="bbox 492 967 2149 1039">
     <span class='ocr_line' id='line_1_9' title="bbox 492 967 2149 1039; baseline -0.001 -17"><span class='ocrx_word' id='word_1_47' title='bbox 492 967 756 1035; x_wconf 90' lang='lat' dir='ltr'>nasterii,</span> <span class='ocrx_word' id='word_1_48' title='bbox 789 968 974 1019; x_wconf 81' lang='lat' dir='ltr'>sancti</span> <span class='ocrx_word' id='word_1_49' title='bbox 1008 968 1374 1022; x_wconf 78' lang='lat' dir='ltr'>confessoris</span> <span class='ocrx_word' id='word_1_50' title='bbox 1407 968 1623 1021; x_wconf 81' lang='lat' dir='ltr'>Christi</span> <span class='ocrx_word' id='word_1_51' title='bbox 1676 968 1929 1039; x_wconf 77' lang='lat' dir='ltr'>Remigii</span> <span class='ocrx_word' id='word_1_52' title='bbox 1966 967 2149 1037; x_wconf 89' lang='lat' dir='ltr'>ligna-</span> 
     </span>
    </p>
   </div>
   <div class='ocr_carea' id='block_1_10' title="bbox 492 1056 2153 1125">
    <p class='ocr_par' dir='ltr' id='par_1_10' title="bbox 492 1056 2153 1125">
     <span class='ocr_line' id='line_1_10' title="bbox 492 1056 2153 1125; baseline 0 -16"><span class='ocrx_word' id='word_1_53' title='bbox 492 1056 645 1109; x_wconf 90' lang='lat' dir='ltr'>rium</span> <span class='ocrx_word' id='word_1_54' title='bbox 669 1056 940 1124; x_wconf 89' lang='lat' dir='ltr'>poculum</span> <span class='ocrx_word' id='word_1_55' title='bbox 952 1056 1377 1111; x_wconf 85' lang='lat' dir='ltr'>benedictionis</span> <span class='ocrx_word' id='word_1_56' title='bbox 1396 1074 1573 1111; x_wconf 89' lang='lat' dir='ltr'>causa</span> <span class='ocrx_word' id='word_1_57' title='bbox 1591 1058 1866 1125; x_wconf 87' lang='lat' dir='ltr'>oblatum,</span> <span class='ocrx_word' id='word_1_58' title='bbox 1890 1057 2153 1125; x_wconf 85' lang='lat' dir='ltr'>suscepit</span> 
     </span>
    </p>
   </div>
   <div class='ocr_carea' id='block_1_11' title="bbox 493 1142 2153 1214">
    <p class='ocr_par' dir='ltr' id='par_1_11' title="bbox 493 1142 2153 1214">
     <span class='ocr_line' id='line_1_11' title="bbox 493 1142 2153 1214; baseline -0.001 -17"><span class='ocrx_word' id='word_1_59' title='bbox 493 1142 650 1214; x_wconf 92' lang='lat' dir='ltr'>quod</span> <span class='ocrx_word' id='word_1_60' title='bbox 677 1142 968 1210; x_wconf 83' lang='lat' dir='ltr'>videlicet,</span> <span class='ocrx_word' id='word_1_61' title='bbox 993 1159 1098 1211; x_wconf 91' lang='lat' dir='ltr'>pro</span> <span class='ocrx_word' id='word_1_62' title='bbox 1122 1160 1318 1198; x_wconf 88' lang='lat' dir='ltr'>amore</span> <span class='ocrx_word' id='word_1_63' title='bbox 1348 1147 1488 1198; x_wconf 88' lang='lat' dir='ltr'>tanti</span> <span class='ocrx_word' id='word_1_64' title='bbox 1513 1145 1808 1214; x_wconf 89' lang='lat' dir='ltr'>pontiﬁcis</span> <span class='ocrx_word' id='word_1_65' title='bbox 1837 1145 2006 1197; x_wconf 84' lang='lat' dir='ltr'>valde</span> <span class='ocrx_word' id='word_1_66' title='bbox 2024 1144 2153 1197; x_wconf 92' lang='lat' dir='ltr'>dili-</span> 
     </span>
    </p>
   </div>
   <div class='ocr_carea' id='block_1_12' title="bbox 493 1232 2151 1303">
    <p class='ocr_par' dir='ltr' id='par_1_12' title="bbox 493 1232 2151 1303">
     <span class='ocr_line' id='line_1_12' title="bbox 493 1232 2151 1303; baseline 0.001 -18"><span class='ocrx_word' id='word_1_67' title='bbox 493 1233 688 1303; x_wconf 82' lang='lat' dir='ltr'>gebat,</span> <span class='ocrx_word' id='word_1_68' title='bbox 722 1247 788 1284; x_wconf 90' lang='lat' dir='ltr'>ac</span> <span class='ocrx_word' id='word_1_69' title='bbox 818 1232 878 1284; x_wconf 90' lang='lat' dir='ltr'>in</span> <span class='ocrx_word' id='word_1_70' title='bbox 909 1246 979 1284; x_wconf 90' lang='lat' dir='ltr'>eo</span> <span class='ocrx_word' id='word_1_71' title='bbox 1010 1232 1349 1286; x_wconf 90' lang='lat' dir='ltr'>refectionis</span> <span class='ocrx_word' id='word_1_72' title='bbox 1380 1233 1521 1287; x_wconf 90' lang='lat' dir='ltr'>hora</span> <span class='ocrx_word' id='word_1_73' title='bbox 1556 1234 1612 1286; x_wconf 90' lang='lat' dir='ltr'>in</span> <span class='ocrx_word' id='word_1_74' title='bbox 1660 1250 1865 1288; x_wconf 90' lang='lat' dir='ltr'>mensa</span> <span class='ocrx_word' id='word_1_75' title='bbox 1912 1235 2151 1303; x_wconf 89' lang='lat' dir='ltr'>sedens,</span> 
     </span>
    </p>
   </div>
   <div class='ocr_carea' id='block_1_13' title="bbox 496 1318 2151 1389">
    <p class='ocr_par' dir='ltr' id='par_1_13' title="bbox 496 1318 2151 1389">
     <span class='ocr_line' id='line_1_13' title="bbox 496 1318 2151 1389; baseline 0.002 -15"><span class='ocrx_word' id='word_1_76' title='bbox 496 1318 696 1374; x_wconf 87' lang='lat' dir='ltr'>aureis</span> <span class='ocrx_word' id='word_1_77' title='bbox 715 1321 770 1373; x_wconf 90' lang='lat' dir='ltr'>et</span> <span class='ocrx_word' id='word_1_78' title='bbox 792 1320 1092 1389; x_wconf 84' lang='lat' dir='ltr'>argenteis</span> <span class='ocrx_word' id='word_1_79' title='bbox 1115 1321 1489 1389; x_wconf 86' lang='lat' dir='ltr'>posthabitis,</span> <span class='ocrx_word' id='word_1_80' title='bbox 1516 1323 1717 1377; x_wconf 87' lang='lat' dir='ltr'>bibere</span> <span class='ocrx_word' id='word_1_81' title='bbox 1741 1326 2151 1377; x_wconf 85' lang='lat' dir='ltr'>consueverat.</span> 
     </span>
    </p>
   </div>
   <div class='ocr_carea' id='block_1_14' title="bbox 495 1407 2157 1481">
    <p class='ocr_par' dir='ltr' id='par_1_14' title="bbox 495 1407 2157 1481">
     <span class='ocr_line' id='line_1_14' title="bbox 495 1407 2157 1481; baseline 0.003 -21"><span class='ocrx_word' id='word_1_82' title='bbox 495 1407 683 1479; x_wconf 80' lang='lat' dir='ltr'>Igitur</span> <span class='ocrx_word' id='word_1_83' title='bbox 714 1407 851 1461; x_wconf 89' lang='lat' dir='ltr'>dum</span> <span class='ocrx_word' id='word_1_84' title='bbox 869 1408 1118 1478; x_wconf 87' lang='lat' dir='ltr'>quadam</span> <span class='ocrx_word' id='word_1_85' title='bbox 1136 1409 1226 1463; x_wconf 91' lang='lat' dir='ltr'>die</span> <span class='ocrx_word' id='word_1_86' title='bbox 1246 1410 1317 1463; x_wconf 91' lang='lat' dir='ltr'>ad</span> <span class='ocrx_word' id='word_1_87' title='bbox 1340 1426 1603 1464; x_wconf 88' lang='lat' dir='ltr'>mensam</span> <span class='ocrx_word' id='word_1_88' title='bbox 1624 1412 1849 1466; x_wconf 89' lang='lat' dir='ltr'>sedenti</span> <span class='ocrx_word' id='word_1_89' title='bbox 1879 1413 2157 1481; x_wconf 89' lang='lat' dir='ltr'>pincerna</span> 
     </span>
    </p>
   </div>
   <div class='ocr_carea' id='block_1_15' title="bbox 494 1496 2159 1569">
    <p class='ocr_par' dir='ltr' id='par_1_15' title="bbox 494 1496 2159 1569">
     <span class='ocr_line' id='line_1_15' title="bbox 494 1496 2159 1569; baseline 0.002 -19"><span class='ocrx_word' id='word_1_90' title='bbox 494 1510 571 1551; x_wconf 85' lang='lat' dir='ltr'>ex</span> <span class='ocrx_word' id='word_1_91' title='bbox 597 1510 761 1549; x_wconf 91' lang='lat' dir='ltr'>more</span> <span class='ocrx_word' id='word_1_92' title='bbox 790 1496 1066 1564; x_wconf 90' lang='lat' dir='ltr'>poculum</span> <span class='ocrx_word' id='word_1_93' title='bbox 1090 1497 1263 1551; x_wconf 89' lang='lat' dir='ltr'>vellet</span> <span class='ocrx_word' id='word_1_94' title='bbox 1294 1499 1620 1568; x_wconf 80' lang='lat' dir='ltr'>porrigere,</span> <span class='ocrx_word' id='word_1_95' title='bbox 1653 1499 1783 1569; x_wconf 51' lang='lat' dir='ltr'>fqua</span> <span class='ocrx_word' id='word_1_96' title='bbox 1814 1501 2018 1554; x_wconf 88' lang='lat' dir='ltr'>nescio</span> <span class='ocrx_word' id='word_1_97' title='bbox 2052 1515 2159 1554; x_wconf 88' lang='lat' dir='ltr'>ne-</span> 
     </span>
    </p>
   </div>
   <div class='ocr_carea' id='block_1_16' title="bbox 496 1582 2157 1656">
    <p class='ocr_par' dir='ltr' id='par_1_16' title="bbox 496 1582 2157 1656">
     <span class='ocr_line' id='line_1_16' title="bbox 496 1582 2157 1656; baseline 0.002 -19"><span class='ocrx_word' id='word_1_98' title='bbox 496 1582 779 1655; x_wconf 88' lang='lat' dir='ltr'>gligentia</span> <span class='ocrx_word' id='word_1_99' title='bbox 808 1583 1061 1636; x_wconf 89' lang='lat' dir='ltr'>tenentis</span> <span class='ocrx_word' id='word_1_100' title='bbox 1084 1584 1155 1637; x_wconf 92' lang='lat' dir='ltr'>dc</span> <span class='ocrx_word' id='word_1_101' title='bbox 1182 1600 1355 1639; x_wconf 90' lang='lat' dir='ltr'>manu</span> <span class='ocrx_word' id='word_1_102' title='bbox 1389 1586 1616 1652; x_wconf 88' lang='lat' dir='ltr'>cecidit,</span> <span class='ocrx_word' id='word_1_103' title='bbox 1641 1602 1894 1656; x_wconf 84' lang='lat' dir='ltr'>moxque</span> <span class='ocrx_word' id='word_1_104' title='bbox 1928 1587 2157 1641; x_wconf 88' lang='lat' dir='ltr'>confra-</span> 
     </span>
    </p>
   </div>
   <div class='ocr_carea' id='block_1_17' title="bbox 499 1671 2160 1745">
    <p class='ocr_par' dir='ltr' id='par_1_17' title="bbox 499 1671 2160 1745">
     <span class='ocr_line' id='line_1_17' title="bbox 499 1671 2160 1745; baseline 0.003 -18"><span class='ocrx_word' id='word_1_105' title='bbox 499 1674 656 1727; x_wconf 84' lang='lat' dir='ltr'>ctum</span> <span class='ocrx_word' id='word_1_106' title='bbox 684 1671 742 1724; x_wconf 91' lang='lat' dir='ltr'>in</span> <span class='ocrx_word' id='word_1_107' title='bbox 772 1674 970 1739; x_wconf 90' lang='lat' dir='ltr'>partes</span> <span class='ocrx_word' id='word_1_108' title='bbox 1002 1675 1092 1725; x_wconf 91' lang='lat' dir='ltr'>est</span> <span class='ocrx_word' id='word_1_109' title='bbox 1121 1673 1256 1742; x_wconf 63' lang='lat'>(6?).</span> <span class='ocrx_word' id='word_1_110' title='bbox 1289 1673 1434 1727; x_wconf 89' lang='lat' dir='ltr'>Cum</span> <span class='ocrx_word' id='word_1_111' title='bbox 1481 1674 1732 1745; x_wconf 89' lang='lat' dir='ltr'>denique</span> <span class='ocrx_word' id='word_1_112' title='bbox 1774 1676 2160 1732; x_wconf 86' lang='lat' dir='ltr'>beatissimus</span> 
     </span>
    </p>
   </div>
   <div class='ocr_carea' id='block_1_18' title="bbox 498 1758 2160 1833">
    <p class='ocr_par' dir='ltr' id='par_1_18' title="bbox 498 1758 2160 1833">
     <span class='ocr_line' id='line_1_18' title="bbox 498 1758 2160 1833; baseline 0.004 -21"><span class='ocrx_word' id='word_1_113' title='bbox 498 1774 647 1830; x_wconf 89' lang='lat' dir='ltr'>papa</span> <span class='ocrx_word' id='word_1_114' title='bbox 676 1758 772 1812; x_wconf 91' lang='lat' dir='ltr'>bis</span> <span class='ocrx_word' id='word_1_115' title='bbox 804 1761 1011 1829; x_wconf 91' lang='lat' dir='ltr'>terque</span> <span class='ocrx_word' id='word_1_116' title='bbox 1043 1761 1242 1814; x_wconf 89' lang='lat' dir='ltr'>vinum</span> <span class='ocrx_word' id='word_1_117' title='bbox 1272 1762 1619 1832; x_wconf 87' lang='lat' dir='ltr'>requireret,</span> <span class='ocrx_word' id='word_1_118' title='bbox 1655 1766 1711 1817; x_wconf 90' lang='lat' dir='ltr'>et</span> <span class='ocrx_word' id='word_1_119' title='bbox 1740 1764 2021 1833; x_wconf 89' lang='lat' dir='ltr'>pincerna</span> <span class='ocrx_word' id='word_1_120' title='bbox 2050 1765 2160 1819; x_wconf 92' lang='lat' dir='ltr'>hac</span> 
     </span>
    </p>
   </div>
   <div class='ocr_carea' id='block_1_19' title="bbox 2259 609 3843 682">
    <p class='ocr_par' dir='ltr' id='par_1_19' title="bbox 2259 609 3843 682">
     <span class='ocr_line' id='line_1_19' title="bbox 2259 609 3843 682; baseline 0.004 -20"><span class='ocrx_word' id='word_1_121' title='bbox 2259 613 2380 663; x_wconf 89' lang='lat' dir='ltr'>tum</span> <span class='ocrx_word' id='word_1_122' title='bbox 2412 609 2668 663; x_wconf 90' lang='lat' dir='ltr'>ofﬁcium</span> <span class='ocrx_word' id='word_1_123' title='bbox 2697 611 2927 664; x_wconf 90' lang='lat' dir='ltr'>restitui</span> <span class='ocrx_word' id='word_1_124' title='bbox 2972 612 3282 681; x_wconf 85' lang='lat' dir='ltr'>impetrare</span> <span class='ocrx_word' id='word_1_125' title='bbox 3319 629 3329 666; x_wconf 93' lang='lat'>:</span> <span class='ocrx_word' id='word_1_126' title='bbox 3366 612 3561 682; x_wconf 89' lang='lat' dir='ltr'>sicque</span> <span class='ocrx_word' id='word_1_127' title='bbox 3589 614 3652 666; x_wconf 87' lang='lat' dir='ltr'>ab</span> <span class='ocrx_word' id='word_1_128' title='bbox 3686 630 3743 668; x_wconf 89' lang='lat' dir='ltr'>eo</span> <span class='ocrx_word' id='word_1_129' title='bbox 3766 632 3843 668; x_wconf 84' lang='lat' dir='ltr'>ac-</span> 
     </span>
    </p>
   </div>
   <div class='ocr_carea' id='block_1_20' title="bbox 2263 699 3843 771">
    <p class='ocr_par' dir='ltr' id='par_1_20' title="bbox 2263 699 3843 771">
     <span class='ocr_line' id='line_1_20' title="bbox 2263 699 3843 771; baseline 0.003 -20"><span class='ocrx_word' id='word_1_130' title='bbox 2263 703 2425 768; x_wconf 90' lang='lat' dir='ltr'>cepta</span> <span class='ocrx_word' id='word_1_131' title='bbox 2444 700 2711 768; x_wconf 89' lang='lat' dir='ltr'>pecunia,</span> <span class='ocrx_word' id='word_1_132' title='bbox 2740 700 2986 752; x_wconf 81' lang='lat' dir='ltr'>Romam</span> <span class='ocrx_word' id='word_1_133' title='bbox 3006 700 3184 753; x_wconf 84' lang='lat' dir='ltr'>venit.</span> <span class='ocrx_word' id='word_1_134' title='bbox 3215 699 3470 771; x_wconf 87' lang='lat' dir='ltr'>Cumque</span> <span class='ocrx_word' id='word_1_135' title='bbox 3488 717 3549 755; x_wconf 90' lang='lat' dir='ltr'>se</span> <span class='ocrx_word' id='word_1_136' title='bbox 3564 702 3843 756; x_wconf 77' lang='lat' dir='ltr'>beatissimo</span> 
     </span>
    </p>
   </div>
   <div class='ocr_carea' id='block_1_21' title="bbox 2264 788 3848 860">
    <p class='ocr_par' dir='ltr' id='par_1_21' title="bbox 2264 788 3848 860">
     <span class='ocr_line' id='line_1_21' title="bbox 2264 788 3848 860; baseline 0.003 -20"><span class='ocrx_word' id='word_1_137' title='bbox 2264 788 2521 857; x_wconf 89' lang='lat' dir='ltr'>pontiﬁci</span> <span class='ocrx_word' id='word_1_138' title='bbox 2566 792 3011 857; x_wconf 85' lang='lat' dir='ltr'>praesentasset,</span> <span class='ocrx_word' id='word_1_139' title='bbox 3065 788 3240 857; x_wconf 80' lang='lat' dir='ltr'>coepit</span> <span class='ocrx_word' id='word_1_140' title='bbox 3288 805 3352 842; x_wconf 89' lang='lat' dir='ltr'>se</span> <span class='ocrx_word' id='word_1_141' title='bbox 3397 789 3507 842; x_wconf 89' lang='lat' dir='ltr'>huc</span> <span class='ocrx_word' id='word_1_142' title='bbox 3551 790 3768 860; x_wconf 88' lang='lat' dir='ltr'>illucque</span> <span class='ocrx_word' id='word_1_143' title='bbox 3804 796 3848 845; x_wconf 89' lang='lat' dir='ltr'>ut</span> 
     </span>
    </p>
   </div>
   <div class='ocr_carea' id='block_1_22' title="bbox 2273 875 3849 945">
    <p class='ocr_par' dir='ltr' id='par_1_22' title="bbox 2273 875 3849 945">
     <span class='ocr_line' id='line_1_22' title="bbox 2273 875 3849 945; baseline 0.003 -18"><span class='ocrx_word' id='word_1_144' title='bbox 2273 875 2520 929; x_wconf 85' lang='lat' dir='ltr'>callidus</span> <span class='ocrx_word' id='word_1_145' title='bbox 2552 891 2800 945; x_wconf 89' lang='lat' dir='ltr'>serpens</span> <span class='ocrx_word' id='word_1_146' title='bbox 2831 878 3083 945; x_wconf 85' lang='lat' dir='ltr'>vertere,</span> <span class='ocrx_word' id='word_1_147' title='bbox 3118 876 3455 945; x_wconf 88' lang='lat' dir='ltr'>episcopum</span> <span class='ocrx_word' id='word_1_148' title='bbox 3501 893 3657 931; x_wconf 91' lang='lat' dir='ltr'>suum</span> <span class='ocrx_word' id='word_1_149' title='bbox 3694 879 3849 933; x_wconf 78' lang='lat' dir='ltr'>verbis</span> 
     </span>
    </p>
   </div>
   <div class='ocr_carea' id='block_1_23' title="bbox 2267 963 3849 1034">
    <p class='ocr_par' dir='ltr' id='par_1_23' title="bbox 2267 963 3849 1034">
     <span class='ocr_line' id='line_1_23' title="bbox 2267 963 3849 1034; baseline 0.002 -18"><span class='ocrx_word' id='word_1_150' title='bbox 2267 963 2583 1016; x_wconf 81' lang='lat' dir='ltr'>rhetoricis</span> <span class='ocrx_word' id='word_1_151' title='bbox 2616 978 2923 1031; x_wconf 82' lang='lat' dir='ltr'>excusare,</span> <span class='ocrx_word' id='word_1_152' title='bbox 2949 964 3181 1017; x_wconf 85' lang='lat' dir='ltr'>blandis</span> <span class='ocrx_word' id='word_1_153' title='bbox 3206 968 3258 1017; x_wconf 92' lang='lat' dir='ltr'>et</span> <span class='ocrx_word' id='word_1_154' title='bbox 3281 964 3608 1017; x_wconf 90' lang='lat' dir='ltr'>humillimis</span> <span class='ocrx_word' id='word_1_155' title='bbox 3628 967 3849 1034; x_wconf 85' lang='lat' dir='ltr'>precibus</span> 
     </span>
    </p>
   </div>
   <div class='ocr_carea' id='block_1_24' title="bbox 2267 1051 3853 1123">
    <p class='ocr_par' dir='ltr' id='par_1_24' title="bbox 2267 1051 3853 1123">
     <span class='ocr_line' id='line_1_24' title="bbox 2267 1051 3853 1123; baseline 0.001 -18"><span class='ocrx_word' id='word_1_156' title='bbox 2267 1056 2329 1105; x_wconf 92' lang='lat' dir='ltr'>ut</span> <span class='ocrx_word' id='word_1_157' title='bbox 2360 1051 2733 1105; x_wconf 86' lang='lat' dir='ltr'>interdictum</span> <span class='ocrx_word' id='word_1_158' title='bbox 2764 1052 3026 1105; x_wconf 86' lang='lat' dir='ltr'>ofﬁcium</span> <span class='ocrx_word' id='word_1_159' title='bbox 3056 1051 3298 1122; x_wconf 86' lang='lat' dir='ltr'>injuste,</span> <span class='ocrx_word' id='word_1_160' title='bbox 3316 1055 3381 1105; x_wconf 91' lang='lat' dir='ltr'>ut</span> <span class='ocrx_word' id='word_1_161' title='bbox 3406 1054 3705 1123; x_wconf 85' lang='lat' dir='ltr'>asserebat,</span> <span class='ocrx_word' id='word_1_162' title='bbox 3733 1056 3853 1107; x_wconf 86' lang='lat' dir='ltr'>abla-</span> 
     </span>
    </p>
   </div>
   <div class='ocr_carea' id='block_1_25' title="bbox 2264 1139 3851 1211">
    <p class='ocr_par' dir='ltr' id='par_1_25' title="bbox 2264 1139 3851 1211">
     <span class='ocr_line' id='line_1_25' title="bbox 2264 1139 3851 1211; baseline 0.002 -19"><span class='ocrx_word' id='word_1_163' title='bbox 2264 1145 2385 1193; x_wconf 92' lang='lat' dir='ltr'>tum</span> <span class='ocrx_word' id='word_1_164' title='bbox 2416 1140 2656 1193; x_wconf 84' lang='lat' dir='ltr'>deberet</span> <span class='ocrx_word' id='word_1_165' title='bbox 2700 1139 2949 1208; x_wconf 87' lang='lat' dir='ltr'>restitui,</span> <span class='ocrx_word' id='word_1_166' title='bbox 3003 1141 3286 1211; x_wconf 85' lang='lat' dir='ltr'>ﬂagitare.</span> <span class='ocrx_word' id='word_1_167' title='bbox 3335 1140 3446 1194; x_wconf 90' lang='lat' dir='ltr'>Sed</span> <span class='ocrx_word' id='word_1_168' title='bbox 3490 1157 3612 1194; x_wconf 90' lang='lat' dir='ltr'>cum</span> <span class='ocrx_word' id='word_1_169' title='bbox 3650 1142 3699 1194; x_wconf 91' lang='lat' dir='ltr'>id</span> <span class='ocrx_word' id='word_1_170' title='bbox 3734 1143 3851 1211; x_wconf 88' lang='lat' dir='ltr'>quod</span> 
     </span>
    </p>
   </div>
   <div class='ocr_carea' id='block_1_26' title="bbox 2224 1227 3851 1301">
    <p class='ocr_par' dir='ltr' id='par_1_26' title="bbox 2224 1227 3851 1301">
     <span class='ocr_line' id='line_1_26' title="bbox 2224 1227 3851 1301; baseline 0.002 -20"><span class='ocrx_word' id='word_1_171' title='bbox 2224 1258 2239 1271; x_wconf 68' lang='grc' dir='ltr'><em>ι</em></span> <span class='ocrx_word' id='word_1_172' title='bbox 2263 1229 2591 1298; x_wconf 88' lang='lat' dir='ltr'>petebatur,</span> <span class='ocrx_word' id='word_1_173' title='bbox 2627 1227 2738 1281; x_wconf 90' lang='lat' dir='ltr'>sibi</span> <span class='ocrx_word' id='word_1_174' title='bbox 2775 1228 3129 1298; x_wconf 89' lang='lat' dir='ltr'>denegatum</span> <span class='ocrx_word' id='word_1_175' title='bbox 3160 1228 3393 1298; x_wconf 84' lang='lat' dir='ltr'>fuisset,</span> <span class='ocrx_word' id='word_1_176' title='bbox 3416 1244 3519 1283; x_wconf 91' lang='lat' dir='ltr'>nec</span> <span class='ocrx_word' id='word_1_177' title='bbox 3545 1246 3663 1284; x_wconf 89' lang='lat' dir='ltr'>eum</span> <span class='ocrx_word' id='word_1_178' title='bbox 3681 1234 3733 1283; x_wconf 92' lang='lat' dir='ltr'>ut</span> <span class='ocrx_word' id='word_1_179' title='bbox 3757 1247 3851 1301; x_wconf 88' lang='lat' dir='ltr'>spe-</span> 
     </span>
    </p>
   </div>
   <div class='ocr_carea' id='block_1_27' title="bbox 2267 1316 3853 1388">
    <p class='ocr_par' dir='ltr' id='par_1_27' title="bbox 2267 1316 3853 1388">
     <span class='ocr_line' id='line_1_27' title="bbox 2267 1316 3853 1388; baseline 0.002 -19"><span class='ocrx_word' id='word_1_180' title='bbox 2267 1321 2519 1383; x_wconf 87' lang='lat' dir='ltr'>raverat,</span> <span class='ocrx_word' id='word_1_181' title='bbox 2554 1316 2826 1384; x_wconf 88' lang='lat' dir='ltr'>decipere</span> <span class='ocrx_word' id='word_1_182' title='bbox 2857 1322 3083 1385; x_wconf 89' lang='lat' dir='ltr'>posset,</span> <span class='ocrx_word' id='word_1_183' title='bbox 3113 1333 3184 1371; x_wconf 91' lang='lat' dir='ltr'>ne</span> <span class='ocrx_word' id='word_1_184' title='bbox 3206 1318 3278 1369; x_wconf 92' lang='lat' dir='ltr'>ad</span> <span class='ocrx_word' id='word_1_185' title='bbox 3306 1318 3634 1387; x_wconf 91' lang='lat' dir='ltr'>episcopum</span> <span class='ocrx_word' id='word_1_186' title='bbox 3654 1335 3809 1388; x_wconf 88' lang='lat' dir='ltr'>suum,</span> <span class='ocrx_word' id='word_1_187' title='bbox 3831 1336 3853 1373; x_wconf 86' lang='lat' dir='ltr'>a</span> 
     </span>
    </p>
   </div>
   <div class='ocr_carea' id='block_1_28' title="bbox 2270 1406 3854 1478">
    <p class='ocr_par' dir='ltr' id='par_1_28' title="bbox 2270 1406 3854 1478">
     <span class='ocr_line' id='line_1_28' title="bbox 2270 1406 3854 1478; baseline 0.001 -18"><span class='ocrx_word' id='word_1_188' title='bbox 2270 1422 2385 1478; x_wconf 93' lang='lat' dir='ltr'>quo</span> <span class='ocrx_word' id='word_1_189' title='bbox 2419 1421 2535 1459; x_wconf 88' lang='lat' dir='ltr'>non</span> <span class='ocrx_word' id='word_1_190' title='bbox 2565 1420 2805 1473; x_wconf 89' lang='lat' dir='ltr'>parvam</span> <span class='ocrx_word' id='word_1_191' title='bbox 2849 1409 3156 1474; x_wconf 88' lang='lat' dir='ltr'>acceperat</span> <span class='ocrx_word' id='word_1_192' title='bbox 3185 1406 3511 1476; x_wconf 89' lang='lat' dir='ltr'>pecuniam,</span> <span class='ocrx_word' id='word_1_193' title='bbox 3542 1408 3658 1461; x_wconf 75' lang='lat' dir='ltr'>sine</span> <span class='ocrx_word' id='word_1_194' title='bbox 3695 1406 3854 1462; x_wconf 77' lang='lat' dir='ltr'>eﬁ&#39;ectu</span> 
     </span>
    </p>
   </div>
   <div class='ocr_carea' id='block_1_29' title="bbox 2268 1494 3855 1566">
    <p class='ocr_par' dir='ltr' id='par_1_29' title="bbox 2268 1494 3855 1566">
     <span class='ocr_line' id='line_1_29' title="bbox 2268 1494 3855 1566; baseline 0.001 -18"><span class='ocrx_word' id='word_1_195' title='bbox 2268 1495 2486 1549; x_wconf 88' lang='lat' dir='ltr'>reverti</span> <span class='ocrx_word' id='word_1_196' title='bbox 2508 1494 2827 1563; x_wconf 88' lang='lat' dir='ltr'>videretur,</span> <span class='ocrx_word' id='word_1_197' title='bbox 2858 1494 3017 1550; x_wconf 89' lang='lat' dir='ltr'>aliud</span> <span class='ocrx_word' id='word_1_198' title='bbox 3046 1495 3367 1564; x_wconf 83' lang='lat' dir='ltr'>exquisivit</span> <span class='ocrx_word' id='word_1_199' title='bbox 3395 1494 3675 1566; x_wconf 89' lang='lat' dir='ltr'>ingenium</span> <span class='ocrx_word' id='word_1_200' title='bbox 3703 1512 3712 1549; x_wconf 91' lang='lat'>:</span> <span class='ocrx_word' id='word_1_201' title='bbox 3756 1498 3855 1550; x_wconf 86' lang='lat' dir='ltr'>adiit</span> 
     </span>
    </p>
   </div>
   <div class='ocr_carea' id='block_1_30' title="bbox 2268 1583 3855 1654">
    <p class='ocr_par' dir='ltr' id='par_1_30' title="bbox 2268 1583 3855 1654">
     <span class='ocr_line' id='line_1_30' title="bbox 2268 1583 3855 1654; baseline 0.001 -18"><span class='ocrx_word' id='word_1_202' title='bbox 2268 1583 2609 1653; x_wconf 87' lang='lat' dir='ltr'>apostolicae</span> <span class='ocrx_word' id='word_1_203' title='bbox 2640 1584 2804 1637; x_wconf 87' lang='lat' dir='ltr'>sedis</span> <span class='ocrx_word' id='word_1_204' title='bbox 2837 1583 3270 1652; x_wconf 88' lang='lat' dir='ltr'>cancellarium,</span> <span class='ocrx_word' id='word_1_205' title='bbox 3314 1584 3483 1654; x_wconf 90' lang='lat' dir='ltr'>eique</span> <span class='ocrx_word' id='word_1_206' title='bbox 3522 1584 3693 1638; x_wconf 89' lang='lat' dir='ltr'>oblato</span> <span class='ocrx_word' id='word_1_207' title='bbox 3719 1586 3855 1654; x_wconf 86' lang='lat' dir='ltr'>pretio</span> 
     </span>
    </p>
   </div>
   <div class='ocr_carea' id='block_1_31' title="bbox 2266 1672 3855 1743">
    <p class='ocr_par' dir='ltr' id='par_1_31' title="bbox 2266 1672 3855 1743">
     <span class='ocr_line' id='line_1_31' title="bbox 2266 1672 3855 1743; baseline -0.001 -17"><span class='ocrx_word' id='word_1_208' title='bbox 2266 1672 2565 1743; x_wconf 88' lang='lat' dir='ltr'>persuasit</span> <span class='ocrx_word' id='word_1_209' title='bbox 2608 1676 2669 1726; x_wconf 90' lang='lat' dir='ltr'>ut</span> <span class='ocrx_word' id='word_1_210' title='bbox 2727 1672 2842 1727; x_wconf 91' lang='lat' dir='ltr'>sibi</span> <span class='ocrx_word' id='word_1_211' title='bbox 2887 1672 3136 1726; x_wconf 89' lang='lat' dir='ltr'>furtivas</span> <span class='ocrx_word' id='word_1_212' title='bbox 3186 1672 3448 1739; x_wconf 87' lang='lat' dir='ltr'>litteras,</span> <span class='ocrx_word' id='word_1_213' title='bbox 3509 1676 3561 1725; x_wconf 88' lang='lat' dir='ltr'>et</span> <span class='ocrx_word' id='word_1_214' title='bbox 3605 1674 3855 1742; x_wconf 84' lang='lat' dir='ltr'>apostolico</span> 
     </span>
    </p>
   </div>
   <div class='ocr_carea' id='block_1_32' title="bbox 2271 1760 3856 1831">
    <p class='ocr_par' dir='ltr' id='par_1_32' title="bbox 2271 1760 3856 1831">
     <span class='ocr_line' id='line_1_32' title="bbox 2271 1760 3856 1831; baseline -0.001 -17"><span class='ocrx_word' id='word_1_215' title='bbox 2271 1761 2465 1831; x_wconf 90' lang='lat' dir='ltr'>sigillo</span> <span class='ocrx_word' id='word_1_216' title='bbox 2494 1760 2781 1831; x_wconf 90' lang='lat' dir='ltr'>signatas,</span> <span class='ocrx_word' id='word_1_217' title='bbox 2807 1760 2878 1813; x_wconf 91' lang='lat' dir='ltr'>ad</span> <span class='ocrx_word' id='word_1_218' title='bbox 2902 1775 3072 1813; x_wconf 91' lang='lat' dir='ltr'>suum</span> <span class='ocrx_word' id='word_1_219' title='bbox 3096 1760 3440 1829; x_wconf 91' lang='lat' dir='ltr'>episcopum</span> <span class='ocrx_word' id='word_1_220' title='bbox 3464 1760 3770 1813; x_wconf 84' lang='lat' dir='ltr'>deferendas</span> <span class='ocrx_word' id='word_1_221' title='bbox 3788 1762 3856 1812; x_wconf 83' lang='lat' dir='ltr'>tri-</span> 
     </span>
    </p>
   </div>
   <div class='ocr_carea' id='block_1_33' title="bbox 500 1847 3856 1943">
    <p class='ocr_par' dir='ltr' id='par_1_33' title="bbox 500 1847 3856 1943">
     <span class='ocr_line' id='line_1_33' title="bbox 500 1847 3856 1943; baseline -0 -42"><span class='ocrx_word' id='word_1_222' title='bbox 500 1847 571 1901; x_wconf 91' lang='lat' dir='ltr'>de</span> <span class='ocrx_word' id='word_1_223' title='bbox 600 1862 781 1901; x_wconf 89' lang='lat' dir='ltr'>causa</span> <span class='ocrx_word' id='word_1_224' title='bbox 823 1849 1025 1901; x_wconf 89' lang='lat' dir='ltr'>venire</span> <span class='ocrx_word' id='word_1_225' title='bbox 1074 1848 1356 1918; x_wconf 80' lang='lat' dir='ltr'>ditl‘erret,</span> <span class='ocrx_word' id='word_1_226' title='bbox 1404 1852 1730 1905; x_wconf 88' lang='lat' dir='ltr'>nuntiatum</span> <span class='ocrx_word' id='word_1_227' title='bbox 1762 1857 1852 1907; x_wconf 88' lang='lat' dir='ltr'>est</span> <span class='ocrx_word' id='word_1_228' title='bbox 1903 1854 1956 1906; x_wconf 92' lang='lat' dir='ltr'>ei</span> <span class='ocrx_word' id='word_1_229' title='bbox 2003 1854 2160 1924; x_wconf 89' lang='lat' dir='ltr'>quod</span> <span class='ocrx_word' id='word_1_230' title='bbox 2188 1881 2239 1943; x_wconf 78' lang='grc' dir='ltr'>Β</span> <span class='ocrx_word' id='word_1_231' title='bbox 2269 1849 2497 1916; x_wconf 89' lang='lat' dir='ltr'>bueret,</span> <span class='ocrx_word' id='word_1_232' title='bbox 2531 1864 2663 1918; x_wconf 85' lang='lat' dir='ltr'>quae</span> <span class='ocrx_word' id='word_1_233' title='bbox 2691 1851 2747 1901; x_wconf 94' lang='lat' dir='ltr'>et</span> <span class='ocrx_word' id='word_1_234' title='bbox 2777 1848 3111 1917; x_wconf 84' lang='lat' dir='ltr'>episcOpale</span> <span class='ocrx_word' id='word_1_235' title='bbox 3144 1848 3406 1901; x_wconf 86' lang='lat' dir='ltr'>ofﬁcium</span> <span class='ocrx_word' id='word_1_236' title='bbox 3439 1852 3492 1901; x_wconf 90' lang='lat' dir='ltr'>et</span> <span class='ocrx_word' id='word_1_237' title='bbox 3522 1849 3739 1943; x_wconf 72' lang='lat' dir='ltr'>gratiam</span> <span class='ocrx_word' id='word_1_238' title='bbox 3762 1864 3856 1916; x_wconf 84' lang='lat' dir='ltr'>apo-</span> 
     </span>
    </p>
   </div>
   <div class='ocr_carea' id='block_1_34' title="bbox 501 1936 2165 2009">
    <p class='ocr_par' dir='ltr' id='par_1_34' title="bbox 501 1936 2165 2009">
     <span class='ocr_line' id='line_1_34' title="bbox 501 1936 2165 2009; baseline 0.004 -20"><span class='ocrx_word' id='word_1_239' title='bbox 501 1936 777 2005; x_wconf 91' lang='lat' dir='ltr'>poculum</span> <span class='ocrx_word' id='word_1_240' title='bbox 801 1936 859 1990; x_wconf 91' lang='lat' dir='ltr'>in</span> <span class='ocrx_word' id='word_1_241' title='bbox 880 1952 993 2006; x_wconf 92' lang='lat' dir='ltr'>quo</span> <span class='ocrx_word' id='word_1_242' title='bbox 1015 1936 1218 1991; x_wconf 89' lang='lat' dir='ltr'>bibere</span> <span class='ocrx_word' id='word_1_243' title='bbox 1252 1942 1660 2009; x_wconf 86' lang='lat' dir='ltr'>consueverat,</span> <span class='ocrx_word' id='word_1_244' title='bbox 1687 1941 1758 1994; x_wconf 89' lang='lat' dir='ltr'>de</span> <span class='ocrx_word' id='word_1_245' title='bbox 1779 1958 1955 1996; x_wconf 90' lang='lat' dir='ltr'>manu</span> <span class='ocrx_word' id='word_1_246' title='bbox 1972 1942 2165 1996; x_wconf 88' lang='lat' dir='ltr'>feren-</span> 
     </span>
    </p>
   </div>
   <div class='ocr_carea' id='block_1_35' title="bbox 501 2022 2165 2098">
    <p class='ocr_par' dir='ltr' id='par_1_35' title="bbox 501 2022 2165 2098">
     <span class='ocr_line' id='line_1_35' title="bbox 501 2022 2165 2098; baseline 0.005 -21"><span class='ocrx_word' id='word_1_247' title='bbox 501 2023 579 2077; x_wconf 91' lang='lat' dir='ltr'>tis</span> <span class='ocrx_word' id='word_1_248' title='bbox 609 2022 949 2088; x_wconf 88' lang='lat' dir='ltr'>decidisset,</span> <span class='ocrx_word' id='word_1_249' title='bbox 976 2024 1344 2096; x_wconf 89' lang='lat' dir='ltr'>fractumque</span> <span class='ocrx_word' id='word_1_250' title='bbox 1368 2026 1599 2092; x_wconf 88' lang='lat' dir='ltr'>fuisset;</span> <span class='ocrx_word' id='word_1_251' title='bbox 1626 2029 1779 2098; x_wconf 94' lang='lat' dir='ltr'>quod</span> <span class='ocrx_word' id='word_1_252' title='bbox 1798 2030 1895 2083; x_wconf 91' lang='lat' dir='ltr'>ille</span> <span class='ocrx_word' id='word_1_253' title='bbox 1918 2031 2165 2086; x_wconf 91' lang='lat' dir='ltr'>audiens</span> 
     </span>
    </p>
   </div>
   <div class='ocr_carea' id='block_1_36' title="bbox 504 2110 2162 2190">
    <p class='ocr_par' dir='ltr' id='par_1_36' title="bbox 504 2110 2162 2190">
     <span class='ocr_line' id='line_1_36' title="bbox 504 2110 2162 2190; baseline 0.005 -26"><span class='ocrx_word' id='word_1_254' title='bbox 504 2110 676 2165; x_wconf 90' lang='lat' dir='ltr'>valde</span> <span class='ocrx_word' id='word_1_255' title='bbox 730 2111 997 2165; x_wconf 87' lang='lat' dir='ltr'>tristatus</span> <span class='ocrx_word' id='word_1_256' title='bbox 1049 2116 1158 2181; x_wconf 92' lang='lat' dir='ltr'>est,</span> <span class='ocrx_word' id='word_1_257' title='bbox 1220 2130 1338 2168; x_wconf 91' lang='lat' dir='ltr'>non</span> <span class='ocrx_word' id='word_1_258' title='bbox 1392 2118 1614 2170; x_wconf 90' lang='lat' dir='ltr'>tantum</span> <span class='ocrx_word' id='word_1_259' title='bbox 1671 2119 1880 2173; x_wconf 90' lang='lat' dir='ltr'>damno</span> <span class='ocrx_word' id='word_1_260' title='bbox 1931 2120 2162 2190; x_wconf 73' lang='lat' dir='ltr'>scyphi,</span> 
     </span>
    </p>
   </div>
   <div class='ocr_carea' id='block_1_37' title="bbox 505 2200 2169 2278">
    <p class='ocr_par' dir='ltr' id='par_1_37' title="bbox 505 2200 2169 2278">
     <span class='ocr_line' id='line_1_37' title="bbox 505 2200 2169 2278; baseline 0.007 -27"><span class='ocrx_word' id='word_1_261' title='bbox 505 2200 785 2271; x_wconf 91' lang='lat' dir='ltr'>quantum</span> <span class='ocrx_word' id='word_1_262' title='bbox 814 2201 970 2270; x_wconf 92' lang='lat' dir='ltr'>quod</span> <span class='ocrx_word' id='word_1_263' title='bbox 1002 2216 1143 2255; x_wconf 91' lang='lat' dir='ltr'>vase</span> <span class='ocrx_word' id='word_1_264' title='bbox 1175 2203 1247 2255; x_wconf 91' lang='lat' dir='ltr'>de</span> <span class='ocrx_word' id='word_1_265' title='bbox 1278 2206 1635 2259; x_wconf 88' lang='lat' dir='ltr'>monasterio</span> <span class='ocrx_word' id='word_1_266' title='bbox 1668 2207 1727 2260; x_wconf 90' lang='lat' dir='ltr'>S.</span> <span class='ocrx_word' id='word_1_267' title='bbox 1766 2207 2039 2278; x_wconf 79' lang='lat' dir='ltr'>Remigii,</span> <span class='ocrx_word' id='word_1_268' title='bbox 2072 2209 2169 2263; x_wconf 88' lang='lat' dir='ltr'>be-</span> 
     </span>
    </p>
   </div>
   <div class='ocr_carea' id='block_1_38' title="bbox 504 2286 2164 2365">
    <p class='ocr_par' dir='ltr' id='par_1_38' title="bbox 504 2286 2164 2365">
     <span class='ocr_line' id='line_1_38' title="bbox 504 2286 2164 2365; baseline 0.005 -23"><span class='ocrx_word' id='word_1_269' title='bbox 504 2286 857 2342; x_wconf 89' lang='lat' dir='ltr'>nedictionis</span> <span class='ocrx_word' id='word_1_270' title='bbox 889 2305 1069 2343; x_wconf 87' lang='lat' dir='ltr'>causa</span> <span class='ocrx_word' id='word_1_271' title='bbox 1100 2295 1360 2360; x_wconf 88' lang='lat' dir='ltr'>accepto,</span> <span class='ocrx_word' id='word_1_272' title='bbox 1397 2308 1462 2346; x_wconf 89' lang='lat' dir='ltr'>se</span> <span class='ocrx_word' id='word_1_273' title='bbox 1496 2293 1841 2348; x_wconf 88' lang='lat' dir='ltr'>frustratum</span> <span class='ocrx_word' id='word_1_274' title='bbox 1866 2297 2164 2365; x_wconf 86' lang='lat' dir='ltr'>cernebat,</span> 
     </span>
    </p>
   </div>
   <div class='ocr_carea' id='block_1_39' title="bbox 507 2376 2168 2455">
    <p class='ocr_par' dir='ltr' id='par_1_39' title="bbox 507 2376 2168 2455">
     <span class='ocr_line' id='line_1_39' title="bbox 507 2376 2168 2455; baseline 0.005 -25"><span class='ocrx_word' id='word_1_275' title='bbox 507 2376 739 2445; x_wconf 86' lang='lat' dir='ltr'>sibique</span> <span class='ocrx_word' id='word_1_276' title='bbox 761 2378 1092 2430; x_wconf 88' lang='lat' dir='ltr'>astantibus</span> <span class='ocrx_word' id='word_1_277' title='bbox 1115 2395 1125 2431; x_wconf 91' lang='lat'>:</span> <span class='ocrx_word' id='word_1_278' title='bbox 1153 2377 1447 2447; x_wconf 88' lang='lat' dir='ltr'>Fractum,</span> <span class='ocrx_word' id='word_1_279' title='bbox 1469 2382 1631 2449; x_wconf 90' lang='lat' dir='ltr'>mihi,</span> <span class='ocrx_word' id='word_1_280' title='bbox 1654 2384 1857 2453; x_wconf 89' lang='lat' dir='ltr'>inquit,</span> <span class='ocrx_word' id='word_1_281' title='bbox 1881 2384 2168 2455; x_wconf 69' lang='lat' dir='ltr'>scyphum</span> 
     </span>
    </p>
   </div>
   <div class='ocr_carea' id='block_1_40' title="bbox 511 2462 2168 2538">
    <p class='ocr_par' dir='ltr' id='par_1_40' title="bbox 511 2462 2168 2538">
     <span class='ocr_line' id='line_1_40' title="bbox 511 2462 2168 2538; baseline 0.007 -21"><span class='ocrx_word' id='word_1_282' title='bbox 511 2462 731 2517; x_wconf 69' lang='lat' dir='ltr'>afferte.</span> <span class='ocrx_word' id='word_1_283' title='bbox 752 2463 1014 2534; x_wconf 88' lang='lat' dir='ltr'>Cumque</span> <span class='ocrx_word' id='word_1_284' title='bbox 1034 2466 1148 2519; x_wconf 90' lang='lat' dir='ltr'>sibi</span> <span class='ocrx_word' id='word_1_285' title='bbox 1167 2467 1401 2521; x_wconf 89' lang='lat' dir='ltr'>allatum</span> <span class='ocrx_word' id='word_1_286' title='bbox 1424 2468 1656 2538; x_wconf 84' lang='lat' dir='ltr'>fuisset,</span> <span class='ocrx_word' id='word_1_287' title='bbox 1684 2488 1934 2526; x_wconf 90' lang='lat' dir='ltr'>cernens</span> <span class='ocrx_word' id='word_1_288' title='bbox 1951 2476 2168 2527; x_wconf 87' lang='lat' dir='ltr'>utram-</span> 
     </span>
    </p>
   </div>
   <div class='ocr_carea' id='block_1_41' title="bbox 510 2551 2169 2631">
    <p class='ocr_par' dir='ltr' id='par_1_41' title="bbox 510 2551 2169 2631">
     <span class='ocr_line' id='line_1_41' title="bbox 510 2551 2169 2631; baseline 0.007 -26"><span class='ocrx_word' id='word_1_289' title='bbox 510 2566 624 2621; x_wconf 88' lang='lat' dir='ltr'>que</span> <span class='ocrx_word' id='word_1_290' title='bbox 646 2551 984 2621; x_wconf 88' lang='lat' dir='ltr'>fracturam,</span> <span class='ocrx_word' id='word_1_291' title='bbox 1008 2554 1458 2623; x_wconf 90' lang='lat' dir='ltr'>omnipotentem</span> <span class='ocrx_word' id='word_1_292' title='bbox 1488 2558 1795 2614; x_wconf 90' lang='lat' dir='ltr'>Dominum</span> <span class='ocrx_word' id='word_1_293' title='bbox 1817 2562 2169 2631; x_wconf 88' lang='lat' dir='ltr'>deprecatus</span> 
     </span>
    </p>
   </div>
   <div class='ocr_carea' id='block_1_42' title="bbox 512 2639 2167 2720">
    <p class='ocr_par' dir='ltr' id='par_1_42' title="bbox 512 2639 2167 2720">
     <span class='ocr_line' id='line_1_42' title="bbox 512 2639 2167 2720; baseline 0.007 -27"><span class='ocrx_word' id='word_1_294' title='bbox 512 2641 607 2707; x_wconf 63' lang='lat' dir='ltr'>est</span> <span class='ocrx_word' id='word_1_295' title='bbox 633 2640 695 2692; x_wconf 90' lang='lat' dir='ltr'>ut</span> <span class='ocrx_word' id='word_1_296' title='bbox 723 2639 951 2693; x_wconf 89' lang='lat' dir='ltr'>meritis</span> <span class='ocrx_word' id='word_1_297' title='bbox 996 2642 1061 2694; x_wconf 86' lang='grc' dir='ltr'><strong>Β.</strong></span> <span class='ocrx_word' id='word_1_298' title='bbox 1100 2642 1353 2712; x_wconf 78' lang='lat' dir='ltr'>Remigii</span> <span class='ocrx_word' id='word_1_299' title='bbox 1402 2644 1650 2701; x_wconf 89' lang='lat' dir='ltr'>fractum</span> <span class='ocrx_word' id='word_1_300' title='bbox 1694 2648 1808 2702; x_wconf 90' lang='lat' dir='ltr'>sibi</span> <span class='ocrx_word' id='word_1_301' title='bbox 1859 2651 2167 2720; x_wconf 70' lang='lat' dir='ltr'>scyphum,</span> 
     </span>
    </p>
   </div>
   <div class='ocr_carea' id='block_1_43' title="bbox 512 2730 2175 2807">
    <p class='ocr_par' dir='ltr' id='par_1_43' title="bbox 512 2730 2175 2807">
     <span class='ocr_line' id='line_1_43' title="bbox 512 2730 2175 2807; baseline 0.008 -27"><span class='ocrx_word' id='word_1_302' title='bbox 512 2741 688 2796; x_wconf 90' lang='lat' dir='ltr'>quem</span> <span class='ocrx_word' id='word_1_303' title='bbox 717 2743 822 2796; x_wconf 91' lang='lat' dir='ltr'>pro</span> <span class='ocrx_word' id='word_1_304' title='bbox 851 2743 1049 2783; x_wconf 90' lang='lat' dir='ltr'>amore</span> <span class='ocrx_word' id='word_1_305' title='bbox 1079 2730 1213 2800; x_wconf 91' lang='lat' dir='ltr'>ejus</span> <span class='ocrx_word' id='word_1_306' title='bbox 1246 2736 1544 2802; x_wconf 88' lang='lat' dir='ltr'>tantopere</span> <span class='ocrx_word' id='word_1_307' title='bbox 1577 2736 1874 2807; x_wconf 90' lang='lat' dir='ltr'>diligebat,</span> <span class='ocrx_word' id='word_1_308' title='bbox 1908 2739 2175 2793; x_wconf 89' lang='lat' dir='ltr'>restitue-</span> 
     </span>
    </p>
   </div>
   <div class='ocr_carea' id='block_1_44' title="bbox 512 2814 2173 2898">
    <p class='ocr_par' dir='ltr' id='par_1_44' title="bbox 512 2814 2173 2898">
     <span class='ocr_line' id='line_1_44' title="bbox 512 2814 2173 2898; baseline 0.008 -30"><span class='ocrx_word' id='word_1_309' title='bbox 512 2816 620 2869; x_wconf 88' lang='lat' dir='ltr'>ret.</span> <span class='ocrx_word' id='word_1_310' title='bbox 654 2814 910 2886; x_wconf 83' lang='lat' dir='ltr'>Moxque</span> <span class='ocrx_word' id='word_1_311' title='bbox 941 2817 1179 2871; x_wconf 87' lang='lat' dir='ltr'>alteram</span> <span class='ocrx_word' id='word_1_312' title='bbox 1211 2823 1433 2889; x_wconf 91' lang='lat' dir='ltr'>partem</span> <span class='ocrx_word' id='word_1_313' title='bbox 1460 2823 1626 2877; x_wconf 90' lang='lat' dir='ltr'>alteri</span> <span class='ocrx_word' id='word_1_314' title='bbox 1647 2826 1933 2896; x_wconf 84' lang='lat' dir='ltr'>adjunxit,</span> <span class='ocrx_word' id='word_1_315' title='bbox 1966 2829 2173 2898; x_wconf 90' lang='lat' dir='ltr'>sicque</span> 
     </span>
    </p>
   </div>
   <div class='ocr_carea' id='block_1_45' title="bbox 513 2902 2175 2988">
    <p class='ocr_par' dir='ltr' id='par_1_45' title="bbox 513 2902 2175 2988">
     <span class='ocr_line' id='line_1_45' title="bbox 513 2902 2175 2988; baseline 0.008 -31"><span class='ocrx_word' id='word_1_316' title='bbox 513 2902 720 2957; x_wconf 90' lang='lat' dir='ltr'>eodem</span> <span class='ocrx_word' id='word_1_317' title='bbox 751 2909 1041 2961; x_wconf 90' lang='lat' dir='ltr'>momento</span> <span class='ocrx_word' id='word_1_318' title='bbox 1069 2908 1354 2963; x_wconf 91' lang='lat' dir='ltr'>solidatus</span> <span class='ocrx_word' id='word_1_319' title='bbox 1376 2914 1467 2964; x_wconf 92' lang='lat' dir='ltr'>est</span> <span class='ocrx_word' id='word_1_320' title='bbox 1499 2915 1557 2966; x_wconf 90' lang='lat' dir='ltr'>ut</span> <span class='ocrx_word' id='word_1_321' title='bbox 1578 2914 1798 2968; x_wconf 90' lang='lat' dir='ltr'>nullum</span> <span class='ocrx_word' id='word_1_322' title='bbox 1821 2916 1879 2969; x_wconf 92' lang='lat' dir='ltr'>in</span> <span class='ocrx_word' id='word_1_323' title='bbox 1901 2931 1991 2985; x_wconf 91' lang='lat' dir='ltr'>eo,</span> <span class='ocrx_word' id='word_1_324' title='bbox 2018 2918 2175 2988; x_wconf 92' lang='lat' dir='ltr'>quod</span> 
     </span>
    </p>
   </div>
   <div class='ocr_carea' id='block_1_46' title="bbox 511 2990 2175 3077">
    <p class='ocr_par' dir='ltr' id='par_1_46' title="bbox 511 2990 2175 3077">
     <span class='ocr_line' id='line_1_46' title="bbox 511 2990 2175 3077; baseline 0.009 -32"><span class='ocrx_word' id='word_1_325' title='bbox 511 2990 737 3047; x_wconf 87' lang='lat' dir='ltr'>fractus</span> <span class='ocrx_word' id='word_1_326' title='bbox 786 2992 1018 3064; x_wconf 82' lang='lat' dir='ltr'>fuisset,</span> <span class='ocrx_word' id='word_1_327' title='bbox 1067 2995 1347 3051; x_wconf 89' lang='lat' dir='ltr'>indicium</span> <span class='ocrx_word' id='word_1_328' title='bbox 1392 3006 1738 3070; x_wconf 89' lang='lat' dir='ltr'>remaneret,</span> <span class='ocrx_word' id='word_1_329' title='bbox 1794 3006 2022 3059; x_wconf 90' lang='lat' dir='ltr'>eunetis</span> <span class='ocrx_word' id='word_1_330' title='bbox 2076 3007 2175 3077; x_wconf 91' lang='lat' dir='ltr'>qui</span> 
     </span>
    </p>
   </div>
   <div class='ocr_carea' id='block_1_47' title="bbox 512 3079 2178 3157">
    <p class='ocr_par' dir='ltr' id='par_1_47' title="bbox 512 3079 2178 3157">
     <span class='ocr_line' id='line_1_47' title="bbox 512 3079 2178 3157; baseline 0.009 -25"><span class='ocrx_word' id='word_1_331' title='bbox 512 3079 755 3134; x_wconf 88' lang='lat' dir='ltr'>aderant</span> <span class='ocrx_word' id='word_1_332' title='bbox 784 3080 1233 3151; x_wconf 88' lang='lat' dir='ltr'>admirantibus,</span> <span class='ocrx_word' id='word_1_333' title='bbox 1256 3101 1323 3138; x_wconf 87' lang='lat' dir='ltr'>ac</span> <span class='ocrx_word' id='word_1_334' title='bbox 1354 3086 1411 3139; x_wconf 91' lang='lat' dir='ltr'>in</span> <span class='ocrx_word' id='word_1_335' title='bbox 1436 3087 1487 3157; x_wconf 89' lang='lat' dir='ltr'>ej</span> <span class='ocrx_word' id='word_1_336' title='bbox 1499 3104 1569 3142; x_wconf 93' lang='lat' dir='ltr'>us</span> <span class='ocrx_word' id='word_1_337' title='bbox 1591 3092 1967 3146; x_wconf 89' lang='lat' dir='ltr'>veneratione</span> <span class='ocrx_word' id='word_1_338' title='bbox 1990 3094 2178 3147; x_wconf 83' lang='lat' dir='ltr'>accla-</span> 
     </span>
    </p>
   </div>
   <div class='ocr_carea' id='block_1_48' title="bbox 514 3168 2175 3250">
    <p class='ocr_par' dir='ltr' id='par_1_48' title="bbox 514 3168 2175 3250">
     <span class='ocr_line' id='line_1_48' title="bbox 514 3168 2175 3250; baseline 0.01 -31"><span class='ocrx_word' id='word_1_339' title='bbox 514 3168 832 3221; x_wconf 90' lang='lat' dir='ltr'>mantibus.</span> <span class='ocrx_word' id='word_1_340' title='bbox 868 3169 970 3223; x_wconf 91' lang='lat' dir='ltr'>Ille</span> <span class='ocrx_word' id='word_1_341' title='bbox 1001 3186 1117 3225; x_wconf 93' lang='lat' dir='ltr'>non</span> <span class='ocrx_word' id='word_1_342' title='bbox 1147 3173 1276 3227; x_wconf 88' lang='lat' dir='ltr'>suis</span> <span class='ocrx_word' id='word_1_343' title='bbox 1299 3173 1430 3242; x_wconf 89' lang='lat' dir='ltr'>hoc,</span> <span class='ocrx_word' id='word_1_344' title='bbox 1457 3177 1563 3230; x_wconf 90' lang='lat' dir='ltr'>sed</span> <span class='ocrx_word' id='word_1_345' title='bbox 1586 3178 1650 3231; x_wconf 93' lang='lat' dir='ltr'>B.</span> <span class='ocrx_word' id='word_1_346' title='bbox 1680 3179 2175 3250; x_wconf 80' lang='lat' dir='ltr'>Remigiimeritis</span> 
     </span>
    </p>
   </div>
   <div class='ocr_carea' id='block_1_49' title="bbox 2274 1935 3858 2008">
    <p class='ocr_par' dir='ltr' id='par_1_49' title="bbox 2274 1935 3858 2008">
     <span class='ocr_line' id='line_1_49' title="bbox 2274 1935 3858 2008; baseline -0.003 -18"><span class='ocrx_word' id='word_1_347' title='bbox 2274 1937 2499 1991; x_wconf 63' lang='lat' dir='ltr'>stolicm</span> <span class='ocrx_word' id='word_1_348' title='bbox 2533 1936 2695 1990; x_wconf 89' lang='lat' dir='ltr'>sedis</span> <span class='ocrx_word' id='word_1_349' title='bbox 2728 1936 2841 1990; x_wconf 87' lang='lat' dir='ltr'>sibi</span> <span class='ocrx_word' id='word_1_350' title='bbox 2874 1936 3158 1989; x_wconf 87' lang='lat' dir='ltr'>redditam</span> <span class='ocrx_word' id='word_1_351' title='bbox 3204 1935 3620 2008; x_wconf 90' lang='lat' dir='ltr'>signiﬁcarent.</span> <span class='ocrx_word' id='word_1_352' title='bbox 3654 1935 3769 1999; x_wconf 71' lang='lat' dir='ltr'>Quae</span> <span class='ocrx_word' id='word_1_353' title='bbox 3792 1950 3858 1987; x_wconf 85' lang='lat' dir='ltr'>res</span> 
     </span>
    </p>
   </div>
   <div class='ocr_carea' id='block_1_50' title="bbox 2272 2024 3858 2095">
    <p class='ocr_par' dir='ltr' id='par_1_50' title="bbox 2272 2024 3858 2095">
     <span class='ocr_line' id='line_1_50' title="bbox 2272 2024 3858 2095; baseline -0.003 -16"><span class='ocrx_word' id='word_1_354' title='bbox 2272 2025 2508 2079; x_wconf 89' lang='lat' dir='ltr'>beatum</span> <span class='ocrx_word' id='word_1_355' title='bbox 2542 2025 2800 2077; x_wconf 88' lang='lat' dir='ltr'>Leonem</span> <span class='ocrx_word' id='word_1_356' title='bbox 2832 2024 3068 2078; x_wconf 90' lang='lat' dir='ltr'>minime</span> <span class='ocrx_word' id='word_1_357' title='bbox 3100 2024 3285 2090; x_wconf 88' lang='lat' dir='ltr'>latuit,</span> <span class='ocrx_word' id='word_1_358' title='bbox 3320 2039 3567 2095; x_wconf 84' lang='lat' dir='ltr'>moxque</span> <span class='ocrx_word' id='word_1_359' title='bbox 3595 2024 3858 2094; x_wconf 64' lang='lat' dir='ltr'>praadictum</span> 
     </span>
    </p>
   </div>
   <div class='ocr_carea' id='block_1_51' title="bbox 2276 2113 3859 2183">
    <p class='ocr_par' dir='ltr' id='par_1_51' title="bbox 2276 2113 3859 2183">
     <span class='ocr_line' id='line_1_51' title="bbox 2276 2113 3859 2183; baseline -0.003 -16"><span class='ocrx_word' id='word_1_360' title='bbox 2276 2113 2690 2183; x_wconf 78' lang='lat' dir='ltr'>presbyterum</span> <span class='ocrx_word' id='word_1_361' title='bbox 2747 2113 3068 2181; x_wconf 87' lang='lat' dir='ltr'>advocans,</span> <span class='ocrx_word' id='word_1_362' title='bbox 3127 2118 3371 2182; x_wconf 89' lang='lat' dir='ltr'>accepta</span> <span class='ocrx_word' id='word_1_363' title='bbox 3426 2129 3592 2183; x_wconf 86' lang='lat' dir='ltr'>quam</span> <span class='ocrx_word' id='word_1_364' title='bbox 3643 2113 3859 2166; x_wconf 83' lang='lat' dir='ltr'>obtulerat</span> 
     </span>
    </p>
   </div>
   <div class='ocr_carea' id='block_1_52' title="bbox 2273 2199 3861 2271">
    <p class='ocr_par' dir='ltr' id='par_1_52' title="bbox 2273 2199 3861 2271">
     <span class='ocr_line' id='line_1_52' title="bbox 2273 2199 3861 2271; baseline -0.003 -17"><span class='ocrx_word' id='word_1_365' title='bbox 2273 2201 2543 2270; x_wconf 90' lang='lat' dir='ltr'>pecunia,</span> <span class='ocrx_word' id='word_1_366' title='bbox 2578 2201 2747 2271; x_wconf 90' lang='lat' dir='ltr'>eique</span> <span class='ocrx_word' id='word_1_367' title='bbox 2792 2200 2851 2253; x_wconf 93' lang='lat' dir='ltr'>in</span> <span class='ocrx_word' id='word_1_368' title='bbox 2883 2216 3115 2254; x_wconf 90' lang='lat' dir='ltr'>manum</span> <span class='ocrx_word' id='word_1_369' title='bbox 3156 2200 3419 2270; x_wconf 91' lang='lat' dir='ltr'>mittens,</span> <span class='ocrx_word' id='word_1_370' title='bbox 3465 2200 3601 2254; x_wconf 88' lang='lat' dir='ltr'>dixit</span> <span class='ocrx_word' id='word_1_371' title='bbox 3630 2216 3640 2255; x_wconf 90' lang='lat'>:</span> <span class='ocrx_word' id='word_1_372' title='bbox 3672 2199 3861 2254; x_wconf 87' lang='lat' dir='ltr'>Pecunia</span> 
     </span>
    </p>
   </div>
   <div class='ocr_carea' id='block_1_53' title="bbox 2277 2289 3859 2360">
    <p class='ocr_par' dir='ltr' id='par_1_53' title="bbox 2277 2289 3859 2360">
     <span class='ocr_line' id='line_1_53' title="bbox 2277 2289 3859 2360; baseline -0.003 -16"><span class='ocrx_word' id='word_1_373' title='bbox 2277 2294 2372 2344; x_wconf 91' lang='lat' dir='ltr'>tua</span> <span class='ocrx_word' id='word_1_374' title='bbox 2404 2292 2594 2342; x_wconf 90' lang='lat' dir='ltr'>tecum</span> <span class='ocrx_word' id='word_1_375' title='bbox 2623 2290 2700 2342; x_wconf 89' lang='lat' dir='ltr'>sit</span> <span class='ocrx_word' id='word_1_376' title='bbox 2728 2289 2787 2342; x_wconf 91' lang='lat' dir='ltr'>in</span> <span class='ocrx_word' id='word_1_377' title='bbox 2818 2289 3222 2358; x_wconf 88' lang='lat' dir='ltr'>perditionem,</span> <span class='ocrx_word' id='word_1_378' title='bbox 3263 2292 3402 2360; x_wconf 87' lang='lat' dir='ltr'>quia</span> <span class='ocrx_word' id='word_1_379' title='bbox 3433 2289 3637 2343; x_wconf 91' lang='lat' dir='ltr'>donum</span> <span class='ocrx_word' id='word_1_380' title='bbox 3665 2289 3750 2342; x_wconf 89' lang='lat' dir='ltr'>Dei</span> <span class='ocrx_word' id='word_1_381' title='bbox 3773 2289 3859 2340; x_wconf 85' lang='lat' dir='ltr'>fur-</span> 
     </span>
    </p>
   </div>
   <div class='ocr_carea' id='block_1_54' title="bbox 2276 2374 3861 2447">
    <p class='ocr_par' dir='ltr' id='par_1_54' title="bbox 2276 2374 3861 2447">
     <span class='ocr_line' id='line_1_54' title="bbox 2276 2374 3861 2447; baseline -0.003 -16"><span class='ocrx_word' id='word_1_382' title='bbox 2276 2379 2379 2431; x_wconf 88' lang='lat' dir='ltr'>tim</span> <span class='ocrx_word' id='word_1_383' title='bbox 2410 2377 2643 2430; x_wconf 87' lang='lat' dir='ltr'>tentasti</span> <span class='ocrx_word' id='word_1_384' title='bbox 2682 2376 2949 2446; x_wconf 90' lang='lat' dir='ltr'>pecuniis</span> <span class='ocrx_word' id='word_1_385' title='bbox 2997 2377 3311 2446; x_wconf 90' lang='lat' dir='ltr'>possidcre</span> <span class='ocrx_word' id='word_1_386' title='bbox 3362 2378 3516 2447; x_wconf 80' lang='lat' dir='ltr'>(Act.</span> <span class='ocrx_word' id='word_1_387' title='bbox 3566 2378 3693 2445; x_wconf 88' lang='lat' dir='ltr'>vm).</span> <span class='ocrx_word' id='word_1_388' title='bbox 3728 2374 3861 2445; x_wconf 82' lang='lat' dir='ltr'>Cujus</span> 
     </span>
    </p>
   </div>
   <div class='ocr_carea' id='block_1_55' title="bbox 2282 2465 3863 2534">
    <p class='ocr_par' dir='ltr' id='par_1_55' title="bbox 2282 2465 3863 2534">
     <span class='ocr_line' id='line_1_55' title="bbox 2282 2465 3863 2534; baseline -0.004 -15"><span class='ocrx_word' id='word_1_389' title='bbox 2282 2480 2618 2519; x_wconf 90' lang='lat' dir='ltr'>sermonem</span> <span class='ocrx_word' id='word_1_390' title='bbox 2646 2465 2842 2518; x_wconf 91' lang='lat' dir='ltr'>divina</span> <span class='ocrx_word' id='word_1_391' title='bbox 2867 2466 3006 2518; x_wconf 91' lang='lat' dir='ltr'>ultio</span> <span class='ocrx_word' id='word_1_392' title='bbox 3024 2480 3162 2519; x_wconf 84' lang='lat' dir='ltr'>mox</span> <span class='ocrx_word' id='word_1_393' title='bbox 3184 2469 3391 2519; x_wconf 88' lang='lat' dir='ltr'>secuta</span> <span class='ocrx_word' id='word_1_394' title='bbox 3421 2469 3528 2534; x_wconf 87' lang='lat' dir='ltr'>est,</span> <span class='ocrx_word' id='word_1_395' title='bbox 3552 2467 3624 2519; x_wconf 92' lang='lat' dir='ltr'>ita</span> <span class='ocrx_word' id='word_1_396' title='bbox 3639 2468 3691 2519; x_wconf 91' lang='lat' dir='ltr'>ut</span> <span class='ocrx_word' id='word_1_397' title='bbox 3705 2465 3863 2516; x_wconf 87' lang='lat' dir='ltr'>amissa</span> 
     </span>
    </p>
   </div>
   <div class='ocr_carea' id='block_1_56' title="bbox 2284 2546 3863 2625">
    <p class='ocr_par' dir='ltr' id='par_1_56' title="bbox 2284 2546 3863 2625">
     <span class='ocr_line' id='line_1_56' title="bbox 2284 2546 3863 2625; baseline -0.004 -18"><span class='ocrx_word' id='word_1_398' title='bbox 2284 2555 2479 2607; x_wconf 90' lang='lat' dir='ltr'>mente</span> <span class='ocrx_word' id='word_1_399' title='bbox 2508 2546 2579 2606; x_wconf 85' lang='lat' dir='ltr'>ab</span> <span class='ocrx_word' id='word_1_400' title='bbox 2611 2553 2708 2606; x_wconf 88' lang='lat' dir='ltr'>illa</span> <span class='ocrx_word' id='word_1_401' title='bbox 2740 2553 2831 2607; x_wconf 93' lang='lat' dir='ltr'>die</span> <span class='ocrx_word' id='word_1_402' title='bbox 2870 2569 3061 2624; x_wconf 92' lang='lat' dir='ltr'>usque</span> <span class='ocrx_word' id='word_1_403' title='bbox 3104 2569 3259 2607; x_wconf 92' lang='lat' dir='ltr'>nunc</span> <span class='ocrx_word' id='word_1_404' title='bbox 3291 2554 3510 2625; x_wconf 88' lang='lat' dir='ltr'>ubique</span> <span class='ocrx_word' id='word_1_405' title='bbox 3555 2550 3863 2625; x_wconf 82' lang='lat' dir='ltr'>vagabundus</span> 
     </span>
    </p>
   </div>
   <div class='ocr_carea' id='block_1_57' title="bbox 2284 2638 3863 2710">
    <p class='ocr_par' dir='ltr' id='par_1_57' title="bbox 2284 2638 3863 2710">
     <span class='ocr_line' id='line_1_57' title="bbox 2284 2638 3863 2710; baseline -0.003 -15"><span class='ocrx_word' id='word_1_406' title='bbox 2284 2642 2536 2710; x_wconf 88' lang='lat' dir='ltr'>incedat,</span> <span class='ocrx_word' id='word_1_407' title='bbox 2570 2657 2679 2695; x_wconf 91' lang='lat' dir='ltr'>nec</span> <span class='ocrx_word' id='word_1_408' title='bbox 2709 2642 2823 2695; x_wconf 89' lang='lat' dir='ltr'>ulla</span> <span class='ocrx_word' id='word_1_409' title='bbox 2853 2641 3066 2695; x_wconf 90' lang='lat' dir='ltr'>domus</span> <span class='ocrx_word' id='word_1_410' title='bbox 3087 2641 3181 2695; x_wconf 93' lang='lat' dir='ltr'>vel</span> <span class='ocrx_word' id='word_1_411' title='bbox 3212 2642 3474 2697; x_wconf 87' lang='lat' dir='ltr'>claustra</span> <span class='ocrx_word' id='word_1_412' title='bbox 3503 2643 3642 2696; x_wconf 89' lang='lat' dir='ltr'>ultra</span> <span class='ocrx_word' id='word_1_413' title='bbox 3668 2641 3788 2694; x_wconf 85' lang='lat' dir='ltr'>duos</span> <span class='ocrx_word' id='word_1_414' title='bbox 3804 2638 3863 2691; x_wconf 74' lang='lat' dir='ltr'>vel</span> 
     </span>
    </p>
   </div>
   <div class='ocr_carea' id='block_1_58' title="bbox 2280 2729 3441 2799">
    <p class='ocr_par' dir='ltr' id='par_1_58' title="bbox 2280 2729 3441 2799">
     <span class='ocr_line' id='line_1_58' title="bbox 2280 2729 3441 2799; baseline 0.001 -14"><span class='ocrx_word' id='word_1_415' title='bbox 2280 2733 2405 2785; x_wconf 82' lang='lat' dir='ltr'>tres</span> <span class='ocrx_word' id='word_1_416' title='bbox 2437 2730 2565 2784; x_wconf 90' lang='lat' dir='ltr'>dies</span> <span class='ocrx_word' id='word_1_417' title='bbox 2597 2746 2730 2783; x_wconf 91' lang='lat' dir='ltr'>eum</span> <span class='ocrx_word' id='word_1_418' title='bbox 2760 2730 2991 2783; x_wconf 88' lang='lat' dir='ltr'>valeant</span> <span class='ocrx_word' id='word_1_419' title='bbox 3015 2731 3273 2783; x_wconf 90' lang='lat' dir='ltr'>retinere</span> <span class='ocrx_word' id='word_1_420' title='bbox 3306 2729 3441 2799; x_wconf 89' lang='lat'>(63).</span> 
     </span>
    </p>
   </div>
   <div class='ocr_carea' id='block_1_59' title="bbox 2356 2814 3868 2890">
    <p class='ocr_par' dir='ltr' id='par_1_59' title="bbox 2356 2814 3868 2890">
     <span class='ocr_line' id='line_1_59' title="bbox 2356 2814 3868 2890; baseline -0.005 -17"><span class='ocrx_word' id='word_1_421' title='bbox 2356 2818 2480 2883; x_wconf 90' lang='lat' dir='ltr'>Qua</span> <span class='ocrx_word' id='word_1_422' title='bbox 2510 2819 2581 2872; x_wconf 90' lang='lat' dir='ltr'>de</span> <span class='ocrx_word' id='word_1_423' title='bbox 2624 2834 2687 2873; x_wconf 89' lang='lat' dir='ltr'>re</span> <span class='ocrx_word' id='word_1_424' title='bbox 2719 2821 2917 2887; x_wconf 90' lang='lat' dir='ltr'>aperte</span> <span class='ocrx_word' id='word_1_425' title='bbox 2961 2818 3130 2871; x_wconf 91' lang='lat' dir='ltr'>datur</span> <span class='ocrx_word' id='word_1_426' title='bbox 3182 2819 3433 2890; x_wconf 92' lang='lat' dir='ltr'>intelligi</span> <span class='ocrx_word' id='word_1_427' title='bbox 3477 2818 3622 2890; x_wconf 93' lang='lat' dir='ltr'>quod</span> <span class='ocrx_word' id='word_1_428' title='bbox 3664 2814 3868 2887; x_wconf 83' lang='lat' dir='ltr'>quisquis</span> 
     </span>
    </p>
   </div>
   <div class='ocr_carea' id='block_1_60' title="bbox 2279 2904 3933 2976">
    <p class='ocr_par' dir='ltr' id='par_1_60' title="bbox 2279 2904 3933 2976">
     <span class='ocr_line' id='line_1_60' title="bbox 2279 2904 3933 2976; baseline -0.007 -13"><span class='ocrx_word' id='word_1_429' title='bbox 2279 2908 2594 2963; x_wconf 86' lang='lat' dir='ltr'>temerario</span> <span class='ocrx_word' id='word_1_430' title='bbox 2638 2923 2788 2962; x_wconf 90' lang='lat' dir='ltr'>ausu</span> <span class='ocrx_word' id='word_1_431' title='bbox 2836 2907 2931 2960; x_wconf 91' lang='lat' dir='ltr'>vel</span> <span class='ocrx_word' id='word_1_432' title='bbox 2981 2907 3253 2976; x_wconf 88' lang='lat' dir='ltr'>decipere</span> <span class='ocrx_word' id='word_1_433' title='bbox 3304 2909 3400 2962; x_wconf 91' lang='lat' dir='ltr'>vel</span> <span class='ocrx_word' id='word_1_434' title='bbox 3458 2909 3528 2961; x_wconf 92' lang='lat' dir='ltr'>ad</span> <span class='ocrx_word' id='word_1_435' title='bbox 3584 2904 3865 2961; x_wconf 87' lang='lat' dir='ltr'>iracundiam</span> <span class='ocrx_word' id='word_1_436' title='bbox 3932 2944 3933 2973; x_wconf 35' lang='lat'><strong>1</strong></span> 
     </span>
    </p>
   </div>
   <div class='ocr_carea' id='block_1_61' title="bbox 2284 2995 3933 3067">
    <p class='ocr_par' dir='ltr' id='par_1_61' title="bbox 2284 2995 3933 3067">
     <span class='ocr_line' id='line_1_61' title="bbox 2284 2995 3933 3067; baseline -0.003 -17"><span class='ocrx_word' id='word_1_437' title='bbox 2284 3011 2612 3066; x_wconf 88' lang='lat' dir='ltr'>provocare</span> <span class='ocrx_word' id='word_1_438' title='bbox 2633 2995 2943 3050; x_wconf 87' lang='lat' dir='ltr'>tantaverit</span> <span class='ocrx_word' id='word_1_439' title='bbox 2964 3011 3117 3065; x_wconf 90' lang='lat' dir='ltr'>eum,</span> <span class='ocrx_word' id='word_1_440' title='bbox 3145 2996 3245 3065; x_wconf 89' lang='lat' dir='ltr'>qui</span> <span class='ocrx_word' id='word_1_441' title='bbox 3275 2995 3537 3067; x_wconf 87' lang='lat' dir='ltr'>injustis</span> <span class='ocrx_word' id='word_1_442' title='bbox 3560 2995 3751 3049; x_wconf 84' lang='lat' dir='ltr'>habitat</span> <span class='ocrx_word' id='word_1_443' title='bbox 3773 3006 3868 3061; x_wconf 87' lang='lat' dir='ltr'>pro-</span> <span class='ocrx_word' id='word_1_444' title='bbox 3932 3000 3933 3045; x_wconf 71' lang='lat'>7</span> 
     </span>
    </p>
   </div>
   <div class='ocr_carea' id='block_1_62' title="bbox 2288 3082 3866 3154">
    <p class='ocr_par' dir='ltr' id='par_1_62' title="bbox 2288 3082 3866 3154">
     <span class='ocr_line' id='line_1_62' title="bbox 2288 3082 3866 3154; baseline -0.006 -15"><span class='ocrx_word' id='word_1_445' title='bbox 2288 3084 2381 3139; x_wconf 92' lang='lat' dir='ltr'>cul</span> <span class='ocrx_word' id='word_1_446' title='bbox 2403 3084 2581 3138; x_wconf 91' lang='lat' dir='ltr'>dubio</span> <span class='ocrx_word' id='word_1_447' title='bbox 2604 3084 2915 3138; x_wconf 89' lang='lat' dir='ltr'>Dominum</span> <span class='ocrx_word' id='word_1_448' title='bbox 2936 3082 3173 3137; x_wconf 73' lang='lat' dir='ltr'>offendit</span> <span class='ocrx_word' id='word_1_449' title='bbox 3188 3100 3199 3137; x_wconf 90' lang='lat'><strong>:</strong></span> <span class='ocrx_word' id='word_1_450' title='bbox 3217 3084 3397 3154; x_wconf 86' lang='lat' dir='ltr'>cujus</span> <span class='ocrx_word' id='word_1_451' title='bbox 3420 3088 3476 3138; x_wconf 90' lang='lat' dir='ltr'>et</span> <span class='ocrx_word' id='word_1_452' title='bbox 3491 3083 3747 3137; x_wconf 84' lang='lat' dir='ltr'>vindicem</span> <span class='ocrx_word' id='word_1_453' title='bbox 3769 3082 3866 3132; x_wconf 86' lang='lat' dir='ltr'>iram</span> 
     </span>
    </p>
   </div>
   <div class='ocr_carea' id='block_1_63' title="bbox 2289 3168 3869 3243">
    <p class='ocr_par' dir='ltr' id='par_1_63' title="bbox 2289 3168 3869 3243">
     <span class='ocr_line' id='line_1_63' title="bbox 2289 3168 3869 3243; baseline -0.003 -18"><span class='ocrx_word' id='word_1_454' title='bbox 2289 3173 2349 3226; x_wconf 91' lang='lat' dir='ltr'>in</span> <span class='ocrx_word' id='word_1_455' title='bbox 2379 3188 2445 3226; x_wconf 91' lang='lat' dir='ltr'>se</span> <span class='ocrx_word' id='word_1_456' title='bbox 2475 3172 2706 3241; x_wconf 88' lang='lat' dir='ltr'>sentiat,</span> <span class='ocrx_word' id='word_1_457' title='bbox 2741 3188 2916 3243; x_wconf 84' lang='lat' dir='ltr'>quam</span> <span class='ocrx_word' id='word_1_458' title='bbox 2945 3187 3063 3226; x_wconf 89' lang='lat' dir='ltr'>non</span> <span class='ocrx_word' id='word_1_459' title='bbox 3108 3175 3414 3241; x_wconf 77' lang='lat' dir='ltr'>expertam</span> <span class='ocrx_word' id='word_1_460' title='bbox 3444 3176 3650 3227; x_wconf 87' lang='lat' dir='ltr'>temere</span> <span class='ocrx_word' id='word_1_461' title='bbox 3678 3168 3869 3224; x_wconf 72' lang='lat' dir='ltr'>devitarc</span> 
     </span>
    </p>
   </div>
   <div class='ocr_carea' id='block_1_64' title="bbox 517 3231 2656 3341">
    <p class='ocr_par' dir='ltr' id='par_1_64' title="bbox 517 3231 2656 3341">
     <span class='ocr_line' id='line_1_64' title="bbox 517 3231 2656 3341; baseline 0.008 -33"><span class='ocrx_word' id='word_1_462' title='bbox 517 3255 807 3325; x_wconf 91' lang='lat' dir='ltr'>imputare</span> <span class='ocrx_word' id='word_1_463' title='bbox 825 3257 1017 3329; x_wconf 88' lang='lat' dir='ltr'>coepit,</span> <span class='ocrx_word' id='word_1_464' title='bbox 1044 3259 1219 3330; x_wconf 80' lang='lat' dir='ltr'>cujus</span> <span class='ocrx_word' id='word_1_465' title='bbox 1237 3262 1308 3315; x_wconf 91' lang='lat' dir='ltr'>de</span> <span class='ocrx_word' id='word_1_466' title='bbox 1330 3231 1709 3337; x_wconf 78' lang='lat' dir='ltr'>monasterio,</span> <span class='ocrx_word' id='word_1_467' title='bbox 2200 3231 2249 3293; x_wconf 70' lang='grc' dir='ltr'>Ο</span> <span class='ocrx_word' id='word_1_468' title='bbox 2287 3263 2656 3332; x_wconf 66' lang='lat' dir='ltr'>neglexerat-</span> 
     </span>
    </p>
   </div>
   <div class='ocr_carea' id='block_1_65' title="bbox 521 3344 1312 3418">
    <p class='ocr_par' dir='ltr' id='par_1_65' title="bbox 521 3344 1312 3418">
     <span class='ocr_line' id='line_1_65' title="bbox 521 3344 1312 3418; baseline 0.009 -21"><span class='ocrx_word' id='word_1_469' title='bbox 521 3344 620 3413; x_wconf 88' lang='lat' dir='ltr'>tia,</span> <span class='ocrx_word' id='word_1_470' title='bbox 651 3344 710 3398; x_wconf 90' lang='lat' dir='ltr'>id</span> <span class='ocrx_word' id='word_1_471' title='bbox 739 3361 953 3400; x_wconf 91' lang='lat' dir='ltr'>munus</span> <span class='ocrx_word' id='word_1_472' title='bbox 987 3352 1312 3418; x_wconf 91' lang='lat' dir='ltr'>acceperat.</span> 
     </span>
    </p>
   </div>
   <div class='ocr_carea' id='block_1_66' title="bbox 603 3432 2176 3517">
    <p class='ocr_par' dir='ltr' id='par_1_66' title="bbox 603 3432 2176 3517">
     <span class='ocr_line' id='line_1_66' title="bbox 603 3432 2176 3517; baseline 0.011 -33"><span class='ocrx_word' id='word_1_473' title='bbox 603 3432 973 3503; x_wconf 81' lang='lat' dir='ltr'>Theophilus.</span> <span class='ocrx_word' id='word_1_474' title='bbox 990 3434 1053 3487; x_wconf 92' lang='lat' dir='ltr'>In</span> <span class='ocrx_word' id='word_1_475' title='bbox 1066 3435 1174 3489; x_wconf 90' lang='lat' dir='ltr'>hoc</span> <span class='ocrx_word' id='word_1_476' title='bbox 1196 3438 1524 3508; x_wconf 87' lang='lat' dir='ltr'>utriusque,</span> <span class='ocrx_word' id='word_1_477' title='bbox 1541 3441 1854 3498; x_wconf 89' lang='lat' dir='ltr'>alteriusve</span> <span class='ocrx_word' id='word_1_478' title='bbox 1872 3445 2176 3517; x_wconf 90' lang='lat' dir='ltr'>miraculo,</span> 
     </span>
    </p>
   </div>
   <div class='ocr_carea' id='block_1_67' title="bbox 521 3519 2180 3601">
    <p class='ocr_par' dir='ltr' id='par_1_67' title="bbox 521 3519 2180 3601">
     <span class='ocr_line' id='line_1_67' title="bbox 521 3519 2180 3601; baseline 0.01 -30"><span class='ocrx_word' id='word_1_479' title='bbox 521 3519 667 3573; x_wconf 90' lang='lat' dir='ltr'>illud</span> <span class='ocrx_word' id='word_1_480' title='bbox 694 3520 761 3573; x_wconf 93' lang='lat' dir='ltr'>B.</span> <span class='ocrx_word' id='word_1_481' title='bbox 794 3521 861 3574; x_wconf 90' lang='lat' dir='ltr'>P.</span> <span class='ocrx_word' id='word_1_482' title='bbox 893 3521 1194 3577; x_wconf 90' lang='lat' dir='ltr'>Benedicti</span> <span class='ocrx_word' id='word_1_483' title='bbox 1224 3525 1294 3578; x_wconf 93' lang='lat' dir='ltr'>de</span> <span class='ocrx_word' id='word_1_484' title='bbox 1326 3542 1387 3579; x_wconf 91' lang='lat' dir='ltr'>re</span> <span class='ocrx_word' id='word_1_485' title='bbox 1419 3526 1554 3581; x_wconf 90' lang='lat' dir='ltr'>licet</span> <span class='ocrx_word' id='word_1_486' title='bbox 1579 3529 1873 3601; x_wconf 90' lang='lat' dir='ltr'>dissimili,</span> <span class='ocrx_word' id='word_1_487' title='bbox 1910 3534 2180 3589; x_wconf 89' lang='lat' dir='ltr'>similiter</span> 
     </span>
    </p>
   </div>
   <div class='ocr_carea' id='block_1_68' title="bbox 521 3607 2184 3690">
    <p class='ocr_par' dir='ltr' id='par_1_68' title="bbox 521 3607 2184 3690">
     <span class='ocr_line' id='line_1_68' title="bbox 521 3607 2184 3690; baseline 0.01 -29"><span class='ocrx_word' id='word_1_488' title='bbox 521 3607 716 3676; x_wconf 89' lang='lat' dir='ltr'>audio,</span> <span class='ocrx_word' id='word_1_489' title='bbox 748 3607 1003 3677; x_wconf 91' lang='lat' dir='ltr'>primum</span> <span class='ocrx_word' id='word_1_490' title='bbox 1027 3613 1300 3666; x_wconf 91' lang='lat' dir='ltr'>renovari</span> <span class='ocrx_word' id='word_1_491' title='bbox 1330 3614 1694 3685; x_wconf 87' lang='lat' dir='ltr'>miraculum,</span> <span class='ocrx_word' id='word_1_492' title='bbox 1731 3619 1870 3673; x_wconf 88' lang='lat' dir='ltr'>dum</span> <span class='ocrx_word' id='word_1_493' title='bbox 1898 3621 1958 3674; x_wconf 93' lang='lat' dir='ltr'>in</span> <span class='ocrx_word' id='word_1_494' title='bbox 1987 3626 2184 3690; x_wconf 87' lang='lat' dir='ltr'>partes</span> 
     </span>
    </p>
   </div>
   <div class='ocr_carea' id='block_1_69' title="bbox 523 3695 2184 3782">
    <p class='ocr_par' dir='ltr' id='par_1_69' title="bbox 523 3695 2184 3782">
     <span class='ocr_line' id='line_1_69' title="bbox 523 3695 2184 3782; baseline 0.011 -35"><span class='ocrx_word' id='word_1_495' title='bbox 523 3695 782 3749; x_wconf 89' lang='lat' dir='ltr'>divisum</span> <span class='ocrx_word' id='word_1_496' title='bbox 799 3696 884 3766; x_wconf 87' lang='lat' dir='ltr'>rej</span> <span class='ocrx_word' id='word_1_497' title='bbox 893 3698 1056 3751; x_wconf 84' lang='lat' dir='ltr'>unxit</span> <span class='ocrx_word' id='word_1_498' title='bbox 1074 3702 1469 3769; x_wconf 87' lang='lat' dir='ltr'>capisterium.</span> <span class='ocrx_word' id='word_1_499' title='bbox 1491 3703 1699 3776; x_wconf 85' lang='lat' dir='ltr'>(Greg.</span> <span class='ocrx_word' id='word_1_500' title='bbox 1719 3706 1824 3761; x_wconf 76' lang='lat' dir='ltr'>11b.</span> <span class='ocrx_word' id='word_1_501' title='bbox 1846 3726 1904 3778; x_wconf 80' lang='grc' dir='ltr'>ιι,</span> <span class='ocrx_word' id='word_1_502' title='bbox 1929 3710 2184 3782; x_wconf 84' lang='lat' dir='ltr'>Dialog.)</span> 
     </span>
    </p>
   </div>
   <div class='ocr_carea' id='block_1_70' title="bbox 596 3782 2184 3867">
    <p class='ocr_par' dir='ltr' id='par_1_70' title="bbox 596 3782 2184 3867">
     <span class='ocr_line' id='line_1_70' title="bbox 596 3782 2184 3867; baseline 0.012 -32"><span class='ocrx_word' id='word_1_503' title='bbox 596 3782 974 3838; x_wconf 80' lang='lat' dir='ltr'>Desiderius.</span> <span class='ocrx_word' id='word_1_504' title='bbox 1008 3785 1245 3842; x_wconf 89' lang='lat' dir='ltr'>Interim</span> <span class='ocrx_word' id='word_1_505' title='bbox 1272 3793 1349 3859; x_wconf 91' lang='lat' dir='ltr'>te,</span> <span class='ocrx_word' id='word_1_506' title='bbox 1386 3791 1715 3848; x_wconf 90' lang='lat' dir='ltr'>clarissime</span> <span class='ocrx_word' id='word_1_507' title='bbox 1747 3794 1950 3867; x_wconf 86' lang='lat' dir='ltr'>frater,</span> <span class='ocrx_word' id='word_1_508' title='bbox 2004 3799 2184 3855; x_wconf 89' lang='lat' dir='ltr'>silere</span> 
     </span>
    </p>
   </div>
   <div class='ocr_carea' id='block_1_71' title="bbox 526 3875 2183 3943">
    <p class='ocr_par' dir='ltr' id='par_1_71' title="bbox 526 3875 2183 3943">
     <span class='ocr_line' id='line_1_71' title="bbox 526 3875 2183 3943; baseline 0.01 -16"><span class='ocrx_word' id='word_1_509' title='bbox 526 3875 775 3942; x_wconf 89' lang='lat' dir='ltr'>oportet,</span> <span class='ocrx_word' id='word_1_510' title='bbox 822 3876 1111 3943; x_wconf 87' lang='lat' dir='ltr'>quatenus</span> <span class='ocrx_word' id='word_1_511' title='bbox 1161 3876 1417 3933; x_wconf 90' lang='lat' dir='ltr'>intentus</span> <span class='ocrx_word' id='word_1_512' title='bbox 1468 3882 1659 3936; x_wconf 85' lang='lat' dir='ltr'>animo</span> <span class='ocrx_word' id='word_1_513' title='bbox 1689 3884 1763 3937; x_wconf 93' lang='lat' dir='ltr'>ad</span> <span class='ocrx_word' id='word_1_514' title='bbox 1802 3885 1930 3940; x_wconf 89' lang='lat' dir='ltr'>haec</span> <span class='ocrx_word' id='word_1_515' title='bbox 1974 3888 2046 3943; x_wconf 92' lang='lat' dir='ltr'>de</span> <span class='ocrx_word' id='word_1_516' title='bbox 2086 3887 2183 3943; x_wconf 92' lang='lat' dir='ltr'>illo</span> 
     </span>
    </p>
   </div>
   <div class='ocr_carea' id='block_1_72' title="bbox 525 3960 2182 4043">
    <p class='ocr_par' dir='ltr' id='par_1_72' title="bbox 525 3960 2182 4043">
     <span class='ocr_line' id='line_1_72' title="bbox 525 3960 2182 4043; baseline 0.011 -31"><span class='ocrx_word' id='word_1_517' title='bbox 525 3960 752 4031; x_wconf 83' lang='lat' dir='ltr'>majora</span> <span class='ocrx_word' id='word_1_518' title='bbox 782 3976 1134 4031; x_wconf 88' lang='lat' dir='ltr'>cognoscas.</span> <span class='ocrx_word' id='word_1_519' title='bbox 1169 3964 1298 4019; x_wconf 85' lang='lat' dir='ltr'>Alio</span> <span class='ocrx_word' id='word_1_520' title='bbox 1322 3967 1514 4038; x_wconf 88' lang='lat' dir='ltr'>itaque</span> <span class='ocrx_word' id='word_1_521' title='bbox 1544 3974 1804 4041; x_wconf 91' lang='lat' dir='ltr'>tempore</span> <span class='ocrx_word' id='word_1_522' title='bbox 1833 3975 2013 4043; x_wconf 90' lang='lat' dir='ltr'>(sicut</span> <span class='ocrx_word' id='word_1_523' title='bbox 2044 3976 2182 4030; x_wconf 91' lang='lat' dir='ltr'>mihi</span> 
     </span>
    </p>
   </div>
   <div class='ocr_carea' id='block_1_73' title="bbox 525 4048 2187 4130">
    <p class='ocr_par' dir='ltr' id='par_1_73' title="bbox 525 4048 2187 4130">
     <span class='ocr_line' id='line_1_73' title="bbox 525 4048 2187 4130; baseline 0.01 -26"><span class='ocrx_word' id='word_1_524' title='bbox 525 4048 809 4121; x_wconf 69' lang='lat' dir='ltr'>pmfatus</span> <span class='ocrx_word' id='word_1_525' title='bbox 840 4065 988 4119; x_wconf 90' lang='lat' dir='ltr'>papa</span> <span class='ocrx_word' id='word_1_526' title='bbox 1018 4050 1343 4124; x_wconf 86' lang='lat' dir='ltr'>Gregorius</span> <span class='ocrx_word' id='word_1_527' title='bbox 1364 4058 1580 4127; x_wconf 90' lang='lat' dir='ltr'>retulit)</span> <span class='ocrx_word' id='word_1_528' title='bbox 1603 4061 1839 4130; x_wconf 90' lang='lat' dir='ltr'>quidam</span> <span class='ocrx_word' id='word_1_529' title='bbox 1868 4062 2187 4119; x_wconf 88' lang='lat' dir='ltr'>Galliarum</span> 
     </span>
    </p>
   </div>
   <div class='ocr_carea' id='block_1_74' title="bbox 528 4138 2188 4223">
    <p class='ocr_par' dir='ltr' id='par_1_74' title="bbox 528 4138 2188 4223">
     <span class='ocr_line' id='line_1_74' title="bbox 528 4138 2188 4223; baseline 0.009 -30"><span class='ocrx_word' id='word_1_530' title='bbox 528 4138 868 4208; x_wconf 90' lang='lat' dir='ltr'>episcopus,</span> <span class='ocrx_word' id='word_1_531' title='bbox 888 4138 961 4192; x_wconf 89' lang='lat' dir='ltr'>ab</span> <span class='ocrx_word' id='word_1_532' title='bbox 980 4140 1183 4195; x_wconf 92' lang='lat' dir='ltr'>eodem</span> <span class='ocrx_word' id='word_1_533' title='bbox 1201 4144 1477 4212; x_wconf 88' lang='lat' dir='ltr'>pontiﬁce</span> <span class='ocrx_word' id='word_1_534' title='bbox 1495 4146 1693 4201; x_wconf 90' lang='lat' dir='ltr'>Leone</span> <span class='ocrx_word' id='word_1_535' title='bbox 1716 4149 1905 4205; x_wconf 86' lang='lat' dir='ltr'>fuerat</span> <span class='ocrx_word' id='word_1_536' title='bbox 1921 4153 2188 4223; x_wconf 90' lang='lat' dir='ltr'>episcopi</span> 
     </span>
    </p>
   </div>
   <div class='ocr_carea' id='block_1_75' title="bbox 526 4228 2190 4310">
    <p class='ocr_par' dir='ltr' id='par_1_75' title="bbox 526 4228 2190 4310">
     <span class='ocr_line' id='line_1_75' title="bbox 526 4228 2190 4310; baseline 0.008 -27"><span class='ocrx_word' id='word_1_537' title='bbox 526 4228 754 4283; x_wconf 91' lang='lat' dir='ltr'>honore</span> <span class='ocrx_word' id='word_1_538' title='bbox 784 4243 1140 4298; x_wconf 90' lang='lat' dir='ltr'>suspensus;</span> <span class='ocrx_word' id='word_1_539' title='bbox 1172 4231 1347 4302; x_wconf 81' lang='lat' dir='ltr'>cujus</span> <span class='ocrx_word' id='word_1_540' title='bbox 1380 4234 1614 4304; x_wconf 91' lang='lat' dir='ltr'>quidam</span> <span class='ocrx_word' id='word_1_541' title='bbox 1634 4240 1964 4310; x_wconf 77' lang='lat' dir='ltr'>presbyter,</span> <span class='ocrx_word' id='word_1_542' title='bbox 1989 4240 2190 4295; x_wconf 90' lang='lat' dir='ltr'>Giber-</span> 
     </span>
    </p>
   </div>
   <div class='ocr_carea' id='block_1_76' title="bbox 528 4312 2190 4390">
    <p class='ocr_par' dir='ltr' id='par_1_76' title="bbox 528 4312 2190 4390">
     <span class='ocr_line' id='line_1_76' title="bbox 528 4312 2190 4390; baseline 0.009 -21"><span class='ocrx_word' id='word_1_543' title='bbox 528 4319 625 4370; x_wconf 91' lang='lat' dir='ltr'>tus</span> <span class='ocrx_word' id='word_1_544' title='bbox 657 4315 910 4384; x_wconf 90' lang='lat' dir='ltr'>nomine,</span> <span class='ocrx_word' id='word_1_545' title='bbox 947 4312 1239 4373; x_wconf 75' lang='lat' dir='ltr'>facundus</span> <span class='ocrx_word' id='word_1_546' title='bbox 1262 4336 1556 4390; x_wconf 90' lang='lat' dir='ltr'>sermone,</span> <span class='ocrx_word' id='word_1_547' title='bbox 1584 4326 1639 4378; x_wconf 91' lang='lat' dir='ltr'>et</span> <span class='ocrx_word' id='word_1_548' title='bbox 1660 4326 1868 4381; x_wconf 91' lang='lat' dir='ltr'>litteris</span> <span class='ocrx_word' id='word_1_549' title='bbox 1892 4329 2048 4383; x_wconf 90' lang='lat' dir='ltr'>haud</span> <span class='ocrx_word' id='word_1_550' title='bbox 2068 4345 2190 4383; x_wconf 86' lang='lat' dir='ltr'>me-</span> 
     </span>
    </p>
   </div>
   <div class='ocr_carea' id='block_1_77' title="bbox 530 4403 2190 4486">
    <p class='ocr_par' dir='ltr' id='par_1_77' title="bbox 530 4403 2190 4486">
     <span class='ocr_line' id='line_1_77' title="bbox 530 4403 2190 4486; baseline 0.009 -29"><span class='ocrx_word' id='word_1_551' title='bbox 530 4403 811 4457; x_wconf 85' lang='lat' dir='ltr'>diocriter</span> <span class='ocrx_word' id='word_1_552' title='bbox 841 4404 1132 4475; x_wconf 91' lang='lat' dir='ltr'>eruditus,</span> <span class='ocrx_word' id='word_1_553' title='bbox 1175 4407 1365 4462; x_wconf 90' lang='lat' dir='ltr'>eidem</span> <span class='ocrx_word' id='word_1_554' title='bbox 1396 4412 1746 4479; x_wconf 90' lang='lat' dir='ltr'>promiserat</span> <span class='ocrx_word' id='word_1_555' title='bbox 1792 4416 2071 4486; x_wconf 90' lang='lat' dir='ltr'>episcopo</span> <span class='ocrx_word' id='word_1_556' title='bbox 2123 4432 2190 4471; x_wconf 89' lang='lat' dir='ltr'>se</span> 
     </span>
    </p>
   </div>
   <div class='ocr_carea' id='block_1_78' title="bbox 532 4492 2190 4565">
    <p class='ocr_par' dir='ltr' id='par_1_78' title="bbox 532 4492 2190 4565">
     <span class='ocr_line' id='line_1_78' title="bbox 532 4492 2190 4565; baseline 0.009 -20"><span class='ocrx_word' id='word_1_557' title='bbox 532 4492 783 4545; x_wconf 86' lang='lat' dir='ltr'>Romam</span> <span class='ocrx_word' id='word_1_558' title='bbox 824 4492 1045 4560; x_wconf 90' lang='lat' dir='ltr'>venire,</span> <span class='ocrx_word' id='word_1_559' title='bbox 1080 4497 1253 4565; x_wconf 89' lang='lat' dir='ltr'>atque</span> <span class='ocrx_word' id='word_1_560' title='bbox 1304 4497 1532 4553; x_wconf 91' lang='lat' dir='ltr'>callidis</span> <span class='ocrx_word' id='word_1_561' title='bbox 1581 4501 1710 4554; x_wconf 92' lang='lat' dir='ltr'>suis</span> <span class='ocrx_word' id='word_1_562' title='bbox 1755 4506 2190 4560; x_wconf 86' lang='lat' dir='ltr'>assertionibus</span> 
     </span>
    </p>
   </div>
   <div class='ocr_carea' id='block_1_79' title="bbox 604 4583 2257 4670">
    <p class='ocr_par' dir='ltr' id='par_1_79' title="bbox 604 4583 2257 4670">
     <span class='ocr_line' id='line_1_79' title="bbox 604 4583 2257 4670; baseline 0.008 -19"><span class='ocrx_word' id='word_1_563' title='bbox 604 4594 718 4666; x_wconf 70' lang='grc'>(62)</span> <span class='ocrx_word' id='word_1_564' title='bbox 750 4595 948 4670; x_wconf 80' lang='lat' dir='ltr'>Sancti</span> <span class='ocrx_word' id='word_1_565' title='bbox 976 4597 1195 4653; x_wconf 92' lang='lat' dir='ltr'>Leonis</span> <span class='ocrx_word' id='word_1_566' title='bbox 1234 4617 1400 4670; x_wconf 88' lang='lat' dir='ltr'>papae</span> <span class='ocrx_word' id='word_1_567' title='bbox 1436 4605 1507 4659; x_wconf 90' lang='lat' dir='ltr'>de</span> <span class='ocrx_word' id='word_1_568' title='bbox 1525 4606 1709 4661; x_wconf 88' lang='lat' dir='ltr'>fracto</span> <span class='ocrx_word' id='word_1_569' title='bbox 1732 4608 1913 4663; x_wconf 91' lang='lat' dir='ltr'>calice</span> <span class='ocrx_word' id='word_1_570' title='bbox 1946 4612 2193 4665; x_wconf 88' lang='lat' dir='ltr'>miracu-</span> <span class='ocrx_word' id='word_1_571' title='bbox 2216 4583 2257 4639; x_wconf 63' lang='grc' dir='ltr'>υ</span> 
     </span>
    </p>
   </div>
   <div class='ocr_carea' id='block_1_80' title="bbox 529 4667 2187 4751">
    <p class='ocr_par' dir='ltr' id='par_1_80' title="bbox 529 4667 2187 4751">
     <span class='ocr_line' id='line_1_80' title="bbox 529 4667 2187 4751; baseline 0.01 -31"><span class='ocrx_word' id='word_1_572' title='bbox 529 4669 652 4751; x_wconf 64' lang='lat' dir='ltr'>lum</span> <span class='ocrx_word' id='word_1_573' title='bbox 681 4667 1162 4751; x_wconf 46' lang='lat' dir='ltr'>recitatpr‘e&#39;tiam</span> <span class='ocrx_word' id='word_1_574' title='bbox 1191 4667 1342 4751; x_wconf 68' lang='lat' dir='ltr'>apud</span> <span class='ocrx_word' id='word_1_575' title='bbox 1371 4673 1429 4737; x_wconf 89' lang='lat' dir='ltr'>S,</span> <span class='ocrx_word' id='word_1_576' title='bbox 1465 4676 1811 4751; x_wconf 23' lang='lat' dir='ltr'>‘Brunonem</span> <span class='ocrx_word' id='word_1_577' title='bbox 1842 4681 2187 4751; x_wconf 90' lang='lat' dir='ltr'>episcopum</span> 
     </span>
    </p>
   </div>
   <div class='ocr_carea' id='block_1_81' title="bbox 532 4737 2194 4865">
    <p class='ocr_par' dir='ltr' id='par_1_81' title="bbox 532 4737 2194 4865">
     <span class='ocr_line' id='line_1_81' title="bbox 532 4737 2194 4865; baseline 0.01 -75"><span class='ocrx_word' id='word_1_578' title='bbox 532 4737 1105 4865; x_wconf 47' lang='grc' dir='ltr'>ῗόἷὲίθέἓῶῐῐέὃνῆα</span> <span class='ocrx_word' id='word_1_579' title='bbox 1135 4737 1374 4813; x_wconf 83' lang='lat' dir='ltr'>Leonis,</span> <span class='ocrx_word' id='word_1_580' title='bbox 1422 4748 1478 4800; x_wconf 93' lang='lat' dir='ltr'>et</span> <span class='ocrx_word' id='word_1_581' title='bbox 1522 4748 1732 4803; x_wconf 89' lang='lat' dir='ltr'>Baron.</span> <span class='ocrx_word' id='word_1_582' title='bbox 1777 4737 1912 4805; x_wconf 67' lang='lat' dir='ltr'>ann.</span> <span class='ocrx_word' id='word_1_583' title='bbox 1961 4737 2194 4807; x_wconf 71' lang='lat' dir='ltr'>Domini</span> 
     </span>
    </p>
   </div>
   <div class='ocr_carea' id='block_1_82' title="bbox 678 4824 1006 4875">
    <p class='ocr_par' dir='ltr' id='par_1_82' title="bbox 678 4824 1006 4875">
     <span class='ocr_line' id='line_1_82' title="bbox 678 4824 1006 4875; baseline 0.003 -13"><span class='ocrx_word' id='word_1_584' title='bbox 678 4849 692 4875; x_wconf 90' lang='lat'>,</span> <span class='ocrx_word' id='word_1_585' title='bbox 727 4824 886 4862; x_wconf 91' lang='lat' dir='ltr'>num.</span> <span class='ocrx_word' id='word_1_586' title='bbox 918 4824 1006 4863; x_wconf 72' lang='grc'>26.</span> 
     </span>
    </p>
   </div>
   <div class='ocr_carea' id='block_1_83' title="bbox 609 4878 2190 4960">
    <p class='ocr_par' dir='ltr' id='par_1_83' title="bbox 609 4878 2190 4960">
     <span class='ocr_line' id='line_1_83' title="bbox 609 4878 2190 4960; baseline 0.011 -30"><span class='ocrx_word' id='word_1_587' title='bbox 609 4878 720 4960; x_wconf 67' lang='lat'>(63)</span> <span class='ocrx_word' id='word_1_588' title='bbox 753 4879 1033 4960; x_wconf 50' lang='lat' dir='ltr'>Refertur</span> <span class='ocrx_word' id='word_1_589' title='bbox 1059 4882 1235 4960; x_wconf 72' lang='lat' dir='ltr'>etiarn</span> <span class='ocrx_word' id='word_1_590' title='bbox 1247 4883 1382 4960; x_wconf 63' lang='lat' dir='ltr'>hoc</span> <span class='ocrx_word' id='word_1_591' title='bbox 1392 4887 1737 4960; x_wconf 88' lang='lat' dir='ltr'>miraculum</span> <span class='ocrx_word' id='word_1_592' title='bbox 1758 4907 1791 4945; x_wconf 91' lang='lat' dir='ltr'>a</span> <span class='ocrx_word' id='word_1_593' title='bbox 1824 4893 2033 4946; x_wconf 88' lang='lat' dir='ltr'>Baron.</span> <span class='ocrx_word' id='word_1_594' title='bbox 2054 4908 2190 4947; x_wconf 90' lang='lat' dir='ltr'>ann.</span> 
     </span>
    </p>
   </div>
   <div class='ocr_carea' id='block_1_84' title="bbox 536 4949 2195 5031">
    <p class='ocr_par' dir='ltr' id='par_1_84' title="bbox 536 4949 2195 5031">
     <span class='ocr_line' id='line_1_84' title="bbox 536 4949 2195 5031; baseline 0.01 -30"><span class='ocrx_word' id='word_1_595' title='bbox 536 4949 767 5031; x_wconf 62' lang='lat' dir='ltr'>Domini</span> <span class='ocrx_word' id='word_1_596' title='bbox 797 4949 953 5031; x_wconf 51' lang='grc'>1049,</span> <span class='ocrx_word' id='word_1_597' title='bbox 996 4967 1153 5031; x_wconf 84' lang='lat' dir='ltr'>nuru.</span> <span class='ocrx_word' id='word_1_598' title='bbox 1342 4955 1697 5031; x_wconf 88' lang='lat' dir='ltr'>Gravitatem</span> <span class='ocrx_word' id='word_1_599' title='bbox 1746 4979 1886 5016; x_wconf 92' lang='lat' dir='ltr'>vero</span> <span class='ocrx_word' id='word_1_600' title='bbox 1930 4964 2195 5018; x_wconf 90' lang='lat' dir='ltr'>criminis</span> 
     </span>
    </p>
   </div>
   <div class='ocr_carea' id='block_1_85' title="bbox 533 5020 2195 5103">
    <p class='ocr_par' dir='ltr' id='par_1_85' title="bbox 533 5020 2195 5103">
     <span class='ocr_line' id='line_1_85' title="bbox 533 5020 2195 5103; baseline 0.008 -30"><span class='ocrx_word' id='word_1_601' title='bbox 533 5020 813 5103; x_wconf 29' lang='lat' dir='ltr'>§imloniae</span> <span class='ocrx_word' id='word_1_602' title='bbox 862 5022 1554 5103; x_wconf 66' lang='lat' dir='ltr'>demonstravitpariter</span> <span class='ocrx_word' id='word_1_603' title='bbox 1610 5033 1782 5087; x_wconf 91' lang='lat' dir='ltr'>etiam</span> <span class='ocrx_word' id='word_1_604' title='bbox 1840 5035 2195 5103; x_wconf 89' lang='lat' dir='ltr'>supplicium</span> 
     </span>
    </p>
   </div>
   <div class='ocr_carea' id='block_1_86' title="bbox 534 5091 2197 5171">
    <p class='ocr_par' dir='ltr' id='par_1_86' title="bbox 534 5091 2197 5171">
     <span class='ocr_line' id='line_1_86' title="bbox 534 5091 2197 5171; baseline 0.01 -29"><span class='ocrx_word' id='word_1_605' title='bbox 534 5091 755 5171; x_wconf 53' lang='lat' dir='ltr'>gustini</span> <span class='ocrx_word' id='word_1_606' title='bbox 786 5092 1187 5171; x_wconf 75' lang='lat' dir='ltr'>imperatoris,</span> <span class='ocrx_word' id='word_1_607' title='bbox 1214 5091 1401 5165; x_wconf 79' lang='lat' dir='ltr'>quiin</span> <span class='ocrx_word' id='word_1_608' title='bbox 1432 5100 1780 5167; x_wconf 89' lang='lat' dir='ltr'>phrenitidis</span> <span class='ocrx_word' id='word_1_609' title='bbox 1826 5091 2094 5157; x_wconf 68' lang='lat' dir='ltr'>morbum</span> <span class='ocrx_word' id='word_1_610' title='bbox 2142 5108 2197 5159; x_wconf 88' lang='lat' dir='ltr'>et</span> 
     </span>
    </p>
   </div>
   <div class='ocr_carea' id='block_1_87' title="bbox 537 5162 2197 5241">
    <p class='ocr_par' dir='ltr' id='par_1_87' title="bbox 537 5162 2197 5241">
     <span class='ocr_line' id='line_1_87' title="bbox 537 5162 2197 5241; baseline 0.01 -29"><span class='ocrx_word' id='word_1_611' title='bbox 537 5162 828 5215; x_wconf 87' lang='lat' dir='ltr'>insaniam</span> <span class='ocrx_word' id='word_1_612' title='bbox 875 5164 1077 5241; x_wconf 74' lang='lat' dir='ltr'>incidit</span> <span class='ocrx_word' id='word_1_613' title='bbox 1110 5181 1125 5241; x_wconf 10' lang='lat'>:7</span> <span class='ocrx_word' id='word_1_614' title='bbox 1166 5162 1250 5241; x_wconf 74' lang='lat' dir='ltr'>ita</span> <span class='ocrx_word' id='word_1_615' title='bbox 1288 5171 1371 5241; x_wconf 72' lang='lat' dir='ltr'>__ut</span> <span class='ocrx_word' id='word_1_616' title='bbox 1426 5162 1566 5224; x_wconf 71' lang='lat' dir='ltr'>nihil</span> <span class='ocrx_word' id='word_1_617' title='bbox 1625 5175 1942 5241; x_wconf 83' lang='lat' dir='ltr'>quidquam</span> <span class='ocrx_word' id='word_1_618' title='bbox 1994 5191 2197 5228; x_wconf 87' lang='lat' dir='ltr'>earum</span> 
     </span>
    </p>
   </div>
   <div class='ocr_carea' id='block_1_88' title="bbox 537 5235 2191 5313">
    <p class='ocr_par' dir='ltr' id='par_1_88' title="bbox 537 5235 2191 5313">
     <span class='ocr_line' id='line_1_88' title="bbox 537 5235 2191 5313; baseline 0.01 -31"><span class='ocrx_word' id='word_1_619' title='bbox 537 5244 906 5313; x_wconf 47' lang='lat' dir='ltr'>rerumnqug</span> <span class='ocrx_word' id='word_1_620' title='bbox 928 5235 1134 5313; x_wconf 82' lang='lat' dir='ltr'>ﬁerent</span> <span class='ocrx_word' id='word_1_621' title='bbox 1165 5237 1536 5313; x_wconf 78' lang='lat' dir='ltr'>intelligeret.</span> <span class='ocrx_word' id='word_1_622' title='bbox 1591 5235 1838 5313; x_wconf 80' lang='lat' dir='ltr'>Niceph.</span> <span class='ocrx_word' id='word_1_623' title='bbox 1874 5262 1995 5297; x_wconf 83' lang='lat' dir='ltr'>xvu</span> <span class='ocrx_word' id='word_1_624' title='bbox 2029 5245 2191 5313; x_wconf 89' lang='lat' dir='ltr'>hist.,</span> 
     </span>
    </p>
   </div>
   <div class='ocr_carea' id='block_1_89' title="bbox 538 5299 2196 5384">
    <p class='ocr_par' dir='ltr' id='par_1_89' title="bbox 538 5299 2196 5384">
     <span class='ocr_line' id='line_1_89' title="bbox 538 5299 2196 5384; baseline 0.01 -32"><span class='ocrx_word' id='word_1_625' title='bbox 538 5299 753 5384; x_wconf 28' lang='lat' dir='ltr'>cepa-33</span> <span class='ocrx_word' id='word_1_626' title='bbox 771 5299 827 5355; x_wconf 78' lang='lat' dir='ltr'>et</span> <span class='ocrx_word' id='word_1_627' title='bbox 842 5302 929 5384; x_wconf 65' lang='lat'>39.</span> <span class='ocrx_word' id='word_1_628' title='bbox 954 5307 1277 5384; x_wconf 58' lang='lat' dir='ltr'>Antiochus</span> <span class='ocrx_word' id='word_1_629' title='bbox 1293 5299 1531 5384; x_wconf 63' lang='lat' dir='ltr'>qucque</span> <span class='ocrx_word' id='word_1_630' title='bbox 1548 5299 1887 5382; x_wconf 81' lang='lat' dir='ltr'>hujusmodi</span> <span class='ocrx_word' id='word_1_631' title='bbox 1907 5299 2196 5384; x_wconf 79' lang='lat' dir='ltr'>supplicio</span> 
     </span>
    </p>
   </div>
   <div class='ocr_carea' id='block_1_90' title="bbox 538 5371 2199 5455">
    <p class='ocr_par' dir='ltr' id='par_1_90' title="bbox 538 5371 2199 5455">
     <span class='ocr_line' id='line_1_90' title="bbox 538 5371 2199 5455; baseline 0.011 -34"><span class='ocrx_word' id='word_1_632' title='bbox 538 5371 777 5455; x_wconf 76' lang='lat' dir='ltr'>punitus</span> <span class='ocrx_word' id='word_1_633' title='bbox 804 5374 1058 5429; x_wconf 84' lang='lat' dir='ltr'>refertur</span> <span class='ocrx_word' id='word_1_634' title='bbox 1089 5378 1135 5429; x_wconf 92' lang='lat' dir='ltr'>Il</span> <span class='ocrx_word' id='word_1_635' title='bbox 1162 5371 1348 5455; x_wconf 62' lang='lat' dir='ltr'>Maeli.</span> <span class='ocrx_word' id='word_1_636' title='bbox 1384 5371 1466 5455; x_wconf 35' lang='lat' dir='ltr'>1x:</span> <span class='ocrx_word' id='word_1_637' title='bbox 1495 5371 1813 5455; x_wconf 73' lang='lat' dir='ltr'>Cui-igitur</span> <span class='ocrx_word' id='word_1_638' title='bbox 1833 5401 1949 5439; x_wconf 89' lang='lat' dir='ltr'>non</span> <span class='ocrx_word' id='word_1_639' title='bbox 1980 5371 2199 5439; x_wconf 78' lang='lat' dir='ltr'>dissol-</span> 
     </span>
    </p>
   </div>
   <div class='ocr_carea' id='block_1_91' title="bbox 539 5444 2195 5525">
    <p class='ocr_par' dir='ltr' id='par_1_91' title="bbox 539 5444 2195 5525">
     <span class='ocr_line' id='line_1_91' title="bbox 539 5444 2195 5525; baseline 0.011 -34"><span class='ocrx_word' id='word_1_640' title='bbox 539 5444 755 5525; x_wconf 70' lang='lat' dir='ltr'>vuntur</span> <span class='ocrx_word' id='word_1_641' title='bbox 812 5458 982 5525; x_wconf 77' lang='lat' dir='ltr'>rencs</span> <span class='ocrx_word' id='word_1_642' title='bbox 1043 5463 1256 5525; x_wconf 58' lang='lat' dir='ltr'>eorum</span> <span class='ocrx_word' id='word_1_643' title='bbox 1303 5451 1630 5521; x_wconf 88' lang='lat' dir='ltr'>formidine,</span> <span class='ocrx_word' id='word_1_644' title='bbox 1657 5444 1791 5525; x_wconf 47' lang='lat' dir='ltr'>&quot;qui</span> <span class='ocrx_word' id='word_1_645' title='bbox 1850 5457 2019 5509; x_wconf 92' lang='lat' dir='ltr'>modo</span> <span class='ocrx_word' id='word_1_646' title='bbox 2079 5473 2195 5510; x_wconf 90' lang='lat' dir='ltr'>non</span> 
     </span>
    </p>
   </div>
   <div class='ocr_carea' id='block_1_92' title="bbox 538 5514 2195 5597">
    <p class='ocr_par' dir='ltr' id='par_1_92' title="bbox 538 5514 2195 5597">
     <span class='ocr_line' id='line_1_92' title="bbox 538 5514 2195 5597; baseline 0.01 -35"><span class='ocrx_word' id='word_1_647' title='bbox 538 5514 763 5597; x_wconf 62' lang='lat' dir='ltr'>timent,</span> <span class='ocrx_word' id='word_1_648' title='bbox 797 5514 914 5594; x_wconf 39' lang='lat' dir='ltr'>sed.</span> <span class='ocrx_word' id='word_1_649' title='bbox 932 5517 1065 5595; x_wconf 76' lang='lat' dir='ltr'>perf</span> <span class='ocrx_word' id='word_1_650' title='bbox 1066 5519 1207 5573; x_wconf 85' lang='lat' dir='ltr'>ricta</span> <span class='ocrx_word' id='word_1_651' title='bbox 1230 5521 1429 5597; x_wconf 74' lang='lat' dir='ltr'>fronte</span> <span class='ocrx_word' id='word_1_652' title='bbox 1451 5514 1803 5595; x_wconf 69' lang='lat' dir='ltr'>impietatem</span> <span class='ocrx_word' id='word_1_653' title='bbox 1824 5530 2195 5597; x_wconf 84' lang='lat' dir='ltr'>proﬁtentur;</span> 
     </span>
    </p>
   </div>
   <div class='ocr_carea' id='block_1_93' title="bbox 540 5581 2194 5666">
    <p class='ocr_par' dir='ltr' id='par_1_93' title="bbox 540 5581 2194 5666">
     <span class='ocr_line' id='line_1_93' title="bbox 540 5581 2194 5666; baseline 0.011 -33"><span class='ocrx_word' id='word_1_654' title='bbox 540 5581 787 5666; x_wconf 31' lang='lat' dir='ltr'>dumOhi,</span> <span class='ocrx_word' id='word_1_655' title='bbox 819 5584 917 5666; x_wconf 69' lang='lat' dir='ltr'>qui</span> <span class='ocrx_word' id='word_1_656' title='bbox 938 5581 1006 5666; x_wconf 26' lang='lat' dir='ltr'>&quot;in</span> <span class='ocrx_word' id='word_1_657' title='bbox 1036 5581 1551 5655; x_wconf 49' lang='lat' dir='ltr'>persuasibilibus‘</span> <span class='ocrx_word' id='word_1_658' title='bbox 1576 5581 1844 5651; x_wconf 73' lang='lat' dir='ltr'>humanae</span> <span class='ocrx_word' id='word_1_659' title='bbox 1891 5581 2194 5666; x_wconf 41' lang='lat' dir='ltr'>sapientiae,</span> 
     </span>
    </p>
   </div>
   <div class='ocr_carea' id='block_1_94' title="bbox 537 5652 2196 5739">
    <p class='ocr_par' dir='ltr' id='par_1_94' title="bbox 537 5652 2196 5739">
     <span class='ocr_line' id='line_1_94' title="bbox 537 5652 2196 5739; baseline 0.009 -33"><span class='ocrx_word' id='word_1_660' title='bbox 537 5652 741 5709; x_wconf 89' lang='lat' dir='ltr'>verbis</span> <span class='ocrx_word' id='word_1_661' title='bbox 764 5652 1083 5731; x_wconf 69' lang='lat' dir='ltr'>confidunt,</span> <span class='ocrx_word' id='word_1_662' title='bbox 1103 5665 1375 5734; x_wconf 76' lang='lat' dir='ltr'>tanquam</span> <span class='ocrx_word' id='word_1_663' title='bbox 1399 5666 1722 5734; x_wconf 87' lang='lat' dir='ltr'>phrenetici</span> <span class='ocrx_word' id='word_1_664' title='bbox 1745 5685 1810 5722; x_wconf 88' lang='lat' dir='ltr'>ac</span> <span class='ocrx_word' id='word_1_665' title='bbox 1836 5652 2024 5723; x_wconf 72' lang='lat' dir='ltr'>mente</span> <span class='ocrx_word' id='word_1_666' title='bbox 2044 5669 2196 5739; x_wconf 90' lang='lat' dir='ltr'>capti</span> 
     </span>
    </p>
   </div>
   <div class='ocr_carea' id='block_1_95' title="bbox 2372 3320 3931 3421">
    <p class='ocr_par' dir='ltr' id='par_1_95' title="bbox 2372 3320 3931 3421">
     <span class='ocr_line' id='line_1_95' title="bbox 2372 3320 3931 3421; baseline -0.006 -17"><span class='ocrx_word' id='word_1_667' title='bbox 2372 3320 2767 3421; x_wconf 60' lang='grc' dir='ltr'>ΓἱἸιθορΙιιΙίιιδ.</span> <span class='ocrx_word' id='word_1_668' title='bbox 2800 3349 2880 3403; x_wconf 90' lang='lat' dir='ltr'>Ita</span> <span class='ocrx_word' id='word_1_669' title='bbox 2911 3351 3003 3403; x_wconf 90' lang='lat' dir='ltr'>est</span> <span class='ocrx_word' id='word_1_670' title='bbox 3034 3353 3094 3402; x_wconf 87' lang='lat' dir='ltr'>ut</span> <span class='ocrx_word' id='word_1_671' title='bbox 3113 3349 3371 3418; x_wconf 90' lang='lat' dir='ltr'>asseris,</span> <span class='ocrx_word' id='word_1_672' title='bbox 3395 3349 3521 3417; x_wconf 90' lang='lat' dir='ltr'>sed,</span> <span class='ocrx_word' id='word_1_673' title='bbox 3545 3361 3727 3419; x_wconf 67' lang='lat' dir='ltr'>quaeso</span> <span class='ocrx_word' id='word_1_674' title='bbox 3752 3349 3807 3409; x_wconf 86' lang='lat' dir='ltr'>te,</span> <span class='ocrx_word' id='word_1_675' title='bbox 3825 3342 3870 3395; x_wconf 80' lang='lat' dir='ltr'>de</span> <span class='ocrx_word' id='word_1_676' title='bbox 3930 3320 3931 3325; x_wconf 8' lang='grc' dir='ltr'>γ</span> 
     </span>
    </p>
   </div>
   <div class='ocr_carea' id='block_1_96' title="bbox 2292 3433 3869 3508">
    <p class='ocr_par' dir='ltr' id='par_1_96' title="bbox 2292 3433 3869 3508">
     <span class='ocr_line' id='line_1_96' title="bbox 2292 3433 3869 3508; baseline -0.008 -14"><span class='ocrx_word' id='word_1_677' title='bbox 2292 3441 2507 3494; x_wconf 89' lang='lat' dir='ltr'>virtute</span> <span class='ocrx_word' id='word_1_678' title='bbox 2538 3439 2676 3492; x_wconf 89' lang='lat' dir='ltr'>tanti</span> <span class='ocrx_word' id='word_1_679' title='bbox 2708 3438 2914 3508; x_wconf 90' lang='lat' dir='ltr'>patris,</span> <span class='ocrx_word' id='word_1_680' title='bbox 2946 3438 2997 3490; x_wconf 88' lang='lat' dir='ltr'>si</span> <span class='ocrx_word' id='word_1_681' title='bbox 3029 3453 3143 3508; x_wconf 91' lang='lat' dir='ltr'>qua</span> <span class='ocrx_word' id='word_1_682' title='bbox 3173 3436 3369 3491; x_wconf 90' lang='lat' dir='ltr'>adhuc</span> <span class='ocrx_word' id='word_1_683' title='bbox 3392 3439 3691 3493; x_wconf 89' lang='lat' dir='ltr'>occurrunt</span> <span class='ocrx_word' id='word_1_684' title='bbox 3716 3433 3869 3493; x_wconf 86' lang='lat' dir='ltr'>animo,</span> 
     </span>
    </p>
   </div>
   <div class='ocr_carea' id='block_1_97' title="bbox 2294 3529 3829 3614">
    <p class='ocr_par' dir='ltr' id='par_1_97' title="bbox 2294 3529 3113 3596">
     <span class='ocr_line' id='line_1_97' title="bbox 2294 3529 3113 3596; baseline -0.004 -13"><span class='ocrx_word' id='word_1_685' title='bbox 2294 3529 2700 3583; x_wconf 89' lang='lat' dir='ltr'>incunctanter</span> <span class='ocrx_word' id='word_1_686' title='bbox 2728 3541 3113 3596; x_wconf 88' lang='lat' dir='ltr'>prosequere.</span> 
     </span>
    </p>
   </div>
   <div class='ocr_carea' id='block_1_98' title="bbox 2363 3613 3874 3685">
    <p class='ocr_par' dir='ltr' id='par_1_98' title="bbox 2363 3613 3874 3685">
     <span class='ocr_line' id='line_1_98' title="bbox 2363 3613 3874 3685; baseline -0.005 -14"><span class='ocrx_word' id='word_1_687' title='bbox 2363 3616 2737 3671; x_wconf 85' lang='lat' dir='ltr'>Desiderius.</span> <span class='ocrx_word' id='word_1_688' title='bbox 2772 3615 2917 3667; x_wconf 91' lang='lat' dir='ltr'>Dum</span> <span class='ocrx_word' id='word_1_689' title='bbox 2948 3614 3338 3670; x_wconf 88' lang='lat' dir='ltr'>beatissimus</span> <span class='ocrx_word' id='word_1_690' title='bbox 3370 3613 3623 3685; x_wconf 76' lang='lat' dir='ltr'>pontifex</span> <span class='ocrx_word' id='word_1_691' title='bbox 3644 3613 3742 3665; x_wconf 86' lang='lat' dir='ltr'>Leo</span> <span class='ocrx_word' id='word_1_692' title='bbox 3759 3613 3874 3679; x_wconf 73' lang='lat' dir='ltr'>quin-</span> 
     </span>
    </p>
   </div>
   <div class='ocr_carea' id='block_1_99' title="bbox 2295 3696 3873 3776">
    <p class='ocr_par' dir='ltr' id='par_1_99' title="bbox 2295 3696 3873 3776">
     <span class='ocr_line' id='line_1_99' title="bbox 2295 3696 3873 3776; baseline -0.01 -17"><span class='ocrx_word' id='word_1_693' title='bbox 2295 3720 2408 3776; x_wconf 92' lang='lat' dir='ltr'>que</span> <span class='ocrx_word' id='word_1_694' title='bbox 2425 3719 2533 3773; x_wconf 87' lang='lat' dir='ltr'>per</span> <span class='ocrx_word' id='word_1_695' title='bbox 2548 3717 2738 3756; x_wconf 91' lang='lat' dir='ltr'>annos</span> <span class='ocrx_word' id='word_1_696' title='bbox 2756 3702 3037 3756; x_wconf 88' lang='lat' dir='ltr'>divinitus</span> <span class='ocrx_word' id='word_1_697' title='bbox 3057 3703 3173 3756; x_wconf 90' lang='lat' dir='ltr'>sibi</span> <span class='ocrx_word' id='word_1_698' title='bbox 3191 3718 3549 3759; x_wconf 88' lang='lat' dir='ltr'>concessum</span> <span class='ocrx_word' id='word_1_699' title='bbox 3566 3696 3873 3755; x_wconf 84' lang='lat' dir='ltr'>sacerdotium</span> 
     </span>
    </p>
   </div>
   <div class='ocr_carea' id='block_1_100' title="bbox 2292 3780 3873 3864">
    <p class='ocr_par' dir='ltr' id='par_1_100' title="bbox 2292 3780 3873 3864">
     <span class='ocr_line' id='line_1_100' title="bbox 2292 3780 3873 3864; baseline -0.006 -17"><span class='ocrx_word' id='word_1_700' title='bbox 2292 3795 2387 3863; x_wconf 91' lang='lat' dir='ltr'>pic</span> <span class='ocrx_word' id='word_1_701' title='bbox 2412 3809 2480 3847; x_wconf 92' lang='lat' dir='ltr'>ac</span> <span class='ocrx_word' id='word_1_702' title='bbox 2512 3790 2966 3864; x_wconf 86' lang='lat' dir='ltr'>religiosissime</span> <span class='ocrx_word' id='word_1_703' title='bbox 2985 3792 3445 3861; x_wconf 86' lang='lat' dir='ltr'>administraret,</span> <span class='ocrx_word' id='word_1_704' title='bbox 3473 3791 3544 3845; x_wconf 87' lang='lat' dir='ltr'>ab</span> <span class='ocrx_word' id='word_1_705' title='bbox 3567 3792 3667 3844; x_wconf 79' lang='lat' dir='ltr'>hac</span> <span class='ocrx_word' id='word_1_706' title='bbox 3684 3780 3873 3841; x_wconf 81' lang='lat' dir='ltr'>instabili</span> 
     </span>
    </p>
   </div>
   <div class='ocr_carea' id='block_1_101' title="bbox 2292 3870 3870 3950">
    <p class='ocr_par' dir='ltr' id='par_1_101' title="bbox 2292 3870 3870 3950">
     <span class='ocr_line' id='line_1_101' title="bbox 2292 3870 3870 3950; baseline -0.008 -14"><span class='ocrx_word' id='word_1_707' title='bbox 2292 3883 2423 3936; x_wconf 83' lang='lat' dir='ltr'>luce</span> <span class='ocrx_word' id='word_1_708' title='bbox 2454 3882 2527 3934; x_wconf 91' lang='lat' dir='ltr'>ad</span> <span class='ocrx_word' id='word_1_709' title='bbox 2555 3880 2871 3949; x_wconf 87' lang='lat' dir='ltr'>Christum,</span> <span class='ocrx_word' id='word_1_710' title='bbox 2898 3880 3001 3950; x_wconf 90' lang='lat' dir='ltr'>qui</span> <span class='ocrx_word' id='word_1_711' title='bbox 3031 3895 3172 3934; x_wconf 87' lang='lat' dir='ltr'>vera</span> <span class='ocrx_word' id='word_1_712' title='bbox 3193 3883 3249 3934; x_wconf 91' lang='lat' dir='ltr'>et</span> <span class='ocrx_word' id='word_1_713' title='bbox 3268 3885 3492 3935; x_wconf 64' lang='lat' dir='ltr'>interna</span> <span class='ocrx_word' id='word_1_714' title='bbox 3516 3880 3614 3933; x_wconf 79' lang='lat' dir='ltr'>lux</span> <span class='ocrx_word' id='word_1_715' title='bbox 3642 3870 3870 3942; x_wconf 71' lang='lat' dir='ltr'>est,cmlo-</span> 
     </span>
    </p>
   </div>
   <div class='ocr_carea' id='block_1_102' title="bbox 2291 3960 3872 4039">
    <p class='ocr_par' dir='ltr' id='par_1_102' title="bbox 2291 3960 3872 4039">
     <span class='ocr_line' id='line_1_102' title="bbox 2291 3960 3872 4039; baseline -0.008 -15"><span class='ocrx_word' id='word_1_716' title='bbox 2291 3986 2420 4025; x_wconf 90' lang='lat' dir='ltr'>rum</span> <span class='ocrx_word' id='word_1_717' title='bbox 2434 3969 2769 4023; x_wconf 88' lang='lat' dir='ltr'>laetantibus</span> <span class='ocrx_word' id='word_1_718' title='bbox 2784 3969 3332 4039; x_wconf 89' lang='lat' dir='ltr'>civibus,angelicis</span> <span class='ocrx_word' id='word_1_719' title='bbox 3347 3969 3661 4023; x_wconf 88' lang='lat' dir='ltr'>subvectus</span> <span class='ocrx_word' id='word_1_720' title='bbox 3673 3960 3872 4018; x_wconf 84' lang='lat' dir='ltr'>manibus</span> 
     </span>
    </p>
   </div>
   <div class='ocr_carea' id='block_1_103' title="bbox 2293 4045 3873 4129">
    <p class='ocr_par' dir='ltr' id='par_1_103' title="bbox 2293 4045 3873 4129">
     <span class='ocr_line' id='line_1_103' title="bbox 2293 4045 3873 4129; baseline -0.009 -16"><span class='ocrx_word' id='word_1_721' title='bbox 2293 4058 2703 4129; x_wconf 90' lang='lat' dir='ltr'>commigravit</span> <span class='ocrx_word' id='word_1_722' title='bbox 2732 4056 2865 4126; x_wconf 79' lang='grc'>(64).</span> <span class='ocrx_word' id='word_1_723' title='bbox 2902 4056 2973 4110; x_wconf 91' lang='lat' dir='ltr'>Et</span> <span class='ocrx_word' id='word_1_724' title='bbox 3017 4057 3101 4110; x_wconf 91' lang='lat' dir='ltr'>illi</span> <span class='ocrx_word' id='word_1_725' title='bbox 3130 4057 3369 4128; x_wconf 89' lang='lat' dir='ltr'>quidem</span> <span class='ocrx_word' id='word_1_726' title='bbox 3418 4056 3712 4127; x_wconf 89' lang='lat' dir='ltr'>paradisus</span> <span class='ocrx_word' id='word_1_727' title='bbox 3748 4045 3873 4119; x_wconf 78' lang='lat' dir='ltr'>patuit</span> 
     </span>
    </p>
   </div>
   <div class='ocr_carea' id='block_1_104' title="bbox 2296 4135 3927 4229">
    <p class='ocr_par' dir='ltr' id='par_1_104' title="bbox 2296 4135 3927 4214">
     <span class='ocr_line' id='line_1_104' title="bbox 2296 4135 3927 4214; baseline -0.009 -13"><span class='ocrx_word' id='word_1_728' title='bbox 2296 4150 2636 4201; x_wconf 90' lang='lat' dir='ltr'>sanctorum</span> <span class='ocrx_word' id='word_1_729' title='bbox 2666 4147 2900 4214; x_wconf 89' lang='lat' dir='ltr'>recepto</span> <span class='ocrx_word' id='word_1_730' title='bbox 2932 4145 3254 4200; x_wconf 88' lang='lat' dir='ltr'>consortio.</span> <span class='ocrx_word' id='word_1_731' title='bbox 3292 4146 3413 4200; x_wconf 91' lang='lat' dir='ltr'>Sed</span> <span class='ocrx_word' id='word_1_732' title='bbox 3456 4144 3648 4199; x_wconf 82' lang='lat' dir='ltr'>infelix</span> <span class='ocrx_word' id='word_1_733' title='bbox 3691 4135 3877 4194; x_wconf 79' lang='lat' dir='ltr'>mundus</span> <span class='ocrx_word' id='word_1_734' title='bbox 3926 4140 3927 4145; x_wconf 80' lang='lat'>‘</span> 
     </span>
    </p>
   </div>
   <div class='ocr_carea' id='block_1_105' title="bbox 2296 4226 3875 4306">
    <p class='ocr_par' dir='ltr' id='par_1_105' title="bbox 2296 4226 3875 4306">
     <span class='ocr_line' id='line_1_105' title="bbox 2296 4226 3875 4306; baseline -0.009 -16"><span class='ocrx_word' id='word_1_735' title='bbox 2296 4236 2395 4306; x_wconf 93' lang='lat' dir='ltr'>qui</span> <span class='ocrx_word' id='word_1_736' title='bbox 2426 4235 2600 4289; x_wconf 90' lang='lat' dir='ltr'>talem</span> <span class='ocrx_word' id='word_1_737' title='bbox 2629 4234 2963 4303; x_wconf 89' lang='lat' dir='ltr'>pontiﬁcem</span> <span class='ocrx_word' id='word_1_738' title='bbox 2997 4234 3096 4287; x_wconf 90' lang='lat' dir='ltr'>diu</span> <span class='ocrx_word' id='word_1_739' title='bbox 3126 4233 3350 4289; x_wconf 91' lang='lat' dir='ltr'>habere</span> <span class='ocrx_word' id='word_1_740' title='bbox 3372 4250 3489 4288; x_wconf 90' lang='lat' dir='ltr'>non</span> <span class='ocrx_word' id='word_1_741' title='bbox 3519 4230 3726 4286; x_wconf 89' lang='lat' dir='ltr'>meruit.</span> <span class='ocrx_word' id='word_1_742' title='bbox 3745 4226 3875 4291; x_wconf 78' lang='lat' dir='ltr'>Cujus</span> 
     </span>
    </p>
   </div>
   <div class='ocr_carea' id='block_1_106' title="bbox 2294 4311 3925 4394">
    <p class='ocr_par' dir='ltr' id='par_1_106' title="bbox 2294 4311 3925 4394">
     <span class='ocr_line' id='line_1_106' title="bbox 2294 4311 3925 4394; baseline -0.01 -17"><span class='ocrx_word' id='word_1_743' title='bbox 2294 4325 2433 4394; x_wconf 89' lang='lat' dir='ltr'>post</span> <span class='ocrx_word' id='word_1_744' title='bbox 2464 4323 2685 4377; x_wconf 91' lang='lat' dir='ltr'>obitum</span> <span class='ocrx_word' id='word_1_745' title='bbox 2716 4322 2894 4375; x_wconf 87' lang='lat' dir='ltr'>multa</span> <span class='ocrx_word' id='word_1_746' title='bbox 2925 4326 2981 4376; x_wconf 90' lang='lat' dir='ltr'>et</span> <span class='ocrx_word' id='word_1_747' title='bbox 3010 4338 3222 4393; x_wconf 88' lang='lat' dir='ltr'>magna</span> <span class='ocrx_word' id='word_1_748' title='bbox 3252 4323 3325 4376; x_wconf 88' lang='lat' dir='ltr'>ad</span> <span class='ocrx_word' id='word_1_749' title='bbox 3348 4321 3484 4393; x_wconf 89' lang='lat' dir='ltr'>ejus</span> <span class='ocrx_word' id='word_1_750' title='bbox 3499 4318 3755 4375; x_wconf 88' lang='lat' dir='ltr'>tumulum</span> <span class='ocrx_word' id='word_1_751' title='bbox 3768 4311 3879 4365; x_wconf 85' lang='lat' dir='ltr'>aliis-</span> <span class='ocrx_word' id='word_1_752' title='bbox 3924 4376 3925 4379; x_wconf 17' lang='grc' dir='ltr'><strong>η</strong></span> 
     </span>
    </p>
   </div>
   <div class='ocr_carea' id='block_1_107' title="bbox 2298 4396 3925 4513">
    <p class='ocr_par' dir='ltr' id='par_1_107' title="bbox 2298 4396 3925 4513">
     <span class='ocr_line' id='line_1_107' title="bbox 2298 4396 3925 4513; baseline -0.007 -48"><span class='ocrx_word' id='word_1_753' title='bbox 2298 4427 2413 4483; x_wconf 90' lang='lat' dir='ltr'>que</span> <span class='ocrx_word' id='word_1_754' title='bbox 2444 4412 2504 4465; x_wconf 92' lang='lat' dir='ltr'>in</span> <span class='ocrx_word' id='word_1_755' title='bbox 2533 4411 2681 4465; x_wconf 89' lang='lat' dir='ltr'>locis</span> <span class='ocrx_word' id='word_1_756' title='bbox 2728 4425 2835 4480; x_wconf 88' lang='lat' dir='ltr'>per</span> <span class='ocrx_word' id='word_1_757' title='bbox 2880 4425 3014 4464; x_wconf 89' lang='lat' dir='ltr'>eum</span> <span class='ocrx_word' id='word_1_758' title='bbox 3060 4411 3309 4464; x_wconf 90' lang='lat' dir='ltr'>Domino</span> <span class='ocrx_word' id='word_1_759' title='bbox 3360 4411 3641 4463; x_wconf 88' lang='lat' dir='ltr'>tribuente</span> <span class='ocrx_word' id='word_1_760' title='bbox 3684 4404 3878 4457; x_wconf 61' lang='lat' dir='ltr'>clarum“</span> 
     </span>
     <span class='ocr_line' id='line_1_108' title="bbox 2361 4490 3875 4513; baseline 0.001 -2"><span class='ocrx_word' id='word_1_761' title='bbox 2361 4500 2371 4511; x_wconf 79' lang='grc' dir='ltr'><strong><em>ο</em></strong></span> <span class='ocrx_word' id='word_1_762' title='bbox 2523 4499 2538 4513; x_wconf 67' lang='lat'>1</span> <span class='ocrx_word' id='word_1_763' title='bbox 2605 4497 2706 4513; x_wconf 67' lang='grc' dir='ltr'>ιηνὶ</span> <span class='ocrx_word' id='word_1_764' title='bbox 2766 4498 2812 4513; x_wconf 66' lang='grc' dir='ltr'>Π</span> <span class='ocrx_word' id='word_1_765' title='bbox 2919 4498 2951 4513; x_wconf 76' lang='grc' dir='ltr'>οι</span> <span class='ocrx_word' id='word_1_766' title='bbox 3173 4499 3183 4509; x_wconf 81' lang='grc' dir='ltr'>ι</span> <span class='ocrx_word' id='word_1_767' title='bbox 3267 4499 3277 4509; x_wconf 83' lang='grc' dir='ltr'>ι</span> <span class='ocrx_word' id='word_1_768' title='bbox 3440 4502 3449 4513; x_wconf 79' lang='grc' dir='ltr'><strong><em>ι</em></strong></span> <span class='ocrx_word' id='word_1_769' title='bbox 3531 4496 3563 4513; x_wconf 34' lang='grc' dir='ltr'>ογ</span> <span class='ocrx_word' id='word_1_770' title='bbox 3613 4490 3875 4513; x_wconf 34' lang='grc' dir='ltr'>1μ--ι-..ιηηι</span> 
     </span>
    </p>
   </div>
   <div class='ocr_carea' id='block_1_108' title="bbox 2296 4490 3878 4568">
    <p class='ocr_par' dir='ltr' id='par_1_108' title="bbox 2296 4490 3878 4568">
     <span class='ocr_line' id='line_1_109' title="bbox 2296 4490 3878 4568; baseline -0.007 -14"><span class='ocrx_word' id='word_1_771' title='bbox 2296 4499 2579 4553; x_wconf 89' lang='lat' dir='ltr'>miracula</span> <span class='ocrx_word' id='word_1_772' title='bbox 2600 4497 2731 4567; x_wconf 87' lang='lat'>(65).</span> <span class='ocrx_word' id='word_1_773' title='bbox 2766 4498 2814 4550; x_wconf 93' lang='lat' dir='ltr'><strong>E</strong></span> <span class='ocrx_word' id='word_1_774' title='bbox 2834 4498 3050 4568; x_wconf 91' lang='lat' dir='ltr'>quibus</span> <span class='ocrx_word' id='word_1_775' title='bbox 3073 4499 3316 4553; x_wconf 90' lang='lat' dir='ltr'>omissis</span> <span class='ocrx_word' id='word_1_776' title='bbox 3346 4496 3577 4553; x_wconf 87' lang='lat' dir='ltr'>caeteris</span> <span class='ocrx_word' id='word_1_777' title='bbox 3599 4495 3699 4549; x_wconf 92' lang='lat' dir='ltr'>duo</span> <span class='ocrx_word' id='word_1_778' title='bbox 3719 4490 3878 4544; x_wconf 78' lang='lat' dir='ltr'>tantum</span> 
     </span>
    </p>
   </div>
   <div class='ocr_carea' id='block_1_109' title="bbox 2299 4585 3880 4674">
    <p class='ocr_par' dir='ltr' id='par_1_109' title="bbox 2299 4585 3880 4674">
     <span class='ocr_line' id='line_1_110' title="bbox 2299 4585 3880 4674; baseline -0.006 -15"><span class='ocrx_word' id='word_1_779' title='bbox 2299 4605 2510 4660; x_wconf 90' lang='lat' dir='ltr'>deinde</span> <span class='ocrx_word' id='word_1_780' title='bbox 2541 4603 3003 4672; x_wconf 88' lang='lat' dir='ltr'>conspiciantur,</span> <span class='ocrx_word' id='word_1_781' title='bbox 3039 4618 3368 4674; x_wconf 91' lang='lat' dir='ltr'>verumque</span> <span class='ocrx_word' id='word_1_782' title='bbox 3414 4601 3761 4674; x_wconf 79' lang='lat' dir='ltr'>experiantur</span> <span class='ocrx_word' id='word_1_783' title='bbox 3782 4585 3880 4674; x_wconf 74' lang='lat' dir='ltr'>illud</span> 
     </span>
    </p>
   </div>
   <div class='ocr_carea' id='block_1_110' title="bbox 2300 4664 3877 4748">
    <p class='ocr_par' dir='ltr' id='par_1_110' title="bbox 2300 4664 3877 4748">
     <span class='ocr_line' id='line_1_111' title="bbox 2300 4664 3877 4748; baseline -0.008 -18"><span class='ocrx_word' id='word_1_784' title='bbox 2300 4677 2518 4730; x_wconf 90' lang='lat' dir='ltr'>dictum</span> <span class='ocrx_word' id='word_1_785' title='bbox 2551 4664 2789 4748; x_wconf 66' lang='lat' dir='ltr'>:Iloino</span> <span class='ocrx_word' id='word_1_786' title='bbox 2821 4690 2929 4743; x_wconf 90' lang='lat' dir='ltr'>per</span> <span class='ocrx_word' id='word_1_787' title='bbox 2961 4664 3440 4748; x_wconf 56' lang='lat' dir='ltr'>eaquaepéecat,</span> <span class='ocrx_word' id='word_1_788' title='bbox 3474 4664 3574 4742; x_wconf 77' lang='lat' dir='ltr'>per</span> <span class='ocrx_word' id='word_1_789' title='bbox 3598 4669 3771 4748; x_wconf 73' lang='lat' dir='ltr'>eadem</span> <span class='ocrx_word' id='word_1_790' title='bbox 3790 4664 3877 4748; x_wconf 54' lang='lat' dir='ltr'>tat:</span> 
     </span>
    </p>
   </div>
   <div class='ocr_carea' id='block_1_111' title="bbox 2345 4742 3923 4815">
    <p class='ocr_par' dir='ltr' id='par_1_111' title="bbox 2345 4742 3923 4815">
     <span class='ocr_line' id='line_1_112' title="bbox 2345 4742 3923 4815; baseline -0.01 -14"><span class='ocrx_word' id='word_1_791' title='bbox 2345 4753 2534 4801; x_wconf 90' lang='lat' dir='ltr'>uetur.</span> <span class='ocrx_word' id='word_1_792' title='bbox 2568 4746 2614 4800; x_wconf 91' lang='grc' dir='ltr'>Ο</span> <span class='ocrx_word' id='word_1_793' title='bbox 2644 4742 3129 4815; x_wconf 29' lang='lat' dir='ltr'>quam’terribilis</span> <span class='ocrx_word' id='word_1_794' title='bbox 3175 4742 3335 4799; x_wconf 85' lang='lat' dir='ltr'>Deus</span> <span class='ocrx_word' id='word_1_795' title='bbox 3385 4747 3445 4799; x_wconf 90' lang='lat' dir='ltr'>in</span> <span class='ocrx_word' id='word_1_796' title='bbox 3491 4742 3732 4797; x_wconf 88' lang='lat' dir='ltr'>consiliis</span> <span class='ocrx_word' id='word_1_797' title='bbox 3750 4742 3878 4798; x_wconf 68' lang='lat' dir='ltr'>super</span> <span class='ocrx_word' id='word_1_798' title='bbox 3922 4776 3923 4815; x_wconf 28' lang='grc' dir='ltr'><em>ξ</em></span> 
     </span>
    </p>
   </div>
   <div class='ocr_carea' id='block_1_112' title="bbox 2301 4764 3923 4879">
    <p class='ocr_par' dir='ltr' id='par_1_112' title="bbox 2301 4764 3923 4879">
     <span class='ocr_line' id='line_1_113' title="bbox 2345 4764 3923 4815; baseline -0.01 -14"><span class='ocrx_word' id='word_1_799' title='bbox 2345 4764 2534 4801; x_wconf 81' lang='lat' dir='ltr'>uelur.</span> <span class='ocrx_word' id='word_1_800' title='bbox 2568 4764 2614 4800; x_wconf 94' lang='lat' dir='ltr'>U</span> <span class='ocrx_word' id='word_1_801' title='bbox 2644 4764 2817 4815; x_wconf 88' lang='lat' dir='ltr'>quam</span> <span class='ocrx_word' id='word_1_802' title='bbox 2847 4764 3129 4799; x_wconf 71' lang='lat' dir='ltr'>terrinuis</span> <span class='ocrx_word' id='word_1_803' title='bbox 3175 4764 3335 4799; x_wconf 86' lang='lat' dir='ltr'>ueus</span> <span class='ocrx_word' id='word_1_804' title='bbox 3385 4764 3445 4799; x_wconf 80' lang='lat' dir='ltr'>in</span> <span class='ocrx_word' id='word_1_805' title='bbox 3491 4764 3732 4797; x_wconf 74' lang='lat' dir='ltr'>cousuus</span> <span class='ocrx_word' id='word_1_806' title='bbox 3750 4764 3872 4798; x_wconf 73' lang='grc' dir='ltr'>δυγω</span> <span class='ocrx_word' id='word_1_807' title='bbox 3922 4776 3923 4797; x_wconf 42' lang='grc' dir='ltr'><strong>η</strong></span> 
     </span>
     <span class='ocr_line' id='line_1_114' title="bbox 2301 4764 3923 4879; baseline -0.006 -8"><span class='ocrx_word' id='word_1_808' title='bbox 2301 4764 2813 4871; x_wconf 55' lang='lat' dir='ltr'>glioshominuml</span> <span class='ocrx_word' id='word_1_809' title='bbox 3426 4858 3433 4865; x_wconf 95' lang='lat'>.</span> <span class='ocrx_word' id='word_1_810' title='bbox 3801 4870 3831 4879; x_wconf 40' lang='lat' dir='ltr'>ﬁ</span> <span class='ocrx_word' id='word_1_811' title='bbox 3922 4804 3923 4879; x_wconf 56' lang='lat' dir='ltr'>l</span> 
     </span>
    </p>
   </div>
   <div class='ocr_carea' id='block_1_113' title="bbox 2374 4870 3880 4958">
    <p class='ocr_par' dir='ltr' id='par_1_113' title="bbox 2374 4870 3880 4958">
     <span class='ocr_line' id='line_1_115' title="bbox 2374 4870 3880 4958; baseline -0.004 -17"><span class='ocrx_word' id='word_1_812' title='bbox 2374 4870 2485 4957; x_wconf 76' lang='grc'>(64)</span> <span class='ocrx_word' id='word_1_813' title='bbox 2514 4888 2668 4941; x_wconf 87' lang='lat' dir='ltr'>Obiit</span> <span class='ocrx_word' id='word_1_814' title='bbox 2697 4886 2755 4958; x_wconf 89' lang='lat' dir='ltr'>S.</span> <span class='ocrx_word' id='word_1_815' title='bbox 2790 4885 2922 4958; x_wconf 8' lang='lat' dir='ltr'>Leo,</span> <span class='ocrx_word' id='word_1_816' title='bbox 2949 4900 3140 4958; x_wconf 83' lang='lat' dir='ltr'>nonus</span> <span class='ocrx_word' id='word_1_817' title='bbox 3172 4886 3434 4958; x_wconf 78' lang='lat' dir='ltr'>pontifex</span> <span class='ocrx_word' id='word_1_818' title='bbox 3478 4883 3621 4958; x_wconf 79' lang='lat' dir='ltr'>Max.</span> 
     </span>
    </p>
   </div>
   <div class='ocr_carea' id='block_1_114' title="bbox 2310 4942 3881 5025">
    <p class='ocr_par' dir='ltr' id='par_1_114' title="bbox 2310 4942 3881 5025">
     <span class='ocr_line' id='line_1_116' title="bbox 2310 4942 3881 5025; baseline -0.008 -13"><span class='ocrx_word' id='word_1_819' title='bbox 2310 4942 2639 5017; x_wconf 59' lang='lat' dir='ltr'>mini’iost.</span> <span class='ocrx_word' id='word_1_820' title='bbox 2675 4957 2768 5010; x_wconf 92' lang='lat' dir='ltr'>die</span> <span class='ocrx_word' id='word_1_821' title='bbox 2800 4955 2866 5009; x_wconf 76' lang='lat'>19</span> <span class='ocrx_word' id='word_1_822' title='bbox 2898 4957 3139 5025; x_wconf 85' lang='lat' dir='ltr'>Aprilis,</span> <span class='ocrx_word' id='word_1_823' title='bbox 3175 4942 3334 5009; x_wconf 54' lang='lat' dir='ltr'>&#39;feria</span> <span class='ocrx_word' id='word_1_824' title='bbox 3376 4956 3562 5020; x_wconf 90' lang='lat' dir='ltr'>tertia,</span> <span class='ocrx_word' id='word_1_825' title='bbox 3609 4949 3746 5025; x_wconf 80' lang='lat' dir='ltr'>etin</span> <span class='ocrx_word' id='word_1_826' title='bbox 3772 4942 3881 5025; x_wconf 47' lang='lat' dir='ltr'>Mar;</span> 
     </span>
    </p>
   </div>
   <div class='ocr_carea' id='block_1_115' title="bbox 2308 5012 3921 5101">
    <p class='ocr_par' dir='ltr' id='par_1_115' title="bbox 2308 5012 3921 5101">
     <span class='ocr_line' id='line_1_117' title="bbox 2308 5012 3921 5101; baseline -0.007 -17"><span class='ocrx_word' id='word_1_827' title='bbox 2308 5030 2484 5100; x_wconf 80' lang='lat' dir='ltr'>tyrol.</span> <span class='ocrx_word' id='word_1_828' title='bbox 2520 5012 2686 5082; x_wconf 76' lang='lat' dir='ltr'>Hom.</span> <span class='ocrx_word' id='word_1_829' title='bbox 2720 5029 2871 5080; x_wconf 89' lang='lat' dir='ltr'>inter</span> <span class='ocrx_word' id='word_1_830' title='bbox 2891 5012 3509 5101; x_wconf 55' lang='lat' dir='ltr'>sanctos&#39;adscriptus,</span> <span class='ocrx_word' id='word_1_831' title='bbox 3528 5012 3647 5101; x_wconf 79' lang='lat' dir='ltr'>eum</span> <span class='ocrx_word' id='word_1_832' title='bbox 3664 5012 3881 5101; x_wconf 51' lang='lat' dir='ltr'>ten9i§§ff</span> <span class='ocrx_word' id='word_1_833' title='bbox 3920 5064 3921 5101; x_wconf 19' lang='grc' dir='ltr'>ᾗ</span> 
     </span>
    </p>
   </div>
   <div class='ocr_carea' id='block_1_116' title="bbox 2307 5082 3921 5171">
    <p class='ocr_par' dir='ltr' id='par_1_116' title="bbox 2307 5082 3921 5171">
     <span class='ocr_line' id='line_1_118' title="bbox 2307 5082 3921 5171; baseline -0.015 -16"><span class='ocrx_word' id='word_1_834' title='bbox 2307 5082 2707 5171; x_wconf 60' lang='lat' dir='ltr'>pontiﬁcatum</span> <span class='ocrx_word' id='word_1_835' title='bbox 2736 5114 2923 5151; x_wconf 90' lang='lat' dir='ltr'>annos</span> <span class='ocrx_word' id='word_1_836' title='bbox 2955 5099 3231 5168; x_wconf 86' lang='lat' dir='ltr'>quinque,</span> <span class='ocrx_word' id='word_1_837' title='bbox 3269 5082 3509 5151; x_wconf 69' lang='lat' dir='ltr'>menses</span> <span class='ocrx_word' id='word_1_838' title='bbox 3543 5094 3697 5155; x_wconf 89' lang='lat' dir='ltr'>duos,</span> <span class='ocrx_word' id='word_1_839' title='bbox 3724 5090 3770 5140; x_wconf 89' lang='lat' dir='ltr'>et</span> <span class='ocrx_word' id='word_1_840' title='bbox 3792 5082 3879 5135; x_wconf 70' lang='lat' dir='ltr'>dies</span> 
     </span>
    </p>
   </div>
   <div class='ocr_carea' id='block_1_117' title="bbox 2308 5175 3876 5310">
    <p class='ocr_par' dir='ltr' id='par_1_117' title="bbox 2308 5175 3876 5310">
     <span class='ocr_line' id='line_1_119' title="bbox 2308 5175 3876 5310; baseline -0.011 -14"><span class='ocrx_word' id='word_1_841' title='bbox 2308 5175 2491 5310; x_wconf 50' lang='lat'>00:85)</span> <span class='ocrx_word' id='word_1_842' title='bbox 2522 5241 2603 5294; x_wconf 88' lang='lat' dir='ltr'>De</span> <span class='ocrx_word' id='word_1_843' title='bbox 2636 5239 2933 5292; x_wconf 89' lang='lat' dir='ltr'>miraculis</span> <span class='ocrx_word' id='word_1_844' title='bbox 2955 5239 3142 5310; x_wconf 84' lang='lat' dir='ltr'>sancti</span> <span class='ocrx_word' id='word_1_845' title='bbox 3166 5238 3520 5310; x_wconf 79' lang='lat' dir='ltr'>Leonistam</span> <span class='ocrx_word' id='word_1_846' title='bbox 3550 5235 3605 5286; x_wconf 90' lang='lat' dir='ltr'>in</span> <span class='ocrx_word' id='word_1_847' title='bbox 3627 5230 3876 5310; x_wconf 39' lang='lat' dir='ltr'>vitaque?</span> 
     </span>
    </p>
   </div>
   <div class='ocr_carea' id='block_1_118' title="bbox 2308 5302 3919 5380">
    <p class='ocr_par' dir='ltr' id='par_1_118' title="bbox 2308 5302 3919 5380">
     <span class='ocr_line' id='line_1_120' title="bbox 2308 5302 3919 5380; baseline -0.012 -14"><span class='ocrx_word' id='word_1_848' title='bbox 2308 5313 2366 5366; x_wconf 92' lang='lat' dir='ltr'>in</span> <span class='ocrx_word' id='word_1_849' title='bbox 2390 5302 2576 5366; x_wconf 79' lang='lat' dir='ltr'>morte</span> <span class='ocrx_word' id='word_1_850' title='bbox 2596 5309 3019 5380; x_wconf 15' lang='lat' dir='ltr'>patratis,ivide</span> <span class='ocrx_word' id='word_1_851' title='bbox 3041 5309 3099 5363; x_wconf 92' lang='lat' dir='ltr'>S.</span> <span class='ocrx_word' id='word_1_852' title='bbox 3128 5309 3303 5361; x_wconf 86' lang='lat' dir='ltr'>Brun.</span> <span class='ocrx_word' id='word_1_853' title='bbox 3334 5308 3591 5380; x_wconf 76' lang='lat' dir='ltr'>Siguien.</span> <span class='ocrx_word' id='word_1_854' title='bbox 3616 5302 3878 5380; x_wconf 52' lang='lat' dir='ltr'>episcoqu</span> <span class='ocrx_word' id='word_1_855' title='bbox 3918 5374 3919 5377; x_wconf 10' lang='grc' dir='ltr'><strong>η</strong></span> 
     </span>
    </p>
   </div>
   <div class='ocr_carea' id='block_1_119' title="bbox 2306 5370 3919 5445">
    <p class='ocr_par' dir='ltr' id='par_1_119' title="bbox 2306 5370 3919 5445">
     <span class='ocr_line' id='line_1_121' title="bbox 2306 5370 3919 5445; baseline -0.009 -9"><span class='ocrx_word' id='word_1_856' title='bbox 2306 5385 2367 5436; x_wconf 88' lang='lat' dir='ltr'>in</span> <span class='ocrx_word' id='word_1_857' title='bbox 2395 5384 2524 5436; x_wconf 76' lang='lat' dir='ltr'>Vita</span> <span class='ocrx_word' id='word_1_858' title='bbox 2572 5370 2811 5445; x_wconf 77' lang='lat' dir='ltr'>Leonis;</span> <span class='ocrx_word' id='word_1_859' title='bbox 2848 5370 3197 5434; x_wconf 46' lang='lat' dir='ltr'>&#39;Wibertum</span> <span class='ocrx_word' id='word_1_860' title='bbox 3237 5370 3550 5431; x_wconf 77' lang='lat' dir='ltr'>arebidiac.</span> <span class='ocrx_word' id='word_1_861' title='bbox 3600 5370 3877 5445; x_wconf 50' lang='lat' dir='ltr'>coaetanfy&#39;f</span> <span class='ocrx_word' id='word_1_862' title='bbox 3918 5374 3919 5445; x_wconf 51' lang='grc' dir='ltr'>ξ</span> 
     </span>
    </p>
   </div>
   <div class='ocr_carea' id='block_1_120' title="bbox 2308 5428 3919 5537">
    <p class='ocr_par' dir='ltr' id='par_1_120' title="bbox 2308 5428 3919 5537">
     <span class='ocr_line' id='line_1_122' title="bbox 2308 5428 3919 5537; baseline 0.012 -32"><span class='ocrx_word' id='word_1_863' title='bbox 2308 5454 2473 5537; x_wconf 52' lang='lat' dir='ltr'>dicti“</span> <span class='ocrx_word' id='word_1_864' title='bbox 2478 5453 2715 5518; x_wconf 83' lang='lat' dir='ltr'>Leonis;</span> <span class='ocrx_word' id='word_1_865' title='bbox 2746 5428 3398 5537; x_wconf 47' lang='lat' dir='ltr'>Ostienscmﬂqfilgfojl-</span> <span class='ocrx_word' id='word_1_866' title='bbox 3432 5447 3529 5501; x_wconf 72' lang='lat' dir='ltr'>lib-</span> <span class='ocrx_word' id='word_1_867' title='bbox 3563 5460 3617 5537; x_wconf 55' lang='lat' dir='ltr'>fl;</span> <span class='ocrx_word' id='word_1_868' title='bbox 3648 5428 3878 5537; x_wconf 49' lang='grc' dir='ltr'>Ἔδθξξηὲῗξξ</span> <span class='ocrx_word' id='word_1_869' title='bbox 3918 5442 3919 5537; x_wconf 50' lang='grc' dir='ltr'><strong>ἶ</strong></span> 
     </span>
    </p>
   </div>
   <div class='ocr_carea' id='block_1_121' title="bbox 2304 5506 3919 5613">
    <p class='ocr_par' dir='ltr' id='par_1_121' title="bbox 2304 5506 3919 5613">
     <span class='ocr_line' id='line_1_123' title="bbox 2304 5506 3919 5613; baseline -0.004 -34"><span class='ocrx_word' id='word_1_870' title='bbox 2304 5506 2392 5579; x_wconf 83' lang='lat'>88.</span> <span class='ocrx_word' id='word_1_871' title='bbox 2429 5506 2808 5613; x_wconf 52' lang='lat' dir='ltr'>Daren._a:nn.</span> <span class='ocrx_word' id='word_1_872' title='bbox 2841 5522 3089 5602; x_wconf 39' lang='lat' dir='ltr'>.Domini</span> <span class='ocrx_word' id='word_1_873' title='bbox 3138 5519 3269 5575; x_wconf 71' lang='lat'>1049</span> <span class='ocrx_word' id='word_1_874' title='bbox 3300 5506 3877 5613; x_wconf 34' lang='lat' dir='ltr'>etheq‘.M9;ui;f3£‘:gf</span> 
     </span>
    </p>
   </div>
   <div class='ocr_carea' id='block_1_122' title="bbox 2307 5577 3876 5664">
    <p class='ocr_par' dir='ltr' id='par_1_122' title="bbox 2307 5577 3876 5664">
     <span class='ocr_line' id='line_1_124' title="bbox 2307 5577 3876 5664; baseline -0.01 -18"><span class='ocrx_word' id='word_1_875' title='bbox 2307 5577 2588 5664; x_wconf 53' lang='lat' dir='ltr'>pontifcs,</span> <span class='ocrx_word' id='word_1_876' title='bbox 2646 5596 2794 5646; x_wconf 89' lang='lat' dir='ltr'>inter</span> <span class='ocrx_word' id='word_1_877' title='bbox 2840 5593 3145 5646; x_wconf 90' lang='lat' dir='ltr'>innumera</span> <span class='ocrx_word' id='word_1_878' title='bbox 3188 5606 3312 5646; x_wconf 66' lang='lat' dir='ltr'>suae</span> <span class='ocrx_word' id='word_1_879' title='bbox 3358 5577 3626 5664; x_wconf 76' lang='lat' dir='ltr'>bonitatis</span> 
     </span>
    </p>
   </div>
   <div class='ocr_carea' id='block_1_123' title="bbox 2312 5643 3875 5737">
    <p class='ocr_par' dir='ltr' id='par_1_123' title="bbox 2312 5643 3875 5737">
     <span class='ocr_line' id='line_1_125' title="bbox 2312 5643 3875 5737; baseline -0.013 -18"><span class='ocrx_word' id='word_1_880' title='bbox 2312 5643 2588 5737; x_wconf 37' lang='lat' dir='ltr'>audiuit?</span> <span class='ocrx_word' id='word_1_881' title='bbox 2606 5643 2807 5721; x_wconf 61' lang='lat' dir='ltr'>Romae</span> <span class='ocrx_word' id='word_1_882' title='bbox 2830 5643 3159 5719; x_wconf 68' lang='lat' dir='ltr'>remoratus</span> <span class='ocrx_word' id='word_1_883' title='bbox 3184 5643 3303 5734; x_wconf 70' lang='lat' dir='ltr'>est,</span> <span class='ocrx_word' id='word_1_884' title='bbox 3316 5659 3475 5717; x_wconf 90' lang='lat' dir='ltr'>omni</span> <span class='ocrx_word' id='word_1_885' title='bbox 3493 5660 3729 5725; x_wconf 85' lang='lat' dir='ltr'>tempore</span> <span class='ocrx_word' id='word_1_886' title='bbox 3742 5643 3875 5700; x_wconf 61' lang='lat' dir='ltr'>tribus</span> 
     </span>
    </p>
   </div>
  </div>
