3926 6146
131 248 253 312 1009

1357 249 1719 322 DIALOGI.
1760 292 1839 307 —
1886 256 2043 325 LIB.
2105 266 2197 327 ΙΙΙ

3342 286 3496 351 1010

127 448 141 515 (
164 443 273 515 quia
297 442 362 497 ad
387 442 621 498 aliorum
644 446 817 516 gesta
845 448 1137 502 narranda
1167 448 1384 505 festino
1410 450 1430 521 )
1462 453 1728 515 adiﬁcav
1760 442 1814 503 λ
1845 462 2122 530 quentem
2146 447 2462 523 adducunt.
2485 469 2828 542 Regressus
2845 476 3025 547 igitur
3045 480 3363 552 episcopus
3381 483 3500 540 Ro-

124 532 265 587 tionis
286 531 454 602 gratia
474 531 605 585 huic
632 532 832 588 libello
869 535 1237 591 subnectam.

181 620 348 674 Victor
374 636 529 689 papa,
572 621 670 690 qui
700 623 762 676 in
791 625 1080 694 regimine
1113 614 1468 682 sacerdotali
1500 630 1554 683 ei
1595 646 1730 685 suc-

122 712 342 762 cesserat
378 706 481 777 (66)
530 709 707 777 (sicut
748 726 781 764 a
812 713 1095 768 veridicis
1134 715 1282 769 viris
1335 718 1508 771 nobis
1546 718 1725 772 relata

125 801 252 865 sunt)
277 796 454 849 audita
481 795 630 851 fama
660 799 1078 855 miraculorum
1099 802 1255 873 ejus,
1282 806 1439 874 quod
1460 822 1566 874 per
1596 822 1731 860 eum

122 884 356 937 Dominus
368 884 494 937 talia
508 890 876 957 operaretur,
899 890 1073 943 fidem
1090 907 1209 946 non
1228 894 1727 949 accommodabat.

121 970 208 1024 Sed
236 973 370 1041 quia,
402 976 459 1027 ut
484 974 563 1027 ait
582 975 907 1045 Apostolus
944 994 956 1032 :
981 979 1229 1050 Linguae
1258 982 1321 1034 in
1339 982 1572 1053 signum
1594 987 1733 1037 sunt

121 1076 208 1114 non
233 1059 484 1116 ﬁdelibus
512 1063 623 1121 sed
642 1064 991 1122 inﬁdelibus
1019 1067 1077 1137 (Ι
1097 1068 1229 1123 Cor.
1278 1074 1418 1139 XIV),
1452 1072 1732 1141 Omnipo—

116 1151 218 1201 tens
244 1148 505 1203 Dominus
536 1153 938 1221 experimento
957 1171 1089 1210 eum
1113 1158 1324 1213 docere
1354 1160 1536 1214 voluit
1566 1176 1726 1230 quae,

118 1236 273 1290 audita
299 1253 326 1289 a
354 1237 639 1309 pluribus,
676 1242 913 1297 minime
945 1240 1188 1299 credere
1214 1247 1464 1301 volebat.

174 1324 447 1379 Curiensis
478 1328 714 1397 quidam
765 1331 1082 1402 episcOpus
1133 1332 1246 1404 (6'7)
1299 1335 1474 1406 cujus
1522 1351 1735 1391 nomen

122 1425 147 1465 e
180 1415 426 1468 memoria
478 1416 718 1493 excidit,
780 1435 912 1473 cum
980 1436 1160 1492 supra
1224 1427 1543 1478 memorato
1599 1441 1738 1495 pon-

119 1500 239 1555 tiﬁce
266 1503 486 1558 Victore
537 1520 570 1559 a
600 1505 912 1562 Germania
954 1512 1227 1581 veniens,
1275 1512 1408 1583 ejus
1461 1514 1521 1567 in
1553 1513 1733 1568 obse-

115 1589 222 1658 quio
268 1590 454 1646 Romae
504 1595 895 1661 morabatur;
947 1596 1044 1652 hic
1118 1615 1371 1669 puerum
1426 1601 1499 1655 ab
1566 1605 1733 1657 utero

113 1679 278 1732 matris
345 1684 566 1735 mutum
650 1682 941 1754 habebat,
1014 1702 1188 1757 quem
1254 1705 1361 1757 pro
1457 1691 1736 1745 mercede

113 1767 284 1820 animae
311 1783 429 1823 suae
456 1785 717 1839 pascens
754 1789 823 1827 ac
879 1775 1169 1846 vestiens,
1201 1792 1556 1849 quocunque
1616 1778 1737 1833 ibat

111 1869 276 1908 secum
298 1855 500 1912 ducere
536 1867 950 1933 consueverat,
992 1864 1053 1918 in
1086 1863 1262 1934 cujus
1284 1882 1474 1921 vacuo
1506 1882 1608 1921 ore
1625 1882 1736 1921 nec

109 1943 345 1999 indicium
369 1946 602 2016 quidem
620 1949 841 2021 linguas
861 1951 1062 2007 inesse
1081 1953 1408 2009 videbatur.
1430 1954 1538 2019 Qui
1560 1955 1735 2010 etiam

109 2032 379 2103 cpiscopus
408 2051 478 2089 ex
522 2038 895 2094 mirabilibus
926 2041 1000 2094 ad
1043 2042 1108 2095 Β.
1161 2043 1380 2097 Leonis
1438 2044 1730 2099 tumulum

110 2123 331 2190 patratis,
362 2124 633 2180 similiter
663 2133 721 2181 ut
743 2144 912 2197 papa,
942 2122 1315 2186 incredulum
1345 2132 1601 2186 animum
1623 2148 1735 2204 ge-

108 2209 257 2263 rebat.
288 2210 420 2265 Cum
449 2214 636 2285 igitur
666 2217 916 2285 quadam
948 2219 1039 2272 die
1062 2219 1133 2272 ad
1155 2221 1357 2274 sedem
1384 2221 1478 2275 sui
1505 2223 1736 2290 episco-

107 2300 265 2366 patus,
305 2299 422 2369 jam
469 2308 711 2373 accepta
769 2305 1026 2376 licentia,
1061 2310 1281 2362 reverti
1340 2310 1733 2377 decrevisset,

110 2385 374 2441 ecclesiam
405 2389 469 2443 B.
501 2392 669 2445 Petri
692 2394 947 2462 apostoli
976 2397 1261 2451 orationis
1292 2399 1480 2468 gratia
1512 2398 1741 2475 ingres-

108 2487 211 2541 sus,
240 2481 537 2548 postquam
572 2479 637 2533 B.
674 2480 844 2535 Petro
881 2499 948 2538 se
980 2486 1258 2539 attentius
1309 2487 1738 2540 commendavit

108 2562 209 2614 suis
229 2578 346 2618 cum
375 2567 710 2638 clientibus,
731 2570 901 2639 equis
925 2573 1220 2641 ascensis,
1246 2589 1426 2641 puero
1446 2575 1502 2628 in
1523 2575 1734 2629 eadem

108 2650 319 2706 ecclesia
346 2654 549 2725 oblito,
602 2656 856 2712 festinus
905 2660 1057 2713 viam
1098 2676 1230 2731 quae
1261 2678 1393 2716 eum
1453 2664 1522 2716 ad
1571 2679 1739 2717 suam

109 2737 317 2794 ducebat
338 2744 605 2812 patriam,
640 2761 930 2817 egressus
963 2747 1146 2818 Urbe,
1172 2751 1567 2821 gradiebatur.
1593 2752 1739 2807 Cum

107 2825 265 2897 itaque
291 2830 666 2902 longiuscule
700 2835 893 2888 adhuc
933 2840 1097 2891 esset
1134 2838 1206 2892 ab
1240 2839 1398 2894 Urbe
1432 2840 1737 2909 profectus

107 2921 302 2984 repente
335 2921 387 2973 ei
423 2920 481 2974 in
513 2924 859 2977 memoriam
884 2925 1057 2979 rediit
1074 2928 1230 2996 quod
1248 2931 1467 2982 mutum
1492 2944 1737 2996 puerum

106 3001 150 3055 in
177 3006 408 3061 ecclesia
440 3008 506 3062 Β.
544 3009 701 3064 Petri
750 3013 1113 3082 reliquisset.
1147 3014 1255 3078 Qui
1284 3032 1421 3070 mox
1454 3018 1737 3086 substitit,

107 3105 158 3143 ac
186 3092 414 3150 famulos
468 3114 641 3168 suos,
675 3116 709 3152 a
758 3100 976 3170 quibus
1027 3117 1175 3171 puer
1212 3104 1417 3158 reduci
1475 3106 1735 3173 deberet,

106 3183 352 3249 quosdam
373 3186 627 3241 remisit.
658 3187 844 3259 Igitur
873 3206 1005 3244 cum
1033 3190 1115 3243 illi
1159 3192 1557 3261 apostolorum
1588 3194 1739 3263 prin-

106 3268 226 3338 cipis
252 3272 557 3329 basilicam
572 3278 1075 3349 essentingressi,
1103 3281 1477 3350 conspiciunt
1492 3297 1738 3350 puerum

105 3361 211 3412 ante
239 3364 515 3419 tumulum
555 3365 621 3418 B.
664 3365 886 3420 Leonis
921 3370 1193 3437 stantem,
1250 3372 1422 3439 atque
1456 3385 1588 3423 cum
1643 3369 1738 3423 his

104 3447 184 3514 qui
211 3450 660 3507 circumstabant
687 3454 1044 3524 loquentem.
1092 3457 1215 3510 Illis
1244 3459 1439 3527 itaque
1480 3458 1740 3511 miranti-

106 3531 196 3588 bus
224 3540 274 3590 et
300 3540 551 3610 qualiter
574 3541 686 3595 hoc
703 3542 818 3595 sibi
834 3544 1134 3599 evenisset
1147 3546 1571 3615 quaerentibus,
1588 3562 1740 3615 puer

103 3621 260 3693 inquit
289 3643 299 3681 :
332 3629 654 3700 Postquam
672 3630 947 3685 dominus
968 3648 1137 3686 meus
1153 3633 1343 3687 hacin
1375 3635 1627 3695 ecclesia
1646 3648 1739 3687 me

108 3711 414 3785 relinquens
445 3719 754 3789 discessit,
789 3719 905 3774 huc
934 3721 1008 3774 ad
1041 3721 1381 3791 sepulcrum
1412 3723 1477 3775 Β.
1520 3723 1739 3777 Leonis

108 3814 182 3854 me
206 3805 438 3876 contuli,
470 3806 526 3861 si
561 3807 712 3861 forte
744 3809 1116 3878 omnipotens
1138 3810 1423 3865 Dominus
1456 3811 1737 3881 ofﬁcium,

106 3902 203 3956 quo
230 3895 514 3964 carebam,
568 3896 735 3950 vocis
794 3898 1019 3952 meritis
1061 3898 1193 3968 ejus
1246 3899 1389 3952 mihi
1426 3900 1739 3954 restituere

100 3974 428 4048 dignaretur.
466 3984 593 4038 Nec
627 4000 758 4039 sum
790 4001 941 4055 meo,
976 3987 1133 4057 quod
1166 3987 1343 4042 corde
1394 3988 1735 4058 poscebam,

100 4069 214 4121 voto
242 4070 567 4141 fraudatus,
602 4075 707 4128 sed
738 4090 876 4128 mox
895 4077 958 4128 ut
987 4082 1119 4130 ante
1168 4075 1301 4146 ejus
1345 4076 1741 4131 venerandam

103 4160 407 4214 memoriam
429 4162 769 4232 lacrymans
788 4164 1207 4234 aliquantulum
1221 4168 1552 4235 prostratus
1577 4165 1744 4237 jacui

103 4240 235 4300 illico
265 4254 498 4320 recepta
548 4250 663 4320 (68)
712 4267 860 4306 voce
905 4253 1178 4323 loquens,
1241 4257 1302 4307 ut
1342 4256 1456 4324 ipsi
1501 4255 1736 4323 videtis,

102 4336 324 4391 surrexi.
364 4339 455 4392 Ab
502 4338 599 4393 illa
644 4340 839 4411 itaque
899 4342 1012 4411 die,
1044 4343 1201 4412 quod
1238 4343 1566 4398 mirabilius
1626 4345 1736 4412 est,

102 4425 250 4492 cmpit
269 4426 321 4479 in
356 4443 459 4482 ore
513 4426 648 4498 ejus
697 4429 917 4500 lingua,
959 4446 1091 4501 quae
1142 4431 1428 4498 defuerat,
1463 4430 1739 4502 paulatim

1846 564 2081 603 manum
2147 553 2483 621 pontificem
2564 560 2726 631 adiit,
2801 566 2856 616 et
2929 565 3070 635 quid
3139 571 3507 639 omnipotens

1847 638 2133 695 Dominus
2162 658 2269 710 per
2298 643 2364 697 B.
2398 644 2657 701 Leonem
2685 652 2915 719 operari
2960 653 3237 725 dignatus
3270 638 3506 731 fuisset,

1850 729 2124 782 ostendit.
2178 730 2268 784 Ex
2310 736 2448 787 tunc
2480 742 2782 805 cmperunt
2811 740 2927 810 ipsi
2990 742 3122 813 ejus
3177 729 3513 803 veneranda

1849 817 2053 870 merita
2087 821 2314 873 cunctis
2346 823 2690 896 praedicare,
2710 843 2842 898 quae
2874 829 3005 885 aliis
3028 835 3198 888 antea
3216 834 3514 891 referenti-

1850 902 1961 957 bus
1997 923 2106 957 nos
2146 909 2509 975 {aLiebantur
2532 914 2755 969 audire.

1931 993 2300 1065 TlleOpliilus.
2349 998 2585 1055 Placent
2613 1004 2750 1073 quia
2779 1005 2926 1061 mira
2972 1019 3129 1078 sunt,
3164 1010 3273 1066 sed
3317 1012 3511 1086 magis

1849 1080 1984 1149 quia
2012 1098 2163 1137 nova
2194 1090 2351 1140 sunt.

1920 1169 2295 1228 Desiderius.
2326 1175 2582 1232 Illustris
2600 1180 2694 1234 vir
2706 1182 3018 1253 Maximus,
3045 1188 3325 1244 Romana
3341 1191 3510 1247 urbis

1853 1257 2021 1327 civis,
2048 1276 2235 1331 nuper
2263 1264 2458 1318 retulit
2486 1267 2628 1320 mihi
2660 1270 2731 1322 de
2762 1272 2967 1326 eodem
2997 1277 3321 1331 venerabili
3350 1295 3509 1348 prae-

1850 1347 1979 1402 sule
2002 1364 2141 1418 quae.
2166 1353 2703 1411 narro.Bernardus
2728 1361 2962 1428 quidam
2992 1365 3272 1431 pessimae
3290 1347 3504 1422 mentis

1848 1436 2019 1490 miles
2049 1440 2291 1509 exstitit,
2326 1443 2424 1511 qui
2456 1446 2795 1512 apostolicae
2819 1450 2948 1503 sedi
2978 1455 3343 1509 contrarium
3365 1457 3509 1510 sein

1848 1524 2123 1579 omnibus
2176 1528 2393 1596 quibus
2443 1534 2629 1600 potuit
2685 1537 2875 1591 modis
2908 1539 3242 1596 exhibebat.
3275 1542 3393 1598 Sed
3447 1544 3508 1598 in

1845 1612 2000 1667 bello
2032 1616 2187 1684 quod
2213 1633 2243 1669 a
2273 1618 2485 1673 vicinis
2516 1622 2672 1676 circa
2696 1624 2915 1680 Urbem
2947 1631 3341 1699 manentibus,
3376 1647 3511 1687 con-

1839 1700 2179 1772 jurantibus
2230 1721 2362 1760 cum
2401 1706 2512 1779 (69)
2553 1711 2805 1768 Cadaloo
2861 1716 3167 1772 Parmensi
3227 1721 3507 1791 episcopo

1765 1809 1821 1874 Β
1845 1792 1944 1861 qui
1974 1795 2112 1847 tunc
2133 1796 2517 1864 apostolicam
2535 1798 2737 1854 sedem
2769 1802 3044 1859 invadere
3062 1808 3339 1878 tentabat,
3375 1825 3509 1864 eum

1844 1878 2130 1936 militibus
2190 1884 2288 1953 qui
2349 1886 2672 1941 Romanam
2726 1889 3052 1947 Ecclesiam
3119 1896 3511 1953 defendebant

1847 1971 2231 2026 commissum
2262 1976 2373 2043 est,
2388 1973 2553 2044 justo
2567 1976 2907 2048 Deijudicio
2927 1982 3247 2039 confossus
3266 1985 3505 2040 interiit.

1846 2057 1957 2112 Hic
1987 2059 2185 2129 igitur,
2221 2062 2413 2116 audita
2444 2062 2595 2119 fama
2626 2067 3042 2125 miraculorum
3074 2087 3207 2142 quin
3240 2075 3509 2144 omnipo-

1846 2147 1979 2201 tens
2010 2148 2170 2203 Deus
2214 2151 2442 2206 meritis
2478 2153 2632 2208 beati
2673 2156 2891 2211 Leonis
2950 2160 3223 2216 ﬁdelibus
3269 2164 3507 2234 pepulis

1848 2236 2183 2307 exhibebat,
2218 2255 2333 2293 non
2365 2241 2557 2295 solum
2604 2258 2720 2297 non
2751 2246 3046 2315 credebat,
3080 2265 3286 2303 verum
3333 2253 3509 2306 etiam

1848 2338 1949 2378 ore
1967 2325 2261 2397 sacrilego
2285 2327 2588 2383 deribebat
2605 2333 2660 2385 et
2680 2332 3145 2403 blasphemabat.
3170 2336 3314 2392 Cum
3338 2339 3506 2394 deni-

1847 2427 1959 2481 que
1982 2414 2229 2483 quadam
2264 2416 2355 2470 die
2384 2417 2443 2470 in
2497 2422 2789 2475 conventu
2831 2428 3139 2492 appareret
3166 2427 3385 2496 populi,
3449 2431 3506 2483 et

1848 2516 2043 2555 sermo
2074 2503 2348 2558 intereos
2380 2506 2449 2559 de
2481 2507 2674 2578 signis
2690 2512 2745 2562 et
2775 2510 3088 2566 virtutibus
3118 2514 3271 2568 beati
3285 2514 3506 2571 Leonis

1846 2594 2087 2644 exortus
2118 2596 2299 2661 esset,
2325 2595 2761 2663 cmpitirriderc
2782 2598 3014 2653 dicens:
3037 2600 3096 2654 Si
3117 2605 3360 2657 sanctus
3392 2606 3504 2673 est,

1847 2680 1907 2729 ut
1957 2677 2127 2747 dicis,
2182 2680 2485 2735 contrahat
2528 2683 2670 2736 mihi
2702 2685 2947 2755 digitum
2993 2703 3208 2759 meum,
3260 2705 3511 2762 cumque

1847 2771 2325 2835 compesceretur
2356 2769 2426 2823 ab
2460 2771 2533 2824 iis
2574 2773 2671 2841 qui
2730 2775 3018 2843 astabant,
3071 2793 3143 2830 ne
3188 2778 3259 2832 de
3304 2781 3510 2835 sancto

1845 2856 1974 2909 viro
2010 2855 2145 2908 talia
2195 2857 2552 2928 loqueretur,
2586 2860 2833 2915 dimisso
2867 2868 3158 2919 conventu
3207 2866 3506 2922 discessit.

1846 2943 1990 2995 Cum
2024 2959 2162 2997 ecce
2194 2945 2344 2999 forte
2375 2948 2539 3000 canis
2573 2950 2668 3017 qui
2689 2964 2820 3003 eum
2853 2952 3232 3022 sequebatur,
3254 2970 3422 3009 suem
3448 2956 3509 3010 in

1845 3031 2035 3100 platea
2068 3033 2369 3087 inventum
2400 3035 2633 3089 invasit.
2668 3036 2768 3089 Ille
2792 3055 2931 3093 vero
2955 3055 3025 3093 ne
3050 3057 3269 3110 porcus
3293 3043 3511 3097 discer-

1771 3123 2103 3225 0perctur,
2156 3121 2370 3175 festina
2402 3124 2682 3191 cucurrit,
2729 3130 2785 3178 et
2832 3126 3049 3197 injecta
3088 3145 3261 3182 manu
3302 3145 3509 3185 canem

1848 3212 2047 3262 tenere
2080 3209 2296 3275 voluit;
2323 3210 2430 3264 sed
2462 3228 2597 3265 mox
2626 3229 2845 3282 porcus
2894 3216 3075 3269 hianti
3107 3232 3208 3270 ore
3259 3219 3508 3289 digitum

1849 3295 1983 3366 ejus
2012 3298 2122 3366 (’70)
2154 3300 2483 3368 momordit,
2536 3301 2741 3371 sicque
2785 3303 2857 3355 ab
2915 3303 3010 3357 illa
3042 3305 3136 3358 die
3167 3306 3325 3359 omni
3355 3310 3507 3361 tem-

1846 3401 1989 3455 pore
2023 3402 2136 3456 quo
2166 3387 2312 3440 vixit
2361 3388 2607 3459 digitum
2648 3393 3013 3445 contractum
3042 3393 3290 3461 habens,
3323 3395 3509 3449 nulla-

1846 3478 2021 3527 tenus
2053 3491 2184 3528 eum
2218 3476 2533 3530 extendere
2565 3479 2768 3546 potuit.
2806 3480 2973 3535 Unde
3005 3481 3222 3535 factum
3253 3485 3305 3537 et
3329 3487 3389 3537 ut
3408 3484 3508 3555 qui

1851 3563 1955 3616 Dei
1986 3562 2266 3617 famulum
2282 3565 2527 3619 irridere
2545 3574 3029 3638 praesumpserat,
3047 3571 3194 3640 ipse,
3211 3575 3510 3627 contracto

1851 3652 2054 3723 digito,
2108 3652 2381 3707 omnibus
2413 3654 2632 3707 derisui
2665 3655 3006 3711 haberetur.
3044 3659 3186 3713 Haec
3244 3660 3317 3715 de
3351 3664 3512 3715 tanto

1850 3740 2022 3793 Patre
2056 3741 2119 3793 Β.
2154 3741 2350 3795 Leone
2369 3741 2521 3794 dicta
2551 3743 2871 3813 sufficiant,
2892 3749 2973 3813 ut,
2996 3748 3131 3816 quia
3160 3748 3233 3801 ad
3262 3748 3510 3803 aliorum

1850 3829 2138 3881 narranda
2195 3833 2364 3899 gesta
2410 3845 2817 3903 properamus,
2874 3835 2993 3904 alii,
3032 3837 3122 3889 cui
3158 3837 3339 3891 otium
3397 3841 3508 3907 est,

1853 3933 1984 3987 quae
2016 3917 2192 3970 multa
2215 3917 2286 3971 de
2308 3917 2407 3971 illo
2426 3921 2479 3971 et
2504 3918 2861 3975 mirabiliora
2882 3923 3174 3994 dicuntur,
3196 3925 3515 3981 scribenda

1852 4006 2272 4075 relinquamus.

1921 4094 2085 4159 Quod
2118 4094 2405 4148 Dominus
2436 4095 2494 4147 in
2523 4095 2846 4167 Evangelio
2878 4099 3017 4152 dicit
3050 4114 3062 4152 :
3116 4100 3306 4154 Pater
3349 4118 3517 4158 meus

1854 4198 2033 4254 usque
2063 4182 2230 4236 modo
2267 4188 2564 4253 operatur,
2601 4192 2658 4237 et
2698 4200 2805 4255 ego
2834 4202 3045 4255 operor
3084 4187 3274 4255 (Joan.
3308 4205 3364 4257 v,
3402 4189 3511 4260 1'7),

1851 4272 2108 4342 quotidie
2140 4271 2438 4324 cernimus
2469 4271 2793 4341 adimpleri,
2820 4277 2875 4326 et
2905 4275 3141 4343 antiqua
3173 4276 3344 4330 novis
3369 4279 3516 4331 tem-

1852 4361 2094 4430 poribus
2113 4360 2695 4415 miraculainnovari.
2716 4362 2856 4415 Haec
2872 4362 3065 4432 itaque
3094 4379 3227 4434 quae
3250 4365 3517 4421 dicturus

1854 4465 1985 4503 sum
2017 4450 2161 4503 adeo
2196 4449 2352 4503 clara
2395 4452 2551 4512 sunt,
2583 4451 2645 4504 ut
2679 4466 2793 4504 non
2837 4453 3029 4505 solum
3059 4454 3118 4506 in
3177 4454 3519 4525 Florentina

103 4523 365 4584 crescere,
397 4516 478 4571 ίίθ
538 4520 600 4571 ιιι
629 4518 1457 4589 intraP311003diesplenoore
1480 4521 1740 4591 linguam
1769 4502 1833 4575 ο
1854 4538 2122 4607 (licecesi,
2160 4538 2221 4591 in
2275 4554 2388 4608 qua
2420 4537 2572 4591 facta
2616 4543 2963 4610 noscuntur,
2997 4557 3201 4597 verum
3231 4544 3404 4597 etiam
3462 4542 3523 4596 in

48 4628 69 4641 ι
100 4601 332 4665 perfecte
364 4606 677 4675 reciperet,
714 4610 768 4660 et
799 4608 979 4661 verba
1016 4610 1144 4663 sine
1194 4608 1606 4679 impedimento
1638 4624 1740 4662 so-

103 4694 262 4744 naret.
295 4693 563 4763 Denique
620 4694 720 4765 qui
749 4695 921 4749 missi
954 4695 1184 4751 fuerant
1207 4701 1561 4751 curaverunt
1598 4712 1737 4766 pue-

100 4791 207 4831 rum
230 4781 297 4833 ad
320 4783 670 4852 episcopum
726 4784 961 4853 ducere,
997 4787 1052 4838 et
1080 4802 1255 4855 quem
1282 4789 1568 4839 tacentem
1598 4785 1738 4839 reli-

100 4874 299 4939 querat,
336 4870 493 4925 beati
538 4871 755 4926 Leonis
788 4872 1255 4945 suifragantibus
1287 4875 1510 4929 meritis
1560 4874 1613 4927 ei
1646 4874 1738 4928 lo-

97 5019 187 5071 per
210 5007 634 5067 hebdomadam
657 5014 915 5068 diebusa
948 5016 1330 5069 Lateranensi
1360 5016 1613 5070 ecclesia
1641 5030 1737 5069 us-

98 5090 194 5143 que
217 5080 285 5156 ad
311 5081 372 5156 Si
410 5083 645 5138 Petrum
671 5086 897 5154 privato
933 5086 1133 5140 habitu
1160 5088 1455 5156 nudisque
1486 5086 1736 5155 pedibus

96 5160 210 5201 cum
241 5150 476 5226 duobus
506 5160 602 5209 aut
630 5150 821 5209 tribus
844 5157 1078 5211 clericis
1110 5162 1279 5213 nocte
1323 5150 1625 5226 psalléndo
1682 5158 1739 5211 et

97 5221 306 5347 tiaranqu3
325 5226 628 5295 pergebat,
652 5227 871 5281 afiimat
901 5228 1026 5282 Ost.
1061 5228 1120 5282 in
1150 5221 1366 5283 Chron.
1392 5228 1529 5298 dict,
1554 5227 1653 5283 lib.
1674 5246 1734 5298 ιι,

158 5304 208 5347 ι).
314 5335 327 5346 .
472 5314 475 5317 ί

100 5300 208 5358 cap.
240 5300 327 5347 δδ.
472 5314 475 5317 η

156 5362 259 5441 (ἓξ)
290 5363 498 5441 Ϊίςιοῐι
527 5368 828 5423 secundus
860 5372 1095 5424 creatur
1116 5386 1263 5441 papa
1293 5387 1427 5425 ann.
1464 5368 1621 5424 1055.

157 5431 261 5512 (5:7)
287 5434 403 5512 βιή
425 5452 637 5512 nomen
661 5445 786 5495 erat
807 5431 1211 5509 Diethmarus,
1236 5442 1337 5512 qui
1366 5441 1515 5512 ipsis
1541 5441 1745 5496 Kalen-

96 5497 177 5582 dis
204 5497 514 5582 Februriis
538 5512 682 5582 anni
706 5527 737 5565 a
778 5515 912 5567 nato
941 5512 1177 5566 Christo
1196 5497 1347 5566 ’1040
1376 5497 1748 5582 episcopatui

95 5570 353 5667 Curiensi
417 5581 620 5667 posito.
651 5583 726 5667 in
779 5582 1128 5667 Rhaetia_ad
1186 5570 1458 5667 Rhenum
1497 5570 1748 5667 fluvium

94 5646 440 5723 pmﬁcitur,’
487 5656 542 5710 et
568 5653 713 5712 obiit
761 5670 912 5731 anno
949 5652 1085 5711 1070
1124 5670 1258 5711 cum
1310 5655 1549 5729 triginta
1580 5655 1752 5714 annis

1858 4630 1973 4681 tota
2024 4627 2259 4696 Tuscia,
2315 4643 2382 4680 ac
2433 4630 2491 4680 in
2552 4629 2719 4697 urbe,
2752 4645 2885 4700 quae
2934 4634 3106 4700 caput
3153 4632 3354 4686 mundi
3410 4634 3522 4700 cst,

1859 4716 2043 4769 Roma
2086 4719 2317 4769 constet
2349 4731 2486 4769 esse
2520 4716 2849 4771 notissima.

1929 4804 2039 4873 (Ἡ)
2074 4804 2284 4857 Petrus
2316 4804 2555 4874 quidam
2587 4805 2842 4859 clericus
2876 4808 2983 4874 est,
3011 4806 3113 4875 qui
3135 4806 3359 4860 occulte
3392 4807 3523 4861 data

1857 4893 2105 4962 pecunia
2164 4893 2332 4963 regio
2363 4893 2716 4947 adminiculo
2748 4894 2805 4947 in
2849 4894 3127 4962 praedicta
3186 4895 3522 4950 Florentina

1860 5035 2229 5090 laudabiliter
2248 5051 2314 5089 ac
2331 5036 2645 5090 utilissime
2666 5035 3023 5104 praefuisset.
3046 5036 3190 5091 Vide
3203 5036 3521 5091 Guiliman-

1860 5107 2119 5161 numlib.
2152 5123 2211 5159 1v
2230 5106 2310 5159 De
2338 5108 2520 5161 rebus
2547 5107 2960 5174 Helvetiorum,
2984 5122 3109 5177 cap.
3128 5106 3181 5176 2,
3218 5113 3273 5162 et
3302 5108 3517 5163 Chron.

1860 5179 2069 5233 Joann.
2102 5176 2379 5231 Gualteri.

1934 5264 2046 5334 (68)
2080 5265 2205 5318 Hoc
2241 5265 2463 5335 grande
2502 5265 2846 5318 miraculum
2880 5264 2949 5316 de
2983 5267 3182 5319 curato
3214 5270 3372 5320 muto
3430 5283 3521 5322 re-

1864 5338 2051 5393 fertur
2082 5336 2255 5390 etiam
2285 5352 2317 5389 a
2350 5336 2560 5389 Baron.
2593 5351 2726 5388 ann.
2767 5336 2993 5388 Domini
3029 5335 3184 5405 1054,
3221 5353 3379 5393 num.
3431 5339 3521 5393 45.

1858 5424 2045 5553 30(6ἱ))
2080 5424 2163 5479 De
2185 5424 2459 5479 Cadaloo.
2490 5424 2625 5478 vide
2658 5424 2871 5478 Baron.
2905 5424 2977 5477 ad
3000 5440 3133 5478 ann.
3168 5423 3518 5515 1064,11,:29,

1959 5513 1988 5550 e
2045 5512 2172 5553 seu.

1959 5512 2015 5550 et
2045 5512 2172 5566 seq.

2075 5584 2222 5665 Yide
2254 5585 2466 5665 Barea.
2499 5600 2636 5665 ann:
2669 5582 2828 5654 1054,
2861 5600 3020 5639 num.
3043 5584 3189 5665 {iam
3413 5655 3421 5665 .

1937 5657 2048 5731 (Ἠ)
2085 5656 2295 5713 Petrus
2340 5656 2677 5714 Ticinensis
2708 5659 3101 5730 cognomento
3132 5654 3523 5728 Simonacius,
