3926 6146
426 302 577 370 1011

1734 284 2127 356 VICTORIS
2156 286 2265 352 III.
2300 324 2377 337 -
2406 284 2653 353 PAPJE

3639 284 3761 354 1012

422 500 655 557 civitate
686 498 1024 554 cathedram
1057 496 1435 566 episcopatus
1464 494 1710 563 accepit.
1742 491 1888 547 Cum
1916 490 2084 545 deni-
2110 477 2175 538 ι·
2196 488 2526 544 sacerdotio
2582 486 2824 541 minime
2869 484 3138 557 legaliter
3195 486 3467 556 acquisita
3534 486 3766 544 humiliter

422 605 537 662 que
583 604 615 641 a
650 587 885 642 clericis
932 588 989 639 et
1035 584 1271 654 populo,
1326 586 1388 637 ut
1422 582 1768 653 episcopum
1815 579 2079 648 decebat,

420 677 679 748 benigne
694 675 929 740 fuisset,
946 675 1430 742 susceptus,post
1442 686 1560 725 non
1571 670 1817 724 multum
1830 668 2084 739 spatium

422 763 710 834 temporis
728 760 839 832 (79)
858 763 1012 816 fama
1032 776 1137 831 per
1158 760 1428 831 ejusdem
1458 760 1833 829 episcopatus
1865 758 2081 811 diaece-

425 852 540 907 sim
568 850 863 904 increbuit
883 849 1060 920 quod,
1083 848 1432 903 Simoniacae
1452 847 1703 901 hmresis
1720 848 1887 916 peste
1907 845 2084 900 fuada-

421 941 545 1009 tus,
579 938 735 1009 quod
767 937 973 1009 gratis,
998 937 1244 990 Domino
1269 935 1537 1007 jubente,
1570 936 1842 1005 accipere
1871 936 1926 987 et
1942 933 2082 987 dare

426 1031 708 1082 statutum
737 1028 847 1096 est,
881 1024 1126 1094 pecunia
1148 1026 1443 1079 mercatus
1466 1023 1659 1078 fuerit.
1685 1022 1946 1092 Cumque
1966 1024 2083 1075 tam

426 1115 723 1171 horrenda
753 1116 810 1168 et
836 1118 953 1168 tam
983 1112 1347 1167 exsecranda
1376 1112 1530 1166 fama
1561 1110 1832 1181 primitus
1863 1109 1937 1164 ad
1956 1108 2085 1163 reli-

423 1204 751 1275 giosorum,
784 1201 996 1256 dehinc
1018 1202 1090 1255 ad
1103 1217 1277 1256 aures
1294 1200 1460 1272 vulgi
1478 1200 1869 1271 pervenisset,
1891 1213 2085 1268 cmpe-

422 1295 562 1346 runt
590 1306 657 1346 se
690 1292 894 1361 plures
936 1291 1008 1344 ab
1056 1289 1190 1359 ejus
1239 1289 1648 1343 communione
1693 1286 2079 1342 subtrahere:

425 1379 541 1450 ('78)
571 1380 954 1449 Romanoque
974 1377 1232 1447 pontifici
1263 1391 1632 1447 quaecunque
1663 1391 1844 1446 super
1871 1376 1982 1429 hac
2018 1390 2084 1429 re

426 1469 846 1539 cognoverant,
881 1466 1078 1520 divino
1110 1465 1531 1520 exardescente
1559 1466 1703 1534 zelo,
1737 1464 2088 1518 studuerunt

421 1555 715 1610 intimare.
766 1553 896 1622 Qui,
949 1554 1364 1623 episcoporum
1405 1554 1653 1607 consilio
1697 1555 2084 1625 congregato,

423 1644 695 1698 eumdem
726 1643 1091 1712 episcopum,
1124 1646 1187 1695 ut
1212 1657 1339 1695 rem
1365 1642 1681 1713 diligenter
1709 1643 2085 1712 agnosceret,

423 1732 791 1786 convocavit.
818 1730 933 1785 Sed
964 1746 1097 1783 cum
1111 1744 1179 1783 se
1198 1730 1424 1800 synodo
1443 1732 1888 1800 praesentasset,
1921 1743 2089 1783 accu-

424 1820 726 1874 satoribus
759 1819 1017 1888 undique
1049 1818 1530 1883 acclamantibus,
1557 1821 1924 1872 sacramento
1948 1832 2086 1871 sese

423 1921 681 1977 purgare
712 1906 1024 1959 nitebatur.
1050 1905 1311 1975 Cumque
1343 1922 1538 1959 coram
1559 1906 1956 1976 praesentibus
1986 1921 2085 1959 res

423 1993 847 2064 aliquantulum
876 1993 1093 2064 agitata
1125 1992 1358 2062 fuisset,
1393 1995 1541 2047 datm
1571 1994 1822 2047 induciae
1842 1998 1998 2063 sunt,
2024 1997 2088 2047 ut

421 2098 533 2153 per
562 2083 801 2137 easdem
820 2081 1067 2135 forsitan
1090 2081 1386 2151 inductus,
1404 2083 1663 2135 divinum
1679 2097 2085 2152 expavescens

417 2170 731 2241 judicium,
756 2170 911 2240 quod
943 2171 1323 2239 pertinaciter
1350 2172 1603 2242 negabat
1624 2171 1919 2225 humiliter
1948 2186 2085 2224 con-

423 2258 706 2327 ﬁteretur,
740 2261 1030 2328 quatenus
1061 2257 1134 2311 ab
1166 2262 1385 2313 aeterno
1416 2275 1532 2313 non
1562 2260 1968 2313 removeretur
1997 2258 2085 2312 al-

420 2347 553 2417 tari,
587 2346 641 2400 si
671 2347 743 2400 ab
776 2347 888 2400 hoc
918 2347 1218 2417 praesenti,
1266 2348 1360 2400 cui
1389 2349 1726 2402 ministrare
1750 2348 1915 2418 juste
1965 2362 2084 2401 non

419 2437 668 2504 poterat,
705 2449 771 2487 se
817 2435 1222 2489 abstinuisset.
1274 2435 1510 2489 Interim
1554 2436 1807 2506 populus
1837 2437 1894 2490 in
1935 2436 2085 2490 duas

421 2523 704 2577 dividitur
732 2525 950 2591 partes,
985 2539 1234 2592 quarum
1266 2524 1465 2590 altera,
1506 2540 1638 2593 quae
1688 2540 1949 2580 amorem
1981 2524 2085 2577 Dei

421 2610 769 2664 muneribus
800 2609 1171 2680 praeferebat,
1194 2610 1444 2665 clericos
1467 2615 1522 2665 et
1540 2612 1862 2683 religiosos
1887 2627 2086 2665 mona-

424 2697 592 2768 chos,
643 2698 743 2767 qui
788 2700 987 2751 contra
1037 2699 1379 2768 episcopum
1409 2715 1535 2753 rem
1591 2700 2084 2770 comprobandam

424 2787 811 2854 susceperant
840 2786 1052 2854 ;a1tera
1084 2802 1216 2857 qum
1247 2803 1489 2841 munera
1510 2790 1565 2841 et
1596 2788 1857 2842 favorem
1878 2788 2085 2859 dilige-

369 2898 375 2909 -
420 2873 539 2940 bat,
575 2874 920 2943 episcopum
952 2877 1042 2928 est
1072 2878 1294 2928 secuta.
1328 2874 1472 2929 Cum
1491 2876 1703 2930 crebro
1734 2876 1915 2947 igitur
1935 2878 2087 2935 inter

421 2976 490 3016 se
536 2962 916 3016 altercaretur
956 2962 1232 3032 pepulus,
1293 2966 1349 3017 et
1391 2964 1569 3018 altera
1619 2964 1787 3018 alteri
1825 2966 2087 3022 obstaret

419 3049 590 3120 parti,
626 3050 685 3104 in
716 3053 938 3104 tantum
968 3056 1169 3104 exorta
1192 3053 1519 3121 augebatur
1548 3055 1863 3124 contentio,
1889 3060 1969 3125 ut,
2000 3056 2086 3109 in-

418 3139 512 3191 ter
527 3152 595 3191 se
607 3137 1044 3205 dimicantibus,
1063 3155 1223 3208 saepe
1241 3141 1412 3194 etiam
1432 3156 1622 3211 usque
1642 3142 1713 3195 ad
1735 3141 2083 3197 eﬂ'usionem

420 3226 732 3297 sanguinis
755 3227 1042 3280 venirent.
1075 3226 1337 3297 Cumque
1360 3228 1486 3282 haec
1507 3229 1726 3283 diutius
1744 3236 2081 3302 agerentur,

420 3318 477 3368 et
506 3318 712 3368 neutra
744 3331 883 3383 pars
912 3316 1060 3385 parti
1084 3316 1339 3382 cederet,
1374 3316 1485 3385 ('74)
1514 3318 1776 3372 Joannes
1804 3335 2083 3374 reveren-

419 3401 709 3457 dissimus
741 3402 926 3456 abbas
952 3403 1294 3456 monasterii
1322 3419 1453 3473 quae
1476 3405 1774 3460 Umbrosa
1793 3408 1976 3461 Vallis
1999 3410 2082 3463 di-

422 3490 589 3557 citur,
616 3506 777 3559 saepe
808 3490 880 3542 ad
912 3490 1066 3544 hunc
1099 3490 1434 3545 conﬂictum
1466 3493 1806 3564 advocatus,
1831 3497 1955 3550 zelo
1978 3498 2085 3552 Dei

419 3576 632 3631 ductus
651 3578 779 3631 suis
799 3593 932 3630 cum
944 3578 1250 3632 monachis
1269 3580 1556 3644 veniebat,
1580 3582 1676 3651 qui
1693 3584 2079 3655 exhortando,

417 3664 814 3734 praedicando,
869 3664 1051 3718 divini
1095 3666 1581 3721 examinationem
1621 3669 1832 3739 judicii
1888 3673 2081 3728 inten-

417 3752 616 3821 tando,
662 3752 1007 3822 episcopum
1045 3754 1360 3809 admonere
1407 3772 1524 3811 non
1568 3760 1843 3814 cessabat
1873 3767 2080 3832 quate-

321 3902 337 3925 .
417 3854 534 3894 nus
575 3854 650 3894 ex
680 3843 1011 3910 perpetrata
1067 3841 1237 3910 culpa
1296 3844 1696 3913 pmnitentiam
1740 3852 1963 3921 ageret,
2025 3854 2082 3904 et

416 4050 1198 4132 Theuz'onisliiediaebarbae
1257 4055 1434 4126 filius,
1473 4057 1599 4112 iniit
1654 4060 2076 4132 episcopatum,

415 4136 569 4176 anno
601 4122 830 4175 Domini
862 4123 1018 4177 106%..

488 4193 601 4271 ('12)
618 4193 771 4271 Petri
787 4192 1101 4271 Simoniam
1129 4196 1427 4271 detexisse
1451 4198 1583 4271 ejus
1605 4201 2074 4271 patremznarrat,

412 4263 689 4388 ﬁng‘zreas
703 4263 1022 4319 Januensis
1036 4267 1093 4318 in
1110 4267 1275 4323 Actis
1293 4263 1742 4326 sancti'Joahnis
1756 4263 2074 4345 Gu'alberti,

415 4348 467 4387 c.
499 4348 589 4387 0‘2.

486 4403 600 4473 ('73)
632 4402 935 4485 Qujus‘l'ei
966 4406 1214 4485 epistgla
1257 4410 1613 4485 gravissima
1643 4416 1832 4467 exstat
1877 4416 2076 4485 populi

412 4472 739 4553 Floren‘tin.
773 4472 1069 4553 alexand.
1097 4472 1342 4553 Ilpapae
1388 4482 1627 4553 scripta,
1662 4499 1775 4553 qua
1804 4472 1975 4538 tot‘us‘
1991 4489 2078 4541 rei

413 4545 557 4597 ordo
589 4548 645 4597 et
676 4545 896 4597 veritas
918 4545 1269 4602 continetur:

484 4614 597 4694 (μ)
625 4614 759 4694 llic
783 4613 891 4667 fuit
918 4620 1161 4694 sanctus
1205 4619 1464 4694 Joannes
1508 4622 1860 4679 Gualbertus
1890 4627 2076 4681 abbas

411 4683 598 4765 Vallis
620 4685 1478 4765 ymbrosae,_c_ujus_sanctitas
1503 4699 1818 4749 veneratur
1836 4696 1895 4750 in
1920 4698 2075 4751 Mar-

409 4755 581 4826 tyrol.
620 4756 788 4809 Rom.
826 4756 938 4809 sub
971 4755 1208 4826 tﬂjulii.

482 4824 596 4895 (75)
626 4827 874 4904 Propter
902 4824 1365 4904 incredulitatem
1412 4832 1744 4904 humanam,
1795 4837 2076 4892 deficien-

407 4895 568 4975 tibus
598 4897 731 4950 aliis
755 4895 1035 4975 humanis
1060 4899 1130 4951 ad
1162 4902 1466 4975 veritatem
1499 4895 1821 4961 eruendam
1870 4910 2075 4963 subsi-

410 4965 545 5040 diis,
570 4967 1174 5040 praecedentetamen
1198 4970 1456 5040 legitima
1486 4979 1862 5032 accusatione
1885 4979 1942 5032 in
1972 4981 2073 5033 tri-

407 5035 746 5116 bunalibus,
781 5035 1481 5116 eiraminatio__per'ignem
1511 5048 1833 5116 antiquitus
1875 5051 2077 5104 admit-

406 5105 657 5187 tebatur,
692 5110 1101 5187 utob‘s‘ervari
1126 5105 1260 5187 licet
1287 5105 1343 5165 in
1367 5115 1543 5187 lvone
1574 5105 1808 5171 Ca‘rnot.
1840 5121 2072 5187 epistol.

407 5173 498 5251 μ,
530 5175 654 5251 205,
688 5179 811 5246 251,
844 5178 967 5249 252,
1004 5180 1127 5250 254,
1161 5180 1283 5251 230,
1319 5189 1373 5237 et
1406 5186 1463 5237 in
1496 5187 1796 5242 ltosweid.
1832 5173 1931 5242 lib.
1993 5173 2075 5244 ne

408 5244 523 5297 ﬁde
554 5245 757 5327 haeret.
792 5244 971 5327 Serm,
1010 5244 1135 5319 cap.
1165 5253 1250 5327 12.
1270 5244 1456 5327 ὐιιιίθ
1488 5259 1890 5326 appellabatur
1920 5261 2072 5313 divi-

403 5330 548 5367 num
598 5319 1026 5399 testimonium,
1068 5325 1245 5399 uLin
1290 5319 1542 5399 epistola
1564 5319 1697 5399 .932.
1728 5330 2072 5399 Arnulphus

406 5391 723 5473 accusatus
755 5391 813 5440 in
843 5392 1069 5471 synodo
1103 5391 1427 5473 Bheniensi
1458 5412 1586 5473 cap.
1612 5398 1726 5473 Δ3ος
1762 5391 2070 5473 Meumque

413 5456 787 5539 vernaculum
801 5456 1093 5539 episcOPis
1110 5456 1586 5539 tr_qdam,quipér
1598 5469 1819 5539 igm'tos
1838 5456 2072 5526 vomere

404 5525 1692 5605 incedens,chmdeteJudicaremanifesHs
1703 5540 1970 5597 declaret
1983 5525 2071 5596 in-

405 5596 603 5683 diciis.
620 5596 719 5683 Sic
737 5596 1081 5683 Copresper
1100 5603 1298 5683 ignem
1312 5607 1486 5683 fidem
1507 5609 1852 5683 catholicam
1869 5627 2071 5668 veram

402 5681 546 5746 esse
594 5667 883 5746 probavit,
934 5667 1037 5746 lib.
1088 5667 1295 5746 ii'cap.
1346 5676 1399 5746 9,
1444 5678 1504 5733 in
1535 5680 1647 5736 Vit.
1682 5681 1805 5736 Pat.
1840 5683 1978 5739 edit.
2034 5667 2070 5740 a

402 5737 609 5797 Rosw.
641 5738 918 5798 Andreas
947 5740 1123 5801 etiam
1152 5737 1487 5815 Spoletinus
1535 5737 1974 5813 Franciscanus
2006 5737 2068 5815 in

2196 577 2452 646 cederet,
2486 590 2597 631 nec
2630 575 2745 629 sibi
2778 575 3026 646 suisque
3057 572 3364 643 subjectis,
3405 575 3597 645 quibus
3620 578 3769 631 incre-

2196 669 2393 719 mento
2437 680 2576 719 esse
2625 664 2926 734 debuerat,
2975 662 3319 717 detrimento
3365 662 3521 717 foret.
3562 662 3681 717 Illud
3719 666 3770 719 de

2197 753 2522 825 Evangelia
2553 754 2607 807 ei
2638 768 2800 822 smpe
2848 766 3205 821 proponens,
3246 751 3518 821 quomodo
3548 751 3772 807 Dominus

2198 841 2380 895 Jesus
2409 842 2735 896 vendentes
2768 844 2824 894 et
2872 843 3135 894 ementes
3167 838 3459 893 columbas
3510 840 3573 893 de
3609 841 3773 910 templo

2199 928 2538 1001 projecerit,
2559 928 2991 998 cathedrasque
3009 927 3380 993 subverterit,
3405 928 3458 981 et
3476 943 3552 981 ms
3569 943 3778 982 nummu-

2201 1017 2483 1072 lariorum
2529 1016 2800 1072 effuderit
2829 1016 3019 1087 (Joan.
3052 1033 3114 1085 ιι,
3149 1013 3259 1085 15),
3289 1014 3545 1069 videlicet
3590 1015 3777 1069 demon-

2202 1109 2400 1161 strans
2431 1107 2495 1159 ut
2549 1104 2885 1175 quicunque
2915 1103 3173 1174 Spiritus
3202 1104 3389 1158 sancti
3431 1102 3640 1169 donum,
3666 1104 3780 1173 quod

2199 1208 2307 1264 per
2334 1192 2664 1248 columbam
2696 1192 3086 1263 significatur,
3103 1190 3315 1245 ductus
3327 1191 3778 1258 avaritia,velvana

2205 1281 2391 1353 gloria
2424 1282 2633 1350 elatus,
2682 1281 2870 1351 pretio
2929 1279 3236 1350 acquirere
3266 1279 3361 1334 vel
3388 1279 3622 1333 vendere
3648 1282 3780 1333 tenta-

2205 1369 2374 1439 verit,
2429 1369 2502 1423 ab
2552 1369 2653 1424 illo
2685 1368 2913 1423 caelesti
2942 1369 3158 1437 templo
3208 1371 3265 1422 et
3320 1371 3529 1422 aeterno
3558 1366 3693 1421 altari
3736 1380 3782 1419 se

2202 1457 2406 1527 procul
2436 1457 2612 1511 dubio
2643 1456 3063 1511 eliminandum
3092 1455 3340 1510 noverit.
3372 1454 3483 1509 Sed
3511 1452 3595 1508 ille
3620 1453 3782 1508 nihilo-

2199 1546 2396 1601 minus
2426 1546 2743 1616 praesentis
2773 1546 2909 1598 vitae
2950 1544 3196 1599 honoris
3228 1543 3473 1613 cupidus
3515 1558 3609 1611 pro
3649 1541 3783 1594 nihilo

2200 1633 2417 1687 monita
2447 1634 2637 1687 sancti
2668 1633 2781 1686 viri
2811 1632 3082 1701 ducebat,
3116 1632 3233 1685 imo
3263 1631 3456 1700 potius
3484 1630 3784 1700 pertinaciter

2198 1725 2256 1775 et
2286 1722 2464 1776 armis
2496 1725 2552 1776 et
2581 1721 2806 1791 verbis,
2828 1720 3221 1790 omnibusque
3251 1718 3440 1772 modis
3461 1718 3651 1788 quibus
3667 1720 3784 1786 pote-

2123 1844 2171 1904 B
2198 1813 2290 1863 rat
2322 1825 2387 1863 se
2417 1809 2734 1863 defendere
2765 1809 3075 1862 nitebatur.
3094 1807 3359 1878 Cumque
3381 1807 3524 1860 idem
3541 1803 3783 1859 venerabi-

2197 1897 2274 1951 lis
2312 1898 2498 1952 abbas
2554 1897 2859 1951 incassum
2889 1896 3214 1967 procedere
3249 1911 3357 1949 sua
3387 1895 3556 1948 verba
3596 1893 3783 1956 videret,

2196 1989 2447 2056 utraque
2495 1990 2662 2056 parte
2691 1985 2891 2056 populi
2922 1985 3203 2039 advocata
3236 2002 3248 2038 :
3310 1982 3597 2051 Quoniam,
3632 1980 3784 2050 inquit,

2200 2074 2380 2128 verba
2404 2090 2522 2128 non
2549 2078 2816 2143 prosunt,
2849 2074 3157 2128 veniamus
3187 2072 3302 2142 ('75)
3333 2072 3403 2125 ad
3448 2072 3621 2142 signa.
3646 2068 3787 2122 Cons-

2202 2164 2463 2216 struatur
2490 2178 2696 2233 rogus,
2732 2166 2787 2216 et
2838 2162 2975 2233 igne
3007 2164 3320 2232 supposito
3351 2160 3687 2225 accendatur,
3713 2171 3788 2225 per

2201 2265 2378 2321 quem
2410 2267 2564 2305 unus
2596 2267 2626 2303 e
2650 2251 2873 2305 nostris
2894 2250 3283 2321 ingrediatur,
3315 2252 3378 2304 ut
3397 2253 3581 2304 utrum
3607 2261 3719 2300 vera
3739 2259 3789 2297 an
3892 2250 3893 2321 ξ

2203 2338 2351 2391 falsa
2380 2339 2498 2392 sint
2530 2355 2663 2410 quae
2686 2338 2757 2392 de
2783 2340 3063 2408 episeopo
3086 2338 3363 2407 dicimus,
3385 2334 3791 2391 Dominodiscer-

2202 2430 2394 2497 nente,
2425 2428 2725 2496 probetur.
2760 2427 2959 2481 Placet
2989 2427 3219 2498 utrique
3237 2427 3389 2496 parti
3419 2423 3707 2480 sententia:
3732 2434 3794 2473 ro-

2200 2530 2313 2586 gus
2330 2531 2463 2569 mox
2485 2515 2789 2571 duodecim
2813 2513 2924 2584 ('76)
2944 2515 3158 2586 pedum
3171 2530 3455 2569 mensura
3472 2510 3791 2569 construitur;

2200 2605 2352 2657 intra
2375 2619 2549 2674 quem
2580 2620 2762 2673 parva
2793 2604 3020 2672 semita,
3055 2619 3170 2673 qua
3202 2607 3382 2656 unius
3409 2602 3614 2654 tantum
3653 2595 3792 2650 homi-

2200 2692 2293 2746 nis
2308 2706 2562 2761 persona
2586 2693 2838 2746 transire
2864 2695 3091 2762 posset,
3112 2691 3495 2761 relinquitur:
3535 2702 3652 2759 qua;
3670 2686 3792 2739 etiam

2202 2796 2275 2834 ex
2308 2780 2581 2834 accensis
2624 2780 2826 2851 lignis,
2862 2796 2935 2837 ne
2980 2780 3062 2834 ibi
3093 2779 3311 2850 aliquis
3369 2780 3531 2833 locus
3558 2793 3587 2831 a
3621 2776 3793 2828 ﬂamma

2199 2872 2454 2937 vacaret,
2508 2869 2925 2922 consternitur.
2987 2868 3225 2922 Interim
3300 2872 3490 2922 autem
3536 2867 3657 2920 dum
3703 2863 3794 2915 hac

2198 2960 2627 3027 praeparantur,
2646 2956 2926 3026 praefatus
2941 2956 3126 3010 abbas
3153 2956 3417 3010 Joannes
3431 2954 3537 3023 (77)
3559 2954 3705 3006 Petro
3716 2963 3794 3002 suo

2199 3044 2511 3114 discipulo,
2544 3045 3043 3099 reverendissimo
3072 3044 3370 3113 videlicet,
3404 3044 3546 3110 viro,
3577 3041 3662 3112 qui
3678 3040 3795 3109 post-

2198 3134 2434 3186 modum
2466 3134 2523 3186 in
2554 3133 2878 3187 Albanensi
2897 3134 3040 3188 urbe
3068 3133 3393 3203 episcopus
3416 3132 3691 3186 ordinatus
3714 3127 3793 3191 est,

2198 3222 2417 3292 quique
2464 3222 2635 3275 etiam
2668 3221 2858 3275 adhuc
2908 3224 3182 3291 superest
3212 3220 3484 3275 eamdem
3533 3215 3797 3272 Ecclesiam

2198 3325 2438 3380 regens,
2463 3310 2743 3379 praecepit
2756 3313 2817 3363 ut
2830 3310 3068 3363 indutus
3082 3308 3277 3363 sacris
3310 3309 3573 3363 vestibus
3586 3304 3797 3372 omnipo-

2200 3399 2343 3451 tenti
2372 3398 2493 3452 Deo
2528 3397 2883 3451 sacriﬁcium
2907 3397 3140 3452 oﬂ'erret
3173 3414 3187 3467 ;
3218 3401 3278 3451 et
3309 3397 3400 3451 sic
3430 3397 3647 3451 demum
3671 3390 3800 3447 conﬁ-
3892 3390 3893 3465 ᾖ

2201 3501 2308 3540 sus
2339 3486 2409 3539 de
2440 3486 2847 3541 misericordia
2876 3487 2981 3541 Dei
3010 3502 3118 3557 per
3147 3487 3393 3541 accensi
3420 3485 3548 3557 rogi
3591 3484 3797 3537 ﬂammas
3892 3484 3893 3557 ξ

2199 3575 2593 3628 indubitanter
2619 3574 2881 3628 intraret.

2268 3662 2590 3732 Quijussis
2617 3662 2811 3716 Patris
2835 3662 3273 3733 obtemperans,
3309 3646 3612 3733 postquam
3630 3655 3802 3714 sacriﬁ-

2198 3751 2354 3805 cium
2384 3751 2504 3804 Deo
2536 3750 2762 3819 obtulit,
2797 3751 3060 3805 casulam
3089 3765 3156 3804 se
3186 3751 3504 3821 exspoliat,
3547 3749 3614 3802 ad
3651 3748 3798 3818 ignem

2197 3840 2375 3909 venit,
2411 3843 2467 3894 et
2513 3854 2725 3910 magna
2753 3854 2902 3894 voce
2935 3854 2947 3893 :
2983 3838 3121 3903 Oro,
3164 3840 3375 3910 inquit,
3409 3840 3565 3894 Deus
3593 3835 3802 3902 omnipo-
3892 3856 3893 3867 ι

2195 3930 2347 3997 tens,
2374 3928 2425 3981 si
2451 3928 2688 3994 Petrus,
2707 3928 2805 3998 qui
2821 3928 3139 3997 episcopus
3161 3927 3398 3998 dicitur,
3413 3927 3715 3983 Simoniaca
3737 3923 3799 3974 est
3892 3930 3893 3933 ‘

2195 4068 2538 4122 Mauritania
2562 4068 2769 4122 Fossae
2788 4084 2933 4139 rege
2955 4073 3011 4123 et
3037 4069 3411 4138 principibus
3432 4064 3797 4139 spectantibus,
3892 4076 3893 4139 ξ

2193 4142 2257 4192 ut
2278 4139 2625 4211 ostenderet
2638 4139 2774 4194 Chri
2784 4135 3251 4211 sti'doctrinam;
3274 4156 3452 4211 quam
3468 4135 3797 4211 praedicabat,

2191 4224 2391 4263 veram
2427 4225 2585 4277 esse,
2607 4210 2858 4264 ﬂammis
2887 4211 3236 4264 circumdari
3250 4208 3371 4265 non
3392 4208 3597 4277 renuit,
3626 4213 3674 4262 et
3691 4208 3801 4259 inter
3892 4258 3893 4277 η

2191 4280 2324 4333 illas
2369 4280 2466 4333 diu
2500 4282 2824 4349 permansit
2869 4280 3118 4335 illaesus.
3153 4280 3588 4336 Franciscanus
3614 4277 3800 4348 quidam

2192 4352 2428 4418 pariter,
2465 4355 2521 4422 et
2553 4351 2714 4405 Hier.
2751 4350 3114 4405 Savonarola
3136 4351 3718 4422 Florentiaainignem
3736 4359 3803 4415 pe-

2190 4421 2441 4492 riculum
2473 4421 2683 4492 facturi
2704 4422 2936 4492 ingredi
2984 4423 3168 4492 parati
3206 4429 3395 4478 erant.
3431 4421 3588 4476 Vide
3611 4422 3799 4492 Petrum

2193 4491 2562 4560 Delphinum,
2595 4491 2697 4545 lib.
2730 4489 2809 4559 iv',
2842 4489 3012 4561 epist.
3049 4490 3136 4560 68,
3165 4493 3240 4546 ad
3270 4496 3511 4549 Petrum
3539 4489 3799 4545 Baronium

2113 4550 2163 4611 D
2189 4550 2320 4615 data
2353 4562 2445 4615 die
2474 4550 2755 4630 15'Apri1.
2790 4550 2947 4616 i498.

2258 4632 2370 4700 ('76)
2401 4632 2480 4685 De
2512 4626 2834 4704 latitudine,
2892 4632 3261 4704 longitudine
3290 4651 3360 4689 ac.
3391 4633 3675 4689 altitudine
3700 4626 3798 4704 regi

2190 4704 2477 4777 exstructi
2500 4703 2640 4777 _v_ide
2661 4699 3076 4777 ThomamBoz
3106 4706 3188 4759 De
3232 4706 3390 4777 sign.
3438 4704 3700 4777 Ecclesia:
3722 4699 3798 4752 lib.

2192 4789 2272 4841 IX,
2306 4774 2462 4847 sign.
2496 4773 2584 4844 35,
2636 4790 2761 4847 cap.
2795 4775 2848 4843 5,
2879 4773 3050 4847 @187;
3109 4778 3165 4829 et
3207 4773 3340 4831 Ant.
3386 4777 3575 4847 Yepes
3625 4774 3797 4847 Chron.

2192 4848 2344 4897 cent.
2373 4842 2446 4911 ‘6,
2480 4842 2606 4913 cap.
2641 4842 2970 4913 Il,’tom.vv;
3005 4842 3064 4899 S.
3100 4847 3258 4901 Atth.
3306 4842 3504 4901 Sanct.
3535 4842 3798 4899 Antonium

2194 4912 2381 4987 3p_ar,
2416 4916 2502 4968 tit.
2538 4912 2624 4982 l5,
2659 4932 2784 4987 cap.
2840 4914 2991 4987 1⁸7,ίέ
3036 4915 3107 4987 57)
3146 4916 3459 4973 Gononum
3511 4922 3566 4971 et
3609 4912 3796 4968 Surium

2194 4985 2254 5038 in
2283 4984 2410 5059 Vita
2431 4987 2624 5059 sancti
2652 4984 2896 5059 Joannis
2926 4984 3245 5059 G'ualbei‘ti,
3280 4989 3547 5059 aliosque
3572 4988 3798 5059 auctores

2191 5056 2344 5123 apud
2376 5056 2659 5110 Didacum
2689 5057 2760 5111 de
2794 5056 3081 5111 Franchis
3108 5059 3168 5111 in
3199 5051 3425 5113 Hister.
3454 5051 3683 5112 inouast.
3713 5051 3796 5102 Va-

2186 5124 2262 5178 lis
2289 5125 2569 5180 Umbros.
2605 5127 2705 5180 lib.
2741 5145 2819 5181 xx.

2258 5196 2368 5269 (Π)
2389 5196 2497 5251 llic
2526 5197 2634 5269 fuit
2663 5214 2733 5251 ex
2763 5198 3134 5252 nobilissima
3162 5199 3701 5269 Aldobrandinorum
3728 5192 3793 5269 fa-

2183 5267 2363 5332 milia,
2397 5271 2571 5321 tantae
2604 5268 2968 5335 humilitatis,
2995 5273 3057 5323 ut
3078 5285 3391 5325 vaccarum
3432 5267 3726 5325 custodiam
3750 5267 3793 5312 in

2185 5338 2456 5411 emnobio
2488 5338 2763 5411 lihenlerg
2787 5340 3096 5408 acceperit,
3132 5342 3230 5411 qui
3264 5346 3470 5410 postea
3511 5340 3580 5395 ob
3608 5337 3793 5411 illustre

2182 5406 2341 5478 ignis
2364 5410 2697 5482 prodigium
2730 5401 3176 5482 Petrusigneus
3220 5401 3412 5466 dictus
3441 5416 3569 5482 esti:
3624 5401 3790 5481 deinde

2179 5493 2326 5551 vero
2348 5481 2718 5551 renuntiatus
2742 5481 3061 5551 episcopus
3112 5482 3429 5536 cardinalis
3463 5481 3788 5551 AlbanegSISy

2181 5549 2327 5623 etin
2354 5550 2622 5623 catalogo
2661 5545 2990 5623 beatorum,
3040 5552 3153 5623 sub
3205 5552 3294 5608 die
3325 5553 3360 5607 8
3390 5549 3638 5609 Januarii
3666 5545 3789 5623 litigi;-

2177 5620 2352 5747 Lyurlgl.
2371 5610 2607 5749 ganea,
2640 5610 3143 5696 ascriptus.'Vide
3172 5622 3388 5681 Baron.
3420 5623 3493 5680 ad
3509 5637 3632 5688 ann,
3662 5610 3782 5683 1053:

2177 5704 2338 5748 num.
2371 5704 2462 5749 5'1.
3049 5732 3066 5748 .
