3926 6146
152 314 286 379 1013

1405 305 1893 372 DIALOGI.'—
1932 303 2092 370 LIB.
2137 303 2248 370 ΙΙΙ.

3385 314 3549 378 1014

149 521 293 586 peste
320 514 580 581 foedatus,
615 528 688 566 ne
726 510 996 566 Ecclesia
1035 513 1132 564 tua
1163 509 1415 580 amplius
1459 509 1768 579 polluatur,
1798 491 1847 551 Α
1887 506 2190 562 exhortari
2220 507 2580 563 salutaribus
2618 509 2856 565 monitis
2889 513 3282 583 caepissemus
3312 519 3376 571 ut
3407 533 3540 588 quae

146 603 341 674 judicio
362 601 417 656 S.
433 599 783 670 Spiritustui
800 598 1046 654 ostende
1069 598 1378 651 virtutem:
1406 597 1657 651 illaesum
1678 612 1772 650 me

149 706 238 761 per
259 691 402 743 hunc
431 689 623 759 ignem
653 688 909 742 transire
939 686 1216 740 concede.
1252 686 1416 750 Quod
1449 685 1501 738 si
1531 701 1640 739 nos
1675 684 1774 737 fal-

149 780 271 832 lacia
299 779 464 847 pleni,
516 793 691 830 causa
727 776 962 830 invidiae
1008 775 1184 841 ducti,
1220 774 1370 828 hanc
1405 779 1605 827 contra
1639 788 1770 826 eum

150 868 358 920 tulimus
404 865 786 936 quaestionem
813 906 826 933 ,
881 864 1059 918 ardor
1100 863 1276 917 istius
1325 863 1484 934 ignis
1541 876 1630 914 me
1673 863 1772 914 tua

149 956 310 1026 gratia
331 955 664 1008 derelictum
685 956 1010 1007 consumat.
1029 952 1171 1006 Haec
1204 951 1430 1020 dicens,
1469 953 1524 1004 et
1553 951 1772 1004 sanctae

149 1044 320 1097 crucis
349 1058 412 1097 se
442 1042 751 1114 signaculo
783 1041 1074 1108 muniens,
1107 1055 1216 1109 per
1251 1039 1475 1093 medias
1507 1039 1770 1091 ﬂammas

147 1136 450 1185 constanter
475 1131 792 1201 ingressus
825 1132 934 1183 est.
957 1127 1100 1183 Cum
1124 1128 1306 1200 igitur
1331 1127 1588 1198 undique
1612 1127 1774 1180 esset

147 1220 366 1272 ﬂammis
397 1219 812 1286 circumdatus,
839 1219 917 1271 ita
939 1219 1061 1272 ut‘a
1092 1217 1322 1270 nemine
1339 1231 1591 1286 prorsus
1622 1206 1775 1268 vide-

145 1311 298 1376 retur,
346 1311 399 1362 et
430 1323 635 1362 omnes
684 1323 816 1362 eum
849 1315 975 1376 jam
1020 1308 1430 1374 consumptum
1479 1307 1771 1374 putarent,

146 1396 314 1449 subito
343 1412 412 1450 ex
441 1396 552 1449 alia
584 1400 768 1466 parte,
792 1394 1010 1449 Christi
1033 1395 1342 1449 comitante
1361 1393 1569 1464 gratia,
1603 1407 1774 1463 egre-

143 1484 288 1537 diens
319 1484 628 1553 prosilivit,
664 1484 739 1536 ita
772 1485 834 1536 ut
874 1498 990 1537 non
1025 1483 1196 1536 modo
1235 1482 1585 1536 vestimenta
1618 1480 1772 1550 ejus,

143 1573 232 1625 sed
253 1588 319 1626 ne
349 1573 595 1641 capillus
627 1572 865 1642 quidem
893 1571 1079 1626 laesus
1112 1571 1183 1624 ab
1205 1571 1342 1642 igne
1373 1570 1432 1622 in
1463 1569 1658 1639 aliquo
1691 1569 1776 1620 vi-

143 1660 373 1713 deretur.
393 1660 506 1714 Sed
543 1664 606 1714 ut
624 1659 778 1713 idem
810 1659 1170 1713 venerabilis
1197 1660 1287 1711 vir
1313 1661 1516 1727 postea
1547 1656 1774 1710 refere-

141 1749 238 1815 bat,
294 1764 418 1802 cum
464 1764 574 1817 per
620 1748 846 1801 medias
888 1748 1153 1800 ﬂammas
1207 1747 1574 1817 graderetur,
1617 1761 1775 1814 map-

1891 595 2004 649 sibi
2036 596 2499 666 opponebantur,
2534 597 2895 654 conscientia
2913 600 3041 671 jam
3074 603 3310 673 fatente,
3346 606 3542 661 humi-

1885 683 2021 738 liter
2059 685 2452 755 confiteretur,
2485 685 2600 754 ille,
2661 689 2782 740 tum
2828 689 2962 758 quia
2993 690 3261 762 ejusdem
3292 694 3546 751 civitatis

1889 775 2011 826 erat
2064 773 2402 842 episcOpus,
2455 777 2577 828 tum
2635 776 2770 846 quia
2818 776 3006 832 fretus
3054 781 3269 836 auxilio
3310 785 3542 837 comitis

1886 865 2060 915 terrae
2092 863 2300 928 ἱῃτιὶετς,
2323 863 2534 930 plenus
2566 866 2844 934 superbia
2866 868 3101 922 omnino
3133 870 3313 924 verba
3341 875 3545 926 nostra

1889 950 2298 1019 vilipendebat.
2333 952 2446 1004 Sed
2498 968 2630 1006 cum
2685 969 2717 1006 a
2772 955 2944 1009 nobis
2997 959 3054 1010 et
3093 959 3389 1014 acaateris
3447 961 3546 1030 qui

1893 1039 2132 1092 aderant
2161 1039 2460 1108 episcopis
2487 1041 2598 1094 sub
2623 1040 2871 1111 justitiae
2896 1045 3102 1115 regula
3133 1061 3220 1115 se,
3247 1048 3403 1118 quod
3431 1065 3547 1104 non

1894 1129 2258 1198 speraverat,
2293 1129 2620 1200 constringi
2669 1131 3058 1202 conspiceret,
3090 1149 3198 1188 nec
3229 1134 3551 1206 effugiendi

1893 1215 2134 1272 haberet
2177 1217 2490 1285 licentiam,
2527 1233 2744 1289 negare
2775 1220 3150 1288 pertinaciter
3191 1225 3366 1292 cwpit
3396 1227 3553 1296 quod

1893 1311 2023 1361 ante
2055 1307 2152 1359 vix
2171 1305 2370 1360 audire
2389 1306 2762 1376 dignabatur.
2783 1306 3045 1378 Cumque
3067 1311 3250 1365 verba
3269 1314 3552 1380 produce-

1889 1400 2094 1451 rentur
2123 1396 2179 1448 in
2213 1395 2476 1465 longum,
2511 1399 2566 1449 et
2595 1396 2912 1449 maximum
2943 1398 3056 1450 diei
3101 1400 3354 1467 spatium
3385 1406 3552 1457 esset

1891 1487 2324 1553 consumptum,
2359 1488 2414 1536 et
2443 1483 2540 1537 ille
2581 1484 2963 1538 nihilominus
2995 1487 3051 1538 in
3080 1503 3190 1541 sua
3227 1489 3550 1558 pertinacia

1889 1571 2159 1642 negando
2209 1570 2557 1638 persisteret
2604 1569 2798 1639 homo,
2833 1585 2966 1624 eum
2997 1588 3129 1626 cum
3187 1576 3418 1630 caeteris
3451 1577 3552 1647 qui

1889 1660 2131 1714 aderant
2161 1658 2464 1728 religiosis
2498 1658 2796 1726 episcOpis
2828 1659 3000 1713 nobis
3045 1661 3318 1731 adjurare
3354 1665 3550 1720 visum

1889 1747 1998 1802 fuit
2028 1751 2085 1800 et
2113 1751 2296 1800 totum
2319 1744 2608 1816 judicium
2626 1747 2685 1800 in
2717 1748 3057 1803 ostensione
3077 1750 3331 1819 Spiritus
3361 1754 3551 1808 sancti

141 1836 257 1905 pula
299 1837 404 1905 (78)
433 1837 504 1890 de
538 1851 717 1890 manu
748 1835 880 1906 ejus
914 1835 1142 1889 cecidit.
1177 1834 1438 1905 Cumque
1471 1834 1596 1904 jam
1628 1849 1777 1903 pene
1810 1855 1862 1917 Β
1891 1835 2272 1891 committere.
2307 1835 2367 1887 In
2400 1835 2652 1902 nomine,
2694 1835 2952 1905 inquam,
3010 1838 3202 1892 Patris
3235 1844 3291 1894 et
3337 1841 3470 1896 Filii
3497 1844 3556 1898 et

141 1923 496 1994 egrederetur
511 1938 589 1977 ex
620 1923 777 1993 igne,
797 1922 942 1975 vidit
975 1937 1040 1976 se
1070 1922 1400 1991 mappulam
1425 1921 1482 1974 in
1505 1920 1776 1974 manibus

139 2026 238 2065 non
266 2016 520 2081 gestare,
547 2027 636 2080 ac,
661 2011 936 2081 inignem
966 2010 1082 2064 sibi
1113 2025 1240 2064 eam
1259 2009 1550 2064 cecidisse
1584 2008 1778 2063 consi-

139 2101 349 2168 derans,
381 2115 490 2169 per
518 2100 749 2152 medias
785 2100 993 2153 iterum
1037 2099 1304 2152 ﬂammas
1343 2100 1680 2165 revertitur,
1723 2099 1780 2151 et

139 2204 319 2242 secum
339 2189 672 2258 mappulam
691 2187 1008 2242 extrahens
1028 2187 1363 2256 reportavit.
1387 2187 1776 2253 Tunc_omnes

137 2277 222 2348 qui
251 2277 500 2345 aderant,
539 2277 672 2330 viso
701 2279 816 2330 tam
846 2277 1121 2341 maximo,
1156 2279 1274 2328 tam
1301 2274 1778 2344 obstupescendo

138 2366 396 2419 miraculo
428 2365 568 2434 ('79),
601 2366 924 2419 immensas
957 2365 1078 2418 Deo
1105 2364 1330 2434 gratias
1351 2366 1618 2434 agentes,
1644 2378 1781 2416 mox

138 2453 349 2508 diversa
378 2469 520 2524 pars
555 2469 670 2506 una
700 2451 925 2522 effecta,
968 2452 1276 2521 praefatum
1318 2453 1663 2522 episcopum
1709 2451 1780 2505 de

138 2543 368 2597 ecclesia
386 2543 617 2612 pellunt
642 2557 652 2596 :
679 2545 778 2612 qui
812 2544 1017 2611 postea
1041 2541 1152 2610 (80)
1176 2541 1513 2609 pcenitentia
1544 2541 1777 2607 ductus,

137 2634 330 2685 mutata
359 2635 552 2698 veste,
587 2631 699 2684 sub
723 2633 943 2684 sanctae
975 2630 1444 2684 conversationis
1474 2628 1679 2700 regula
1696 2643 1783 2682 re-

136 2721 385 2791 ligiosam
418 2735 605 2790 agere
633 2719 810 2772 vitam
840 2719 1009 2774 visus
1041 2722 1149 2772 ost.
1493 2723 1499 2729 ’

204 2808 569 2879 ΤὴθορΙιίΙιιε.
605 2809 681 2861 Ut
709 2807 959 2862 laetando
982 2808 1184 2876 miror,
1218 2811 1275 2862 et
1303 2807 1567 2862 mirando
1593 2806 1780 2877 laetor,

137 2914 236 2966 quo
276 2897 701 2952 mediocritatis
743 2899 963 2950 nostrae
1001 2892 1262 2965 tempore
1296 2896 1440 2949 illud
1481 2897 1783 2965 antiquum

138 2991 186 3039 et
229 2986 557 3056 gloriosum
597 2985 771 3038 trium
805 2999 1122 3053 puerorum
1153 2985 1496 3038 miraculum
1532 2985 1781 3051 intueor,

138 3091 252 3128 cum
281 3075 350 3128 de
380 3074 615 3128 camino
649 3073 956 3127 aestuantis
986 3073 1241 3126 incendii
1272 3073 1563 3143 integriet
1595 3073 1786 3127 incor-

136 3164 270 3232 rupti
297 3166 415 3217 toto
449 3177 704 3231 corpore
732 3161 1097 3230 prodierunt.

197 3252 570 3306 Desiderius.
592 3249 962 3304 Venerabilis
976 3249 1300 3320 Gregorius
1321 3250 1670 3321 papa,cujus
1686 3266 1784 3304 su-

137 3343 322 3410 perius
355 3339 704 3394 memoriam
736 3338 868 3405 feci,
905 3337 1042 3408 quid
1075 3340 1276 3392 contra
1306 3339 1567 3393 eamdem
1598 3339 1783 3393 Simo-

135 3431 346 3484 niacam
376 3427 684 3496 haeresim,
719 3442 786 3480 se
816 3431 1134 3495 praesente,
1169 3426 1452 3480 Dominus
1472 3428 1786 3482 ostendere

136 3519 302 3572 voluit
332 3533 497 3587 saepe
542 3516 682 3569 mihi
730 3515 941 3570 solitus
986 3521 1078 3569 est
1109 3515 1354 3569 referre.
1389 3517 1531 3570 Cum
1563 3532 1782 3585 essem,

135 3607 323 3677 inquit,
357 3605 786 3673 subdiaconus,
821 3608 877 3658 et
904 3620 936 3657 a
980 3604 1166 3658 beatae
1206 3605 1504 3659 memoriae
1555 3605 1786 3660 Victore

137 3695 302 3766 hujus
351 3694 701 3766 apostolica:
758 3693 920 3747 sedis
961 3693 1237 3762 pontifice
1272 3692 1332 3746 in
1381 3693 1625 3747 Galliam
1681 3711 1786 3763 pro

137 3783 554 3838 ecclesiasticis
576 3781 832 3853 negotiis
851 3781 1238 3835 discutiendis
1263 3796 1461 3836 essem
1480 3783 1787 3836 transmis-

136 3888 250 3942 sus,
285 3889 444 3928 curae
477 3871 642 3938 mihi,
668 3870 776 3924 fuit
796 3870 1208 3939 episcoporum
1240 3885 1566 3924 convocare
1594 3871 1789 3923 conci-

136 3961 283 4028 lium,
306 3965 368 4015 ut
388 3961 512 4014 illis
537 3975 734 4014 coram
754 3959 968 4027 positis
991 3958 1061 4012 de
1085 3958 1511 4012 ecclesiasticis
1534 3958 1789 4029 negotiis

133 4052 534 4104 tractaremus.
571 4048 635 4101 In
658 4047 860 4101 eadem
878 4062 1020 4101 vero
1045 4047 1275 4100 civitate
1307 4047 1365 4100 in
1388 4063 1500 4117 qua
1525 4047 1790 4116 synodus

135 4138 426 4208 agebatur,
462 4136 783 4206 episcopus
817 4137 941 4188 erat
968 4134 1068 4204 qui
1098 4135 1286 4203 pretio
1319 4134 1600 4188 honorem
1633 4149 1789 4186 com-

138 4242 375 4294 parasse
430 4225 809 4295 episcOpatus
853 4238 887 4276 a
923 4223 1123 4276 multis
1165 4221 1573 4277 infamabatur.
1608 4222 1794 4292 Igitur

135 4320 369 4369 vocatus
401 4314 724 4384 episcopus
747 4311 1008 4380 venit‘ad
1031 4311 1306 4364 medium.
1336 4312 1480 4366 Cum
1498 4327 1641 4382 ergo
1660 4325 1793 4364 eum

197 4455 304 4524 (78)
335 4453 670 4526 Mappulam
715 4453 868 4526 Ordo
903 4454 1212 4526 Romanus
1243 4453 1512 4526 appellat,
1565 4469 1679 4524 qua
1709 4453 1794 4526 pi-

134 4522 264 4578 tuita
287 4522 626 4591 oculorum,
677 4525 905 4577 narium
937 4528 991 4578 et
1031 4523 1158 4594 oris
1183 4522 1637 4594 detergebatur;
1671 4522 1788 4587 alii,

137 4597 432 4650 sudarium
465 4599 521 4650 et
561 4595 853 4665 cingulum
884 4593 1210 4648 brachia/9.

201 4668 308 4734 ('79)
332 4666 594 4736 Contigit
616 4666 728 4718 hoc
750 4666 1105 4736 prodigium,
1132 4680 1259 4727 seu,
1285 4668 1346 4720 ut
1366 4665 1562 4734 potius
1581 4665 1791 4732 dicam,

141 4735 880 4807 Babyloniam’miraculum
903 4735 1301 4804 praesentibus
1326 4736 1598 4789 omnibus
1631 4737 1797 4789 cleri-

138 4808 219 4860 cis
250 4806 304 4862 et
332 4809 506 4862 laicis
529 4808 852 4876 promiscui
876 4822 1059 4860 sexus
1092 4810 1146 4858 et
1186 4807 1374 4861 aetatis
1407 4806 1529 4860 fere
1561 4807 1634 4860 ad
1665 4811 1796 4860 octo

135 4878 304 4932 millia
337 4880 397 4932 in
429 4877 786 4946 Septimiano
831 4877 1100 4930 coenobio
1143 4879 1343 4946 quinto
1377 4878 1448 4930 ab
1483 4878 1626 4930 urbe
1660 4877 1797 4930 Flo—

137 4951 355 5002 rentina
411 4949 660 5002 milliaro
705 4949 978 5012 distante,
1022 4963 1173 5000 anno
1216 4949 1448 5002 Domini
1501 4948 1655 5014 1063,
1703 4949 1797 5000 die

135 5017 197 5072 16
227 5019 426 5090 Febr.,
453 5021 659 5090 quarta
678 5018 915 5090 feriain
946 5019 1132 5090 prima
1149 5018 1514 5090 hebdomade
1543 5017 1800 5090 Quadra-

138 5089 418 5156 gesimaa.
451 5089 713 5144 Meminit
747 5089 928 5158 hujus
975 5089 1110 5142 facti
1161 5090 1371 5143 Baron.
1406 5089 1460 5140 in
1497 5089 1703 5141 Annal.
1738 5089 1793 5141 d.

139 5176 289 5227 ann.,
311 5161 422 5215 sed
453 5161 678 5230 prolixe
696 5165 968 5213 narratur
996 5160 1052 5211 in
1087 5159 1214 5213 Vita
1245 5160 1304 5213 S.
1341 5160 1586 5230 Joannis
1618 5159 1800 5213 Gual-

135 5230 304 5300 berti;
353 5235 414 5284 et
442 5229 501 5285 in
548 5231 770 5284 Thoma
814 5231 984 5284 Bozio
1033 5231 1115 5282 De
1167 5231 1360 5301 signis
1393 5229 1529 5282 Ecc.
1578 5230 1677 5283 lib.
1718 5247 1795 5299 Ix,

137 5303 287 5371 sign.
312 5301 532 5371 35.cap.
559 5303 610 5354 5.
629 5301 717 5354 Ad
733 5302 942 5354 laevam
958 5300 1202 5370 majoris
1221 5300 1493 5355 ecclesiae
1509 5303 1802 5354 monaste-

138 5373 205 5423 rii
224 5373 541 5441 inspicitur
555 5373 724 5426 locus
739 5388 853 5442 quo
870 5372 1080 5443 Petrus
1100 5388 1204 5440 per
1221 5373 1418 5443 ignem
1433 5372 1660 5425 illaasus
1679 5387 1802 5443 per-

138 5445 395 5512 transiit,
416 5443 610 5513 ibique
632 5443 979 5496 adfuturam
1009 5442 1143 5495 facti
1174 5442 1803 5513 memoriamnonnulli

141 5528 353 5585 versus
381 5511 550 5568 incisi
581 5514 878 5585 leguntur;
899 5514 1035 5581 imo,
1061 5514 1325 5568 mirabile
1344 5511 1530 5566 dictu!
1567 5530 1638 5567 ex
1656 5530 1805 5584 prae-

139 5582 291 5656 dicto
324 5584 456 5638 loco
507 5582 722 5639 tantam
770 5585 971 5639 odoris
1017 5585 1396 5656 fragrantiam
1427 5582 1703 5639 emanare
1733 5585 1805 5639 ad

138 5652 266 5712 haec
298 5671 489 5729 usque
521 5659 788 5730 tempora
816 5652 1401 5714 testantur'monachi
1432 5656 1490 5711 in
1521 5657 1806 5728 praedicto

1820 4567 1873 4629 D

1890 1925 2147 1994 Spiritus
2170 1923 2380 1991 sancti,
2409 1922 2584 1993 cujus
2615 1922 2832 1976 donum
2861 1924 3068 1994 gratiae
3097 1929 3153 1980 te
3171 1942 3554 1998 comparasse

1891 2014 2244 2078 audivimus,
2277 2015 2340 2066 ut
2370 2010 2551 2082 hujus
2581 2012 2669 2065 rei
2708 2013 2882 2066 nobis
2911 2015 3215 2069 veritatem
3246 2016 3553 2074 edisseras

1893 2101 2258 2173 adjuramus.
2292 2099 2458 2164 Quod
2507 2099 2558 2152 si
2607 2100 2880 2169 amplius,
2929 2106 2990 2155 ut
3033 2104 3286 2174 coepisti,
3333 2120 3554 2178 negare

1895 2189 2236 2257 tentaveris,
2260 2187 2541 2258 Spiritum
2563 2191 2850 2258 sanctum,
2877 2189 3082 2260 donec,
3100 2208 3230 2261 quae
3252 2209 3395 2249 vera
3417 2200 3556 2250 sunt

1894 2276 2563 2346 conﬁtearis,nominare
2582 2291 2700 2330 non
2715 2277 2936 2332 valeas.
2952 2277 3557 2352 Quiepiscopus,cum

1894 2367 2126 2422 abunde
2157 2365 2441 2435 eloquens
2498 2367 2680 2433 esset,
2733 2367 2790 2418 et
2834 2380 2868 2418 a
2897 2366 3071 2419 nobis
3117 2372 3464 2425 exoraretur
3492 2374 3556 2426 ut

1893 2456 2172 2526 Spiritum
2224 2455 2492 2507 sanctum
2545 2451 2890 2520 nominaret,
2940 2454 3173 2508 Patrem
3208 2456 3444 2526 quidem
3498 2461 3556 2514 et

1894 2543 2103 2599 Filium
2133 2544 2280 2596 satis
2298 2542 2520 2595 diserte
2551 2541 2908 2610 nominabat,
2932 2541 3214 2612 Spiritum
3246 2561 3387 2601 vero
3420 2563 3555 2601 san-

1894 2636 2050 2687 ctum
2081 2631 2295 2685 mirum
2325 2630 2384 2682 in
2405 2629 2642 2684 modum
2665 2630 2967 2685 nominare
2997 2632 3156 2686 nullo
3186 2634 3360 2688 modo
3392 2639 3556 2705 pote-

1893 2724 2003 2775 rat.
2057 2721 2219 2798 Tunc
2251 2719 2524 2774 omnibus
2557 2718 2658 2788 qui
2688 2717 2930 2772 aderant
2958 2719 3088 2774 luce
3125 2720 3344 2777 clarius
3375 2725 3560 2793 patuit

1894 2810 2050 2880 quod
2081 2809 2364 2863 honorem
2395 2807 2771 2878 episcopatus
2803 2808 2936 2862 dato
2966 2810 3153 2878 pretio
3185 2816 3423 2882 emerat,
3457 2815 3559 2885 qui

1893 2899 2150 2952 monnisi
2179 2898 2434 2966 Spiritus
2466 2897 2656 2950 sancti
2703 2897 2892 2966 gratia
2931 2898 3216 2968 largiente
3255 2900 3554 2956 tribuitur.

1894 2987 2056 3039 Tunc
2087 2987 2338 3056 Spiritus
2363 2985 2550 3038 sancti
2570 2984 2778 3038 virtute
2804 2986 3180 3040 tremefactus
3211 2988 3556 3060 episcopus,

1893 3075 2194 3128 humiliter
2223 3089 2422 3128 coram
2442 3073 2716 3126 omnibus
2739 3073 3004 3127 confiteri
3027 3077 3268 3128 coactus
3287 3079 3377 3129 est
3399 3078 3556 3146 quod

1818 3201 1872 3273 Ο
1894 3167 2045 3230 ante,
2067 3163 2302 3215 inflatus
2326 3161 2604 3230 superbia
2620 3161 2744 3227 Dei,
2769 3161 2975 3214 timore
3005 3163 3334 3231 postposito
3348 3180 3556 3233 proca-

1900 3251 2038 3273 -.‘A---
2069 3265 2284 3273 _......-....
2317 3251 2778 3273 ....,...,ε.-Μ.Α.-.Λ.υιι

1895 3251 2038 3305 citer
2069 3265 2286 3321 negare
2317 3251 2798 3318 praesumpserat.
3598 3306 3606 3312 _

1975 3337 2350 3409 Theophilus.
2407 3335 2552 3390 Cum
2604 3338 2792 3404 Pater,
2845 3339 2900 3390 et
2943 3336 3146 3406 Filius,
3197 3342 3254 3393 et
3301 3339 3556 3410 Spiritus

1896 3431 2141 3482 sanctus
2191 3442 2371 3480 unum
2431 3425 2566 3490 sint,
2617 3441 2726 3478 nec
2767 3423 2924 3478 aliud
2964 3425 3034 3479 de
3090 3426 3266 3481 Patre
3323 3432 3380 3482 et
3410 3429 3557 3485 Filio

1897 3533 2070 3587 quam
2102 3516 2172 3570 de
2203 3515 2424 3583 Spiritu
2454 3516 2657 3568 sancto
2693 3516 2913 3568 sentire
2949 3513 3040 3567 fas
3071 3517 3182 3581 est,
3219 3531 3324 3569 cur
3352 3517 3413 3571 in
3443 3519 3557 3572 Pa-

1896 3607 2004 3660 tris
2036 3609 2091 3659 et
2149 3603 2279 3657 Filii
2331 3602 2637 3657 vocabulis
2676 3602 3053 3672 proferendis
3095 3603 3344 3658 solutam
3386 3610 3561 3677 atque

1898 3695 2197 3758 disertam,
2225 3693 2283 3744 in
2301 3691 2430 3746 solo
2459 3707 2602 3745 vero
2622 3691 2875 3760 Spiritus
2899 3691 3087 3746 sancti
3111 3693 3365 3763 nomine,
3390 3698 3562 3765 quasi

1897 3781 2278 3854 praecellenti,
2307 3780 2569 3850 linguam
2590 3783 2806 3834 mutam
2838 3784 2893 3834 et
2916 3781 3152 3834 omnino
3174 3781 3378 3836 habuit
3398 3785 3560 3838 colli-

1899 3871 2132 3942 gatam?
2159 3867 2292 3937 (81).

1972 3956 2346 4012 Desiderius.
2381 3955 2552 4008 Justo
2584 3955 2689 4008 Dei
2715 3954 2942 4026 judicio
2975 3957 3220 4027 contigit
3242 3961 3303 4012 ut
3332 3959 3432 4028 qui
3463 3961 3565 4014 do-

1900 4061 2040 4100 num
2071 4044 2324 4113 Spiritus
2359 4042 2547 4095 sancti
2579 4043 2805 4112 gratiaa,
2829 4044 2986 4113 quod
3019 4045 3203 4114 gratis
3227 4051 3282 4099 et
3311 4047 3482 4101 datur
3510 4053 3567 4104 et

1901 4133 2203 4202 accipitur,
2238 4132 2438 4201 lingua
2465 4131 2774 4199 placitante
2805 4137 3104 4186 mercatus
3138 4136 3247 4198 est,
3281 4135 3340 4188 in
3370 4137 3568 4206 profe-

1899 4222 2084 4276 rendo
2115 4220 2371 4289 Spiritus
2404 4218 2590 4272 sancti
2627 4219 2912 4274 vocabulo
2942 4221 3279 4288 specialiter
3306 4222 3418 4290 (8'2)
3449 4224 3563 4278 lin-

1901 4327 2036 4383 guae
2068 4309 2327 4364 ofﬁcium
2358 4323 2474 4362 non
2509 4307 2770 4360 haberet.

1903 4452 2174 4532 coenobio
2208 4451 2662 4532 Commorantes,
2695 4447 2754 4502 in
2777 4447 3013 4532 signum
3045 4448 3430 4532 miraculique
3453 4452 3568 4532 evi:

1903 4524 2177 4591 dentiam,
2212 4525 2273 4574 ut
2326 4535 2532 4593 omnes
2563 4535 2711 4589 pene
2760 4520 3046 4573 mirentur
3083 4520 3154 4574 de
3191 4524 3305 4574 tam
3341 4520 3567 4593 ingenti

1905 4595 2104 4649 odoris
2138 4594 2424 4646 suavitate
2457 4591 2747 4660 dispersa.

1976 4666 2088 4733 (80)
2121 4664 2282 4717 Adeo
2315 4677 2484 4731 aequo
2517 4662 2708 4716 animo
2758 4661 2971 4716 Petrus
3010 4661 3410 4732 justissimam
3443 4664 3572 4718 tulit

1906 4736 2278 4802 sententiam,
2331 4739 2392 4787 ut
2451 4735 2622 4786 etiam
2681 4737 2892 4787 tonsus
2951 4734 3098 4787 intra
3149 4734 3571 4802 Septimianum

1907 4807 2227 4861 claustrum
2252 4805 2505 4858 voluerit
2527 4807 2702 4858 vitam
2720 4805 3102 4858 monasticam
3136 4804 3572 4872 proﬁteri.\’ide

1908 4878 2041 4930 abb.
2065 4875 2380 4946 Ughellum
2405 4891 2707 4928 sacrarum
2730 4875 3106 4929 historiarum
3139 4874 3450 4946 excellenti
3475 4890 3568 4929 co-

1954 4945 2170 5001 nition’e
2193 4963 2259 4999 ac.
2287 4946 2496 5016 peritia
2520 4946 2816 5016 insignem
2849 4947 2905 4998 in
2935 4961 3043 4999 sua
3067 4945 3224 4999 Italia
3248 4961 3393 5016 sac.,
3427 4949 3570 5001 tom.

1940 5020 2005 5084 ll,
2042 5021 2098 5070 in
2130 5019 2314 5086 episc.
2350 5015 2605 5069 Floreat.

1982 5088 2093 5158 (81)
2127 5085 2270 5140 Vide
2317 5088 2507 5140 Baron
2540 5091 2677 5141 tom.
2710 5087 2801 5151 ΧΙ,
2836 5101 2937 5158 an.
2973 5087 3136 5158 Dom,
3185 5085 3342 5158 1955,
3387 5104 3446 5141 n.
3482 5087 3571 5157 17,

1912 5156 2004 5213 cui
2034 5156 2305 5230 prodigio
2339 5158 2597 5211 interfuit
2629 5159 2799 5211 etiam
2834 5157 3005 5227 Hugo
3036 5157 3170 5210 abb.
3204 5156 3465 5230 Cluniae.

1983 5229 2094 5299 (8‘2)
2129 5231 2350 5283 Idcirco
2382 5230 2635 5298 Spiritus
2655 5231 2897 5299 sanctus
2926 5244 3038 5280 non
3063 5229 3246 5299 potuit
3271 5229 3523 5297 exprimi
3542 5246 3575 5283 a

1911 5298 2265 5367 Simoniaco,
2300 5300 2436 5370 quia
2491 5300 2542 5352 ei
2586 5298 3004 5368 apprOpiantur
3043 5298 3193 5370 dona
3243 5301 3472 5368 gratiae,
3516 5301 3576 5354 in

1954 5390 2042 5426 uae
2058 5369 2429 5426 Simoniacus
2461 5373 2550 5422 est
2575 5370 2904 5438 injuriosus
2935 5369 3198 5422 vendens
3219 5370 3336 5423 illa.
3363 5371 3452 5423 Ex
3467 5372 3578 5424 hoc

1954 5390 2042 5426 υω
2058 5389 2429 5426 διηῑοηιθουε
2461 5389 2550 5422 Θὸῐ
2575 5389 2904 5438 ιηδυωοδιιδ
2935 5389 3198 5422 νϐιωθῐιε
3219 5389 3336 5423 ma.
3363 5389 3452 5423 LX
3469 5389 3578 5424 HOC

1910 5389 2254 5512 giscantqui
2270 5441 2691 5512 pel-pecuniam
2716 5441 2786 5512 ad
2801 5439 3116 5510 dignitates
3134 5442 3578 5512 ecclesiasticas

1908 5511 2263 5584 provecti’in
2295 5511 2509 5584 templo
2535 5511 2639 5565 Dei
2670 5511 2897 5584 sedent,
2932 5527 3105 5584 quam
3128 5511 3371 5584 fiedum,
3404 5527 3578 5584 quam

1910 5581 2170 5654 enorme,
2225 5598 2399 5654 quam
2434 5581 2797 5654 horrendum
2828 5581 2905 5654 sit
2935 5583 3212 5636 Simoniee
3244 5581 3573 5654 flagitium:

1909 5651 2282 5718 meminerint
2310 5653 2504 5711 omnia
2544 5652 2790 5709 crimina
2829 5651 2904 5708 ad
2941 5651 3439 5726 comparationem
3482 5651 3576 5706 Si-
