3926 6146
382 255 540 318 1015

456 452 719 509 Alterius
748 454 935 509 abbas
965 454 1310 508 monasterii
1340 452 1572 507 Sanctae
1602 452 1904 506 Trinitatis
1936 434 2124 523 (83)Α

383 544 457 597 ab
492 544 622 613 ipso
653 545 712 597 in
741 544 921 597 latere
952 543 1170 596 montis
1200 542 1490 609 aedificati,
1523 543 1623 612 qui
1666 542 1814 595 inter
1841 542 2040 596 Saler-

388 632 646 686 nitanam
673 636 730 686 et
750 631 1217 701 Amalphitanam
1247 631 1515 685 civitates
1546 631 1853 699 praeminet
1876 633 2045 701 mari,

387 722 610 775 exstitit
646 738 655 774 :
694 720 868 791 cujus
900 720 1238 790 religiosam
1268 735 1336 773 ac
1378 720 1497 773 Deo
1530 719 1839 773 amabilem
1869 721 2048 773 vitam

385 814 441 864 et
462 810 600 885 ipse
632 825 705 863 ex
753 811 917 878 parte
950 809 1089 877 vidi,
1135 809 1232 878 qui
1265 809 1417 877 apud
1464 823 1596 861 eum
1630 808 2049 877 aliquantulum

386 898 751 951 familiariter
782 898 990 963 mansi,
1017 901 1071 950 et
1093 897 1223 950 aliis
1246 896 1639 950 referentibus
1663 898 1903 966 agnovi.
1938 897 2049 949 Mi-

384 986 649 1040 raculum
680 1002 819 1039 vero
852 986 1006 1055 quod
1048 985 1244 1037 divina
1280 985 1468 1038 virtus
1510 985 1570 1038 in
1602 999 1671 1037 eo
1703 986 1934 1053 cperari
1966 985 2050 1038 di-

387 1078 564 1146 gnata
593 1077 703 1141 est,
725 1075 996 1144 quodque
1027 1090 1059 1126 a
1090 1072 1542 1143 quamplurimis
1586 1073 1783 1139 didici,
1818 1090 2051 1143 aequum

389 1167 482 1216 est
504 1163 738 1217 silentio
761 1177 878 1216 non
896 1162 1171 1215 transire.
1215 1161 1479 1230 Denique
1508 1161 1646 1214 dum
1678 1162 1927 1231 quadam
1949 1178 2054 1232 pro

294 1252 303 1255 “
383 1252 630 1306 utilitate
658 1251 1003 1304 monasterii
1034 1250 1459 1304 Salernitanam
1487 1251 1696 1304 urbem
1728 1251 1915 1304 adiret
1948 1266 2054 1321 per

386 1341 539 1393 viam
568 1340 804 1408 praecisi
839 1339 1052 1393 montis
1088 1338 1387 1418 gradiens,
1422 1338 1702 1392 deorsum
1738 1354 1869 1392 cum
1899 1354 2052 1409 equo

386 1444 502 1499 quo
532 1428 777 1483 sedebat
806 1443 912 1496 per
942 1427 1190 1480 immane
1211 1426 1602 1496 praecipitium
1626 1426 1871 1481 cecidit:
1896 1428 2053 1498 quod

384 1519 543 1571 tanta
573 1516 873 1571 altitudine
899 1517 1044 1570 mari
1074 1515 1430 1585 superjacet,
1456 1518 1517 1569 ut
1544 1515 1968 1586 quinquaginta
1998 1519 2055 1570 et

386 1620 454 1661 eo
471 1606 722 1675 amplius
744 1621 963 1674 passus
986 1605 1047 1659 in
1068 1605 1249 1658 altum
1270 1604 1554 1672 praetendi
1576 1604 1869 1658 videatur.
1906 1604 2054 1658 Dum

385 1696 566 1768 igitur
624 1694 723 1765 qui
784 1709 915 1747 cum
963 1710 1030 1747 eo
1086 1694 1412 1763 pergebant
1469 1693 1631 1747 illum
1688 1693 1817 1747 sine
1873 1693 2050 1747 dubio

386 1784 740 1839 exstinctum
772 1785 1064 1851 putarent,
1096 1782 1340 1835 nimium
1370 1782 1573 1835 tristes
1607 1783 1663 1835 et
1692 1782 1921 1851 flentes,
1946 1796 2123 1869 ρει-Β

387 1873 681 1945 quoddam
728 1871 1138 1924 diverticulum
1181 1871 1253 1923 ad
1303 1885 1482 1937 mare,
1533 1870 1587 1923 si
1631 1870 1841 1923 saltem
1889 1870 2052 1924 illum

388 1962 586 2032 aliquo
618 1960 791 2013 modo
818 1959 1083 2012 invenire
1115 1961 1367 2027 possent
1407 1962 1469 2011 ut
1499 1958 1819 2027 sepulturae
1860 1959 2052 2012 trade-

387 2052 537 2116 rent,
563 2048 927 2115 descendere
947 2052 1320 2101 curaverunt.
1341 2046 1484 2099 Cum
1509 2051 1698 2100 autem
1725 2047 1835 2101 sub
1853 2047 2051 2100 radice

388 2137 627 2204 montis,
661 2136 1056 2205 mollesjuxta
1087 2135 1248 2189 littus
1280 2135 1459 2188 maris
1492 2136 1786 2189 calcantes
1813 2151 2046 2202 arenas,

388 2227 741 2280 festinanter
771 2225 841 2278 ad
874 2224 1065 2279 locum
1096 2238 1212 2293 quo
1259 2224 1551 2277 ceciderat
1599 2227 1939 2295 pergerent,
1972 2223 2054 2276 in-

388 2316 677 2368 venerunt
722 2328 853 2366 eum
904 2313 961 2365 in
992 2312 1086 2365 via
1136 2328 1343 2365 sanum
1391 2315 1447 2365 et
1476 2312 1848 2379 incolumem,
1900 2328 2050 2382 equo

388 2420 522 2457 cum
552 2419 666 2473 quo
701 2402 996 2455 ceciderat
1042 2401 1416 2467 incidentem,
1456 2401 1766 2455 Salernum
1796 2416 2050 2470 propere

384 2494 575 2561 coepto
626 2491 833 2544 itinere
885 2490 1145 2543 tendere.
1191 2489 1451 2559 Cumque
1494 2490 1594 2557 illi,
1631 2489 2047 2558 obstupefacti,

382 2580 632 2650 qualiter
680 2596 776 2632 res
828 2579 1131 2632 evenisset
1171 2578 1407 2632 omnino
1453 2578 1763 2649 nequirent
1804 2593 2049 2647 perpen-

379 2669 539 2733 dere,
578 2670 881 2736 coeperunt
917 2667 1034 2720 Deo
1059 2667 1282 2737 gratias
1316 2682 1514 2736 agere,
1552 2681 1849 2736 vocesque
1879 2666 2048 2736 quasi

380 2756 798 2810 tumultuantes
845 2755 903 2806 in
954 2756 1134 2807 altum
1176 2755 1372 2807 levare
1404 2753 1520 2807 Sed
1562 2754 1633 2806 ab
1664 2755 1763 2807 illo
1808 2756 2049 2821 repente

384 2844 715 2913 compressi
738 2845 1096 2911 praeceptum
1121 2843 1360 2895 audiunt
1395 2857 1406 2896 :
1441 2842 1501 2894 Si
1530 2843 1698 2907 meis,
1727 2842 1932 2911 inquit,
1956 2841 2052 2893 be-

384 2931 820 2986 nedictionibus
846 2930 958 2984 frui
982 2931 1181 2997 vultis,
1208 2930 1655 3000 nulli,quandiu,
1681 2930 2047 3000 vixero,quae

382 3036 453 3074 ex
484 3037 576 3074 me
610 3020 846 3073 vidistis
881 3019 1111 3073 dicatis.

453 3110 681 3161 Dicitur
712 3109 882 3161 etiam
934 3108 1005 3161 de
1057 3108 1155 3162 illo
1188 3108 1343 3177 Quod
1391 3111 1683 3162 mortuum
1714 3108 2045 3162 suscitave-

380 3198 485 3263 rit;
520 3198 677 3267 quod
708 3197 983 3250 videlicet
1015 3197 1132 3249 illis
1182 3156 1281 3266 qui
1313 3212 1445 3249 cum
1478 3196 1727 3265 ejusque
1767 3196 1946 3249 vitam
1975 3197 2047 3250 ad
2074 3156 2129 3226 ο

379 3285 665 3356 liquidum
699 3288 990 3338 noverunt
1020 3284 1368 3337 incredibile
1406 3284 1642 3337 minime
1686 3284 1937 3337 videtur.

449 3373 564 3441 (84)
610 3374 730 3427 Leo
782 3373 989 3441 abbas,
1036 3372 1137 3441 qui
1181 3372 1235 3424 ei
1277 3372 1335 3424 in
1381 3372 1724 3425 monasterii
1759 3372 2045 3442 regimine

380 3462 697 3529 successit,
732 3461 844 3514 sub
869 3460 1002 3529 ejus
1035 3459 1377 3529 magisterio
1400 3459 1685 3513 educatus
1712 3458 1843 3529 ejus
1865 3460 1923 3514 in
1943 3461 2046 3515 ob-

380 3548 588 3619 sequio
612 3548 1023 3616 praepositurae
1052 3546 1311 3599 officium
1343 3561 1581 3616 gerens,
1606 3547 1706 3616 qui
1727 3563 1850 3616 prae
1880 3551 2047 3602 caete-

379 3638 466 3690 ris
495 3635 778 3688 fratribus
811 3634 865 3689 ei
898 3634 1263 3687 familiariter
1292 3634 1652 3701 adhaerebat,
1687 3651 1874 3705 nuper
1903 3636 2046 3690 mihi

380 3724 580 3778 retulit
624 3723 761 3792 quia
806 3722 1060 3793 quodam
1118 3728 1379 3793 tempore
1430 3724 1758 3778 saeculares
1799 3725 1932 3794 viri,
1983 3728 2046 3778 ut

380 3814 514 3884 ejus
559 3810 922 3866 orationibus
962 3811 1287 3880 fuerentur,
1343 3812 1698 3867 visitationis
1744 3815 1935 3885 gratia
1970 3814 2044 3868 ad

379 3904 577 3972 ipsum
600 3903 907 3954 venerunt.
932 3899 1160 3963 Quibus
1190 3902 1325 3969 post
1355 3901 1740 3971 spiritualem,
1776 3917 2045 3973 corpora-

378 3991 495 4045 lem
524 3990 695 4043 etiam
726 3988 857 4058 ejus
888 3987 1270 4042 refectionem
1293 3988 1562 4058 praebere
1594 3990 1858 4059 cupiens,
1892 4007 2044 4061 prae-

380 4080 497 4132 fato
530 4078 731 4143 Leoni,
766 4093 874 4130 suo
908 4076 1178 4130 videlicet
1200 4078 1539 4146 praeposito,
1566 4080 2045 4148 praeecpitchari-

380 4167 517 4221 tatis
550 4181 729 4220 causa
761 4181 1024 4219 mensam
1052 4166 1141 4218 eis
1164 4181 1455 4235 apponere
1487 4169 1541 4219 et
1564 4167 1870 4236 prandium
1900 4184 2043 4237 prae-

378 4272 605 4325 parare.
642 4254 749 4318 Qui
782 4255 924 4307 nihil
960 4254 1111 4308 aliud
1150 4258 1364 4322 praeter
1406 4270 1613 4323 panem
1644 4260 1699 4309 et
1730 4256 1950 4324 vinum,
1985 4261 2041 4311 et

376 4346 637 4415 quinque
671 4359 779 4395 ova
812 4343 1154 4412 gallinacea,
1182 4344 1337 4411 quod
1361 4343 1447 4396 eis
1476 4344 1547 4396 ad
1574 4344 2041 4398 manducandum

375 4433 645 4504 praebere
678 4436 902 4500 posset,
943 4445 1008 4483 se
1034 4430 1249 4483 habere
1281 4432 1621 4498 respondit;
1658 4433 1763 4485 scd
1798 4433 2045 4502 qualiter

376 4523 531 4575 inter
563 4536 665 4573 eos
696 4520 827 4586 ipsa
861 4535 969 4571 ova
993 4518 1172 4571 dividi
1198 4519 1498 4587 deberent,
1526 4520 1799 4589 ignorare
1834 4537 1845 4575 :
1880 4525 2043 4576 erant
2071 4516 2123 4578 D

374 4610 456 4662 illi
517 4609 716 4677 utique
769 4609 1016 4675 septem.
1077 4607 1181 4660 Cui
1236 4607 1330 4659 ille
1392 4623 1402 4660 :
1467 4607 1736 4676 Festina,
1814 4610 2039 4680 inquit,

375 4697 747 4768 quantocius,
798 4700 854 4749 et
892 4694 1097 4749 eadem
1143 4713 1252 4749 ova
1296 4697 1433 4765 igne
1465 4697 1725 4750 adhibito
1751 4713 2038 4769 praepara,

376 4840 660 4893 moniaca}
681 4838 935 4892 hmresis
958 4838 1126 4908 quasi
1152 4854 1256 4906 pro
1276 4838 1458 4891 nihilo
1474 4839 1753 4907 reputari,
1779 4842 1834 4891 et
1852 4856 1882 4891 a
1905 4839 2040 4895 divo

375 4912 691 4964 Ambrosio
725 4912 953 4979 culpam
986 4909 1396 4978 inexpiabilem
1425 4910 1771 4978 nuncupari.
1808 4911 2040 4965 Utinam

377 4982 581 5035 saeculi
614 4983 799 5035 nostri
835 4997 1030 5034 mores
1064 4982 1196 5033 talia
1228 4996 1345 5033 non
1368 4985 1638 5048 parerent
1666 4985 1950 5050 monstra,
1985 4985 2042 5037 et

374 5053 679 5106 tolleretur
708 5069 738 5105 e
764 5054 952 5105 medio
985 5052 1357 5122 quantocius,
1384 5052 1583 5104 verbis
1608 5053 1913 5106 utorPetri
1935 5054 2040 5106 Da-

377 5123 573 5193 miani,
616 5128 886 5176 tartareae
930 5123 1336 5176 amaritudinis
1383 5123 1698 5191 aconitum,
1734 5138 1826 5188 ne,
1877 5124 2033 5193 quod

376 5194 528 5245 absit
556 5192 565 5245 !
601 5194 779 5245 ferale
811 5210 1102 5247 venenum
1134 5194 1355 5247 influat.

447 5262 559 5334 (83)
590 5266 819 5324 Quievit
851 5267 907 5317 in
938 5281 1079 5334 pace
1110 5265 1447 5319 S.Alferius
1479 5264 1882 5318 Salernatinus
1912 5279 2034 5318 mo-

377 5333 603 5404 nachus
626 5333 1055 5404 CluniacenSis,
1077 5337 1303 5404 primus
1333 5335 1519 5387 abbas
1551 5336 1889 5389 monasterii
1920 5339 2033 5389 Ca-

375 5402 603 5473 vensis,
638 5406 693 5455 et
722 5403 1048 5473 discipulus
1080 5402 1265 5460 sancti
1292 5406 1579 5473 Odilonis,
1614 5422 1767 5459 anno
1801 5407 2033 5460 Domini

376 5471 533 5596 31050,
559 5473 749 5597 ligidie
782 5471 919 5527 ldus
952 5477 1192 5547 Aprilis,
1216 5478 1286 5532 de
1313 5493 1430 5548 quo
1458 5471 1670 5531 Baron.
1698 5478 1833 5531 dict.
1859 5492 2035 5548 anno,

418 5559 534 5597 um.
647 5585 658 5596 .

372 5557 534 5599 num.
573 5557 658 5597 1ῠ.

1675 253 2046 316 VICTORIS
2086 253 2175 315 III
2218 252 2480 317 PAPIE.

3619 259 3740 323 1016

2161 451 2422 521 mihique
2450 454 2514 505 ut
2559 451 2650 505 eis
2680 466 2968 522 apponam
3007 452 3270 522 deporta.
3309 450 3560 506 Cucurrit
3584 454 3663 509 ille
3687 458 3747 524 et,

2162 541 2317 594 sicut
2346 540 2462 595 sibi
2490 539 2679 594 fuerat
2708 541 3081 611 imperatum,
3113 557 3223 595 ova
3253 540 3490 607 decoxit,
3519 544 3679 613 eique,
3702 550 3750 598 ut

2159 634 2544 700 praeceperat,
2570 629 2795 684 detulit.
2828 628 2937 693 Qui
2969 630 3286 699 accipiens,
3318 631 3605 697 benedixit,
3629 635 3674 685 et
3692 647 3750 686 ex

2159 719 2415 789 quinque
2448 719 2600 785 ovis,
2635 722 2859 788 septem
2890 718 3057 789 viris,
3084 718 3239 788 quod
3270 718 3519 773 mirabile
3544 722 3639 789 est,
3663 719 3757 774 sin-

2159 807 2317 877 gulis
2350 807 2441 860 sin
2450 808 2586 878 gula
2616 808 2888 876 praebuit.

2240 894 2761 965 TheophilusCum
2794 899 3021 965 septem
3039 896 3347 950 distributa
3370 895 3671 950 hominibus
3687 898 3755 951 sic

2161 984 2366 1054 augeri
2406 984 2666 1054 quinque
2699 1001 2809 1038 ova
2861 985 3194 1053 considero,
3227 988 3287 1038 ut
3331 985 3537 1055 singuli
3567 986 3757 1056 singula

2160 1072 2373 1143 aequali
2404 1076 2563 1127 sorte
2594 1074 2900 1142 accipiant,
2932 1073 3074 1127 illud
3106 1072 3521 1143 quodammodo
3549 1073 3758 1128 miracu-

2156 1162 2276 1215 lum
2305 1161 2499 1230 video,
2526 1178 2642 1231 quo
2666 1164 2889 1216 Auctor
2904 1163 3160 1216 omnium
3191 1162 3264 1216 de
3292 1162 3538 1232 quinque
3555 1162 3760 1231 panibus

2158 1250 2417 1320 quinque
2449 1251 2628 1303 millia
2660 1250 2962 1307 hominum
2992 1252 3279 1305 saturavit
3323 1250 3546 1321 (Matth.
3576 1266 3675 1316 xw,
3700 1247 3759 1318 9).

2232 1338 2613 1393 Desiderius.
2643 1339 2836 1393 Amita
2865 1340 3049 1408 patris
3073 1340 3186 1393 mei
3217 1339 3237 1407 ζ
3241 1339 3352 1407 85),
3375 1338 3527 1392 Bella
3554 1338 3761 1403 nomine,

2159 1427 2218 1480 in
2248 1428 2606 1482 monasterio
2631 1427 2790 1481 Beati
2827 1428 2985 1482 Petri
3015 1429 3267 1498 apostoli
3286 1428 3434 1481 intra
3466 1427 3764 1480 Beneventa-

2157 1531 2291 1569 nam
2320 1516 2527 1569 urbem
2576 1516 2790 1585 posito,
2840 1516 2898 1569 in
2930 1516 3364 1571 sanctimoniali
3391 1514 3580 1569 habitu
3617 1530 3645 1567 a
3670 1513 3765 1583 pri-

2157 1619 2347 1658 maevo
2371 1603 2637 1675 juventis
2672 1605 2815 1659 flore
2846 1620 3038 1676 usque
3067 1605 3142 1659 ad
3165 1606 3427 1659 ultimam
3456 1606 3766 1658 senectutem

2156 1692 2336 1763 degit.
2371 1692 2532 1763 Quae,
2569 1708 2701 1747 cum
2732 1697 2896 1748 esset
2918 1694 3276 1763 desponsata
3308 1695 3456 1761 viro,
3487 1692 3686 1747 occulte
3712 1691 3767 1745 de

2155 1781 2330 1835 domo
2359 1784 2665 1850 parentum
2688 1780 2931 1852 fugiens
2953 1783 3027 1835 ad
3056 1782 3478 1836 monasterium
3498 1780 3765 1848 contendit,

2155 1869 2353 1940 ibique
2384 1869 2782 1940 virginitatem
2804 1886 2974 1925 suam
2996 1870 3381 1940 omnipotenti
3412 1870 3639 1924 Domino
3653 1869 3769 1923 dica-

2155 1959 2274 2022 vit;
2326 1960 2401 2025 et,
2451 1958 2588 2027 quia
2630 1963 2925 2012 terrenum
2976 1959 3035 2013 in
3072 1962 3229 2013 terra
3275 1973 3556 2028 sponsum
3592 1957 3769 2011 habere

2158 2045 2527 2115 contempsit,
2559 2047 2764 2116 procul
2796 2046 2975 2100 dubio
3006 2048 3219 2101 meruit
3265 2047 3484 2102 habere
3514 2045 3770 2099 ccelestem

2158 2134 2218 2187 in
2249 2136 2437 2188 caelis.
2473 2134 2607 2203 Ipsa
2638 2135 2780 2187 mihi
2813 2134 2985 2189 solita
3008 2139 3131 2189 erat
3157 2135 3384 2189 referre
3413 2136 3484 2189 de
3513 2134 3769 2188 abbatissa

2160 2238 2268 2276 sua
2297 2238 2429 2291 quae
2451 2221 2573 2275 Offa
2604 2221 2714 2293 (86)
2736 2223 3061 2278 dicebatur.
3087 2222 3229 2287 Quae
3259 2225 3321 2277 in
3352 2226 3542 2277 monte
3558 2222 3772 2293 quiSan-

2160 2314 2267 2364 ctaa
2284 2310 2646 2381 (87‘)Agathae
2662 2312 2937 2382 martyris
2951 2311 3375 2381 dicitur,prope
3387 2312 3693 2381 Capuanam
3706 2326 3776 2363 ur-

2157 2400 2618 2469 bem,antequam
2633 2399 2897 2469 regimen
2914 2399 3259 2453 monasterii
3280 2399 3772 2468 susciperet,longo

2157 2491 2418 2557 tempore
2450 2487 3024 2558 habitaverit,ibique
3048 2489 3225 2542 vitam
3248 2489 3604 2542 eremiticam
3622 2488 3775 2540 duxe-

2157 2578 2229 2628 rit
2264 2592 2275 2629 :
2312 2576 2525 2629 dehinc
2544 2576 2883 2629 monasterii
2910 2579 3191 2649 suscepto
3226 2578 3536 2649 regimine,
3568 2574 3774 2645 quadam

2155 2666 2325 2716 nocte
2354 2663 2665 2715 sororibus
2696 2664 2889 2716 adhuc
2910 2648 3365 2733 quiescentibus
3388 2664 3690 2718 oratorium
3715 2662 3778 2714 in-
3924 2710 3926 2721 .

2157 2766 2369 2821 gressa
2427 2752 2678 2819 aceeptit
2722 2751 2834 2820 (88)
2874 2752 3272 2821 thuribulum,
3327 2758 3390 2806 ut
3445 2768 3600 2806 more
3638 2750 3776 2804 solito
3924 2734 3926 2833 ι

2157 2840 2326 2893 thura
2357 2840 2621 2894 adoleret
2651 2839 2954 2894 altaribus.
2987 2840 3131 2912 Cum
3163 2841 3361 2911 itaque
3388 2840 3528 2894 thus
3556 2840 3610 2893 in
3635 2837 3783 2892 thuri-
3924 2838 3926 2912 ξ

2164 2890 2193 2892 η
2233 2890 2326 2893 _---
2364 2890 2618 2894 ηνν-Ἶ---
2656 2890 2953 2894 -,__ﬁ__W_-_
2999 2890 3130 2912 -.πη
3164 2890 3358 2911 ---,Ἰ“,
3396 2890 3525 2894 __-_,
3556 2890 3610 2893 ,ᾖ
3643 2890 3737 2892 __,,

2156 2928 2360 2981 bulum
2386 2928 2615 2983 mittere
2641 2928 2837 2997 vellet,
2872 2945 2902 2982 e
2934 2944 3107 2982 manu
3138 2928 3275 2999 ejus
3329 2929 3542 2982 cecidit
3582 2931 3633 2981 ct
3666 2927 3779 2979 lam-

2156 3017 2300 3055 nan
2341 3033 2368 3055 ει
2420 3020 2592 3055 υρηίη
2623 3018 2910 3055 nvetinnln
2962 3018 3100 3055 {huc
3155 3018 3428 3055 inunnim
3460 3033 3566 3055 nnn
3612 3014 3775 3055 valuit,

2154 3017 2300 3085 pade
2340 3033 2371 3070 a
2420 3020 2592 3071 vento
2623 3018 2915 3071 exstincta
2962 3018 3101 3071 thus
3154 3018 3428 3071 invenire
3460 3033 3569 3070 non
3612 3014 3778 3068 valuit.

2158 3105 2417 3173 Repente
2450 3121 2591 3159 vero
2624 3105 2859 3175 quidam
2892 3105 3064 3175 juxta
3094 3105 3257 3160 illum
3290 3107 3497 3174 astitit,
3529 3108 3583 3158 et
3611 3110 3781 3158 tenens

2154 3210 2389 3248 manum
2439 3194 2594 3264 ejus,
2642 3194 2978 3263 thymiama,
3021 3193 3178 3264 quod
3225 3194 3287 3247 in
3320 3193 3671 3248 thuribulum
3695 3205 3781 3261 po-

2155 3287 2372 3345 suerat,
2408 3282 2585 3337 dedit.
2633 3282 2854 3337 Tantus
2896 3283 3077 3354 igitur
3107 3283 3257 3337 odor
3306 3299 3387 3337 ex
3434 3283 3533 3336 illo
3576 3282 3782 3334 incenso

2152 3370 2525 3440 tbymiamate
2555 3371 2866 3437 emanavit,
2899 3373 2961 3424 ut
2986 3385 3091 3441 per
3120 3373 3309 3425 totum
3341 3372 3501 3442 quod
3530 3369 3784 3438 reliquum

2156 3463 2282 3513 erat
2309 3459 2517 3525 noctis,
2544 3474 2736 3529 usque
2753 3459 2828 3513 ad
2858 3459 3063 3513 horam
3095 3459 3209 3512 diei
3232 3460 3474 3513 tertiam
3494 3474 3606 3513 non
3625 3456 3784 3510 solum

2156 3548 2493 3617 ecclesiam,
2514 3547 2622 3601 sed
2639 3548 2814 3601 etiam
2837 3562 3010 3602 omne
3046 3547 3187 3601 illud
3217 3548 3641 3603 monasterium
3667 3544 3784 3598 mira

2155 3637 2443 3690 suavitate
2486 3635 2826 3705 repleverit.
2873 3635 2963 3689 Ex
2994 3651 3108 3705 qua
3149 3650 3213 3690 re
3244 3636 3382 3691 sine
3433 3636 3609 3691 dubio
3648 3634 3786 3688 datur

2151 3724 2404 3795 intelligi
2433 3723 2589 3794 quod
2617 3723 2869 3795 angelus
2903 3724 3133 3778 Domini
3165 3724 3346 3779 fuerit
3377 3727 3481 3795 qui
3509 3723 3645 3778 illud
3684 3721 3787 3788 thy-

2152 3813 2364 3866 miama
2394 3811 2534 3866 tanti
2565 3810 2906 3883 fragrantiae
2929 3810 3134 3866 odoris
3167 3812 3466 3867 tribuerit.

2225 3900 2367 3955 Haec
2398 3900 2601 3954 eadem
2627 3899 3088 3971 religiosissima
3116 3900 3449 3971 abbatissa,
3482 3900 3616 3955 dum
3636 3898 3783 3952 multa

2153 4005 2260 4059 per
2275 3991 2539 4058 tempora
2559 3987 2810 4043 sollicite
2825 3988 3159 4059 virginibus
3171 3988 3329 4058 praef
3329 3988 3734 4059 uisset,verbis
3744 3990 3787 4041 et

2154 4077 2440 4147 exemplis
2462 4077 2578 4130 sibi
2600 4076 2952 4130 commissas
2972 4077 3076 4131 Dei
3104 4076 3360 4132 famulas
3381 4079 3673 4132 instruere
3692 4090 3785 4129 non

2156 4182 2427 4233 cessans,
2460 4166 2745 4236 languore
2773 4168 2922 4219 tacta
2954 4165 3218 4235 corporis
3251 4166 3419 4220 venit
3447 4166 3520 4220 ad
3549 4167 3785 4221 mortem.

2152 4252 2414 4323 Cumque
2446 4253 2503 4305 in
2534 4255 2795 4306 extremo
2816 4255 3007 4322 posita
3028 4252 3155 4323 jam
3185 4269 3375 4323 prope
3398 4257 3562 4307 esset
3579 4256 3636 4306 ut
3655 4250 3790 4305 Chri-

2154 4346 2265 4409 sto,
2293 4342 2386 4395 cui
2406 4341 2713 4409 servierat,
2747 4342 2995 4394 animam
3026 4341 3274 4395 reddere
3296 4342 3565 4412 deberet,
3581 4339 3789 4394 videnti-

2150 4431 2265 4484 bus
2289 4431 2517 4483 cunctis
2540 4430 2637 4499 qui
2662 4430 2903 4484 aderant
2922 4446 2953 4483 e
2975 4429 3187 4485 lectulo
3205 4446 3273 4484 se
3295 4431 3473 4502 quasi
3494 4431 3565 4484 ad
3589 4444 3789 4483 mensu-

2152 4535 2276 4573 ram
2305 4519 2478 4572 trium
2510 4519 2840 4572 cubitorum
2872 4519 2931 4572 in
2964 4534 3101 4572 aere
3132 4520 3399 4587 elevans,
3443 4517 3709 4589 expansis
3737 4515 3784 4568 in

2150 4608 2363 4661 coelum
2399 4607 2668 4661 manibus
2699 4607 2878 4664 stetit.
2914 4606 2984 4660 Et
3013 4607 3163 4661 facta
3193 4609 3485 4676 oratione,
3522 4610 3715 4662 iterum
3731 4618 3783 4657 se

2149 4697 2207 4750 in
2223 4697 2431 4751 lectulo
2446 4696 2763 4764 collocans,
2786 4696 3053 4750 ultimum
3084 4696 3362 4765 spiritum
3375 4690 3781 4751 exhalavit.Sed

2222 4840 2333 4907 (85)
2383 4838 2680 4912 Tlieodata
2707 4852 2836 4912 seu
2867 4837 3266 4912 Theodorada
3290 4839 3470 4893 ducis
3510 4833 3780 4912 Romualdi

2155 4925 2305 4963 uxor
2333 4925 2467 4962 ann.
2490 4910 2720 4963 Domini
2741 4909 2844 4963 682
2864 4910 2958 4979 adj
2968 4910 3131 4963 unxit
3148 4910 3427 4964 ecclesiae
3449 4909 3632 4963 sancti
3650 4907 3779 4979 Petri

2151 4980 2571 5034 monasterium
2624 4976 2963 5034 monialium
2993 4996 3224 5051 magna:
3254 4980 3610 5047 devotionis,
3633 4976 3782 5051 cujus

2150 5051 2505 5125 vestigiaArad
2530 5051 2666 5125 haec
2687 5067 2877 5125 usque
2898 5049 3163 5125 tempora
3174 5052 3473 5125 videntur
3487 5051 3557 5125 ad
3579 5049 3777 5125 radices

2149 5121 2364 5175 montis
2395 5122 2591 5175 Sancti
2623 5122 2855 5176 Felicis.
2901 5122 3122 5176 Paulus
3174 5123 3478 5177 Diaeonus
3509 5122 3587 5176 De
3615 5121 3777 5192 gestis

2150 5194 2677 5281 LQEEOPEI'C‘OEUSI
2709 5194 2860 5275 libro
2891 5210 2968 5260 v1,
3004 5193 3189 5263 capite
3212 5192 3269 5281 ἑ.

2217 5262 2329 5329 (86)
2362 5264 2517 5316 Vixit
2547 5262 2670 5317 Offa
2702 5264 2938 5317 circiter
2965 5262 3179 5317 annum
3212 5265 3381 5318 Dom.
3420 5263 3573 5317 1070.

2218 5334 2330 5403 (87)
2367 5334 2507 5387 Vide
2555 5335 2749 5388 Sanct.
2782 5334 3038 5404 Capuan.
3074 5334 3249 5389 Mieh.
3280 5334 3559 5389 monachi
3593 5332 3647 5386 in
3674 5330 3773 5385 not.

2148 5406 2217 5458 ad
2248 5405 2307 5458 S.
2340 5404 2544 5459 Olfam.

2217 5475 2329 5546 (88)
2360 5475 2445 5529 Ob
2477 5491 2644 5529 suam
2661 5478 2883 5530 tantum
2903 5476 3288 5545 devotionem,
3309 5477 3442 5531 sola
3472 5491 3539 5530 ac
3566 5472 3769 5546 secreto

2145 5541 2323 5601 altare
2354 5562 2488 5600 cum
2517 5547 2802 5602 odoribus
2835 5548 3199 5603 circumibat.
3234 5541 3385 5601 Rem
3415 5549 3584 5602 istam
3607 5541 3770 5615 paula-

446 5613 900 5701 (84lllsluccessit
928 5614 987 5669 S.
1023 5616 1247 5701 Alfe_rio
1276 5618 1397 5701 lico
1429 5618 1563 5690 ejus
1594 5619 1946 5701 discipulus,
1979 5621 2038 5677 et
2143 5619 2264 5701 lum
2293 5618 2529 5701 diverse
2558 5634 2591 5672 a
2635 5618 2950 5701 Desiderio
2975 5622 3176 5675 narrat
3219 5618 3395 5675 etiam
3425 5613 3628 5675 Petrus
3666 5613 3767 5669 Du-

371 5685 680 5747 sanctitate
710 5685 1041 5760 proximus,
1070 5688 1255 5745 refert
1285 5685 1497 5746 Baron.
1531 5706 1683 5747 anno
1718 5685 1875 5747 1050.

2141 5690 2317 5747 mian.
2352 5689 2454 5746 lib.
2489 5706 2613 5766 vm,
2645 5689 2894 5766 epistola
2918 5690 2973 5748 6.
