3982 6164
164 292 285 358 1017

1030 280 1564 345 EPITAPHIUM
1599 280 1955 344 ABBATIS
1983 279 2576 344 APOLLINARIS.

3372 283 3541 373 11018

154 504 208 544 ex
230 486 323 540 hoc
347 481 556 554 quantae
585 479 761 534 fuerit
803 479 1178 535 abstinentia
1210 479 1489 552 dignosei
1532 481 1750 549 potest.
1786 458 1842 519 Α
1873 474 2026 529 infra
2045 491 2232 530 annos
2262 476 2678 532 adolescentiae
2700 478 2877 532 nimio
2900 479 3539 551 languorepraeventus

160 576 269 641 Quae
306 572 425 626 dum
467 569 688 623 inﬁrma
730 568 961 640 jaceret
1009 569 1065 623 in
1115 569 1354 639 lectulo,
1403 572 1460 624 et
1489 585 1523 623 a
1553 570 1754 623 multis

156 659 532 718 bonestioribus
559 658 705 712 viris
738 674 806 712 ac
838 658 1209 727 mulieribus,
1236 659 1591 713 visitationis
1623 675 1757 730 gra-

156 754 215 805 tia
237 749 297 803 ad
324 750 494 818 ipsam
520 746 916 816 venientibus,
951 750 1014 802 ut
1043 747 1466 818 aliquantulum
1487 747 1624 816 cibi,
1641 762 1756 817 quo

155 839 395 892 inﬁrmum
442 849 651 904 corpus
701 839 1159 903 sustentaretur,
1212 840 1470 905 caperet,
1515 850 1759 906 rogare—

155 934 242 995 tur,
268 926 352 979 illa
396 925 628 979 desueta
661 924 892 979 deliciis
929 941 940 979 :
985 924 1046 979 Si
1080 925 1320 994 aliquid,
1374 924 1580 996 inquit,
1613 924 1758 977 mihi

156 1016 211 1069 de
233 1012 417 1067 infusis
438 1012 836 1084 leguminibus
863 1013 1195 1081 attuleritis,
1223 1014 1471 1068 forsitan
1497 1014 1758 1084 aliquan-

152 1103 299 1156 tulum
326 1101 447 1155 inde
475 1103 677 1169 potero
727 1101 1068 1172 degustare.
1102 1101 1148 1155 Ο
1187 1102 1539 1155 abstinentia
1581 1103 1638 1154 in
1671 1102 1761 1156 fc-

152 1191 273 1244 mina
298 1188 673 1259 praedicanda,
710 1205 864 1260 quas,
898 1190 957 1243 in
990 1190 1322 1244 inﬁrmitate
1354 1190 1567 1261 posita,
1600 1190 1760 1244 infu-

149 1279 216 1333 sis
241 1277 610 1348 leguminibus
641 1293 747 1347 pro
778 1280 1029 1332 summis
1068 1280 1242 1332 etiam
1293 1278 1522 1333 deliciis
1555 1279 1753 1333 uteba-

148 1364 250 1419 turl
277 1365 402 1429 Qum
432 1380 559 1419 cum
591 1364 810 1420 fuisset
852 1366 1148 1437 defuncta,
1184 1369 1238 1421 et
1269 1368 1328 1421 in
1371 1367 1627 1422 ecclesia
1658 1383 1758 1423 se-

148 1453 291 1523 pulta,
305 1453 537 1524 quadam
557 1454 650 1508 die
665 1455 926 1509 rusticus
944 1456 1182 1527 quidam
1201 1455 1491 1511 frumento
1508 1459 1760 1512 onustus

148 1557 227 1610 per
246 1541 481 1605 eamdem
514 1542 831 1598 ecclesiam
860 1544 1183 1613 transiens,
1204 1560 1385 1614 supra
1419 1545 1760 1614 sepulcrum

146 1628 266 1699 ejus,
293 1630 712 1701 parvipendens
744 1630 922 1702 cujus
953 1632 1149 1688 meriti
1197 1637 1360 1688 esset
1389 1649 1522 1704 quas
1552 1634 1647 1689 ibi
1667 1649 1761 1687 se-

143 1718 268 1786 pulta
285 1718 527 1788 jacebat,
571 1734 814 1774 saccum
859 1735 992 1774 cum
1028 1721 1319 1777 frumento
1368 1722 1660 1792 deposuit,
1704 1725 1762 1777 et

144 1805 325 1877 fessus,
356 1810 413 1861 ut
440 1808 866 1879 aliquantulum
915 1814 1214 1879 pausaret,
1256 1811 1431 1881 juxta
1464 1811 1755 1867 consedit.

146 1895 361 1964 Repente
405 1896 584 1968 igitur
615 1914 833 1952 saccus
885 1899 1173 1953 divinitus
1204 1900 1275 1954 de
1306 1900 1512 1955 eodem
1553 1901 1757 1971 sepul-

1876 564 1948 618 ad
1987 568 2250 619 extrema
2280 566 2603 635 perductus
2632 569 2742 621 est.
2800 568 2888 621 Ad
2936 568 3112 639 cujus
3143 572 3366 625 exitum
3394 586 3539 625 con—

1876 654 2106 723 gregati
2137 653 2372 724 fratres,
2423 654 2658 724 hymnis
2708 659 2763 709 et
2806 655 3053 727 psalmis
3084 658 3205 713 Deo
3235 662 3542 729 cceperunt

1875 740 2011 811 ejus
2042 742 2293 796 animam
2326 744 2757 810 commendare,
2785 747 3242 816 sanctorumque
3271 749 3459 802 ccetus
3481 748 3539 802 in

1876 829 2009 899 ejus
2064 831 2344 884 auxilium
2395 834 2670 885 attentius
2703 833 2983 887 invocare
3032 848 3043 887 :
3092 832 3191 904 qui
3234 836 3541 889 crescente

1871 920 2160 989 languore
2191 919 2506 973 defunctus
2537 923 2646 973 est.
2668 919 2783 974 Sed
2808 921 2944 975 dum
2976 922 3373 976 adlevandum
3407 922 3541 993 ejus

1872 1025 2093 1078 corpus
2140 1024 2290 1078 aqua
2340 1014 2722 1078 praeparatur,
2772 1026 2880 1079 per
2920 1027 3098 1065 unam
3156 1012 3284 1067 fere
3331 1013 3537 1066 horam

1874 1097 2164 1152 exanimis
2189 1097 2395 1166 jacuit.
2450 1098 2713 1169 Cumque
2761 1100 2860 1168 qui
2912 1100 3153 1154 aderant
3201 1101 3453 1155 orationi
3484 1103 3540 1156 et

1872 1186 2219 1257 psalmodiae
2260 1186 2625 1255 insisterent,
2677 1186 2873 1241 subito
2925 1204 3141 1258 corpus
3191 1188 3326 1259 ejus
3368 1205 3541 1245 omne

1867 1274 2234 1341 contremuit,
2256 1290 2323 1328 ac
2355 1276 2630 1344 paulatim
2659 1276 3033 1331 reviviscens
3073 1278 3540 1332 cunctismiran-

1868 1362 2026 1416 tibus
2058 1362 2116 1416 in
2145 1361 2362 1417 lectulo
2395 1361 2682 1416 consedit.
2712 1363 2879 1432 Dein,
2912 1365 3337 1436 interrogatus,
3362 1365 3539 1435 coepit

1868 1450 1987 1503 illis
2018 1467 2151 1521 quae
2182 1466 2477 1522 egressus
2524 1451 2595 1505 de
2627 1467 2876 1521 corpore
2908 1451 3137 1507 viderat
3174 1453 3422 1521 referre,
3452 1453 3543 1508 di-

1869 1554 2014 1594 cens
2047 1555 2059 1594 :
2092 1539 2237 1593 Cum
2273 1540 2464 1593 anima
2496 1555 2621 1593 mea
2642 1582 2655 1609 ,
2691 1541 2865 1595 vobis
2914 1541 3150 1595 litanias
3192 1542 3541 1596 canentibus

1869 1629 2229 1698 sanctosque
2261 1628 2495 1682 Domini
2524 1629 2958 1699 invocantibus,
2980 1629 3052 1683 de
3084 1645 3332 1700 corpore
3364 1644 3533 1701 egre-

1868 1716 2129 1784 deretur,
2165 1732 2299 1770 mox
2326 1717 2399 1770 ad
2429 1731 2641 1786 preces
2664 1721 2899 1771 vestras
2930 1719 3139 1787 sancti,
3174 1733 3326 1789 quos
3360 1718 3533 1773 invo-

1869 1804 2074 1873 castis,
2102 1820 2297 1858 meum
2326 1804 2388 1858 in
2416 1805 2698 1859 auxilium
2728 1805 3115 1860 advenerunt.
3153 1806 3416 1877 Cumque
3446 1806 3532 1860 illi

1867 1893 1941 1947 ab
1973 1909 2041 1947 eo
2072 1891 2446 1963 requirerent
2475 1893 2527 1947 si
2558 1893 2713 1961 illos,
2760 1910 2913 1963 quos
2956 1910 3255 1965 nunquam
3281 1894 3533 1964 viderat,

143 1999 220 2037 cro
244 1984 492 2040 sublatus
543 1985 842 2058 longeque
874 1987 1200 2059 projectus,
1237 2004 1408 2044 omne
1440 1989 1605 2054 illud,
1639 2004 1757 2060 quo
1786 1999 1839 2061 B
1870 1996 2234 2053 cognoscere
2263 1982 2603 2050 potuisset?
2632 1982 2957 2051 Respondit
2989 1998 3002 2036 :
3036 1981 3313 2037 Sanctum
3337 1983 3531 2037 Bene-

138 2073 309 2141 plenus
337 2078 471 2143 erat,
500 2075 863 2129 frumentum
893 2077 1117 2145 passim
1136 2093 1242 2146 per
1272 2078 1537 2132 eamdem
1568 2079 1757 2134 eccle-

141 2161 259 2213 siam
284 2163 507 2231 sparsit.
545 2164 834 2219 Rusticus
865 2180 1008 2235 ergo
1050 2166 1432 2221 vehementer
1463 2169 1756 2222 conterri-

136 2251 228 2314 tus,
256 2250 320 2303 ab
347 2251 439 2304 illa
461 2252 553 2305 die
588 2252 792 2306 didicit
813 2259 1095 2323 quantum
1120 2255 1225 2309 Dei
1249 2255 1519 2309 homines
1550 2256 1611 2309 in
1629 2271 1756 2311 cor-

137 2351 249 2405 pore
274 2341 578 2394 venerandi
611 2341 764 2407 sint;
811 2358 945 2395 eum
1003 2344 1292 2398 exstincta
1332 2345 1569 2399 illorum
1622 2361 1759 2400 cor-

132 2440 244 2492 pora
269 2443 329 2480 ac
356 2428 412 2481 in
443 2430 722 2498 sepulcro
755 2431 966 2499 posita,
1014 2449 1086 2486 ne
1120 2432 1192 2486 ab
1223 2433 1522 2504 aliquibus
1555 2436 1758 2505 parvi-

136 2513 417 2580 pendantur
444 2516 647 2572 divina
680 2519 796 2572 sibi
817 2520 1011 2575 virtus
1043 2521 1227 2576 voluit
1257 2522 1685 2577 demonstrare.

192 2602 330 2657 Alter
356 2606 592 2675 quidam
624 2607 843 2667 nobilis
881 2608 976 2662 vir
1007 2609 1077 2663 de
1111 2610 1310 2664 eadem
1348 2611 1760 2666 Beneventana

133 2691 249 2743 urbe
280 2695 471 2747 nescio
496 2710 617 2765 qua
641 2711 820 2749 causa
848 2698 1271 2752 monasterium
1296 2698 1658 2769 adventaret,
1692 2717 1761 2755 ac

132 2779 351 2847 nescius,
396 2782 553 2836 forte
593 2782 725 2853 ejus
763 2800 945 2855 supra
986 2786 1327 2855 sepulcrum
1360 2788 1711 2843 consederat
1745 2804 1756 2843 :

133 2880 239 2920 cum
266 2870 449 2924 subito
478 2874 685 2925 tantus
716 2872 886 2928 dolor
914 2873 1215 2928 viscerum
1240 2891 1373 2929 eum
1403 2876 1640 2945 invasit,
1676 2880 1756 2946 ut,

132 2955 422 3012 vociferans
463 2963 645 3031 atque
693 2960 948 3031 ejulans,
992 2978 1058 3017 se
1090 2964 1295 3018 eadem
1335 2964 1478 3019 hora
1513 2966 1760 3020 moritu-

130 3058 233 3097 rum
258 3051 495 3115 putaret.
523 3049 618 3102 Ad
670 3049 845 3121 cujus
886 3067 1091 3106 vocem
1142 3069 1274 3123 quae
1309 3054 1370 3107 in
1399 3055 1761 3110 monasterio

132 3137 266 3186 erant
290 3136 562 3207 virgines
598 3139 868 3206 protinus
919 3146 1327 3213 cucurrerunt,
1385 3144 1556 3213 eique
1587 3145 1762 3216 cujus

131 3226 262 3275 esset
288 3225 626 3293 sepulcrum
659 3243 838 3297 supra
862 3229 1019 3298 quod
1051 3230 1285 3286 sederat
1331 3230 1760 3289 indicaverunt.

129 3304 233 3379 Qui,
276 3328 375 3381 pro
422 3314 760 3385 ignorantia
802 3317 973 3371 venia
1008 3319 1329 3391 postulata,
1383 3318 1611 3376 meritis
1659 3323 1765 3378 Dei

134 3394 328 3454 famulae
351 3402 590 3457 caelitus
622 3406 834 3459 meruit
862 3406 1231 3461 medicinam.

182 3485 234 3539 In
276 3490 467 3545 eadem
514 3491 667 3547 urbe
699 3491 1121 3549 monasterium
1179 3499 1271 3551 est
1325 3500 1480 3570 quod
1530 3500 1761 3557 Sanctae

126 3570 328 3643 Sophia:
381 3579 602 3635 dicitur
644 3580 775 3652 (89),
836 3583 973 3638 huic
1027 3583 1339 3641 Casinensi
1400 3592 1760 3646 monasterio

127 3662 405 3735 subditum,
434 3669 493 3722 in
518 3685 639 3741 quo
662 3670 899 3742 quidam
932 3689 963 3726 a
986 3674 1235 3743 pueritia
1258 3679 1479 3731 sanctae
1513 3694 1759 3734 conver-

123 3751 337 3809 sationis
367 3760 421 3812 et
451 3774 693 3830 magnae
739 3758 1086 3817 humilitatis
1136 3764 1464 3820 monachus
1497 3766 1624 3839 fuit,
1658 3770 1758 3839 qui

1868 2070 2087 2124 dictum
2119 2072 2176 2124 et
2193 2073 2462 2124 sanctum
2485 2069 2839 2140 Gregorium
2857 2071 3131 2141 cognovi,
3152 2072 3218 2126 B.
3241 2072 3532 2127 Donatum

1869 2160 1925 2212 et
1954 2158 2230 2224 Felicem,
2273 2174 2406 2212 cum
2445 2157 2695 2228 reliquis
2744 2159 2845 2229 qui
2892 2159 2951 2212 in
2992 2159 3102 2213 hac
3147 2160 3402 2215 ecclesia
3431 2176 3532 2215 re-

1866 2246 2180 2316 quiescunt
2211 2247 2455 2314 sanctis,
2489 2262 2683 2301 meum
2716 2247 2775 2300 in
2804 2246 3086 2301 auxilium
3109 2248 3317 2302 venire
3349 2263 3529 2303 cons-

1866 2334 2021 2404 pexi.
2056 2335 2214 2389 Inter
2242 2350 2394 2405 quos
2423 2335 2632 2389 beatus
2654 2334 2988 2388 Mercurius
3009 2339 3295 2405 patronus
3324 2338 3534 2391 noster

1867 2423 2026 2477 velut
2063 2423 2437 2493 splendidum
2480 2423 2650 2477 sidus
2695 2422 2946 2477 rutilans
2984 2422 3312 2478 videbatur.
3347 2423 3533 2489 Quem

1867 2526 2001 2564 cum
2049 2510 2525 2582 interrogassent
2570 2513 2902 2567 utrumnam
2948 2512 3007 2565 in
3038 2511 3147 2566 hac
3196 2513 3314 2566 vita
3363 2516 3529 2568 esset

1865 2601 2248 2654 moraturus?
2289 2600 2553 2669 Minime,
2601 2601 2788 2671 inquit
2838 2617 2850 2654 ε
2902 2616 3036 2654 nam
3082 2601 3147 2654 Β.
3196 2600 3532 2656 Mercurius

1868 2689 2041 2743 hodie
2065 2705 2131 2743 se
2158 2689 2230 2742 ad
2251 2704 2343 2743 me
2365 2690 2787 2743 assumendum
2808 2689 3010 2744 venire
3035 2691 3367 2760 spopondit.
3388 2689 3531 2755 Quae

1866 2781 1928 2831 ut
1958 2777 2184 2831 dixerat
2212 2792 2353 2831 vera
2391 2777 2579 2831 fuisse
2608 2778 2696 2831 rei
2728 2778 2920 2832 exitus
2952 2778 3375 2848 comprobavit.
3411 2779 3534 2835 Eo-

1868 2866 1999 2918 dem
2031 2880 2281 2936 namque
2331 2865 2423 2919 die
2464 2881 2538 2919 ex
2578 2864 2689 2919 hac
2730 2865 2862 2920 luce
2904 2866 3263 2935 subtractus,
3311 2867 3384 2921 ab
3414 2867 3532 2922 illis

1867 2953 2071 3024 procul
2117 2953 2294 3007 dubio
2353 2956 2445 3007 est
2500 2957 2801 3023 receptus,
2854 2970 3004 3025 quos
3054 2958 3222 3008 antea
3270 2956 3532 3010 moriens

1868 3057 2042 3095 suum
2072 3042 2132 3095 in
2162 3041 2443 3095 auxilium
2475 3042 2674 3095 venire
2694 3042 3021 3111 conspexit.
3044 3042 3170 3113 Ego
3203 3043 3454 3114 denique
3475 3045 3533 3098 in

1869 3130 2075 3184 eodem
2123 3129 2481 3183 monasterio
2525 3132 2783 3199 positus,
2817 3146 2997 3183 unum
3038 3147 3112 3184 ex
3151 3132 3269 3184 illis
3301 3133 3400 3201 qui
3432 3133 3533 3185 ad-

1871 3219 2102 3273 fuerant
2130 3218 2404 3287 testibus,
2442 3217 2806 3272 Sicenolfum
2855 3219 3111 3288 nomine,
3147 3220 3530 3289 superstitem

1869 3308 2011 3376 vidi,
2045 3308 2146 3378 qui
2176 3311 2383 3362 cuncta
2415 3307 2543 3361 haec
2574 3310 2635 3361 ut
2663 3308 2815 3361 dicta
2839 3310 2975 3361 sunt
2999 3324 3064 3362 se
3093 3308 3318 3363 vidisse
3341 3311 3397 3363 et
3424 3324 3532 3363 au-

1872 3397 2100 3451 divisse
2131 3397 2533 3467 profitebatur.

1944 3485 2159 3557 (Hujus
2174 3485 2333 3557 libri
2355 3485 2525 3540 tertii
2557 3484 2716 3557 linis,
2735 3492 3021 3557 totusque
3043 3491 3287 3557 quartus
3324 3487 3385 3541 in
3410 3502 3536 3542 mss

1873 3556 2236 3629 autographa
2286 3556 2581 3629 Vaticana?
2611 3556 2990 3629 bibliotheccte
3028 3556 3263 3629 signato
3296 3574 3536 3613 numero

1873 3627 2169 3710 1?03',qui,
2203 3628 2725 3710 Langobardorum
2767 3627 2996 3710 litteris
3025 3627 3383 3710 descriptus,
3420 3629 3534 3683 Ca-

1872 3697 2139 3754 sinensis
2168 3697 2418 3753 caenobii
2447 3698 2739 3752 Patribus
2756 3697 3037 3770 quondam
3071 3701 3200 3754 usui
3225 3697 3416 3755 Tuisse
3436 3716 3534 3755 co-

1871 3771 2201 3842 gnoscitur,
2224 3770 2694 3839 desiderantur.)

176 3890 272 3979 (2‘39)
290 3895 369 3951 De
384 3900 748 3955 monasterio
765 3900 997 3957 Sancta
1018 3902 1275 3973 Sophiae,
1293 3904 1426 3961 vide
1446 3906 1703 3963 Leonem
1721 3908 1945 3964 Ostien.
1968 3908 2069 3964 lib.
2086 3925 2123 3978 ι,
2145 3924 2271 3979 cap.
2287 3908 2339 3979 9,
2363 3912 2419 3963 et
2436 3908 2716 3963 Chronol.
2741 3909 3004 3979 archiep.
3022 3909 3341 3966 Benevent.
3365 3910 3534 3967 Marii

120 3958 179 4014 de
197 3958 412 4035 Vipera.

905 4322 1505 4395 EPITAPHIUM
1579 4327 1990 4397 ABBATIS
2072 4328 2717 4396 APOLLINARIS

748 4438 1105 4496 AUCTORE
1136 4441 1542 4497 DESIDERIO
1584 4443 1889 4498 ABBATE
1916 4444 2382 4499 POSTMODUM
2415 4442 2744 4499 VICTORE
2773 4440 2871 4497 III.

1066 4591 1222 4662 (Dom
1252 4592 1449 4664 TOS'I‘I,
1484 4593 1687 4649 Storia
1720 4593 1875 4649 delia
1904 4595 2082 4651 badia
2119 4594 2319 4651 Casia.
2363 4595 2405 4649 Ι.
2442 4594 2557 4665 12.)

115 4826 490 4898 Appollinaris
521 4833 673 4889 abba
704 4839 869 4906 pater
900 4833 997 4891 hic
1026 4838 1363 4893 tumulatur.

110 4916 318 4990 Aliquid
349 4923 513 4978 aliud
545 4925 736 4977 scitur
763 4925 834 4979 de
862 4940 931 4979 eo
963 4924 1193 4980 dicatur
1222 4927 1396 4982 M.....

111 5002 442 5077 Tujuvenis
466 5012 752 5066 mundum
782 5013 1010 5085 fugisti,
1045 5029 1163 5069 non
1192 5016 1346 5070 bone
1376 5016 1679 5070 mundum.

110 5089 269 5151 Totus
298 5100 701 5169 apostolicum
732 5105 1083 5156 cunctorum
1114 5119 1293 5158 verus
1324 5105 1551 5158 amicus
1575 5122 1590 5170 ;

111 5178 196 5235 Fis
224 5185 409 5241 abbas
436 5187 721 5243 redolens
752 5191 871 5244 toto
908 5192 1215 5246 conamine
1244 5193 1478 5247 nolens.

113 5265 247 5326 Esse
261 5275 475 5330 studes
496 5276 797 5347 minimus,
817 5278 1077 5348 humilis,
1101 5280 1454 5350 pius,almus
1473 5280 1763 5351 etjustus.

112 5355 282 5415 Siccis
313 5367 377 5417 tu
412 5365 632 5435 plantis
656 5366 843 5419 Lirim
874 5368 945 5421 de
976 5384 1217 5423 munere
1251 5369 1447 5424 Patris

108 5442 406 5525 Transisti,
450 5454 711 5525 Petrum,
740 5455 1047 5510 Placidum
1076 5472 1311 5528 quoque
1361 5459 1452 5512 sic
1480 5458 1764 5515 imitatus.

107 5533 183 5592 Tu
211 5541 398 5599 trahis
429 5542 725 5599 tumidum
755 5546 1060 5601 convertis
1089 5545 1268 5621 ﬁtque
1295 5547 1528 5605 beatus.

1785 4824 1840 4884 D
1876 4840 2070 4895 Pestis
2103 4839 2378 4911 Agarena
2412 4839 2549 4894 dum
2582 4839 2819 4912 singula
2852 4842 3043 4894 vastat
3071 4854 3322 4894 ammna.

1874 4929 1995 4983 Deo
2015 4928 2143 4999 jam
2174 4929 2487 4983 defunctus
2520 4945 2697 4983 carne
2729 4930 2959 5000 legatus
2978 4932 3034 4982 et
3061 4928 3234 4982 altus.

1949 5016 2199 5070 Mitteris
2231 5031 2301 5070 ex
2336 5017 2449 5071 alto
2480 5019 2723 5071 nuntius
2757 5017 2896 5071 filiis
2948 5032 3074 5070 suae
3107 5016 3325 5086 gentis,

1874 5107 2091 5159 Dicens
2128 5122 2138 5158 :
2174 5105 2389 5159 Casino
2422 5106 2780 5160 montiDeus
2811 5109 2904 5159 est
2935 5105 3253 5173 miseratus

1874 5194 2043 5249 Servi
2078 5210 2194 5247 non
2226 5192 2344 5246 ﬁcti
2373 5194 2651 5261 precibus
2683 5194 2870 5262 patris
2902 5193 3224 5249 Benedicti.

1876 5283 1987 5336 His
2016 5285 2263 5353 quartus
2294 5281 2482 5336 denus
2510 5281 2696 5335 abbas
2729 5281 2824 5336 hic
2856 5283 3047 5336 mente
3080 5297 3333 5338 serenus

1877 5371 2065 5425 Annis
2097 5370 2352 5425 undenis
2382 5370 2602 5439 vixisti,
2638 5385 2754 5424 non
2785 5370 2917 5425 sine
2946 5371 3161 5441 poenis.

1877 5460 1959 5514 Te
1991 5459 2337 5515 Desiderius
2376 5457 2683 5528 transfert,
2716 5459 2869 5514 locat
2899 5460 2997 5514 hic
3029 5460 3438 5535 reverendus;

1877 5548 2176 5620 Propitius
2204 5547 2379 5604 nobis
2411 5546 2522 5619 sis,
2556 5562 2590 5602 ο
2620 5547 2947 5604 reverenda
2978 5549 3243 5609 colende.
