3926 6146
338 301 493 368 1019
1642 291 1888 355 GUILL

2227 285 2425 349 .3ULI.
3620 275 3777 342 4020

3081 410 3658 423 -————-—

448 418 3067 448 ____________________________

448 433 2102 448 _____________u
2131 433 2144 434 ,,

1576 546 1749 590 ANTE
1777 545 2007 591 ANNUM
2039 545 2266 587 DOMINI
2297 542 2526 586 MXCIX.

688 684 2299 867 GUILLELMUS
2437 677 3471 853 APULUS.

1225 1065 2250 1220 GUILLELMI
2358 1059 2989 1257 APULI

1361 1327 2236 1442 HISTORICUM
2312 1324 2776 1438 ΡΟΕΜΔ

600 1548 712 1609 DE
742 1545 1018 1607 REBUS
1052 1540 1535 1606 NORMANNO
1552 1542 1744 1604 RUM
1778 1542 1865 1601 ΙΝ
1898 1540 2226 1616 SICILIA,
2260 1538 2589 1601 APULIA
2619 1536 2715 1597 ΕῘ
2750 1531 3168 1596 CALABRIA
3197 1527 3510 1601 GESTIS,

485 1700 738 1788 Usque
809 1694 902 1763 ad
954 1699 1259 1762 mortem
1326 1691 1619 1760 Roberti
1683 1690 2070 1760 Guiscardi
2127 1689 2357 1776 ducis,
2410 1688 2759 1777 scriptum
2810 1684 2904 1753 ad
2960 1683 3190 1752 ﬁlium
3230 1676 3630 1767 Rogerium

730 1818 870 1873 Cum
893 1819 1051 1873 notis
1080 1816 1319 1886 clariss,
1350 1816 1611 1870 virorum
1642 1815 1891 1871 Joannis
1937 1814 2229 1881 Tiremaai,
2278 1819 2337 1868 et
2371 1812 2689 1868 Godefridi
2725 1807 3028 1865 GuiIIeImi
3071 1802 3384 1861 Leibnitii.

1330 1959 1523 2028 (Apud
1555 1958 1862 2027 Muratori,
1898 1957 2041 2012 Rer.
2069 1957 2205 2011 Ital.
2245 1955 2468 2028 Script.
2522 1956 2594 2025 V,
2635 1954 2785 2024 245.)

1192 2158 1358 2235 IN
1459 2092 2328 2236 GUILLELMI
2417 2154 2911 2232 APULI

1466 2326 1786 2405 POEMA
1862 2322 2572 2403 NOBMANNICUM

1172 2484 1619 2548 PR/EFATIO
1650 2483 2050 2548 LUDOVICI
2078 2483 2431 2548 ANTONII
2458 2481 2956 2546 MURATORII.

1817 2617 2253 2635 ﬂ

519 2731 750 2789 Sueculo
781 2727 1001 2783 Christi
1034 2744 1113 2795 χι,
1146 2726 1475 2780 mirandum
1504 2726 1646 2797 quid
1685 2728 1743 2780 in
1765 2726 1928 2781 Italia
1966 2729 2197 2784 accidit.
2234 2724 2460 2798 Nempe
2501 2743 2574 2782 ex
2616 2725 2977 2782 Normannia
3004 2723 3326 2779 Galliarum
3367 2726 3673 2796 provincia

448 2820 711 2894 digressi
738 2818 959 2888 aliquot
993 2815 1107 2869 viri
1137 2814 1341 2883 fortes,
1375 2830 1443 2868 ac
1494 2815 1553 2867 in
1598 2815 1865 2883 Apuliam
1908 2816 2409 2888 peregrinationis
2456 2831 2638 2870 causa
2681 2815 2874 2883 delati,
2908 2829 3058 2868 anno
3094 2812 3247 2883 1016,
3296 2813 3443 2867 nihil
3474 2816 3671 2870 minus

449 2925 624 2982 quam
655 2903 1257 2975 bellum‘eogitantes,
1282 2918 1316 2955 a
1348 2901 1498 2955 Melo
1529 2902 1783 2971 quodam
1812 2907 2017 2957 contra
2041 2903 2285 2958 Graecos
2309 2903 2391 2958 ibi
2412 2902 2604 2957 adhuc
2632 2905 2950 2973 regnantes
2976 2900 3311 2954 incitantur.
3343 2901 3502 2954 Viris
3520 2905 3672 2956 stre-

447 2996 759 3052 nuissimis
791 2994 1022 3048 fortuna
1056 2991 1251 3045 statim
1282 2990 1502 3044 arrisit.
1538 2990 1772 3044 Utvero
1805 3006 2105 3063 agnovere
2133 2992 2377 3047 uberem
2405 3007 2544 3046 esse
2576 2991 2693 3045 illic
2723 3006 2923 3044 rerum
2954 2989 3181 3059 copiam
3210 2989 3560 3061 facilemque
3577 2992 3671 3044 in-

444 3090 534 3142 ter
565 3087 815 3158 ignavos
844 3082 1095 3153 pepulos
1127 3080 1456 3135 ditescendi
1488 3080 1748 3149 modum,
1779 3081 1951 3135 novis
1980 3097 2106 3135 sum
2136 3082 2333 3152 gentis
2367 3081 2572 3149 ascitis
2624 3070 3139 3146 commilitonibus,
3179 3079 3410 3150 majora
3444 3080 3673 3134 sensim

444 3177 626 3235 moliti
660 3178 815 3243 sunt,
850 3172 1168 3240 multisque
1202 3169 1453 3223 urbibus
1483 3184 1550 3222 ac
1582 3168 1813 3238 oppidis
1844 3169 2175 3242 debellatis,
2206 3171 2438 3225 demum
2462 3169 2575 3223 sub
2600 3170 2860 3223 Roberto
2879 3166 3203 3221 Guiscardo
3223 3168 3671 3240 ejusquefratre

448 3266 704 3340 Rogcrio
732 3263 1075 3317 universam
1102 3258 1391 3328 Apuliam,
1425 3274 1600 3328 quam
1632 3274 1786 3312 nunc
1816 3273 2067 3329 regnum
2098 3258 2541 3328 Neapolitanum
2563 3257 2947 3329 appellamus,
2968 3272 3034 3309 ac
3052 3255 3393 3311 universam
3409 3256 3670 3314 Siciliam

446 3357 596 3411 ultra
660 3353 915 3406 Pharum
946 3364 1072 3403 suae
1104 3345 1309 3399 ditioni
1343 3344 1685 3399 subdidere.
1721 3346 1986 3416 Ingentia
2028 3346 2177 3401 facta
2222 3347 2540 3418 magnique
2573 3362 2771 3401 rerum
2810 3347 3057 3399 eventus
3097 3344 3275 3415 digna
3305 3346 3476 3415 plane
3506 3354 3675 3403 erant

448 3459 580 3515 quae
611 3456 644 3493 a
674 3435 1068 3506 scriptoribus
1099 3433 1309 3486 litteris
1343 3432 1738 3500 traderentur,
1773 3436 1830 3487 et
1877 3433 1949 3487 ad
1981 3434 2305 3506 longinqua
2354 3435 2579 3488 saecula
2625 3433 3012 3515 pel-mearent.
3058 3430 3266 3501 Neque
3295 3434 3557 3504 defuere,
3592 3441 3681 3507 uti

449 3514 579 3585 hwc
611 3528 742 3597 ipsa
773 3524 1195 3579 historicorum
1227 3520 1495 3575 collectio
1530 3521 2001 3577 luculentissime
2036 3523 2325 3578 ostendet.
2365 3523 2625 3577 Primum
2653 3538 2797 3593 ergo
2844 3514 3037 3576 leeum
3064 3520 3337 3576 dabimus
3366 3522 3675 3580 Guilielmo

449 3616 662 3687 Apulo,
698 3612 945 3685 egregio
977 3612 1186 3679 poetae,
1221 3608 1322 3679 qui
1353 3608 1715 3663 hexametris
1737 3611 2019 3665 versibus
2050 3610 2520 3665 Normannorum
2553 3613 2724 3682 gesta
2754 3611 2813 3664 in
2842 3608 3070 3679 Apulia,
3096 3609 3365 3664 Calabria
3395 3615 3452 3666 et
3479 3613 3677 3669 Sicilia

451 3702 793 3773 descripsit,
828 3699 1048 3754 Vossio
1075 3700 1385 3768 propterea
1416 3700 1775 3753 memoratus
1806 3699 1960 3754 inter
1991 3698 2313 3755 historicos
2348 3700 2610 3753 Latinos.
2642 3698 2787 3763 Quis
2819 3698 2916 3752 ille
2949 3697 3144 3767 fuerit,
3185 3714 3379 3770 neque
3425 3702 3498 3756 ab
3546 3703 3677 3774 ipso

449 3808 643 3864 neque
677 3792 747 3845 ab
780 3789 918 3844 ullis
950 3788 1287 3842 adnotatum
1314 3787 1667 3842 invenimus.
1698 3787 1841 3842 Illud
1871 3791 2097 3843 certum
2127 3789 2405 3844 ﬂoruisse
2446 3789 2799 3858 scriptorem
2828 3789 3025 3857 istum,
3059 3787 3197 3841 dum
3227 3789 3455 3845 viveret
3481 3807 3552 3845 ac
3581 3808 3677 3847 re-

451 3885 659 3954 gnaret
696 3878 994 3934 Robertus
1021 3875 1414 3940 Guiscardus,
1436 3875 1610 3946 cujus
1634 3877 1930 3947 praecipue
1960 3893 2059 3932 res
2078 3881 2285 3949 gestas
2317 3877 2512 3944 tradit,
2534 3877 2651 3931 imo
2674 3876 2850 3930 tradit
2879 3879 2937 3931 et
2964 3879 3230 3947 mortem,
3263 3882 3440 3949 atque
3468 3880 3527 3934 in
3546 3880 3677 3950 ejus

452 3969 657 4025 funere
690 3968 864 4021 finem
895 3980 1004 4019 suo
1037 3963 1281 4017 carmini
1312 3964 1469 4018 facit.
1506 3963 1553 4017 E
1581 3964 1736 4018 vivis
1770 3964 2042 4018 sublatus
2087 3968 2179 4020 est
2223 3966 2522 4019 Robertus
2553 3980 2707 4018 anno
2742 3962 2965 4018 Christi
3005 3960 3160 4018 1085.
3192 3964 3267 4018 At
3298 3982 3430 4020 cum
3465 3969 3680 4038 pariter

454 4056 753 4111 Urbanum
785 4054 829 4108 Il
866 4069 1071 4124 papam
1119 4052 1414 4106 viventem
1463 4053 1526 4106 in
1575 4052 1818 4106 exordio
1869 4055 2176 4122 memoret,
2212 4052 2311 4123 qui
2338 4053 2411 4107 ab
2442 4067 2594 4106 anno
2630 4051 2768 4107 1088
2798 4052 3003 4107 sedem
3044 4052 3204 4106 Petri
3245 4054 3513 4126 obtinuit,
3546 4060 3679 4127 post

451 4162 585 4200 eum
613 4160 827 4199 annum
858 4141 1173 4211 scripserit
1203 4144 1429 4211 oportet
1461 4144 1635 4212 atque
1666 4143 1799 4194 ante
1829 4157 2047 4196 annum
2078 4140 2239 4212 1099,
2275 4157 2392 4213 quo
2424 4142 2521 4196 hic
2547 4141 2814 4213 pontifex
2842 4142 3044 4196 vivere
3077 4141 3271 4198 desiit.
3321 4143 3508 4200 Suum
3537 4161 3675 4201 vero

449 4251 641 4305 poema
672 4235 724 4288 is
756 4233 972 4287 dicavit
1003 4231 1262 4301 Rogerio
1297 4230 1543 4284 Roberti
1567 4230 1737 4284 ducis
1759 4230 1900 4287 filio.

524 4324 756 4377 Primus
789 4322 887 4393 qui
910 4321 1065 4375 hunc
1099 4319 1464 4374 Historicum
1496 4319 1680 4374 aeneis
1704 4320 1859 4390 typis
1887 4318 2345 4374 describendum
2396 4319 2642 4389 curavit,
2680 4318 2787 4374 fuit
2819 4320 3083 4375 Joannes
3122 4320 3475 4392 Tiremaaus,
3523 4323 3671 4378 Fisci

449 4411 510 4465 in
544 4408 1012 4480 Rothomagcnsi
1043 4407 1345 4478 provincia
1373 4407 1716 4476 advocatus,
1753 4423 2005 4477 eumque
2047 4423 2200 4462 anno
2232 4404 2390 4461 1582.
2440 4408 2797 4479 Rothomagi
2845 4407 3043 4462 edidit.
3078 4408 3152 4463 At
3192 4426 3326 4463 cum
3358 4411 3512 4465 liber
3542 4427 3669 4481 per-

451 4513 627 4569 quam
660 4512 835 4550 rarus
866 4495 1036 4563 foret,
1070 4495 1146 4547 ita
1179 4496 1385 4564 utipse
1401 4496 1779 4550 Duchesnius
1800 4496 2000 4566 (quem
2022 4495 2453 4561 Quercetanum
2474 4496 2571 4549 alii
2594 4498 2916 4565 nominant)
2940 4497 3078 4550 dum
3102 4497 3433 4567 scriptores
3462 4499 3668 4553 Herum

451 4584 981 4639 Normannicarum
1012 4582 1335 4653 colligeret,
1371 4582 1563 4652 ipsum
1594 4583 1918 4654 ignorarit,
1970 4583 2398 4639 celeberrimus
2444 4584 2537 4637 vir
2564 4583 2921 4638 Godefridus
2951 4584 3305 4639 Guillelmus
3348 4585 3668 4640 Leibnitius

452 4673 723 4729 eumdem
755 4686 970 4726 rursus
1020 4671 1280 4740 protulit.
1328 4672 1603 4725 inserens
1635 4675 1788 4725 tomo
1822 4670 1864 4740 Ι,
1913 4686 2049 4744 pag.
2083 4672 2207 4740 5'78,
2257 4673 2614 4742 scriptorum
2658 4672 3123 4727 Brunsvicensia
3173 4675 3665 4743 pertractantium,

452 4761 751 4832 impresso
785 4759 1116 4812 IIanoverae
1149 4773 1301 4812 anno
1333 4756 1491 4826 I707,
1527 4761 1583 4812 et
1614 4774 1688 4812 ex
1720 4774 1788 4812 eo
1821 4775 2009 4829 nuper
2034 4760 2296 4814 Joannes
2319 4761 2582 4829 Baptista
2623 4758 2933 4828 Carusius,
2964 4760 3024 4813 in
3054 4763 3210 4814 temo
3244 4760 3263 4812 Ι
3298 4777 3428 4815 suae
3460 4761 3667 4815 Biblio-

452 4850 642 4903 theca)
674 4846 975 4920 historicas
1006 4844 1177 4917 regni
1208 4844 1430 4899 Siciliae
1461 4846 1631 4899 tertio
1662 4846 1909 4900 recudit.
1940 4847 2287 4916 Perspicuis
2318 4851 2513 4901 autem
2553 4847 2754 4901 verbis
2786 4847 3003 4901 indicat
3033 4847 3129 4900 hic
3158 4848 3422 4917 scriptor
3451 4850 3666 4919 nuptias

453 4938 781 4992 celebratas
813 4936 964 4988 inter
992 4934 1170 4987 filiam
1204 4934 1467 4993 Roberti.
1504 4938 1560 4988 et
1590 4934 1901 5005 Hugonem
1944 4934 2129 4988 ﬁlium
2157 4935 2375 4989 Azonis
2427 4935 2704 4989 Estensis
2739 4935 3122 5004 marehionis,
3158 4935 3360 5005 inclyti
3390 4952 3669 5008 propaga-

453 5026 600 5080 toris
633 5022 1166 5079 Brunsvicensium
1198 5037 1265 5075 ac
1290 5022 1710 5076 Mutinensium
1750 5022 1984 5076 dueum.
2032 5022 2222 5093 Atque
2254 5023 2382 5076 haec
2417 5040 2598 5077 causa
2624 5022 2916 5076 Leibnitio
2950 5022 3057 5077 fuit
3095 5026 3155 5076 ut
3184 5028 3418 5093 poetam
3459 5041 3524 5078 ac
3554 5025 3669 5077 his-

451 5115 707 5168 toricum
757 5115 1058 5167 vetustum
1124 5125 1251 5164 suae
1301 5109 1645 5165 Collectioni
1703 5111 2077 5181 adjungeret.
2128 5110 2192 5164 Id
2223 5114 2277 5165 et
2311 5127 2423 5182 ego
2465 5111 2649 5177 innui,
2683 5115 2830 5179 part.
2865 5128 2903 5179 ι,
2937 5126 3071 5182 pag.
3134 5110 3218 5180 12,
3254 5110 3671 5183 Antiquitatum

458 5200 820 5255 Estensium.
856 5200 1075 5254 Potiori
1108 5214 1251 5270 ergo
1298 5197 1436 5268 jure
1489 5199 1641 5252 inter
1668 5199 1994 5268 scriptores
2026 5198 2264 5253 Italicos
2314 5199 2712 5269 proferendus
2736 5198 2876 5251 mihi
2917 5214 3151 5269 quoque
3193 5198 3302 5252 fuit
3337 5199 3673 5254 Guilielmus

458 5292 679 5356 noster,
713 5289 895 5342 Italus
927 5304 1155 5358 nempe,
1191 5290 1247 5340 et
1277 5287 1347 5340 de
1378 5286 1562 5341 rebus
1586 5286 1645 5339 in
1676 5287 1838 5340 Italia
1871 5288 2063 5358 gestis
2089 5302 2299 5358 agens.
2336 5287 2731 5341 Praefationes
2764 5290 2819 5340 et
2858 5287 3092 5341 notulas
3124 5288 3435 5357 quasdam,
3469 5287 3669 5358 quibus

459 5373 785 5429 Tiremseus
814 5381 871 5430 et
902 5376 1232 5431 Leibnitius
1284 5376 1415 5430 loca
1461 5375 1740 5428 nonnulla
1773 5375 2060 5445 poematis
2092 5375 2277 5446 hujus
2322 5375 2710 5443 illustrarunt,
2746 5375 3002 5430 retinere
3034 5374 3177 5429 mihi
3209 5375 3446 5445 placuit,
3478 5372 3669 5429 lectori

458 5476 577 5516 non
606 5460 862 5515 inutiles.
886 5463 1178 5519 Caeterum
1209 5479 1327 5518 non
1359 5463 1605 5517 historia
1639 5463 1836 5517 solum
1885 5463 2270 5533 Neapolitana
2320 5466 2375 5518 et
2404 5462 2623 5532 Sicula,
2668 5462 2777 5517 sed
2822 5463 3105 5517 universa
3136 5461 3299 5516 Italia
3330 5466 3517 5532 poeta:
3545 5461 3667 5516 huic

459 5548 707 5605 multum
737 5548 931 5618 debet,
965 5552 1120 5622 quod
1150 5552 1225 5607 iis
1256 5552 1603 5624 ignorantiae
1637 5550 1883 5606 saculis
1914 5551 2270 5606 laudabilem
2315 5552 2711 5623 eloquentiam
2742 5567 2811 5606 ac
2862 5549 3207 5607 facilitatem
3247 5565 3465 5607 versus
3503 5548 3666 5607 effor-

458 5635 709 5702 anmdos
740 5634 1013 5711 attulerit,
1046 5642 1103 5694 et
1133 5639 1413 5715 pleraque
1445 5641 1605 5696 velut
1632 5638 1904 5697 oculatus
1934 5639 2111 5697 testis
2140 5639 2464 5696 describat.
