  <div class='ocr_page' id='page_1' title='image "/cluster/home/n/w/nwhite01/storage/ocr_20150623/149/hvd.32044054760079/516.png"; bbox 0 0 3926 6146; ppageno 0'>
   <div class='ocr_carea' id='block_1_1' title="bbox 199 225 3605 304">
    <p class='ocr_par' dir='ltr' id='par_1_1' title="bbox 199 225 3605 304">
     <span class='ocr_line' id='line_1_1' title="bbox 199 225 3605 304; baseline -0.001 -6"><span class='ocrx_word' id='word_1_1' title='bbox 199 226 327 298; x_wconf 82' lang='grc'><strong>1021</strong></span> <span class='ocrx_word' id='word_1_2' title='bbox 687 230 758 298; x_wconf 80' lang='lat' dir='ltr'><strong>IN</strong></span> <span class='ocrx_word' id='word_1_3' title='bbox 786 228 1141 297; x_wconf 80' lang='lat' dir='ltr'><strong>GUILLELMI</strong></span> <span class='ocrx_word' id='word_1_4' title='bbox 1166 229 1360 296; x_wconf 80' lang='lat' dir='ltr'><strong>APULI</strong></span> <span class='ocrx_word' id='word_1_5' title='bbox 1385 227 1472 296; x_wconf 84' lang='lat' dir='ltr'><strong>DE</strong></span> <span class='ocrx_word' id='word_1_6' title='bbox 1498 226 1652 295; x_wconf 83' lang='lat' dir='ltr'><strong>REB.</strong></span> <span class='ocrx_word' id='word_1_7' title='bbox 1686 225 1868 295; x_wconf 82' lang='lat' dir='ltr'><strong>GEST.</strong></span> <span class='ocrx_word' id='word_1_8' title='bbox 1899 226 2239 294; x_wconf 78' lang='lat' dir='ltr'><strong>NORMANN.</strong></span> <span class='ocrx_word' id='word_1_9' title='bbox 2271 226 2341 293; x_wconf 85' lang='grc' dir='ltr'><strong>ΙΝ</strong></span> <span class='ocrx_word' id='word_1_10' title='bbox 2370 226 3111 304; x_wconf 71' lang='lat' dir='ltr'><strong>SIGIL.,ETG.,PREFATIO</strong></span> <span class='ocrx_word' id='word_1_11' title='bbox 3472 231 3605 296; x_wconf 76' lang='lat'><strong>1022</strong></span> 
     </span>
    </p>
   </div>
   <div class='ocr_carea' id='block_1_2' title="bbox 1276 482 2529 578">
    <p class='ocr_par' dir='ltr' id='par_1_2' title="bbox 1276 482 2529 578">
     <span class='ocr_line' id='line_1_2' title="bbox 1276 482 2529 578; baseline -0.002 0"><span class='ocrx_word' id='word_1_12' title='bbox 1276 515 1827 578; x_wconf 84' lang='lat' dir='ltr'><strong>NOBILISSIMO</strong></span> <span class='ocrx_word' id='word_1_13' title='bbox 1884 515 1991 576; x_wconf 82' lang='lat' dir='ltr'><strong>AC</strong></span> <span class='ocrx_word' id='word_1_14' title='bbox 2032 514 2529 577; x_wconf 69' lang='lat' dir='ltr'><strong>DOCTISSI‘HO</strong></span> 
     </span>
    </p>
   </div>
   <div class='ocr_carea' id='block_1_3' title="bbox 1090 644 2722 774">
    <p class='ocr_par' dir='ltr' id='par_1_3' title="bbox 1090 644 2722 774">
     <span class='ocr_line' id='line_1_3' title="bbox 1090 644 2722 774; baseline 0.001 -1"><span class='ocrx_word' id='word_1_15' title='bbox 1090 644 1779 773; x_wconf 85' lang='lat' dir='ltr'><strong>LODOIGO</strong></span> <span class='ocrx_word' id='word_1_16' title='bbox 1919 644 2722 774; x_wconf 79' lang='lat' dir='ltr'><strong>BALLIOLO</strong></span> 
     </span>
    </p>
   </div>
   <div class='ocr_carea' id='block_1_4' title="bbox 1118 834 2687 884">
    <p class='ocr_par' dir='ltr' id='par_1_4' title="bbox 1118 834 2687 884">
     <span class='ocr_line' id='line_1_4' title="bbox 1118 834 2687 884; baseline -0.003 -1"><span class='ocrx_word' id='word_1_17' title='bbox 1118 839 1377 884; x_wconf 77' lang='lat' dir='ltr'><strong>LONLEII</strong></span> <span class='ocrx_word' id='word_1_18' title='bbox 1404 840 1484 883; x_wconf 75' lang='lat' dir='ltr'><strong>AC</strong></span> <span class='ocrx_word' id='word_1_19' title='bbox 1525 839 1732 882; x_wconf 78' lang='lat' dir='ltr'><strong>SYLEII</strong></span> <span class='ocrx_word' id='word_1_20' title='bbox 1764 839 2257 882; x_wconf 76' lang='lat' dir='ltr'><strong>C(ENOBIARCIUE</strong></span> <span class='ocrx_word' id='word_1_21' title='bbox 2288 834 2687 884; x_wconf 73' lang='lat' dir='ltr'><strong>DlGNlSSlMO.</strong></span> 
     </span>
    </p>
   </div>
   <div class='ocr_carea' id='block_1_5' title="bbox 312 923 3489 1004">
    <p class='ocr_par' dir='ltr' id='par_1_5' title="bbox 312 923 3489 1004">
     <span class='ocr_line' id='line_1_5' title="bbox 312 923 3489 1004; baseline 0.002 -19"><span class='ocrx_word' id='word_1_22' title='bbox 312 923 694 987; x_wconf 83' lang='lat' dir='ltr'><strong>JOANNES</strong></span> <span class='ocrx_word' id='word_1_23' title='bbox 740 923 1224 1004; x_wconf 64' lang='lat' dir='ltr'><strong>TIREM/EUS,</strong></span> <span class='ocrx_word' id='word_1_24' title='bbox 1279 924 1844 995; x_wconf 77' lang='lat' dir='ltr'><strong>HAUTENCEUS,</strong></span> <span class='ocrx_word' id='word_1_25' title='bbox 1898 926 2114 988; x_wconf 90' lang='lat' dir='ltr'><strong>FISCI</strong></span> <span class='ocrx_word' id='word_1_26' title='bbox 2166 928 2252 988; x_wconf 87' lang='lat' dir='ltr'><strong>IN</strong></span> <span class='ocrx_word' id='word_1_27' title='bbox 2303 924 2764 987; x_wconf 86' lang='lat' dir='ltr'><strong>PROVINCIA</strong></span> <span class='ocrx_word' id='word_1_28' title='bbox 2821 926 3489 992; x_wconf 74' lang='lat' dir='ltr'><strong>ROTHOMAGENSI</strong></span> 
     </span>
    </p>
   </div>
   <div class='ocr_carea' id='block_1_6' title="bbox 1604 1028 2179 1093">
    <p class='ocr_par' dir='ltr' id='par_1_6' title="bbox 1604 1028 2179 1093">
     <span class='ocr_line' id='line_1_6' title="bbox 1604 1028 2179 1093; baseline -0.002 -3"><span class='ocrx_word' id='word_1_29' title='bbox 1604 1028 2062 1093; x_wconf 85' lang='lat' dir='ltr'><strong>PATRONUS.</strong></span> <span class='ocrx_word' id='word_1_30' title='bbox 2113 1031 2179 1089; x_wconf 94' lang='lat' dir='ltr'><strong>S.</strong></span> 
     </span>
    </p>
   </div>
   <div class='ocr_carea' id='block_1_7' title="bbox 263 1229 3611 1303">
    <p class='ocr_par' dir='ltr' id='par_1_7' title="bbox 263 1229 3611 1303">
     <span class='ocr_line' id='line_1_7' title="bbox 263 1229 3611 1303; baseline 0 -15"><span class='ocrx_word' id='word_1_31' title='bbox 263 1233 415 1288; x_wconf 88' lang='lat' dir='ltr'><strong>Cum</strong></span> <span class='ocrx_word' id='word_1_32' title='bbox 456 1235 590 1303; x_wconf 84' lang='lat' dir='ltr'><strong>ante</strong></span> <span class='ocrx_word' id='word_1_33' title='bbox 627 1245 817 1285; x_wconf 73' lang='lat' dir='ltr'><strong>annos</strong></span> <span class='ocrx_word' id='word_1_34' title='bbox 841 1229 1087 1303; x_wconf 84' lang='lat' dir='ltr'><strong>aliquot,</strong></span> <span class='ocrx_word' id='word_1_35' title='bbox 1101 1230 1474 1303; x_wconf 89' lang='lat' dir='ltr'><strong>nobilissime</strong></span> <span class='ocrx_word' id='word_1_36' title='bbox 1491 1231 1755 1302; x_wconf 88' lang='lat' dir='ltr'><strong>Balliole,</strong></span> <span class='ocrx_word' id='word_1_37' title='bbox 1772 1233 2112 1303; x_wconf 88' lang='lat' dir='ltr'><strong>Argentona</strong></span> <span class='ocrx_word' id='word_1_38' title='bbox 2125 1231 2477 1303; x_wconf 60' lang='lat' dir='ltr'><strong>reverterei‘,</strong></span> <span class='ocrx_word' id='word_1_39' title='bbox 2501 1243 2616 1303; x_wconf 83' lang='lat' dir='ltr'><strong>quo</strong></span> <span class='ocrx_word' id='word_1_40' title='bbox 2640 1229 3229 1303; x_wconf 79' lang='lat' dir='ltr'><strong>peranniversarium</strong></span> <span class='ocrx_word' id='word_1_41' title='bbox 3252 1231 3456 1303; x_wconf 86' lang='lat' dir='ltr'><strong>nobisj</strong></span> <span class='ocrx_word' id='word_1_42' title='bbox 3467 1235 3611 1288; x_wconf 88' lang='lat' dir='ltr'><strong>usti-</strong></span> 
     </span>
    </p>
   </div>
   <div class='ocr_carea' id='block_1_8' title="bbox 193 1299 3609 1375">
    <p class='ocr_par' dir='ltr' id='par_1_8' title="bbox 193 1299 3609 1375">
     <span class='ocr_line' id='line_1_8' title="bbox 193 1299 3609 1375; baseline -0 -16"><span class='ocrx_word' id='word_1_43' title='bbox 193 1301 573 1375; x_wconf 20' lang='lat' dir='ltr'><strong>tiumioptimi</strong></span> <span class='ocrx_word' id='word_1_44' title='bbox 598 1302 860 1375; x_wconf 88' lang='lat' dir='ltr'><strong>parentis</strong></span> <span class='ocrx_word' id='word_1_45' title='bbox 890 1299 1023 1375; x_wconf 18' lang='lat' dir='ltr'><strong>m—eii</strong></span> <span class='ocrx_word' id='word_1_46' title='bbox 1033 1302 1269 1375; x_wconf 78' lang='lat' dir='ltr'><strong>visendi</strong></span> <span class='ocrx_word' id='word_1_47' title='bbox 1292 1318 1472 1356; x_wconf 90' lang='lat' dir='ltr'><strong>causa</strong></span> <span class='ocrx_word' id='word_1_48' title='bbox 1497 1299 1749 1375; x_wconf 40' lang='lat' dir='ltr'><strong>iveram,’</strong></span> <span class='ocrx_word' id='word_1_49' title='bbox 1777 1304 1837 1355; x_wconf 92' lang='lat' dir='ltr'><strong>in</strong></span> <span class='ocrx_word' id='word_1_50' title='bbox 1867 1299 2077 1356; x_wconf 74' lang='lat' dir='ltr'><strong>itinere</strong></span> <span class='ocrx_word' id='word_1_51' title='bbox 2097 1301 2381 1375; x_wconf 77' lang='lat' dir='ltr'><strong>religiosa</strong></span> <span class='ocrx_word' id='word_1_52' title='bbox 2423 1299 2800 1375; x_wconf 78' lang='lat' dir='ltr'><strong>Becobeivini</strong></span> <span class='ocrx_word' id='word_1_53' title='bbox 2834 1301 3086 1354; x_wconf 73' lang='lat' dir='ltr'><strong>cmnobii</strong></span> <span class='ocrx_word' id='word_1_54' title='bbox 3106 1301 3320 1375; x_wconf 80' lang='lat' dir='ltr'><strong>domus</strong></span> <span class='ocrx_word' id='word_1_55' title='bbox 3351 1299 3609 1375; x_wconf 83' lang='lat' dir='ltr'><strong>hospitio</strong></span> 
     </span>
    </p>
   </div>
   <div class='ocr_carea' id='block_1_9' title="bbox 191 1371 3610 1444">
    <p class='ocr_par' dir='ltr' id='par_1_9' title="bbox 191 1371 3610 1444">
     <span class='ocr_line' id='line_1_9' title="bbox 191 1371 3610 1444; baseline 0 -16"><span class='ocrx_word' id='word_1_56' title='bbox 191 1390 288 1429; x_wconf 90' lang='lat' dir='ltr'><strong>me</strong></span> <span class='ocrx_word' id='word_1_57' title='bbox 320 1371 578 1444; x_wconf 83' lang='lat' dir='ltr'><strong>libenter</strong></span> <span class='ocrx_word' id='word_1_58' title='bbox 604 1373 888 1441; x_wconf 73' lang='lat' dir='ltr'><strong>invitavit,</strong></span> <span class='ocrx_word' id='word_1_59' title='bbox 911 1377 968 1444; x_wconf 89' lang='lat' dir='ltr'><strong>et</strong></span> <span class='ocrx_word' id='word_1_60' title='bbox 987 1372 1314 1427; x_wconf 77' lang='lat' dir='ltr'><strong>liberaliter</strong></span> <span class='ocrx_word' id='word_1_61' title='bbox 1343 1373 1586 1444; x_wconf 82' lang='lat' dir='ltr'><strong>accepit.</strong></span> <span class='ocrx_word' id='word_1_62' title='bbox 1623 1374 1837 1444; x_wconf 90' lang='lat' dir='ltr'><strong>lbiego</strong></span> <span class='ocrx_word' id='word_1_63' title='bbox 1857 1388 1989 1427; x_wconf 90' lang='lat' dir='ltr'><strong>cum</strong></span> <span class='ocrx_word' id='word_1_64' title='bbox 2011 1376 2068 1444; x_wconf 89' lang='lat' dir='ltr'><strong>et</strong></span> <span class='ocrx_word' id='word_1_65' title='bbox 2097 1372 2399 1444; x_wconf 76' lang='lat' dir='ltr'><strong>hominum</strong></span> <span class='ocrx_word' id='word_1_66' title='bbox 2418 1385 2638 1444; x_wconf 85' lang='lat' dir='ltr'><strong>mores,</strong></span> <span class='ocrx_word' id='word_1_67' title='bbox 2661 1371 2892 1444; x_wconf 75' lang='lat' dir='ltr'><strong>locique</strong></span> <span class='ocrx_word' id='word_1_68' title='bbox 2906 1373 3297 1426; x_wconf 86' lang='lat' dir='ltr'><strong>amoenitatem</strong></span> <span class='ocrx_word' id='word_1_69' title='bbox 3315 1389 3382 1427; x_wconf 91' lang='lat' dir='ltr'><strong>ac</strong></span> <span class='ocrx_word' id='word_1_70' title='bbox 3407 1371 3610 1443; x_wconf 86' lang='lat' dir='ltr'><strong>splen-</strong></span> 
     </span>
    </p>
   </div>
   <div class='ocr_carea' id='block_1_10' title="bbox 191 1441 3606 1511">
    <p class='ocr_par' dir='ltr' id='par_1_10' title="bbox 191 1441 3606 1511">
     <span class='ocr_line' id='line_1_10' title="bbox 191 1441 3606 1511; baseline 0 -12"><span class='ocrx_word' id='word_1_71' title='bbox 191 1446 401 1500; x_wconf 88' lang='lat' dir='ltr'><strong>dorem</strong></span> <span class='ocrx_word' id='word_1_72' title='bbox 432 1443 776 1507; x_wconf 78' lang='lat' dir='ltr'><strong>admirarer,</strong></span> <span class='ocrx_word' id='word_1_73' title='bbox 810 1443 1044 1497; x_wconf 83' lang='lat' dir='ltr'><strong>tandem</strong></span> <span class='ocrx_word' id='word_1_74' title='bbox 1075 1444 1132 1496; x_wconf 90' lang='lat' dir='ltr'><strong>in</strong></span> <span class='ocrx_word' id='word_1_75' title='bbox 1172 1441 1506 1497; x_wconf 86' lang='lat' dir='ltr'><strong>sermonem</strong></span> <span class='ocrx_word' id='word_1_76' title='bbox 1537 1443 1609 1497; x_wconf 92' lang='lat' dir='ltr'><strong>de</strong></span> <span class='ocrx_word' id='word_1_77' title='bbox 1631 1441 1988 1497; x_wconf 68' lang='lat' dir='ltr'><strong>bibliotheca</strong></span> <span class='ocrx_word' id='word_1_78' title='bbox 2012 1442 2209 1496; x_wconf 87' lang='lat' dir='ltr'><strong>incidi.</strong></span> <span class='ocrx_word' id='word_1_79' title='bbox 2244 1442 2307 1495; x_wconf 91' lang='lat' dir='ltr'><strong>In</strong></span> <span class='ocrx_word' id='word_1_80' title='bbox 2339 1456 2467 1494; x_wconf 89' lang='lat' dir='ltr'><strong>eam</strong></span> <span class='ocrx_word' id='word_1_81' title='bbox 2494 1441 2862 1495; x_wconf 84' lang='lat' dir='ltr'><strong>introductus</strong></span> <span class='ocrx_word' id='word_1_82' title='bbox 2896 1444 3140 1511; x_wconf 85' lang='lat' dir='ltr'><strong>concepi</strong></span> <span class='ocrx_word' id='word_1_83' title='bbox 3163 1444 3247 1511; x_wconf 88' lang='lat' dir='ltr'><strong>(ut</strong></span> <span class='ocrx_word' id='word_1_84' title='bbox 3266 1448 3357 1497; x_wconf 90' lang='lat' dir='ltr'><strong>est</strong></span> <span class='ocrx_word' id='word_1_85' title='bbox 3376 1441 3457 1498; x_wconf 78' lang='lat' dir='ltr'><strong>ex</strong></span> <span class='ocrx_word' id='word_1_86' title='bbox 3471 1446 3606 1500; x_wconf 86' lang='lat' dir='ltr'><strong>reli-</strong></span> 
     </span>
    </p>
   </div>
   <div class='ocr_carea' id='block_1_11' title="bbox 235 1512 3610 1584">
    <p class='ocr_par' dir='ltr' id='par_1_11' title="bbox 235 1512 3610 1584">
     <span class='ocr_line' id='line_1_11' title="bbox 235 1512 3610 1584; baseline 0 -15"><span class='ocrx_word' id='word_1_87' title='bbox 235 1516 356 1569; x_wconf 89' lang='lat' dir='ltr'><strong>uiis</strong></span> <span class='ocrx_word' id='word_1_88' title='bbox 386 1513 659 1584; x_wconf 77' lang='lat' dir='ltr'><strong>conjecta</strong></span> <span class='ocrx_word' id='word_1_89' title='bbox 685 1514 877 1583; x_wconf 86' lang='lat' dir='ltr'><strong>facile)</strong></span> <span class='ocrx_word' id='word_1_90' title='bbox 895 1514 1055 1581; x_wconf 88' lang='lat' dir='ltr'><strong>olim,</strong></span> <span class='ocrx_word' id='word_1_91' title='bbox 1089 1514 1227 1567; x_wconf 91' lang='lat' dir='ltr'><strong>dum</strong></span> <span class='ocrx_word' id='word_1_92' title='bbox 1247 1516 1487 1568; x_wconf 87' lang='lat' dir='ltr'><strong>meliora</strong></span> <span class='ocrx_word' id='word_1_93' title='bbox 1511 1514 1746 1568; x_wconf 88' lang='lat' dir='ltr'><strong>fuerunt</strong></span> <span class='ocrx_word' id='word_1_94' title='bbox 1768 1517 2050 1583; x_wconf 88' lang='lat' dir='ltr'><strong>tempora,</strong></span> <span class='ocrx_word' id='word_1_95' title='bbox 2077 1513 2366 1567; x_wconf 90' lang='lat' dir='ltr'><strong>bonorum</strong></span> <span class='ocrx_word' id='word_1_96' title='bbox 2385 1512 2576 1584; x_wconf 92' lang='lat' dir='ltr'><strong>omnis</strong></span> <span class='ocrx_word' id='word_1_97' title='bbox 2602 1513 2840 1582; x_wconf 83' lang='lat' dir='ltr'><strong>generis</strong></span> <span class='ocrx_word' id='word_1_98' title='bbox 2872 1513 3155 1566; x_wconf 87' lang='lat' dir='ltr'><strong>librorum</strong></span> <span class='ocrx_word' id='word_1_99' title='bbox 3175 1517 3610 1583; x_wconf 87' lang='lat' dir='ltr'><strong>receptaculum</strong></span> 
     </span>
    </p>
   </div>
   <div class='ocr_carea' id='block_1_12' title="bbox 216 1582 3608 1662">
    <p class='ocr_par' dir='ltr' id='par_1_12' title="bbox 216 1582 3608 1662">
     <span class='ocr_line' id='line_1_12' title="bbox 216 1582 3608 1662; baseline -0 -21"><span class='ocrx_word' id='word_1_100' title='bbox 216 1582 409 1662; x_wconf 65' lang='lat' dir='ltr'><strong>uisse.</strong></span> <span class='ocrx_word' id='word_1_101' title='bbox 443 1582 610 1662; x_wconf 62' lang='lat' dir='ltr'><strong>Teati</strong></span> <span class='ocrx_word' id='word_1_102' title='bbox 631 1585 825 1662; x_wconf 81' lang='lat' dir='ltr'><strong>itaque</strong></span> <span class='ocrx_word' id='word_1_103' title='bbox 853 1584 1121 1662; x_wconf 85' lang='lat' dir='ltr'><strong>thesauri</strong></span> <span class='ocrx_word' id='word_1_104' title='bbox 1152 1584 1436 1662; x_wconf 78' lang='lat' dir='ltr'><strong>reliquias</strong></span> <span class='ocrx_word' id='word_1_105' title='bbox 1455 1582 2014 1662; x_wconf 32' lang='lat' dir='ltr'><strong>dumcuriosus’pro</strong></span> <span class='ocrx_word' id='word_1_106' title='bbox 2036 1588 2298 1653; x_wconf 88' lang='lat' dir='ltr'><strong>tempore</strong></span> <span class='ocrx_word' id='word_1_107' title='bbox 2320 1582 2783 1662; x_wconf 32' lang='lat' dir='ltr'><strong>perlust‘raremt</strong></span> <span class='ocrx_word' id='word_1_108' title='bbox 2803 1584 3009 1662; x_wconf 74' lang='lat' dir='ltr'><strong>oculos</strong></span> <span class='ocrx_word' id='word_1_109' title='bbox 3041 1584 3274 1662; x_wconf 84' lang='lat' dir='ltr'><strong>tandem</strong></span> <span class='ocrx_word' id='word_1_110' title='bbox 3301 1582 3529 1662; x_wconf 71' lang='lat' dir='ltr'><strong>conjeci</strong></span> <span class='ocrx_word' id='word_1_111' title='bbox 3550 1588 3608 1662; x_wconf 88' lang='lat' dir='ltr'><strong>in</strong></span> 
     </span>
    </p>
   </div>
   <div class='ocr_carea' id='block_1_13' title="bbox 189 1652 3606 1727">
    <p class='ocr_par' dir='ltr' id='par_1_13' title="bbox 189 1652 3606 1727">
     <span class='ocr_line' id='line_1_13' title="bbox 189 1652 3606 1727; baseline 0 -16"><span class='ocrx_word' id='word_1_112' title='bbox 189 1658 451 1727; x_wconf 88' lang='lat' dir='ltr'><strong>miseras</strong></span> <span class='ocrx_word' id='word_1_113' title='bbox 470 1656 690 1725; x_wconf 86' lang='lat' dir='ltr'><strong>aliquot</strong></span> <span class='ocrx_word' id='word_1_114' title='bbox 703 1652 850 1709; x_wconf 82' lang='lat' dir='ltr'><strong>male</strong></span> <span class='ocrx_word' id='word_1_115' title='bbox 863 1658 1198 1725; x_wconf 80' lang='lat' dir='ltr'><strong>compactae</strong></span> <span class='ocrx_word' id='word_1_116' title='bbox 1211 1652 1429 1726; x_wconf 72' lang='lat' dir='ltr'><strong>vixque</strong></span> <span class='ocrx_word' id='word_1_117' title='bbox 1445 1656 1815 1710; x_wconf 55' lang='lat' dir='ltr'><strong>cohaerentes</strong></span> <span class='ocrx_word' id='word_1_118' title='bbox 1834 1652 2295 1727; x_wconf 82' lang='lat' dir='ltr'><strong>schedas,quam</strong></span> <span class='ocrx_word' id='word_1_119' title='bbox 2310 1652 2660 1727; x_wconf 83' lang='lat' dir='ltr'><strong>jamdudum</strong></span> <span class='ocrx_word' id='word_1_120' title='bbox 2689 1654 2885 1727; x_wconf 78' lang='lat' dir='ltr'><strong>pulvis</strong></span> <span class='ocrx_word' id='word_1_121' title='bbox 2907 1657 3196 1724; x_wconf 61' lang='lat' dir='ltr'><strong>tinctaque</strong></span> <span class='ocrx_word' id='word_1_122' title='bbox 3212 1652 3606 1727; x_wconf 80' lang='lat' dir='ltr'><strong>flagellabant.</strong></span> 
     </span>
    </p>
   </div>
   <div class='ocr_carea' id='block_1_14' title="bbox 189 1724 3605 1797">
    <p class='ocr_par' dir='ltr' id='par_1_14' title="bbox 189 1724 3605 1797">
     <span class='ocr_line' id='line_1_14' title="bbox 189 1724 3605 1797; baseline 0 -15"><span class='ocrx_word' id='word_1_123' title='bbox 189 1726 396 1797; x_wconf 81' lang='lat' dir='ltr'><strong>Hujus</strong></span> <span class='ocrx_word' id='word_1_124' title='bbox 421 1724 671 1797; x_wconf 81' lang='lat' dir='ltr'><strong>jacturae</strong></span> <span class='ocrx_word' id='word_1_125' title='bbox 703 1726 983 1781; x_wconf 88' lang='lat' dir='ltr'><strong>misertus</strong></span> <span class='ocrx_word' id='word_1_126' title='bbox 1000 1724 1249 1780; x_wconf 81' lang='lat' dir='ltr'><strong>manum</strong></span> <span class='ocrx_word' id='word_1_127' title='bbox 1281 1724 1475 1781; x_wconf 79' lang='lat' dir='ltr'><strong>libens</strong></span> <span class='ocrx_word' id='word_1_128' title='bbox 1508 1727 1763 1796; x_wconf 85' lang='lat' dir='ltr'><strong>porrexi,</strong></span> <span class='ocrx_word' id='word_1_129' title='bbox 1795 1731 1852 1780; x_wconf 89' lang='lat' dir='ltr'><strong>et</strong></span> <span class='ocrx_word' id='word_1_130' title='bbox 1872 1724 2155 1794; x_wconf 34' lang='lat' dir='ltr'><strong>jacentes’</strong></span> <span class='ocrx_word' id='word_1_131' title='bbox 2176 1726 2248 1779; x_wconf 91' lang='lat' dir='ltr'><strong>ab</strong></span> <span class='ocrx_word' id='word_1_132' title='bbox 2282 1724 2452 1797; x_wconf 82' lang='lat' dir='ltr'><strong>inerti</strong></span> <span class='ocrx_word' id='word_1_133' title='bbox 2486 1739 2554 1797; x_wconf 79' lang='lat' dir='ltr'><strong>ac</strong></span> <span class='ocrx_word' id='word_1_134' title='bbox 2585 1725 3018 1797; x_wconf 79' lang='lat' dir='ltr'><strong>planefunesto</strong></span> <span class='ocrx_word' id='word_1_135' title='bbox 3043 1724 3605 1794; x_wconf 49' lang='lat' dir='ltr'><strong>veterno&#39;excitavi;</strong></span> 
     </span>
    </p>
   </div>
   <div class='ocr_carea' id='block_1_15' title="bbox 189 1794 3610 1869">
    <p class='ocr_par' dir='ltr' id='par_1_15' title="bbox 189 1794 3610 1869">
     <span class='ocr_line' id='line_1_15' title="bbox 189 1794 3610 1869; baseline -0 -16"><span class='ocrx_word' id='word_1_136' title='bbox 189 1794 475 1869; x_wconf 74' lang='lat' dir='ltr'><strong>squalore</strong></span> <span class='ocrx_word' id='word_1_137' title='bbox 505 1797 739 1869; x_wconf 83' lang='lat' dir='ltr'><strong>tandem</strong></span> <span class='ocrx_word' id='word_1_138' title='bbox 769 1796 1198 1869; x_wconf 10' lang='lat' dir='ltr'><strong>detersoi,__dum</strong></span> <span class='ocrx_word' id='word_1_139' title='bbox 1230 1798 1369 1869; x_wconf 83' lang='lat' dir='ltr'><strong>quid</strong></span> <span class='ocrx_word' id='word_1_140' title='bbox 1393 1794 1525 1851; x_wconf 70' lang='lat' dir='ltr'><strong>illae</strong></span> <span class='ocrx_word' id='word_1_141' title='bbox 1539 1799 1905 1851; x_wconf 88' lang='lat' dir='ltr'><strong>continerent</strong></span> <span class='ocrx_word' id='word_1_142' title='bbox 1932 1797 2166 1869; x_wconf 80' lang='lat' dir='ltr'><strong>inspexi</strong></span> <span class='ocrx_word' id='word_1_143' title='bbox 2189 1795 2485 1864; x_wconf 88' lang='lat' dir='ltr'><strong>cupidius,</strong></span> <span class='ocrx_word' id='word_1_144' title='bbox 2519 1794 2910 1869; x_wconf 82' lang='lat' dir='ltr'><strong>inveni,_inter</strong></span> <span class='ocrx_word' id='word_1_145' title='bbox 2938 1796 3069 1869; x_wconf 67' lang='lat' dir='ltr'><strong>alia,</strong></span> <span class='ocrx_word' id='word_1_146' title='bbox 3093 1811 3225 1866; x_wconf 68' lang='lat' dir='ltr'><strong>qum</strong></span> <span class='ocrx_word' id='word_1_147' title='bbox 3239 1797 3339 1869; x_wconf 80' lang='lat' dir='ltr'><strong>vix</strong></span> <span class='ocrx_word' id='word_1_148' title='bbox 3360 1814 3481 1866; x_wconf 74' lang='lat' dir='ltr'><strong>prae</strong></span> <span class='ocrx_word' id='word_1_149' title='bbox 3503 1814 3610 1853; x_wconf 92' lang='lat' dir='ltr'><strong>ve-</strong></span> 
     </span>
    </p>
   </div>
   <div class='ocr_carea' id='block_1_16' title="bbox 186 1866 3605 1939">
    <p class='ocr_par' dir='ltr' id='par_1_16' title="bbox 186 1866 3605 1939">
     <span class='ocr_line' id='line_1_16' title="bbox 186 1866 3605 1939; baseline 0 -16"><span class='ocrx_word' id='word_1_150' title='bbox 186 1866 417 1939; x_wconf 52' lang='lat' dir='ltr'><strong>tustate</strong></span> <span class='ocrx_word' id='word_1_151' title='bbox 443 1868 559 1939; x_wconf 91' lang='lat' dir='ltr'><strong>legi</strong></span> <span class='ocrx_word' id='word_1_152' title='bbox 588 1871 874 1939; x_wconf 87' lang='lat' dir='ltr'><strong>poterant,</strong></span> <span class='ocrx_word' id='word_1_153' title='bbox 908 1867 1203 1939; x_wconf 90' lang='lat' dir='ltr'><strong>Guillelmi</strong></span> <span class='ocrx_word' id='word_1_154' title='bbox 1224 1866 1536 1938; x_wconf 82' lang='lat' dir='ltr'><strong>cujusdam</strong></span> <span class='ocrx_word' id='word_1_155' title='bbox 1559 1868 2279 1939; x_wconf 88' lang='lat' dir='ltr'><strong>Apuliensishistoricum</strong></span> <span class='ocrx_word' id='word_1_156' title='bbox 2310 1881 2517 1939; x_wconf 77' lang='lat' dir='ltr'><strong>poema</strong></span> <span class='ocrx_word' id='word_1_157' title='bbox 2550 1866 2621 1939; x_wconf 78' lang='lat' dir='ltr'><strong>de</strong></span> <span class='ocrx_word' id='word_1_158' title='bbox 2661 1866 2844 1919; x_wconf 86' lang='lat' dir='ltr'><strong>rebus</strong></span> <span class='ocrx_word' id='word_1_159' title='bbox 2889 1882 2920 1919; x_wconf 92' lang='lat' dir='ltr'><strong>a</strong></span> <span class='ocrx_word' id='word_1_160' title='bbox 2956 1866 3213 1939; x_wconf 73' lang='lat' dir='ltr'><strong>Roberto</strong></span> <span class='ocrx_word' id='word_1_161' title='bbox 3256 1867 3605 1938; x_wconf 87' lang='lat' dir='ltr'><strong>Guiscardo,</strong></span> 
     </span>
    </p>
   </div>
   <div class='ocr_carea' id='block_1_17' title="bbox 187 1936 3611 2010">
    <p class='ocr_par' dir='ltr' id='par_1_17' title="bbox 187 1936 3611 2010">
     <span class='ocr_line' id='line_1_17' title="bbox 187 1936 3611 2010; baseline 0 -16"><span class='ocrx_word' id='word_1_162' title='bbox 187 1936 528 1994; x_wconf 76' lang='lat' dir='ltr'><strong>fortissimo</strong></span> <span class='ocrx_word' id='word_1_163' title='bbox 552 1936 1029 2010; x_wconf 88' lang='lat' dir='ltr'><strong>Normannorum</strong></span> <span class='ocrx_word' id='word_1_164' title='bbox 1051 1938 1220 2010; x_wconf 86' lang='lat' dir='ltr'><strong>duce,</strong></span> <span class='ocrx_word' id='word_1_165' title='bbox 1247 1936 1313 1992; x_wconf 85' lang='lat' dir='ltr'><strong>in</strong></span> <span class='ocrx_word' id='word_1_166' title='bbox 1336 1939 1555 2006; x_wconf 90' lang='lat' dir='ltr'><strong>Sicilia,</strong></span> <span class='ocrx_word' id='word_1_167' title='bbox 1572 1939 1780 2008; x_wconf 87' lang='lat' dir='ltr'><strong>Apulia</strong></span> <span class='ocrx_word' id='word_1_168' title='bbox 1814 1942 1870 1992; x_wconf 91' lang='lat' dir='ltr'><strong>et</strong></span> <span class='ocrx_word' id='word_1_169' title='bbox 1890 1938 2157 1993; x_wconf 85' lang='lat' dir='ltr'><strong>Calabria</strong></span> <span class='ocrx_word' id='word_1_170' title='bbox 2172 1937 2393 2010; x_wconf 78' lang='lat' dir='ltr'><strong>gestis.</strong></span> <span class='ocrx_word' id='word_1_171' title='bbox 2421 1936 2567 2010; x_wconf 74' lang='lat' dir='ltr'><strong>illud</strong></span> <span class='ocrx_word' id='word_1_172' title='bbox 2587 1940 2977 2010; x_wconf 77' lang='lat' dir='ltr'><strong>praeterquam</strong></span> <span class='ocrx_word' id='word_1_173' title='bbox 2994 1938 3149 2007; x_wconf 87' lang='lat' dir='ltr'><strong>quod</strong></span> <span class='ocrx_word' id='word_1_174' title='bbox 3168 1938 3296 2007; x_wconf 90' lang='lat' dir='ltr'><strong>ipse</strong></span> <span class='ocrx_word' id='word_1_175' title='bbox 3318 1936 3611 2010; x_wconf 85' lang='lat' dir='ltr'><strong>nusquam</strong></span> 
     </span>
    </p>
   </div>
   <div class='ocr_carea' id='block_1_18' title="bbox 187 2007 3606 2078">
    <p class='ocr_par' dir='ltr' id='par_1_18' title="bbox 187 2007 3606 2078">
     <span class='ocr_line' id='line_1_18' title="bbox 187 2007 3606 2078; baseline 0.001 -16"><span class='ocrx_word' id='word_1_176' title='bbox 187 2010 482 2078; x_wconf 82' lang='lat' dir='ltr'><strong>videram,</strong></span> <span class='ocrx_word' id='word_1_177' title='bbox 502 2013 556 2063; x_wconf 92' lang='lat' dir='ltr'><strong>et</strong></span> <span class='ocrx_word' id='word_1_178' title='bbox 572 2025 604 2061; x_wconf 93' lang='lat' dir='ltr'><strong>a</strong></span> <span class='ocrx_word' id='word_1_179' title='bbox 624 2009 832 2078; x_wconf 90' lang='lat' dir='ltr'><strong>paucis</strong></span> <span class='ocrx_word' id='word_1_180' title='bbox 846 2010 1060 2063; x_wconf 90' lang='lat' dir='ltr'><strong>lectum</strong></span> <span class='ocrx_word' id='word_1_181' title='bbox 1079 2009 1365 2063; x_wconf 89' lang='lat' dir='ltr'><strong>hactenus</strong></span> <span class='ocrx_word' id='word_1_182' title='bbox 1379 2007 1683 2063; x_wconf 83' lang='lat' dir='ltr'><strong>autvisum</strong></span> <span class='ocrx_word' id='word_1_183' title='bbox 1701 2010 2135 2075; x_wconf 83' lang='lat' dir='ltr'><strong>existimabam,</strong></span> <span class='ocrx_word' id='word_1_184' title='bbox 2153 2007 2268 2062; x_wconf 89' lang='lat' dir='ltr'><strong>duo</strong></span> <span class='ocrx_word' id='word_1_185' title='bbox 2283 2007 2535 2061; x_wconf 83' lang='lat' dir='ltr'><strong>maxime</strong></span> <span class='ocrx_word' id='word_1_186' title='bbox 2557 2007 2918 2078; x_wconf 63' lang='lat' dir='ltr'><strong>persierutari</strong></span> <span class='ocrx_word' id='word_1_187' title='bbox 2946 2012 3288 2078; x_wconf 88' lang='lat' dir='ltr'><strong>coegerunt.</strong></span> <span class='ocrx_word' id='word_1_188' title='bbox 3325 2007 3606 2078; x_wconf 81' lang='lat' dir='ltr'><strong>Primum,</strong></span> 
     </span>
    </p>
   </div>
   <div class='ocr_carea' id='block_1_19' title="bbox 187 2077 3606 2152">
    <p class='ocr_par' dir='ltr' id='par_1_19' title="bbox 187 2077 3606 2152">
     <span class='ocr_line' id='line_1_19' title="bbox 187 2077 3606 2152; baseline 0.001 -18"><span class='ocrx_word' id='word_1_189' title='bbox 187 2081 405 2151; x_wconf 79' lang='lat' dir='ltr'><strong>patriae</strong></span> <span class='ocrx_word' id='word_1_190' title='bbox 435 2077 765 2152; x_wconf 79' lang='lat' dir='ltr'><strong>cemmunis</strong></span> <span class='ocrx_word' id='word_1_191' title='bbox 796 2096 980 2147; x_wconf 86' lang='lat' dir='ltr'><strong>amor,</strong></span> <span class='ocrx_word' id='word_1_192' title='bbox 1003 2079 1179 2152; x_wconf 87' lang='lat' dir='ltr'><strong>cujus</strong></span> <span class='ocrx_word' id='word_1_193' title='bbox 1196 2080 1348 2147; x_wconf 88' lang='lat' dir='ltr'><strong>laus,</strong></span> <span class='ocrx_word' id='word_1_194' title='bbox 1367 2080 1649 2152; x_wconf 84' lang='lat' dir='ltr'><strong>splendor</strong></span> <span class='ocrx_word' id='word_1_195' title='bbox 1677 2084 1733 2133; x_wconf 92' lang='lat' dir='ltr'><strong>et</strong></span> <span class='ocrx_word' id='word_1_196' title='bbox 1749 2081 1995 2152; x_wconf 15' lang='lat' dir='ltr'><strong>antiqua,</strong></span> <span class='ocrx_word' id='word_1_197' title='bbox 2019 2081 2206 2133; x_wconf 89' lang='lat' dir='ltr'><strong>virtus</strong></span> <span class='ocrx_word' id='word_1_198' title='bbox 2225 2094 2575 2152; x_wconf 83' lang='lat' dir='ltr'><strong>quacunque</strong></span> <span class='ocrx_word' id='word_1_199' title='bbox 2589 2077 3123 2152; x_wconf 80' lang='lat' dir='ltr'><strong>eluceat,mc,quod</strong></span> <span class='ocrx_word' id='word_1_200' title='bbox 3146 2081 3395 2133; x_wconf 83' lang='lat' dir='ltr'><strong>maxime</strong></span> <span class='ocrx_word' id='word_1_201' title='bbox 3414 2077 3606 2152; x_wconf 83' lang='lat' dir='ltr'><strong>debet,</strong></span> 
     </span>
    </p>
   </div>
   <div class='ocr_carea' id='block_1_20' title="bbox 187 2097 3610 2222">
    <p class='ocr_par' dir='ltr' id='par_1_20' title="bbox 187 2097 3610 2222">
     <span class='ocr_line' id='line_1_20' title="bbox 187 2097 3606 2202; baseline 0.001 -68"><span class='ocrx_word' id='word_1_202' title='bbox 187 2097 405 2151; x_wconf 76' lang='lat' dir='ltr'><strong>patriae</strong></span> <span class='ocrx_word' id='word_1_203' title='bbox 435 2097 765 2133; x_wconf 77' lang='lat' dir='ltr'><strong>communis</strong></span> <span class='ocrx_word' id='word_1_204' title='bbox 796 2097 980 2147; x_wconf 85' lang='lat' dir='ltr'><strong>amor,</strong></span> <span class='ocrx_word' id='word_1_205' title='bbox 1003 2097 1179 2149; x_wconf 81' lang='lat' dir='ltr'><strong>cujus</strong></span> <span class='ocrx_word' id='word_1_206' title='bbox 1197 2097 1348 2147; x_wconf 75' lang='lat' dir='ltr'><strong>laus,</strong></span> <span class='ocrx_word' id='word_1_207' title='bbox 1367 2097 1649 2202; x_wconf 65' lang='lat' dir='ltr'><strong>splendor</strong></span> <span class='ocrx_word' id='word_1_208' title='bbox 1677 2097 1985 2150; x_wconf 77' lang='lat' dir='ltr'><strong>etanuqua</strong></span> <span class='ocrx_word' id='word_1_209' title='bbox 2019 2097 2206 2133; x_wconf 78' lang='lat' dir='ltr'><strong>Virtus</strong></span> <span class='ocrx_word' id='word_1_210' title='bbox 2225 2097 2575 2148; x_wconf 86' lang='lat' dir='ltr'><strong>quacunque</strong></span> <span class='ocrx_word' id='word_1_211' title='bbox 2589 2097 3123 2148; x_wconf 77' lang='lat' dir='ltr'><strong>eluceat,mc,quoa</strong></span> <span class='ocrx_word' id='word_1_212' title='bbox 3146 2097 3395 2133; x_wconf 78' lang='lat' dir='ltr'><strong>maxime</strong></span> <span class='ocrx_word' id='word_1_213' title='bbox 3414 2097 3606 2152; x_wconf 76' lang='lat' dir='ltr'><strong>debet,</strong></span> 
     </span>
     <span class='ocr_line' id='line_1_21' title="bbox 187 2148 3610 2222; baseline 0 -17"><span class='ocrx_word' id='word_1_214' title='bbox 187 2155 249 2205; x_wconf 92' lang='lat' dir='ltr'><strong>in</strong></span> <span class='ocrx_word' id='word_1_215' title='bbox 284 2151 500 2222; x_wconf 81' lang='lat' dir='ltr'><strong>primis</strong></span> <span class='ocrx_word' id='word_1_216' title='bbox 525 2155 582 2222; x_wconf 76' lang='lat' dir='ltr'><strong>et</strong></span> <span class='ocrx_word' id='word_1_217' title='bbox 611 2152 740 2222; x_wconf 86' lang='lat' dir='ltr'><strong>sine</strong></span> <span class='ocrx_word' id='word_1_218' title='bbox 763 2152 1031 2222; x_wconf 79' lang='lat' dir='ltr'><strong>satietate</strong></span> <span class='ocrx_word' id='word_1_219' title='bbox 1048 2151 1332 2212; x_wconf 86' lang='lat' dir='ltr'><strong>delectat;</strong></span> <span class='ocrx_word' id='word_1_220' title='bbox 1363 2166 1394 2203; x_wconf 92' lang='lat' dir='ltr'><strong>a</strong></span> <span class='ocrx_word' id='word_1_221' title='bbox 1421 2156 1630 2217; x_wconf 91' lang='lat' dir='ltr'><strong>terum,</strong></span> <span class='ocrx_word' id='word_1_222' title='bbox 1651 2151 1806 2221; x_wconf 89' lang='lat' dir='ltr'><strong>quod</strong></span> <span class='ocrx_word' id='word_1_223' title='bbox 1838 2151 2238 2222; x_wconf 10' lang='lat' dir='ltr'><strong>intelligeremr</strong></span> <span class='ocrx_word' id='word_1_224' title='bbox 2262 2148 2522 2219; x_wconf 83' lang='lat' dir='ltr'><strong>majores</strong></span> <span class='ocrx_word' id='word_1_225' title='bbox 2544 2152 2804 2222; x_wconf 76' lang='lat' dir='ltr'><strong>nostros,</strong></span> <span class='ocrx_word' id='word_1_226' title='bbox 2820 2148 2983 2202; x_wconf 84' lang='lat' dir='ltr'><strong>viros</strong></span> <span class='ocrx_word' id='word_1_227' title='bbox 2999 2148 3186 2203; x_wconf 83' lang='lat' dir='ltr'><strong>fortes</strong></span> <span class='ocrx_word' id='word_1_228' title='bbox 3209 2166 3277 2203; x_wconf 89' lang='lat' dir='ltr'><strong>ac</strong></span> <span class='ocrx_word' id='word_1_229' title='bbox 3300 2153 3610 2222; x_wconf 83' lang='lat' dir='ltr'><strong>magnani-</strong></span> 
     </span>
    </p>
   </div>
   <div class='ocr_carea' id='block_1_21' title="bbox 189 2219 3608 2292">
    <p class='ocr_par' dir='ltr' id='par_1_21' title="bbox 189 2219 3608 2292">
     <span class='ocr_line' id='line_1_22' title="bbox 189 2219 3608 2292; baseline 0 -16"><span class='ocrx_word' id='word_1_230' title='bbox 189 2219 352 2290; x_wconf 76' lang='lat' dir='ltr'><strong>mos,</strong></span> <span class='ocrx_word' id='word_1_231' title='bbox 375 2222 438 2275; x_wconf 87' lang='lat' dir='ltr'><strong>in</strong></span> <span class='ocrx_word' id='word_1_232' title='bbox 466 2219 844 2275; x_wconf 76' lang='lat' dir='ltr'><strong>difi‘undeuda</strong></span> <span class='ocrx_word' id='word_1_233' title='bbox 875 2236 979 2290; x_wconf 90' lang='lat' dir='ltr'><strong>per</strong></span> <span class='ocrx_word' id='word_1_234' title='bbox 1010 2220 1167 2292; x_wconf 83' lang='lat' dir='ltr'><strong>hunc</strong></span> <span class='ocrx_word' id='word_1_235' title='bbox 1191 2226 1477 2275; x_wconf 89' lang='lat' dir='ltr'><strong>terrarum</strong></span> <span class='ocrx_word' id='word_1_236' title='bbox 1493 2219 1952 2276; x_wconf 72' lang='lat' dir='ltr'><strong>ortenfnominis</strong></span> <span class='ocrx_word' id='word_1_237' title='bbox 1977 2219 2069 2276; x_wconf 71' lang='lat' dir='ltr'><strong>sui</strong></span> <span class='ocrx_word' id='word_1_238' title='bbox 2094 2221 2302 2292; x_wconf 79' lang='lat' dir='ltr'><strong>gloria,</strong></span> <span class='ocrx_word' id='word_1_239' title='bbox 2318 2223 2592 2273; x_wconf 87' lang='lat' dir='ltr'><strong>auctores</strong></span> <span class='ocrx_word' id='word_1_240' title='bbox 2609 2219 2890 2272; x_wconf 88' lang='lat' dir='ltr'><strong>maluisse</strong></span> <span class='ocrx_word' id='word_1_241' title='bbox 2913 2235 3149 2288; x_wconf 87' lang='lat' dir='ltr'><strong>semper</strong></span> <span class='ocrx_word' id='word_1_242' title='bbox 3160 2236 3334 2290; x_wconf 87' lang='lat' dir='ltr'><strong>quam</strong></span> <span class='ocrx_word' id='word_1_243' title='bbox 3353 2219 3608 2291; x_wconf 76' lang='lat' dir='ltr'><strong>scripto-</strong></span> 
     </span>
    </p>
   </div>
   <div class='ocr_carea' id='block_1_22' title="bbox 189 2290 1648 2361">
    <p class='ocr_par' dir='ltr' id='par_1_22' title="bbox 189 2290 1648 2361">
     <span class='ocr_line' id='line_1_23' title="bbox 189 2290 1648 2361; baseline -0.001 -13"><span class='ocrx_word' id='word_1_244' title='bbox 189 2309 296 2348; x_wconf 84' lang='lat' dir='ltr'><strong>res</strong></span> <span class='ocrx_word' id='word_1_245' title='bbox 331 2307 470 2347; x_wconf 86' lang='lat' dir='ltr'><strong>esse</strong></span> <span class='ocrx_word' id='word_1_246' title='bbox 502 2307 721 2361; x_wconf 90' lang='lat' dir='ltr'><strong>rerum,</strong></span> <span class='ocrx_word' id='word_1_247' title='bbox 754 2296 809 2346; x_wconf 90' lang='lat' dir='ltr'><strong>et</strong></span> <span class='ocrx_word' id='word_1_248' title='bbox 841 2292 975 2346; x_wconf 89' lang='lat' dir='ltr'><strong>inde</strong></span> <span class='ocrx_word' id='word_1_249' title='bbox 999 2290 1271 2346; x_wconf 82' lang='lat' dir='ltr'><strong>effectum</strong></span> <span class='ocrx_word' id='word_1_250' title='bbox 1301 2296 1363 2346; x_wconf 91' lang='lat' dir='ltr'><strong>ut</strong></span> <span class='ocrx_word' id='word_1_251' title='bbox 1393 2292 1648 2347; x_wconf 90' lang='lat' dir='ltr'><strong>illorum.</strong></span> 
     </span>
    </p>
   </div>
   <div class='ocr_carea' id='block_1_23' title="bbox 698 2387 1694 2460">
    <p class='ocr_par' dir='ltr' id='par_1_23' title="bbox 698 2387 1694 2460">
     <span class='ocr_line' id='line_1_24' title="bbox 698 2387 1694 2460; baseline 0.001 -17"><span class='ocrx_word' id='word_1_252' title='bbox 698 2387 944 2443; x_wconf 84' lang='lat' dir='ltr'><strong>Paulum</strong></span> <span class='ocrx_word' id='word_1_253' title='bbox 966 2389 1212 2460; x_wconf 71' lang='lat' dir='ltr'><strong>sepultae</strong></span> <span class='ocrx_word' id='word_1_254' title='bbox 1240 2388 1425 2443; x_wconf 78' lang='lat' dir='ltr'><strong>distet</strong></span> <span class='ocrx_word' id='word_1_255' title='bbox 1454 2389 1694 2444; x_wconf 69' lang='lat' dir='ltr'><strong>inertiae</strong></span> 
     </span>
    </p>
   </div>
   <div class='ocr_carea' id='block_1_24' title="bbox 702 2484 1691 2556">
    <p class='ocr_par' dir='ltr' id='par_1_24' title="bbox 702 2484 1691 2556">
     <span class='ocr_line' id='line_1_25' title="bbox 702 2484 1691 2556; baseline 0.001 -17"><span class='ocrx_word' id='word_1_256' title='bbox 702 2484 904 2540; x_wconf 82' lang='lat' dir='ltr'><strong>Celata</strong></span> <span class='ocrx_word' id='word_1_257' title='bbox 940 2487 1135 2539; x_wconf 84' lang='lat' dir='ltr'><strong>virtus</strong></span> <span class='ocrx_word' id='word_1_258' title='bbox 1163 2485 1341 2555; x_wconf 72' lang='lat' dir='ltr'><strong>(Hea.</strong></span> <span class='ocrx_word' id='word_1_259' title='bbox 1378 2484 1485 2540; x_wconf 89' lang='lat' dir='ltr'><strong>0d.</strong></span> <span class='ocrx_word' id='word_1_260' title='bbox 1518 2486 1613 2555; x_wconf 89' lang='lat' dir='ltr'><strong>IV,</strong></span> <span class='ocrx_word' id='word_1_261' title='bbox 1636 2487 1691 2556; x_wconf 91' lang='lat'>9)</span> 
     </span>
    </p>
   </div>
   <div class='ocr_carea' id='block_1_25' title="bbox 268 2577 3609 2652">
    <p class='ocr_par' dir='ltr' id='par_1_25' title="bbox 268 2577 3609 2652">
     <span class='ocr_line' id='line_1_26' title="bbox 268 2577 3609 2652; baseline 0 -16"><span class='ocrx_word' id='word_1_262' title='bbox 268 2580 504 2636; x_wconf 80' lang='lat' dir='ltr'><strong>Idcirco</strong></span> <span class='ocrx_word' id='word_1_263' title='bbox 536 2579 707 2635; x_wconf 84' lang='lat' dir='ltr'><strong>nefas</strong></span> <span class='ocrx_word' id='word_1_264' title='bbox 731 2579 1223 2652; x_wconf 90' lang='lat' dir='ltr'><strong>essejudicabam</strong></span> <span class='ocrx_word' id='word_1_265' title='bbox 1238 2580 1480 2649; x_wconf 87' lang='lat' dir='ltr'><strong>homini,</strong></span> <span class='ocrx_word' id='word_1_266' title='bbox 1502 2582 1599 2651; x_wconf 87' lang='lat' dir='ltr'><strong>qui</strong></span> <span class='ocrx_word' id='word_1_267' title='bbox 1625 2597 1691 2635; x_wconf 90' lang='lat' dir='ltr'><strong>se</strong></span> <span class='ocrx_word' id='word_1_268' title='bbox 1721 2584 1902 2635; x_wconf 90' lang='lat' dir='ltr'><strong>totum</strong></span> <span class='ocrx_word' id='word_1_269' title='bbox 1944 2579 2286 2649; x_wconf 83' lang='lat' dir='ltr'><strong>reipublicae</strong></span> <span class='ocrx_word' id='word_1_270' title='bbox 2316 2582 2415 2634; x_wconf 90' lang='lat' dir='ltr'><strong>aut</strong></span> <span class='ocrx_word' id='word_1_271' title='bbox 2454 2580 2658 2648; x_wconf 66' lang='lat' dir='ltr'><strong>patriae</strong></span> <span class='ocrx_word' id='word_1_272' title='bbox 2690 2579 3158 2652; x_wconf 81' lang='lat' dir='ltr'><strong>natumputaret,</strong></span> <span class='ocrx_word' id='word_1_273' title='bbox 3180 2577 3609 2652; x_wconf 83' lang='lat' dir='ltr'><strong>qualiacunque</strong></span> 
     </span>
    </p>
   </div>
   <div class='ocr_carea' id='block_1_26' title="bbox 188 2650 3610 2723">
    <p class='ocr_par' dir='ltr' id='par_1_26' title="bbox 188 2650 3610 2723">
     <span class='ocr_line' id='line_1_27' title="bbox 188 2650 3610 2723; baseline -0.001 -12"><span class='ocrx_word' id='word_1_274' title='bbox 188 2655 372 2711; x_wconf 86' lang='lat' dir='ltr'><strong>etiam</strong></span> <span class='ocrx_word' id='word_1_275' title='bbox 403 2652 478 2706; x_wconf 87' lang='lat' dir='ltr'><strong>ab</strong></span> <span class='ocrx_word' id='word_1_276' title='bbox 509 2652 729 2723; x_wconf 78' lang='lat' dir='ltr'><strong>exteris</strong></span> <span class='ocrx_word' id='word_1_277' title='bbox 751 2651 822 2705; x_wconf 89' lang='lat' dir='ltr'><strong>de</strong></span> <span class='ocrx_word' id='word_1_278' title='bbox 843 2650 1014 2706; x_wconf 84' lang='lat' dir='ltr'><strong>laude</strong></span> <span class='ocrx_word' id='word_1_279' title='bbox 1046 2653 1239 2723; x_wconf 86' lang='lat' dir='ltr'><strong>gentis</strong></span> <span class='ocrx_word' id='word_1_280' title='bbox 1270 2650 1694 2723; x_wconf 29' lang='lat' dir='ltr'><strong>illustris’Simae</strong></span> <span class='ocrx_word' id='word_1_281' title='bbox 1725 2669 1792 2706; x_wconf 91' lang='lat' dir='ltr'><strong>ac</strong></span> <span class='ocrx_word' id='word_1_282' title='bbox 1823 2652 2303 2723; x_wconf 78' lang='lat' dir='ltr'><strong>bellicosissimae</strong></span> <span class='ocrx_word' id='word_1_283' title='bbox 2336 2652 2571 2723; x_wconf 14' lang='lat' dir='ltr'><strong>scriptae</strong></span> <span class='ocrx_word' id='word_1_284' title='bbox 2588 2654 2812 2723; x_wconf 86' lang='lat' dir='ltr'><strong>essent,</strong></span> <span class='ocrx_word' id='word_1_285' title='bbox 2846 2650 3066 2703; x_wconf 90' lang='lat' dir='ltr'><strong>diutius</strong></span> <span class='ocrx_word' id='word_1_286' title='bbox 3097 2650 3157 2704; x_wconf 91' lang='lat' dir='ltr'><strong>in</strong></span> <span class='ocrx_word' id='word_1_287' title='bbox 3189 2651 3453 2706; x_wconf 90' lang='lat' dir='ltr'><strong>tenebris</strong></span> <span class='ocrx_word' id='word_1_288' title='bbox 3491 2650 3610 2723; x_wconf 78' lang='lat' dir='ltr'><strong>pati</strong></span> 
     </span>
    </p>
   </div>
   <div class='ocr_carea' id='block_1_27' title="bbox 187 2721 3611 2794">
    <p class='ocr_par' dir='ltr' id='par_1_27' title="bbox 187 2721 3611 2794">
     <span class='ocr_line' id='line_1_28' title="bbox 187 2721 3611 2794; baseline -0 -15"><span class='ocrx_word' id='word_1_289' title='bbox 187 2726 404 2780; x_wconf 87' lang='lat' dir='ltr'><strong>latere.</strong></span> <span class='ocrx_word' id='word_1_290' title='bbox 420 2722 976 2791; x_wconf 89' lang='lat' dir='ltr'><strong>Quamobrem,cum</strong></span> <span class='ocrx_word' id='word_1_291' title='bbox 997 2721 1229 2777; x_wconf 83' lang='lat' dir='ltr'><strong>veteres</strong></span> <span class='ocrx_word' id='word_1_292' title='bbox 1261 2722 1393 2794; x_wconf 84' lang='lat' dir='ltr'><strong>illas</strong></span> <span class='ocrx_word' id='word_1_293' title='bbox 1406 2722 1663 2777; x_wconf 89' lang='lat' dir='ltr'><strong>schedas</strong></span> <span class='ocrx_word' id='word_1_294' title='bbox 1681 2740 1712 2776; x_wconf 90' lang='lat' dir='ltr'><strong>a</strong></span> <span class='ocrx_word' id='word_1_295' title='bbox 1729 2723 2033 2794; x_wconf 88' lang='lat' dir='ltr'><strong>religiosis</strong></span> <span class='ocrx_word' id='word_1_296' title='bbox 2049 2722 2386 2794; x_wconf 82' lang='lat' dir='ltr'><strong>hospitibus</strong></span> <span class='ocrx_word' id='word_1_297' title='bbox 2404 2721 2650 2776; x_wconf 88' lang='lat' dir='ltr'><strong>utendas</strong></span> <span class='ocrx_word' id='word_1_298' title='bbox 2665 2721 2733 2775; x_wconf 90' lang='lat' dir='ltr'><strong>ad</strong></span> <span class='ocrx_word' id='word_1_299' title='bbox 2760 2725 2991 2794; x_wconf 88' lang='lat' dir='ltr'><strong>tempus</strong></span> <span class='ocrx_word' id='word_1_300' title='bbox 3010 2721 3611 2794; x_wconf 82' lang='lat' dir='ltr'><strong>accepissem,poema</strong></span> 
     </span>
    </p>
   </div>
   <div class='ocr_carea' id='block_1_28' title="bbox 186 2791 3610 2867">
    <p class='ocr_par' dir='ltr' id='par_1_28' title="bbox 186 2791 3610 2867">
     <span class='ocr_line' id='line_1_29' title="bbox 186 2791 3610 2867; baseline -0 -17"><span class='ocrx_word' id='word_1_301' title='bbox 186 2794 357 2867; x_wconf 86' lang='lat' dir='ltr'><strong>quod</strong></span> <span class='ocrx_word' id='word_1_302' title='bbox 392 2794 456 2867; x_wconf 85' lang='lat' dir='ltr'><strong>in</strong></span> <span class='ocrx_word' id='word_1_303' title='bbox 486 2795 575 2867; x_wconf 81' lang='lat' dir='ltr'><strong>eis</strong></span> <span class='ocrx_word' id='word_1_304' title='bbox 605 2797 748 2862; x_wconf 91' lang='lat' dir='ltr'><strong>erat,</strong></span> <span class='ocrx_word' id='word_1_305' title='bbox 781 2796 965 2847; x_wconf 91' lang='lat' dir='ltr'><strong>totum</strong></span> <span class='ocrx_word' id='word_1_306' title='bbox 997 2809 1030 2846; x_wconf 90' lang='lat' dir='ltr'><strong>a</strong></span> <span class='ocrx_word' id='word_1_307' title='bbox 1060 2793 1423 2867; x_wconf 82' lang='lat' dir='ltr'><strong>carceribus,</strong></span> <span class='ocrx_word' id='word_1_308' title='bbox 1456 2797 1519 2867; x_wconf 80' lang='lat' dir='ltr'><strong>ut</strong></span> <span class='ocrx_word' id='word_1_309' title='bbox 1553 2794 1786 2861; x_wconf 91' lang='lat' dir='ltr'><strong>dicitur,</strong></span> <span class='ocrx_word' id='word_1_310' title='bbox 1813 2791 2137 2867; x_wconf 66' lang='lat' dir='ltr'><strong>adcalcem</strong></span> <span class='ocrx_word' id='word_1_311' title='bbox 2170 2792 2418 2867; x_wconf 78' lang='lat' dir='ltr'><strong>intentis</strong></span> <span class='ocrx_word' id='word_1_312' title='bbox 2441 2808 2615 2867; x_wconf 81' lang='lat' dir='ltr'><strong>quam</strong></span> <span class='ocrx_word' id='word_1_313' title='bbox 2647 2792 2895 2867; x_wconf 77' lang='lat' dir='ltr'><strong>maxime</strong></span> <span class='ocrx_word' id='word_1_314' title='bbox 2914 2791 3074 2861; x_wconf 90' lang='lat' dir='ltr'><strong>potui</strong></span> <span class='ocrx_word' id='word_1_315' title='bbox 3093 2791 3610 2867; x_wconf 82' lang='lat' dir='ltr'><strong>oculisanimoque</strong></span> 
     </span>
    </p>
   </div>
   <div class='ocr_carea' id='block_1_29' title="bbox 185 2863 3610 2936">
    <p class='ocr_par' dir='ltr' id='par_1_29' title="bbox 185 2863 3610 2936">
     <span class='ocr_line' id='line_1_30' title="bbox 185 2863 3610 2936; baseline -0.001 -14"><span class='ocrx_word' id='word_1_316' title='bbox 185 2863 459 2922; x_wconf 77' lang='lat' dir='ltr'><strong>decurri.</strong></span> <span class='ocrx_word' id='word_1_317' title='bbox 494 2864 618 2936; x_wconf 85' lang='lat' dir='ltr'><strong>Nec</strong></span> <span class='ocrx_word' id='word_1_318' title='bbox 650 2879 718 2918; x_wconf 92' lang='lat' dir='ltr'><strong>eo</strong></span> <span class='ocrx_word' id='word_1_319' title='bbox 743 2867 1074 2936; x_wconf 80' lang='lat' dir='ltr'><strong>contentus,</strong></span> <span class='ocrx_word' id='word_1_320' title='bbox 1107 2864 1871 2936; x_wconf 83' lang='lat' dir='ltr'><strong>transcribendumquoque</strong></span> <span class='ocrx_word' id='word_1_321' title='bbox 1887 2864 2205 2936; x_wconf 81' lang='lat' dir='ltr'><strong>diligenter</strong></span> <span class='ocrx_word' id='word_1_322' title='bbox 2218 2863 2441 2936; x_wconf 85' lang='lat' dir='ltr'><strong>curavi,</strong></span> <span class='ocrx_word' id='word_1_323' title='bbox 2460 2879 2575 2936; x_wconf 73' lang='lat' dir='ltr'><strong>quo</strong></span> <span class='ocrx_word' id='word_1_324' title='bbox 2592 2863 2823 2916; x_wconf 86' lang='lat' dir='ltr'><strong>facilius</strong></span> <span class='ocrx_word' id='word_1_325' title='bbox 2842 2877 3087 2936; x_wconf 8' lang='lat' dir='ltr'><strong>possem,</strong></span> <span class='ocrx_word' id='word_1_326' title='bbox 3106 2879 3237 2936; x_wconf 83' lang='lat' dir='ltr'><strong>cum</strong></span> <span class='ocrx_word' id='word_1_327' title='bbox 3251 2865 3457 2917; x_wconf 91' lang='lat' dir='ltr'><strong>amicis</strong></span> <span class='ocrx_word' id='word_1_328' title='bbox 3476 2863 3610 2934; x_wconf 81' lang='lat' dir='ltr'><strong>qui-</strong></span> 
     </span>
    </p>
   </div>
   <div class='ocr_carea' id='block_1_30' title="bbox 186 2933 3605 3005">
    <p class='ocr_par' dir='ltr' id='par_1_30' title="bbox 186 2933 3605 3005">
     <span class='ocr_line' id='line_1_31' title="bbox 186 2933 3605 3005; baseline -0.001 -12"><span class='ocrx_word' id='word_1_329' title='bbox 186 2936 454 2993; x_wconf 89' lang='lat' dir='ltr'><strong>busdam</strong></span> <span class='ocrx_word' id='word_1_330' title='bbox 484 2935 632 2989; x_wconf 88' lang='lat' dir='ltr'><strong>meis</strong></span> <span class='ocrx_word' id='word_1_331' title='bbox 648 2934 915 2999; x_wconf 89' lang='lat' dir='ltr'><strong>eruditis,</strong></span> <span class='ocrx_word' id='word_1_332' title='bbox 934 2951 1000 2988; x_wconf 89' lang='lat' dir='ltr'><strong>ac</strong></span> <span class='ocrx_word' id='word_1_333' title='bbox 1015 2935 1238 2989; x_wconf 87' lang='lat' dir='ltr'><strong>sinceri</strong></span> <span class='ocrx_word' id='word_1_334' title='bbox 1252 2935 1607 3004; x_wconf 89' lang='lat' dir='ltr'><strong>subtilisque</strong></span> <span class='ocrx_word' id='word_1_335' title='bbox 1616 2933 1825 3005; x_wconf 34' lang='lat' dir='ltr'><strong>judic’ii</strong></span> <span class='ocrx_word' id='word_1_336' title='bbox 1849 2934 1994 2988; x_wconf 90' lang='lat' dir='ltr'><strong>viris</strong></span> <span class='ocrx_word' id='word_1_337' title='bbox 2007 2933 2472 2987; x_wconf 81' lang='lat' dir='ltr'><strong>communicare.</strong></span> <span class='ocrx_word' id='word_1_338' title='bbox 2495 2934 2716 2987; x_wconf 89' lang='lat' dir='ltr'><strong>Horum</strong></span> <span class='ocrx_word' id='word_1_339' title='bbox 2733 2948 2870 2986; x_wconf 89' lang='lat' dir='ltr'><strong>vero</strong></span> <span class='ocrx_word' id='word_1_340' title='bbox 2886 2948 3000 2985; x_wconf 90' lang='lat' dir='ltr'><strong>non</strong></span> <span class='ocrx_word' id='word_1_341' title='bbox 3017 2933 3172 2986; x_wconf 89' lang='lat' dir='ltr'><strong>aliud</strong></span> <span class='ocrx_word' id='word_1_342' title='bbox 3193 2937 3363 3005; x_wconf 83' lang='lat' dir='ltr'><strong>atque</strong></span> <span class='ocrx_word' id='word_1_343' title='bbox 3390 2933 3605 3002; x_wconf 86' lang='lat' dir='ltr'><strong>meum,</strong></span> 
     </span>
    </p>
   </div>
   <div class='ocr_carea' id='block_1_31' title="bbox 183 3004 3608 3075">
    <p class='ocr_par' dir='ltr' id='par_1_31' title="bbox 183 3004 3608 3075">
     <span class='ocr_line' id='line_1_32' title="bbox 183 3004 3608 3075; baseline -0.001 -11"><span class='ocrx_word' id='word_1_344' title='bbox 183 3008 303 3063; x_wconf 89' lang='lat' dir='ltr'><strong>sed</strong></span> <span class='ocrx_word' id='word_1_345' title='bbox 338 3006 493 3060; x_wconf 90' lang='lat' dir='ltr'><strong>idem</strong></span> <span class='ocrx_word' id='word_1_346' title='bbox 525 3007 759 3059; x_wconf 91' lang='lat' dir='ltr'><strong>omnino</strong></span> <span class='ocrx_word' id='word_1_347' title='bbox 783 3005 1074 3074; x_wconf 87' lang='lat' dir='ltr'><strong>judicium</strong></span> <span class='ocrx_word' id='word_1_348' title='bbox 1108 3006 1215 3059; x_wconf 93' lang='lat' dir='ltr'><strong>fuit</strong></span> <span class='ocrx_word' id='word_1_349' title='bbox 1250 3006 1345 3059; x_wconf 88' lang='lat' dir='ltr'><strong>:in</strong></span> <span class='ocrx_word' id='word_1_350' title='bbox 1370 3010 1522 3059; x_wconf 89' lang='lat' dir='ltr'><strong>tanta</strong></span> <span class='ocrx_word' id='word_1_351' title='bbox 1558 3004 1913 3075; x_wconf 87' lang='lat' dir='ltr'><strong>scriptorum</strong></span> <span class='ocrx_word' id='word_1_352' title='bbox 1936 3006 2245 3074; x_wconf 88' lang='lat' dir='ltr'><strong>paucitate,</strong></span> <span class='ocrx_word' id='word_1_353' title='bbox 2282 3006 2380 3073; x_wconf 89' lang='lat' dir='ltr'><strong>qui</strong></span> <span class='ocrx_word' id='word_1_354' title='bbox 2411 3004 2664 3073; x_wconf 91' lang='lat' dir='ltr'><strong>aliquam</strong></span> <span class='ocrx_word' id='word_1_355' title='bbox 2688 3008 3218 3075; x_wconf 75' lang='lat' dir='ltr'><strong>rerumgestarum</strong></span> <span class='ocrx_word' id='word_1_356' title='bbox 3252 3004 3608 3060; x_wconf 64' lang='lat' dir='ltr'><strong>Normannm</strong></span> 
     </span>
    </p>
   </div>
   <div class='ocr_carea' id='block_1_32' title="bbox 232 3074 3612 3146">
    <p class='ocr_par' dir='ltr' id='par_1_32' title="bbox 232 3074 3612 3146">
     <span class='ocr_line' id='line_1_33' title="bbox 232 3074 3612 3146; baseline -0.001 -12"><span class='ocrx_word' id='word_1_357' title='bbox 232 3078 398 3134; x_wconf 88' lang='lat' dir='ltr'><strong>entis</strong></span> <span class='ocrx_word' id='word_1_358' title='bbox 422 3077 763 3131; x_wconf 90' lang='lat' dir='ltr'><strong>memoriam</strong></span> <span class='ocrx_word' id='word_1_359' title='bbox 785 3077 1102 3130; x_wconf 87' lang='lat' dir='ltr'><strong>scribendo</strong></span> <span class='ocrx_word' id='word_1_360' title='bbox 1135 3080 1272 3129; x_wconf 89' lang='lat' dir='ltr'><strong>sunt</strong></span> <span class='ocrx_word' id='word_1_361' title='bbox 1294 3076 1605 3146; x_wconf 88' lang='lat' dir='ltr'><strong>complexi,</strong></span> <span class='ocrx_word' id='word_1_362' title='bbox 1623 3092 1654 3131; x_wconf 90' lang='lat' dir='ltr'><strong>e</strong></span> <span class='ocrx_word' id='word_1_363' title='bbox 1671 3074 1895 3131; x_wconf 81' lang='lat' dir='ltr'><strong>nostris</strong></span> <span class='ocrx_word' id='word_1_364' title='bbox 1927 3076 2175 3145; x_wconf 86' lang='lat' dir='ltr'><strong>reperiri</strong></span> <span class='ocrx_word' id='word_1_365' title='bbox 2196 3075 2488 3129; x_wconf 87' lang='lat' dir='ltr'><strong>neminem</strong></span> <span class='ocrx_word' id='word_1_366' title='bbox 2506 3075 2605 3144; x_wconf 91' lang='lat' dir='ltr'><strong>qui</strong></span> <span class='ocrx_word' id='word_1_367' title='bbox 2628 3074 2776 3146; x_wconf 82' lang='lat' dir='ltr'><strong>hanc</strong></span> <span class='ocrx_word' id='word_1_368' title='bbox 2800 3074 3111 3146; x_wconf 57' lang='lat' dir='ltr'><strong>Guiscarili</strong></span> <span class='ocrx_word' id='word_1_369' title='bbox 3134 3076 3612 3146; x_wconf 60' lang='lat' dir='ltr'><strong>praestantissimi</strong></span> 
     </span>
    </p>
   </div>
   <div class='ocr_carea' id='block_1_33' title="bbox 230 3144 3611 3216">
    <p class='ocr_par' dir='ltr' id='par_1_33' title="bbox 230 3144 3611 3216">
     <span class='ocr_line' id='line_1_34' title="bbox 230 3144 3611 3216; baseline -0.001 -13"><span class='ocrx_word' id='word_1_370' title='bbox 230 3150 374 3203; x_wconf 90' lang='lat' dir='ltr'><strong>ucis</strong></span> <span class='ocrx_word' id='word_1_371' title='bbox 404 3147 727 3201; x_wconf 87' lang='lat' dir='ltr'><strong>Historiam</strong></span> <span class='ocrx_word' id='word_1_372' title='bbox 760 3147 968 3201; x_wconf 88' lang='lat' dir='ltr'><strong>litteris</strong></span> <span class='ocrx_word' id='word_1_373' title='bbox 999 3147 1350 3212; x_wconf 85' lang='lat' dir='ltr'><strong>illustravit;</strong></span> <span class='ocrx_word' id='word_1_374' title='bbox 1385 3144 1458 3200; x_wconf 78' lang='lat' dir='ltr'><strong>ex</strong></span> <span class='ocrx_word' id='word_1_375' title='bbox 1487 3147 1617 3200; x_wconf 89' lang='lat' dir='ltr'><strong>aliis</strong></span> <span class='ocrx_word' id='word_1_376' title='bbox 1650 3148 1968 3213; x_wconf 83' lang='lat' dir='ltr'><strong>extraneis,</strong></span> <span class='ocrx_word' id='word_1_377' title='bbox 1998 3144 2334 3216; x_wconf 80' lang='lat' dir='ltr'><strong>perpaucos</strong></span> <span class='ocrx_word' id='word_1_378' title='bbox 2369 3145 2640 3214; x_wconf 83' lang='lat' dir='ltr'><strong>quidem;</strong></span> <span class='ocrx_word' id='word_1_379' title='bbox 2674 3145 2779 3198; x_wconf 71' lang='lat' dir='ltr'><strong>sed</strong></span> <span class='ocrx_word' id='word_1_380' title='bbox 2798 3144 3220 3216; x_wconf 71' lang='lat' dir='ltr'><strong>qiiispeciatim</strong></span> <span class='ocrx_word' id='word_1_381' title='bbox 3242 3145 3335 3199; x_wconf 94' lang='lat' dir='ltr'><strong>vel</strong></span> <span class='ocrx_word' id='word_1_382' title='bbox 3351 3146 3611 3200; x_wconf 88' lang='lat' dir='ltr'><strong>carmine</strong></span> 
     </span>
    </p>
   </div>
   <div class='ocr_carea' id='block_1_34' title="bbox 182 3215 3609 3289">
    <p class='ocr_par' dir='ltr' id='par_1_34' title="bbox 182 3215 3609 3289">
     <span class='ocr_line' id='line_1_35' title="bbox 182 3215 3609 3289; baseline -0.001 -13"><span class='ocrx_word' id='word_1_383' title='bbox 182 3218 534 3289; x_wconf 82' lang='lat' dir='ltr'><strong>scripserit,</strong></span> <span class='ocrx_word' id='word_1_384' title='bbox 566 3219 742 3289; x_wconf 84' lang='lat' dir='ltr'><strong>quive</strong></span> <span class='ocrx_word' id='word_1_385' title='bbox 768 3217 1000 3287; x_wconf 91' lang='lat' dir='ltr'><strong>planius</strong></span> <span class='ocrx_word' id='word_1_386' title='bbox 1030 3222 1128 3271; x_wconf 89' lang='lat' dir='ltr'><strong>aut</strong></span> <span class='ocrx_word' id='word_1_387' title='bbox 1153 3218 1355 3271; x_wconf 90' lang='lat' dir='ltr'><strong>verius</strong></span> <span class='ocrx_word' id='word_1_388' title='bbox 1387 3233 1562 3288; x_wconf 89' lang='lat' dir='ltr'><strong>quam</strong></span> <span class='ocrx_word' id='word_1_389' title='bbox 1594 3217 1941 3271; x_wconf 88' lang='lat' dir='ltr'><strong>Guilielmus</strong></span> <span class='ocrx_word' id='word_1_390' title='bbox 1973 3218 2067 3271; x_wconf 90' lang='lat' dir='ltr'><strong>hic</strong></span> <span class='ocrx_word' id='word_1_391' title='bbox 2092 3215 2456 3286; x_wconf 76' lang='lat' dir='ltr'><strong>Apuliensis,</strong></span> <span class='ocrx_word' id='word_1_392' title='bbox 2494 3232 2610 3270; x_wconf 91' lang='lat' dir='ltr'><strong>non</strong></span> <span class='ocrx_word' id='word_1_393' title='bbox 2643 3217 2800 3289; x_wconf 85' lang='lat' dir='ltr'><strong>item.</strong></span> <span class='ocrx_word' id='word_1_394' title='bbox 2836 3215 3124 3289; x_wconf 56' lang='lat' dir='ltr'><strong>Eiiatcniu</strong></span> <span class='ocrx_word' id='word_1_395' title='bbox 3156 3231 3359 3269; x_wconf 90' lang='lat' dir='ltr'><strong>eorum</strong></span> <span class='ocrx_word' id='word_1_396' title='bbox 3390 3221 3609 3287; x_wconf 88' lang='lat' dir='ltr'><strong>tempo-</strong></span> 
     </span>
    </p>
   </div>
   <div class='ocr_carea' id='block_1_35' title="bbox 181 3286 3610 3360">
    <p class='ocr_par' dir='ltr' id='par_1_35' title="bbox 181 3286 3610 3360">
     <span class='ocr_line' id='line_1_36' title="bbox 181 3286 3610 3360; baseline -0.001 -14"><span class='ocrx_word' id='word_1_397' title='bbox 181 3286 345 3346; x_wconf 47' lang='lat' dir='ltr'><strong>rum&#39;</strong></span> <span class='ocrx_word' id='word_1_398' title='bbox 363 3286 616 3360; x_wconf 81' lang='lat' dir='ltr'><strong>quorum</strong></span> <span class='ocrx_word' id='word_1_399' title='bbox 647 3286 951 3342; x_wconf 86' lang='lat' dir='ltr'><strong>histeriam</strong></span> <span class='ocrx_word' id='word_1_400' title='bbox 984 3289 1241 3360; x_wconf 80' lang='lat' dir='ltr'><strong>contexit</strong></span> <span class='ocrx_word' id='word_1_401' title='bbox 1272 3286 1540 3358; x_wconf 66' lang='lat' dir='ltr'><strong>aequalis,</strong></span> <span class='ocrx_word' id='word_1_402' title='bbox 1574 3293 1630 3343; x_wconf 86' lang='lat' dir='ltr'><strong>et</strong></span> <span class='ocrx_word' id='word_1_403' title='bbox 1653 3305 1870 3357; x_wconf 86' lang='lat' dir='ltr'><strong>rerum,</strong></span> <span class='ocrx_word' id='word_1_404' title='bbox 1897 3289 2054 3359; x_wconf 90' lang='lat' dir='ltr'><strong>quod</strong></span> <span class='ocrx_word' id='word_1_405' title='bbox 2087 3290 2137 3342; x_wconf 90' lang='lat' dir='ltr'><strong>ei</strong></span> <span class='ocrx_word' id='word_1_406' title='bbox 2169 3289 2583 3360; x_wconf 82' lang='lat' dir='ltr'><strong>auctoritatem</strong></span> <span class='ocrx_word' id='word_1_407' title='bbox 2603 3287 2792 3360; x_wconf 71' lang='lat' dir='ltr'><strong>adfert</strong></span> <span class='ocrx_word' id='word_1_408' title='bbox 2823 3286 3088 3360; x_wconf 83' lang='lat' dir='ltr'><strong>etﬁdcm,</strong></span> <span class='ocrx_word' id='word_1_409' title='bbox 3114 3302 3328 3357; x_wconf 87' lang='lat' dir='ltr'><strong>magna</strong></span> <span class='ocrx_word' id='word_1_410' title='bbox 3359 3286 3610 3360; x_wconf 73' lang='lat' dir='ltr'><strong>exparte</strong></span> 
     </span>
    </p>
   </div>
   <div class='ocr_carea' id='block_1_36' title="bbox 182 3356 3611 3430">
    <p class='ocr_par' dir='ltr' id='par_1_36' title="bbox 182 3356 3611 3430">
     <span class='ocr_line' id='line_1_37' title="bbox 182 3356 3611 3430; baseline -0.002 -12"><span class='ocrx_word' id='word_1_411' title='bbox 182 3356 699 3418; x_wconf 48' lang='lat' dir='ltr'><strong>testis-oculatus.</strong></span> <span class='ocrx_word' id='word_1_412' title='bbox 733 3360 1096 3430; x_wconf 79' lang='lat' dir='ltr'><strong>Nequevero</strong></span> <span class='ocrx_word' id='word_1_413' title='bbox 1110 3356 1418 3413; x_wconf 77' lang='lat' dir='ltr'><strong>inficiabor</strong></span> <span class='ocrx_word' id='word_1_414' title='bbox 1430 3360 1655 3414; x_wconf 90' lang='lat' dir='ltr'><strong>amicos</strong></span> <span class='ocrx_word' id='word_1_415' title='bbox 1671 3356 2043 3429; x_wconf 58' lang='lat' dir='ltr'><strong>mecum,&#39;pro</strong></span> <span class='ocrx_word' id='word_1_416' title='bbox 2058 3375 2127 3412; x_wconf 90' lang='lat' dir='ltr'><strong>eo</strong></span> <span class='ocrx_word' id='word_1_417' title='bbox 2141 3374 2255 3428; x_wconf 91' lang='lat' dir='ltr'><strong>quo</strong></span> <span class='ocrx_word' id='word_1_418' title='bbox 2279 3374 2422 3428; x_wconf 84' lang='lat' dir='ltr'><strong>erga</strong></span> <span class='ocrx_word' id='word_1_419' title='bbox 2439 3358 2683 3430; x_wconf 82' lang='lat' dir='ltr'><strong>patriam</strong></span> <span class='ocrx_word' id='word_1_420' title='bbox 2697 3356 2889 3430; x_wconf 73' lang='lat' dir='ltr'><strong>affecti</strong></span> <span class='ocrx_word' id='word_1_421' title='bbox 2914 3372 3121 3410; x_wconf 85' lang='lat' dir='ltr'><strong>sumus</strong></span> <span class='ocrx_word' id='word_1_422' title='bbox 3135 3356 3354 3425; x_wconf 85' lang='lat' dir='ltr'><strong>amore,</strong></span> <span class='ocrx_word' id='word_1_423' title='bbox 3371 3356 3611 3413; x_wconf 76' lang='lat' dir='ltr'><strong>deside-</strong></span> 
     </span>
    </p>
   </div>
   <div class='ocr_carea' id='block_1_37' title="bbox 182 3428 3612 3500">
    <p class='ocr_par' dir='ltr' id='par_1_37' title="bbox 182 3428 3612 3500">
     <span class='ocr_line' id='line_1_38' title="bbox 182 3428 3612 3500; baseline -0.001 -12"><span class='ocrx_word' id='word_1_424' title='bbox 182 3447 377 3488; x_wconf 81' lang='lat' dir='ltr'><strong>rasse</strong></span> <span class='ocrx_word' id='word_1_425' title='bbox 410 3432 471 3484; x_wconf 92' lang='lat' dir='ltr'><strong>in</strong></span> <span class='ocrx_word' id='word_1_426' title='bbox 498 3430 609 3484; x_wconf 91' lang='lat' dir='ltr'><strong>hoc</strong></span> <span class='ocrx_word' id='word_1_427' title='bbox 623 3445 799 3499; x_wconf 86' lang='lat' dir='ltr'><strong>opere</strong></span> <span class='ocrx_word' id='word_1_428' title='bbox 814 3428 1145 3483; x_wconf 84' lang='lat' dir='ltr'><strong>clarissima</strong></span> <span class='ocrx_word' id='word_1_429' title='bbox 1174 3430 1273 3483; x_wconf 89' lang='lat' dir='ltr'><strong>illa</strong></span> <span class='ocrx_word' id='word_1_430' title='bbox 1287 3430 1402 3483; x_wconf 92' lang='lat' dir='ltr'><strong>duo</strong></span> <span class='ocrx_word' id='word_1_431' title='bbox 1430 3429 2527 3500; x_wconf 85' lang='lat' dir='ltr'><strong>cujuslibetscriptilumina,quibusin</strong></span> <span class='ocrx_word' id='word_1_432' title='bbox 2544 3428 2751 3500; x_wconf 89' lang='lat' dir='ltr'><strong>primis</strong></span> <span class='ocrx_word' id='word_1_433' title='bbox 2776 3428 3346 3500; x_wconf 83' lang='lat' dir='ltr'><strong>delectanturaures,</strong></span> <span class='ocrx_word' id='word_1_434' title='bbox 3377 3445 3612 3484; x_wconf 90' lang='lat' dir='ltr'><strong>sermo-</strong></span> 
     </span>
    </p>
   </div>
   <div class='ocr_carea' id='block_1_38' title="bbox 180 3498 3614 3572">
    <p class='ocr_par' dir='ltr' id='par_1_38' title="bbox 180 3498 3614 3572">
     <span class='ocr_line' id='line_1_39' title="bbox 180 3498 3614 3572; baseline -0.001 -14"><span class='ocrx_word' id='word_1_435' title='bbox 180 3505 291 3558; x_wconf 87' lang='lat' dir='ltr'><strong>nis</strong></span> <span class='ocrx_word' id='word_1_436' title='bbox 326 3498 681 3572; x_wconf 81' lang='lat' dir='ltr'><strong>elegantiam</strong></span> <span class='ocrx_word' id='word_1_437' title='bbox 712 3501 1178 3572; x_wconf 85' lang='lat' dir='ltr'><strong>suavitatemque</strong></span> <span class='ocrx_word' id='word_1_438' title='bbox 1207 3498 1672 3570; x_wconf 88' lang='lat' dir='ltr'><strong>compositionis.</strong></span> <span class='ocrx_word' id='word_1_439' title='bbox 1709 3498 1961 3555; x_wconf 77' lang='lat' dir='ltr'><strong>Duriora</strong></span> <span class='ocrx_word' id='word_1_440' title='bbox 1992 3502 2146 3555; x_wconf 86' lang='lat' dir='ltr'><strong>enim</strong></span> <span class='ocrx_word' id='word_1_441' title='bbox 2179 3498 2354 3554; x_wconf 83' lang='lat' dir='ltr'><strong>multa</strong></span> <span class='ocrx_word' id='word_1_442' title='bbox 2389 3504 2443 3553; x_wconf 93' lang='lat' dir='ltr'><strong>et</strong></span> <span class='ocrx_word' id='word_1_443' title='bbox 2470 3500 2569 3569; x_wconf 88' lang='lat' dir='ltr'><strong>(ita</strong></span> <span class='ocrx_word' id='word_1_444' title='bbox 2602 3499 2815 3572; x_wconf 84' lang='lat' dir='ltr'><strong>dicam)</strong></span> <span class='ocrx_word' id='word_1_445' title='bbox 2846 3498 3170 3572; x_wconf 81' lang='lat' dir='ltr'><strong>abjectiera</strong></span> <span class='ocrx_word' id='word_1_446' title='bbox 3201 3501 3329 3572; x_wconf 84' lang='lat' dir='ltr'><strong>visa</strong></span> <span class='ocrx_word' id='word_1_447' title='bbox 3359 3505 3517 3572; x_wconf 86' lang='lat' dir='ltr'><strong>sunt,</strong></span> <span class='ocrx_word' id='word_1_448' title='bbox 3552 3501 3614 3555; x_wconf 91' lang='lat' dir='ltr'><strong>id</strong></span> 
     </span>
    </p>
   </div>
   <div class='ocr_carea' id='block_1_39' title="bbox 182 3570 3612 3644">
    <p class='ocr_par' dir='ltr' id='par_1_39' title="bbox 182 3570 3612 3644">
     <span class='ocr_line' id='line_1_40' title="bbox 182 3570 3612 3644; baseline -0.001 -13"><span class='ocrx_word' id='word_1_449' title='bbox 182 3579 313 3643; x_wconf 85' lang='lat' dir='ltr'><strong>est,</strong></span> <span class='ocrx_word' id='word_1_450' title='bbox 349 3570 601 3644; x_wconf 82' lang='lat' dir='ltr'><strong>quorum</strong></span> <span class='ocrx_word' id='word_1_451' title='bbox 622 3571 948 3644; x_wconf 74' lang='lat' dir='ltr'><strong>humilitate</strong></span> <span class='ocrx_word' id='word_1_452' title='bbox 979 3571 1343 3644; x_wconf 82' lang='lat' dir='ltr'><strong>deprimatur</strong></span> <span class='ocrx_word' id='word_1_453' title='bbox 1360 3588 1568 3644; x_wconf 81' lang='lat' dir='ltr'><strong>rerum</strong></span> <span class='ocrx_word' id='word_1_454' title='bbox 1600 3573 1859 3644; x_wconf 83' lang='lat' dir='ltr'><strong>dignitas</strong></span> <span class='ocrx_word' id='word_1_455' title='bbox 1878 3573 2072 3644; x_wconf 75' lang='lat' dir='ltr'><strong>potius</strong></span> <span class='ocrx_word' id='word_1_456' title='bbox 2095 3587 2271 3644; x_wconf 79' lang='lat' dir='ltr'><strong>quam</strong></span> <span class='ocrx_word' id='word_1_457' title='bbox 2300 3571 2598 3644; x_wconf 65' lang='lat' dir='ltr'><strong>exmerito</strong></span> <span class='ocrx_word' id='word_1_458' title='bbox 2622 3575 2676 3625; x_wconf 93' lang='lat' dir='ltr'><strong>et</strong></span> <span class='ocrx_word' id='word_1_459' title='bbox 2695 3570 2871 3642; x_wconf 87' lang='lat' dir='ltr'><strong>digne</strong></span> <span class='ocrx_word' id='word_1_460' title='bbox 2890 3570 3268 3641; x_wconf 83' lang='lat' dir='ltr'><strong>exprimatur,</strong></span> <span class='ocrx_word' id='word_1_461' title='bbox 3285 3571 3361 3626; x_wconf 87' lang='lat' dir='ltr'><strong>ita</strong></span> <span class='ocrx_word' id='word_1_462' title='bbox 3379 3574 3439 3626; x_wconf 87' lang='lat' dir='ltr'><strong>ut</strong></span> <span class='ocrx_word' id='word_1_463' title='bbox 3457 3570 3612 3627; x_wconf 85' lang='lat' dir='ltr'><strong>ferte</strong></span> 
     </span>
    </p>
   </div>
   <div class='ocr_carea' id='block_1_40' title="bbox 181 3586 2514 3714">
    <p class='ocr_par' dir='ltr' id='par_1_40' title="bbox 181 3586 2514 3714">
     <span class='ocr_line' id='line_1_41' title="bbox 182 3586 2514 3644; baseline -0.003 -13"><span class='ocrx_word' id='word_1_464' title='bbox 182 3586 313 3643; x_wconf 82' lang='lat' dir='ltr'><strong>est,</strong></span> <span class='ocrx_word' id='word_1_465' title='bbox 349 3587 601 3644; x_wconf 87' lang='lat' dir='ltr'><strong>quorum</strong></span> <span class='ocrx_word' id='word_1_466' title='bbox 623 3586 948 3625; x_wconf 74' lang='lat' dir='ltr'><strong>nummiate</strong></span> <span class='ocrx_word' id='word_1_467' title='bbox 979 3586 1343 3640; x_wconf 78' lang='lat' dir='ltr'><strong>deprimatur</strong></span> <span class='ocrx_word' id='word_1_468' title='bbox 1375 3588 1568 3625; x_wconf 89' lang='lat' dir='ltr'><strong>rerum</strong></span> <span class='ocrx_word' id='word_1_469' title='bbox 1600 3586 1656 3625; x_wconf 86' lang='lat' dir='ltr'><strong>(ll</strong></span> <span class='ocrx_word' id='word_1_470' title='bbox 1706 3586 1859 3626; x_wconf 82' lang='lat' dir='ltr'><strong>nitas</strong></span> <span class='ocrx_word' id='word_1_471' title='bbox 1878 3586 2072 3642; x_wconf 81' lang='lat' dir='ltr'><strong>ponus</strong></span> <span class='ocrx_word' id='word_1_472' title='bbox 2095 3587 2271 3642; x_wconf 89' lang='lat' dir='ltr'><strong>quam</strong></span> <span class='ocrx_word' id='word_1_473' title='bbox 2300 3586 2373 3625; x_wconf 87' lang='lat' dir='ltr'><strong>ex</strong></span> <span class='ocrx_word' id='word_1_474' title='bbox 2392 3586 2514 3624; x_wconf 87' lang='lat' dir='ltr'><strong>mer</strong></span> 
     </span>
     <span class='ocr_line' id='line_1_42' title="bbox 181 3586 2514 3714; baseline -0.003 -12"><span class='ocrx_word' id='word_1_475' title='bbox 181 3662 322 3702; x_wconf 89' lang='lat' dir='ltr'><strong>non</strong></span> <span class='ocrx_word' id='word_1_476' title='bbox 352 3643 646 3698; x_wconf 90' lang='lat' dir='ltr'><strong>immerito</strong></span> <span class='ocrx_word' id='word_1_477' title='bbox 677 3642 859 3714; x_wconf 85' lang='lat' dir='ltr'><strong>objici</strong></span> <span class='ocrx_word' id='word_1_478' title='bbox 890 3643 1085 3712; x_wconf 89' lang='lat' dir='ltr'><strong>possit</strong></span> <span class='ocrx_word' id='word_1_479' title='bbox 1115 3643 1270 3713; x_wconf 90' lang='lat' dir='ltr'><strong>quod</strong></span> <span class='ocrx_word' id='word_1_480' title='bbox 1294 3643 1432 3697; x_wconf 90' lang='lat' dir='ltr'><strong>olim</strong></span> <span class='ocrx_word' id='word_1_481' title='bbox 1462 3647 1632 3712; x_wconf 91' lang='lat' dir='ltr'><strong>poeta</strong></span> <span class='ocrx_word' id='word_1_482' title='bbox 1662 3586 1829 3713; x_wconf 58' lang='grc' dir='ltr'><strong>ῗΗοιθ.</strong></span> <span class='ocrx_word' id='word_1_483' title='bbox 1866 3643 1975 3714; x_wconf 82' lang='lat' dir='ltr'><strong>Ep.</strong></span> <span class='ocrx_word' id='word_1_484' title='bbox 2005 3642 2078 3712; x_wconf 91' lang='lat' dir='ltr'><strong>II,</strong></span> <span class='ocrx_word' id='word_1_485' title='bbox 2102 3659 2141 3711; x_wconf 81' lang='grc' dir='ltr'><strong>ι,</strong></span> <span class='ocrx_word' id='word_1_486' title='bbox 2173 3642 2298 3709; x_wconf 78' lang='grc'>136)</span> <span class='ocrx_word' id='word_1_487' title='bbox 2329 3642 2514 3696; x_wconf 90' lang='lat' dir='ltr'><strong>illis...</strong></span> 
     </span>
    </p>
   </div>
   <div class='ocr_carea' id='block_1_41' title="bbox 707 3735 1302 3808">
    <p class='ocr_par' dir='ltr' id='par_1_41' title="bbox 707 3735 1302 3808">
     <span class='ocr_line' id='line_1_43' title="bbox 707 3735 1302 3808; baseline 0.002 -17"><span class='ocrx_word' id='word_1_488' title='bbox 707 3736 986 3791; x_wconf 85' lang='lat' dir='ltr'><strong>Carmine</strong></span> <span class='ocrx_word' id='word_1_489' title='bbox 1018 3737 1115 3808; x_wconf 88' lang='lat' dir='ltr'><strong>qui</strong></span> <span class='ocrx_word' id='word_1_490' title='bbox 1144 3735 1302 3792; x_wconf 73' lang='lat' dir='ltr'><strong>ﬁedo</strong></span> 
     </span>
    </p>
   </div>
   <div class='ocr_carea' id='block_1_42' title="bbox 707 3831 1452 3903">
    <p class='ocr_par' dir='ltr' id='par_1_42' title="bbox 707 3831 1452 3903">
     <span class='ocr_line' id='line_1_44' title="bbox 707 3831 1452 3903; baseline 0 -17"><span class='ocrx_word' id='word_1_491' title='bbox 707 3831 1033 3903; x_wconf 84' lang='lat' dir='ltr'><strong>Splendida</strong></span> <span class='ocrx_word' id='word_1_492' title='bbox 1064 3831 1220 3886; x_wconf 80' lang='lat' dir='ltr'><strong>facta</strong></span> <span class='ocrx_word' id='word_1_493' title='bbox 1242 3831 1452 3886; x_wconf 85' lang='lat' dir='ltr'><strong>linunt.</strong></span> 
     </span>
    </p>
   </div>
   <div class='ocr_carea' id='block_1_43' title="bbox 264 3927 3619 4002">
    <p class='ocr_par' dir='ltr' id='par_1_43' title="bbox 264 3927 3619 4002">
     <span class='ocr_line' id='line_1_45' title="bbox 264 3927 3619 4002; baseline 0.001 -16"><span class='ocrx_word' id='word_1_494' title='bbox 264 3929 395 3986; x_wconf 87' lang='lat' dir='ltr'><strong>Sed</strong></span> <span class='ocrx_word' id='word_1_495' title='bbox 418 3943 528 3983; x_wconf 92' lang='lat' dir='ltr'><strong>nec</strong></span> <span class='ocrx_word' id='word_1_496' title='bbox 549 3927 607 3982; x_wconf 90' lang='lat' dir='ltr'><strong>id</strong></span> <span class='ocrx_word' id='word_1_497' title='bbox 635 3927 1052 4002; x_wconf 86' lang='lat' dir='ltr'><strong>impedimento</strong></span> <span class='ocrx_word' id='word_1_498' title='bbox 1085 3928 1429 3983; x_wconf 90' lang='lat' dir='ltr'><strong>censuimus</strong></span> <span class='ocrx_word' id='word_1_499' title='bbox 1461 3944 1599 3984; x_wconf 89' lang='lat' dir='ltr'><strong>esse</strong></span> <span class='ocrx_word' id='word_1_500' title='bbox 1623 3930 1863 3998; x_wconf 88' lang='lat' dir='ltr'><strong>debere,</strong></span> <span class='ocrx_word' id='word_1_501' title='bbox 1896 3930 2213 4001; x_wconf 88' lang='lat' dir='ltr'><strong>quominus</strong></span> <span class='ocrx_word' id='word_1_502' title='bbox 2237 3929 2511 4002; x_wconf 87' lang='lat' dir='ltr'><strong>desertus</strong></span> <span class='ocrx_word' id='word_1_503' title='bbox 2532 3929 2627 3984; x_wconf 87' lang='lat' dir='ltr'><strong>hic</strong></span> <span class='ocrx_word' id='word_1_504' title='bbox 2656 3946 2689 3983; x_wconf 90' lang='lat' dir='ltr'><strong>a</strong></span> <span class='ocrx_word' id='word_1_505' title='bbox 2705 3928 2921 4000; x_wconf 80' lang='lat' dir='ltr'><strong>totjam</strong></span> <span class='ocrx_word' id='word_1_506' title='bbox 2938 3932 3178 3993; x_wconf 83' lang='lat' dir='ltr'><strong>saeculis</strong></span> <span class='ocrx_word' id='word_1_507' title='bbox 3200 3931 3546 4002; x_wconf 84' lang='lat' dir='ltr'><strong>Apuliensis</strong></span> <span class='ocrx_word' id='word_1_508' title='bbox 3560 3937 3619 3991; x_wconf 84' lang='lat' dir='ltr'><strong>et</strong></span> 
     </span>
    </p>
   </div>
   <div class='ocr_carea' id='block_1_44' title="bbox 175 3998 3693 4071">
    <p class='ocr_par' dir='ltr' id='par_1_44' title="bbox 175 3998 3693 4071">
     <span class='ocr_line' id='line_1_46' title="bbox 175 3998 3693 4071; baseline 0.001 -13"><span class='ocrx_word' id='word_1_509' title='bbox 175 4003 399 4058; x_wconf 85' lang='lat' dir='ltr'><strong>lucem</strong></span> <span class='ocrx_word' id='word_1_510' title='bbox 432 4004 487 4054; x_wconf 90' lang='lat' dir='ltr'><strong>et</strong></span> <span class='ocrx_word' id='word_1_511' title='bbox 511 3998 898 4071; x_wconf 86' lang='lat' dir='ltr'><strong>patrocinium</strong></span> <span class='ocrx_word' id='word_1_512' title='bbox 930 4002 1279 4071; x_wconf 87' lang='lat' dir='ltr'><strong>mereretur,</strong></span> <span class='ocrx_word' id='word_1_513' title='bbox 1312 4015 1441 4054; x_wconf 91' lang='lat' dir='ltr'><strong>cum</strong></span> <span class='ocrx_word' id='word_1_514' title='bbox 1458 4003 1809 4069; x_wconf 84' lang='lat' dir='ltr'><strong>praesertim,</strong></span> <span class='ocrx_word' id='word_1_515' title='bbox 1834 4003 1887 4055; x_wconf 87' lang='lat' dir='ltr'><strong>si</strong></span> <span class='ocrx_word' id='word_1_516' title='bbox 1904 3998 2184 4071; x_wconf 79' lang='lat' dir='ltr'><strong>carminis</strong></span> <span class='ocrx_word' id='word_1_517' title='bbox 2200 4001 2526 4071; x_wconf 83' lang='lat' dir='ltr'><strong>autlinguae</strong></span> <span class='ocrx_word' id='word_1_518' title='bbox 2542 4002 2763 4054; x_wconf 80' lang='lat' dir='ltr'><strong>Latinae</strong></span> <span class='ocrx_word' id='word_1_519' title='bbox 2781 3998 3006 4055; x_wconf 85' lang='lat' dir='ltr'><strong>summa</strong></span> <span class='ocrx_word' id='word_1_520' title='bbox 3024 3998 3356 4071; x_wconf 42' lang='lat' dir='ltr'><strong>proprie—tas</strong></span> <span class='ocrx_word' id='word_1_521' title='bbox 3383 4009 3620 4061; x_wconf 88' lang='lat' dir='ltr'><strong>etorna-</strong></span> <span class='ocrx_word' id='word_1_522' title='bbox 3690 4014 3693 4015; x_wconf 66' lang='grc'><strong><em>⁷</em></strong></span> 
     </span>
    </p>
   </div>
   <div class='ocr_carea' id='block_1_45' title="bbox 176 4069 3617 4143">
    <p class='ocr_par' dir='ltr' id='par_1_45' title="bbox 176 4069 3617 4143">
     <span class='ocr_line' id='line_1_47' title="bbox 176 4069 3617 4143; baseline 0.001 -14"><span class='ocrx_word' id='word_1_523' title='bbox 176 4078 298 4129; x_wconf 85' lang='lat' dir='ltr'><strong>tus</strong></span> <span class='ocrx_word' id='word_1_524' title='bbox 334 4071 417 4125; x_wconf 89' lang='lat' dir='ltr'><strong>illi</strong></span> <span class='ocrx_word' id='word_1_525' title='bbox 448 4069 912 4143; x_wconf 36' lang='lat' dir='ltr'><strong>de&#39;fuerintlnon</strong></span> <span class='ocrx_word' id='word_1_526' title='bbox 941 4069 1219 4143; x_wconf 77' lang='lat' dir='ltr'><strong>hominis,</strong></span> <span class='ocrx_word' id='word_1_527' title='bbox 1253 4071 1361 4124; x_wconf 88' lang='lat' dir='ltr'><strong>sed</strong></span> <span class='ocrx_word' id='word_1_528' title='bbox 1391 4071 1593 4125; x_wconf 90' lang='lat' dir='ltr'><strong>inculti</strong></span> <span class='ocrx_word' id='word_1_529' title='bbox 1623 4073 1683 4125; x_wconf 91' lang='lat' dir='ltr'><strong>in</strong></span> <span class='ocrx_word' id='word_1_530' title='bbox 1714 4089 1829 4143; x_wconf 89' lang='lat' dir='ltr'><strong>quo</strong></span> <span class='ocrx_word' id='word_1_531' title='bbox 1862 4073 2005 4125; x_wconf 83' lang='lat' dir='ltr'><strong>vixit</strong></span> <span class='ocrx_word' id='word_1_532' title='bbox 2025 4069 2231 4126; x_wconf 76' lang='lat' dir='ltr'><strong>saeculi</strong></span> <span class='ocrx_word' id='word_1_533' title='bbox 2255 4069 2490 4140; x_wconf 78' lang='lat' dir='ltr'><strong>culpam</strong></span> <span class='ocrx_word' id='word_1_534' title='bbox 2512 4072 2718 4136; x_wconf 88' lang='lat' dir='ltr'><strong>fuisse,</strong></span> <span class='ocrx_word' id='word_1_535' title='bbox 2740 4072 2936 4141; x_wconf 83' lang='lat' dir='ltr'><strong>quivis</strong></span> <span class='ocrx_word' id='word_1_536' title='bbox 2956 4069 3165 4141; x_wconf 80' lang='lat' dir='ltr'><strong>aequus</strong></span> <span class='ocrx_word' id='word_1_537' title='bbox 3189 4073 3398 4127; x_wconf 90' lang='lat' dir='ltr'><strong>harum</strong></span> <span class='ocrx_word' id='word_1_538' title='bbox 3416 4091 3617 4131; x_wconf 88' lang='lat' dir='ltr'><strong>rerum</strong></span> 
     </span>
    </p>
   </div>
   <div class='ocr_carea' id='block_1_46' title="bbox 179 4139 3618 4214">
    <p class='ocr_par' dir='ltr' id='par_1_46' title="bbox 179 4139 3618 4214">
     <span class='ocr_line' id='line_1_48' title="bbox 179 4139 3618 4214; baseline 0.001 -15"><span class='ocrx_word' id='word_1_539' title='bbox 179 4143 533 4214; x_wconf 60' lang='lat' dir='ltr'><strong>estimator</strong></span> <span class='ocrx_word' id='word_1_540' title='bbox 564 4141 735 4195; x_wconf 84' lang='lat' dir='ltr'><strong>facile</strong></span> <span class='ocrx_word' id='word_1_541' title='bbox 755 4139 1130 4214; x_wconf 83' lang='lat' dir='ltr'><strong>judicaverit.</strong></span> <span class='ocrx_word' id='word_1_542' title='bbox 1162 4140 1552 4214; x_wconf 70' lang='lat' dir='ltr'><strong>Constituenii</strong></span> <span class='ocrx_word' id='word_1_543' title='bbox 1583 4139 1777 4214; x_wconf 72' lang='lat' dir='ltr'><strong>itaque</strong></span> <span class='ocrx_word' id='word_1_544' title='bbox 1796 4144 1961 4211; x_wconf 85' lang='lat' dir='ltr'><strong>mihi,</strong></span> <span class='ocrx_word' id='word_1_545' title='bbox 1983 4144 2054 4196; x_wconf 90' lang='lat' dir='ltr'><strong>de</strong></span> <span class='ocrx_word' id='word_1_546' title='bbox 2068 4139 2374 4197; x_wconf 78' lang='lat' dir='ltr'><strong>doctorum</strong></span> <span class='ocrx_word' id='word_1_547' title='bbox 2387 4143 2685 4214; x_wconf 77' lang='lat' dir='ltr'><strong>hominum</strong></span> <span class='ocrx_word' id='word_1_548' title='bbox 2708 4139 3315 4214; x_wconf 79' lang='lat' dir='ltr'><strong>sentcntia,extraneo</strong></span> <span class='ocrx_word' id='word_1_549' title='bbox 3336 4145 3492 4213; x_wconf 88' lang='lat' dir='ltr'><strong>huic,</strong></span> <span class='ocrx_word' id='word_1_550' title='bbox 3509 4147 3618 4201; x_wconf 91' lang='lat' dir='ltr'><strong>sed</strong></span> 
     </span>
    </p>
   </div>
   <div class='ocr_carea' id='block_1_47' title="bbox 175 4212 3618 4285">
    <p class='ocr_par' dir='ltr' id='par_1_47' title="bbox 175 4212 3618 4285">
     <span class='ocr_line' id='line_1_49' title="bbox 175 4212 3618 4285; baseline 0 -15"><span class='ocrx_word' id='word_1_551' title='bbox 175 4213 434 4285; x_wconf 88' lang='lat' dir='ltr'><strong>insigni</strong></span> <span class='ocrx_word' id='word_1_552' title='bbox 463 4212 818 4285; x_wconf 78' lang='lat' dir='ltr'><strong>Normannee</strong></span> <span class='ocrx_word' id='word_1_553' title='bbox 849 4212 1705 4285; x_wconf 28' lang='lat' dir='ltr'><strong>virtutispraeconihetvlucem</strong></span> <span class='ocrx_word' id='word_1_554' title='bbox 1719 4217 1775 4268; x_wconf 91' lang='lat' dir='ltr'><strong>et</strong></span> <span class='ocrx_word' id='word_1_555' title='bbox 1791 4215 2057 4268; x_wconf 90' lang='lat' dir='ltr'><strong>meritam</strong></span> <span class='ocrx_word' id='word_1_556' title='bbox 2076 4214 2401 4267; x_wconf 87' lang='lat' dir='ltr'><strong>libertatem</strong></span> <span class='ocrx_word' id='word_1_557' title='bbox 2421 4212 2713 4285; x_wconf 85' lang='lat' dir='ltr'><strong>conferre,</strong></span> <span class='ocrx_word' id='word_1_558' title='bbox 2741 4228 2937 4285; x_wconf 72' lang='lat' dir='ltr'><strong>operm</strong></span> <span class='ocrx_word' id='word_1_559' title='bbox 2968 4213 3220 4285; x_wconf 85' lang='lat' dir='ltr'><strong>pretium</strong></span> <span class='ocrx_word' id='word_1_560' title='bbox 3244 4214 3438 4285; x_wconf 78' lang='lat' dir='ltr'><strong>visum</strong></span> <span class='ocrx_word' id='word_1_561' title='bbox 3456 4212 3548 4269; x_wconf 88' lang='lat' dir='ltr'><strong>est</strong></span> <span class='ocrx_word' id='word_1_562' title='bbox 3560 4220 3618 4271; x_wconf 91' lang='lat' dir='ltr'><strong>te</strong></span> 
     </span>
    </p>
   </div>
   <div class='ocr_carea' id='block_1_48' title="bbox 174 4282 3617 4355">
    <p class='ocr_par' dir='ltr' id='par_1_48' title="bbox 174 4282 3617 4355">
     <span class='ocr_line' id='line_1_50' title="bbox 174 4282 3617 4355; baseline -0 -14"><span class='ocrx_word' id='word_1_563' title='bbox 174 4282 387 4341; x_wconf 79' lang='lat' dir='ltr'><strong>unum</strong></span> <span class='ocrx_word' id='word_1_564' title='bbox 419 4298 451 4336; x_wconf 91' lang='lat' dir='ltr'><strong>e</strong></span> <span class='ocrx_word' id='word_1_565' title='bbox 480 4283 703 4355; x_wconf 84' lang='lat' dir='ltr'><strong>nostris</strong></span> <span class='ocrx_word' id='word_1_566' title='bbox 735 4283 983 4355; x_wconf 83' lang='lat' dir='ltr'><strong>eligere,</strong></span> <span class='ocrx_word' id='word_1_567' title='bbox 1004 4282 1376 4355; x_wconf 81' lang='lat' dir='ltr'><strong>nobilissime</strong></span> <span class='ocrx_word' id='word_1_568' title='bbox 1403 4283 1660 4355; x_wconf 88' lang='lat' dir='ltr'><strong>Balliole,</strong></span> <span class='ocrx_word' id='word_1_569' title='bbox 1688 4284 1866 4355; x_wconf 85' lang='lat' dir='ltr'><strong>cujus</strong></span> <span class='ocrx_word' id='word_1_570' title='bbox 1887 4285 2233 4339; x_wconf 88' lang='lat' dir='ltr'><strong>felicissimo</strong></span> <span class='ocrx_word' id='word_1_571' title='bbox 2259 4284 2525 4353; x_wconf 88' lang='lat' dir='ltr'><strong>auspicio</strong></span> <span class='ocrx_word' id='word_1_572' title='bbox 2539 4283 2793 4355; x_wconf 79' lang='lat' dir='ltr'><strong>nominis</strong></span> <span class='ocrx_word' id='word_1_573' title='bbox 2819 4283 2970 4355; x_wconf 83' lang='lat' dir='ltr'><strong>liber</strong></span> <span class='ocrx_word' id='word_1_574' title='bbox 2987 4284 3121 4355; x_wconf 81' lang='lat' dir='ltr'><strong>iste,</strong></span> <span class='ocrx_word' id='word_1_575' title='bbox 3142 4282 3372 4337; x_wconf 88' lang='lat' dir='ltr'><strong>tandem</strong></span> <span class='ocrx_word' id='word_1_576' title='bbox 3393 4301 3465 4339; x_wconf 89' lang='lat' dir='ltr'><strong>ex</strong></span> <span class='ocrx_word' id='word_1_577' title='bbox 3483 4286 3617 4341; x_wconf 88' lang='lat' dir='ltr'><strong>diu-</strong></span> 
     </span>
    </p>
   </div>
   <div class='ocr_carea' id='block_1_49' title="bbox 174 4352 3617 4427">
    <p class='ocr_par' dir='ltr' id='par_1_49' title="bbox 174 4352 3617 4427">
     <span class='ocr_line' id='line_1_51' title="bbox 174 4352 3617 4427; baseline -0 -15"><span class='ocrx_word' id='word_1_578' title='bbox 174 4356 401 4427; x_wconf 79' lang='lat' dir='ltr'><strong>turnis</strong></span> <span class='ocrx_word' id='word_1_579' title='bbox 430 4354 696 4427; x_wconf 83' lang='lat' dir='ltr'><strong>tenebris</strong></span> <span class='ocrx_word' id='word_1_580' title='bbox 726 4352 950 4420; x_wconf 82' lang='lat' dir='ltr'><strong>erutus,</strong></span> <span class='ocrx_word' id='word_1_581' title='bbox 970 4353 1354 4427; x_wconf 18' lang='lat' dir='ltr'><strong>inipublicum</strong></span> <span class='ocrx_word' id='word_1_582' title='bbox 1386 4354 1667 4423; x_wconf 89' lang='lat' dir='ltr'><strong>prodiret,</strong></span> <span class='ocrx_word' id='word_1_583' title='bbox 1688 4352 2091 4427; x_wconf 78' lang='lat' dir='ltr'><strong>perpetuoque</strong></span> <span class='ocrx_word' id='word_1_584' title='bbox 2120 4352 2445 4424; x_wconf 87' lang='lat' dir='ltr'><strong>patrocinio</strong></span> <span class='ocrx_word' id='word_1_585' title='bbox 2479 4353 2912 4427; x_wconf 76' lang='lat' dir='ltr'><strong>defenderetur.</strong></span> <span class='ocrx_word' id='word_1_586' title='bbox 2953 4352 3077 4407; x_wconf 89' lang='lat' dir='ltr'><strong>Nec</strong></span> <span class='ocrx_word' id='word_1_587' title='bbox 3107 4369 3339 4427; x_wconf 13' lang='lat' dir='ltr'><strong>vereor,</strong></span> <span class='ocrx_word' id='word_1_588' title='bbox 3360 4360 3422 4408; x_wconf 88' lang='lat' dir='ltr'><strong>ut</strong></span> <span class='ocrx_word' id='word_1_589' title='bbox 3454 4371 3617 4412; x_wconf 67' lang='lat' dir='ltr'><strong>sana:</strong></span> 
     </span>
    </p>
   </div>
   <div class='ocr_carea' id='block_1_50' title="bbox 173 4424 3617 4496">
    <p class='ocr_par' dir='ltr' id='par_1_50' title="bbox 173 4424 3617 4496">
     <span class='ocr_line' id='line_1_52' title="bbox 173 4424 3617 4496; baseline 0 -15"><span class='ocrx_word' id='word_1_590' title='bbox 173 4426 423 4482; x_wconf 85' lang='lat' dir='ltr'><strong>mentis</strong></span> <span class='ocrx_word' id='word_1_591' title='bbox 445 4425 759 4496; x_wconf 85' lang='lat' dir='ltr'><strong>quisquam</strong></span> <span class='ocrx_word' id='word_1_592' title='bbox 788 4427 1007 4496; x_wconf 87' lang='lat' dir='ltr'><strong>temere</strong></span> <span class='ocrx_word' id='word_1_593' title='bbox 1037 4424 1095 4478; x_wconf 90' lang='lat' dir='ltr'><strong>id</strong></span> <span class='ocrx_word' id='word_1_594' title='bbox 1111 4440 1250 4479; x_wconf 90' lang='lat' dir='ltr'><strong>ame</strong></span> <span class='ocrx_word' id='word_1_595' title='bbox 1280 4428 1378 4479; x_wconf 90' lang='lat' dir='ltr'><strong>aut</strong></span> <span class='ocrx_word' id='word_1_596' title='bbox 1400 4441 1604 4493; x_wconf 84' lang='lat' dir='ltr'><strong>parum</strong></span> <span class='ocrx_word' id='word_1_597' title='bbox 1628 4424 2013 4481; x_wconf 73' lang='lat' dir='ltr'><strong>considerate</strong></span> <span class='ocrx_word' id='word_1_598' title='bbox 2032 4427 2247 4481; x_wconf 90' lang='lat' dir='ltr'><strong>factum</strong></span> <span class='ocrx_word' id='word_1_599' title='bbox 2261 4429 2502 4496; x_wconf 81' lang='lat' dir='ltr'><strong>arguat;</strong></span> <span class='ocrx_word' id='word_1_600' title='bbox 2536 4426 2676 4495; x_wconf 90' lang='lat' dir='ltr'><strong>quin</strong></span> <span class='ocrx_word' id='word_1_601' title='bbox 2701 4424 2774 4477; x_wconf 88' lang='lat' dir='ltr'><strong>ita</strong></span> <span class='ocrx_word' id='word_1_602' title='bbox 2797 4425 2993 4494; x_wconf 91' lang='lat' dir='ltr'><strong>potius</strong></span> <span class='ocrx_word' id='word_1_603' title='bbox 3016 4426 3542 4496; x_wconf 89' lang='lat' dir='ltr'><strong>auctoremipsum,</strong></span> <span class='ocrx_word' id='word_1_604' title='bbox 3560 4428 3617 4482; x_wconf 90' lang='lat' dir='ltr'><strong>si</strong></span> 
     </span>
    </p>
   </div>
   <div class='ocr_carea' id='block_1_51' title="bbox 174 4495 3618 4569">
    <p class='ocr_par' dir='ltr' id='par_1_51' title="bbox 174 4495 3618 4569">
     <span class='ocr_line' id='line_1_53' title="bbox 174 4495 3618 4569; baseline 0 -17"><span class='ocrx_word' id='word_1_605' title='bbox 174 4499 453 4569; x_wconf 83' lang='lat' dir='ltr'><strong>viveret,</strong></span> <span class='ocrx_word' id='word_1_606' title='bbox 464 4495 768 4569; x_wconf 60' lang='lat' dir='ltr'><strong>iacturum</strong></span> <span class='ocrx_word' id='word_1_607' title='bbox 782 4495 1086 4559; x_wconf 85' lang='lat' dir='ltr'><strong>existimo;</strong></span> <span class='ocrx_word' id='word_1_608' title='bbox 1119 4496 1551 4569; x_wconf 79' lang='lat' dir='ltr'><strong>etsialiterego</strong></span> <span class='ocrx_word' id='word_1_609' title='bbox 1569 4497 1879 4569; x_wconf 74' lang='lat' dir='ltr'><strong>fecissem,</strong></span> <span class='ocrx_word' id='word_1_610' title='bbox 1902 4495 2552 4569; x_wconf 37' lang='lat' dir='ltr'><strong>infestosillius’manes</strong></span> <span class='ocrx_word' id='word_1_611' title='bbox 2583 4496 2916 4569; x_wconf 83' lang='lat' dir='ltr'><strong>habiturum</strong></span> <span class='ocrx_word' id='word_1_612' title='bbox 2932 4511 3022 4550; x_wconf 89' lang='lat' dir='ltr'><strong>me</strong></span> <span class='ocrx_word' id='word_1_613' title='bbox 3045 4496 3234 4569; x_wconf 81' lang='lat' dir='ltr'><strong>fuisse</strong></span> <span class='ocrx_word' id='word_1_614' title='bbox 3248 4495 3618 4569; x_wconf 83' lang='lat' dir='ltr'><strong>nequaquam</strong></span> 
     </span>
    </p>
   </div>
   <div class='ocr_carea' id='block_1_52' title="bbox 171 4565 3619 4639">
    <p class='ocr_par' dir='ltr' id='par_1_52' title="bbox 171 4565 3619 4639">
     <span class='ocr_line' id='line_1_54' title="bbox 171 4565 3619 4639; baseline -0 -15"><span class='ocrx_word' id='word_1_615' title='bbox 171 4568 432 4639; x_wconf 87' lang='lat' dir='ltr'><strong>dubito.</strong></span> <span class='ocrx_word' id='word_1_616' title='bbox 464 4565 779 4639; x_wconf 76' lang='lat' dir='ltr'><strong>Enimvero</strong></span> <span class='ocrx_word' id='word_1_617' title='bbox 812 4580 946 4618; x_wconf 90' lang='lat' dir='ltr'><strong>cum</strong></span> <span class='ocrx_word' id='word_1_618' title='bbox 977 4569 1060 4619; x_wconf 90' lang='lat' dir='ltr'><strong>tot</strong></span> <span class='ocrx_word' id='word_1_619' title='bbox 1078 4565 1433 4639; x_wconf 85' lang='lat' dir='ltr'><strong>nobilissimi</strong></span> <span class='ocrx_word' id='word_1_620' title='bbox 1466 4565 1535 4629; x_wconf 76' lang='lat' dir='ltr'><strong>ac</strong></span> <span class='ocrx_word' id='word_1_621' title='bbox 1563 4567 1959 4639; x_wconf 79' lang='lat' dir='ltr'><strong>illustrissimi</strong></span> <span class='ocrx_word' id='word_1_622' title='bbox 1985 4567 2578 4623; x_wconf 88' lang='lat' dir='ltr'><strong>Normannihominis</strong></span> <span class='ocrx_word' id='word_1_623' title='bbox 2595 4567 3172 4639; x_wconf 70' lang='lat' dir='ltr'><strong>VlClQl‘laS,ll&#39;0pll{Ba</strong></span> <span class='ocrx_word' id='word_1_624' title='bbox 3202 4565 3419 4639; x_wconf 76' lang='lat' dir='ltr'><strong>resque</strong></span> <span class='ocrx_word' id='word_1_625' title='bbox 3436 4565 3619 4623; x_wconf 60' lang='lat' dir='ltr'><strong>v&#39;ariis</strong></span> 
     </span>
    </p>
   </div>
   <div class='ocr_carea' id='block_1_53' title="bbox 172 4636 3619 4717">
    <p class='ocr_par' dir='ltr' id='par_1_53' title="bbox 172 4636 3619 4717">
     <span class='ocr_line' id='line_1_55' title="bbox 172 4636 3619 4717; baseline -0.001 -23"><span class='ocrx_word' id='word_1_626' title='bbox 172 4640 345 4717; x_wconf 73' lang='lat' dir='ltr'><strong>olim</strong></span> <span class='ocrx_word' id='word_1_627' title='bbox 375 4638 450 4717; x_wconf 39' lang='lat' dir='ltr'><strong>in‘</strong></span> <span class='ocrx_word' id='word_1_628' title='bbox 468 4636 799 4717; x_wconf 40' lang='lat' dir='ltr'><strong>locis&#39;bene</strong></span> <span class='ocrx_word' id='word_1_629' title='bbox 821 4640 1034 4717; x_wconf 74' lang='lat' dir='ltr'><strong>gestas</strong></span> <span class='ocrx_word' id='word_1_630' title='bbox 1063 4639 1344 4717; x_wconf 73' lang='lat' dir='ltr'><strong>externus</strong></span> <span class='ocrx_word' id='word_1_631' title='bbox 1370 4636 1543 4717; x_wconf 71' lang='lat' dir='ltr'><strong>homo</strong></span> <span class='ocrx_word' id='word_1_632' title='bbox 1574 4638 1784 4717; x_wconf 44' lang='grc' dir='ltr'><strong>ξέοῐὶῃο</strong></span> <span class='ocrx_word' id='word_1_633' title='bbox 1809 4640 2067 4717; x_wconf 87' lang='lat' dir='ltr'><strong>carmine</strong></span> <span class='ocrx_word' id='word_1_634' title='bbox 2085 4639 2403 4717; x_wconf 68' lang='lat' dir='ltr'><strong>describat,</strong></span> <span class='ocrx_word' id='word_1_635' title='bbox 2421 4639 2514 4692; x_wconf 89' lang='lat' dir='ltr'><strong>cui</strong></span> <span class='ocrx_word' id='word_1_636' title='bbox 2532 4638 2882 4717; x_wconf 76' lang='lat' dir='ltr'><strong>mortaiium,</strong></span> <span class='ocrx_word' id='word_1_637' title='bbox 2900 4636 3172 4705; x_wconf 86' lang='lat' dir='ltr'><strong>obsecro,</strong></span> <span class='ocrx_word' id='word_1_638' title='bbox 3189 4636 3441 4717; x_wconf 80' lang='lat' dir='ltr'><strong>totumid</strong></span> <span class='ocrx_word' id='word_1_639' title='bbox 3458 4639 3619 4717; x_wconf 82' lang='lat' dir='ltr'><strong>quid-</strong></span> 
     </span>
    </p>
   </div>
   <div class='ocr_carea' id='block_1_54' title="bbox 172 4707 3619 4782">
    <p class='ocr_par' dir='ltr' id='par_1_54' title="bbox 172 4707 3619 4782">
     <span class='ocr_line' id='line_1_56' title="bbox 172 4707 3619 4782; baseline 0 -19"><span class='ocrx_word' id='word_1_640' title='bbox 172 4709 347 4782; x_wconf 83' lang='lat' dir='ltr'><strong>quid</strong></span> <span class='ocrx_word' id='word_1_641' title='bbox 361 4710 456 4762; x_wconf 91' lang='lat' dir='ltr'><strong>est</strong></span> <span class='ocrx_word' id='word_1_642' title='bbox 479 4707 699 4777; x_wconf 80' lang='lat' dir='ltr'><strong>aperis,</strong></span> <span class='ocrx_word' id='word_1_643' title='bbox 714 4707 936 4782; x_wconf 83' lang='lat' dir='ltr'><strong>reetius</strong></span> <span class='ocrx_word' id='word_1_644' title='bbox 952 4707 1219 4782; x_wconf 75' lang='lat' dir='ltr'><strong>inscribi,</strong></span> <span class='ocrx_word' id='word_1_645' title='bbox 1237 4708 1465 4782; x_wconf 77' lang='lat' dir='ltr'><strong>donari,</strong></span> <span class='ocrx_word' id='word_1_646' title='bbox 1481 4708 1742 4763; x_wconf 89' lang='lat' dir='ltr'><strong>dedicari</strong></span> <span class='ocrx_word' id='word_1_647' title='bbox 1757 4714 1979 4782; x_wconf 88' lang='lat' dir='ltr'><strong>posset,</strong></span> <span class='ocrx_word' id='word_1_648' title='bbox 1996 4726 2171 4780; x_wconf 88' lang='lat' dir='ltr'><strong>quam</strong></span> <span class='ocrx_word' id='word_1_649' title='bbox 2190 4709 2497 4782; x_wconf 14' lang='lat' dir='ltr'><strong>tibi?7Nam</strong></span> <span class='ocrx_word' id='word_1_650' title='bbox 2511 4713 2567 4782; x_wconf 85' lang='lat' dir='ltr'><strong>et</strong></span> <span class='ocrx_word' id='word_1_651' title='bbox 2581 4710 2708 4778; x_wconf 89' lang='lat' dir='ltr'><strong>ipse</strong></span> <span class='ocrx_word' id='word_1_652' title='bbox 2723 4709 3100 4782; x_wconf 82' lang='lat' dir='ltr'><strong>Nermannus</strong></span> <span class='ocrx_word' id='word_1_653' title='bbox 3119 4725 3205 4777; x_wconf 91' lang='lat' dir='ltr'><strong>es,</strong></span> <span class='ocrx_word' id='word_1_654' title='bbox 3223 4714 3357 4763; x_wconf 88' lang='lat' dir='ltr'><strong>etea</strong></span> <span class='ocrx_word' id='word_1_655' title='bbox 3377 4707 3619 4782; x_wconf 77' lang='lat' dir='ltr'><strong>generis</strong></span> 
     </span>
    </p>
   </div>
   <div class='ocr_carea' id='block_1_55' title="bbox 170 4777 3620 4851">
    <p class='ocr_par' dir='ltr' id='par_1_55' title="bbox 170 4777 3620 4851">
     <span class='ocr_line' id='line_1_57' title="bbox 170 4777 3620 4851; baseline -0.001 -16"><span class='ocrx_word' id='word_1_656' title='bbox 170 4777 582 4851; x_wconf 45' lang='lat' dir='ltr'><strong>vetustateet</strong></span> <span class='ocrx_word' id='word_1_657' title='bbox 605 4777 911 4851; x_wconf 75' lang='lat' dir='ltr'><strong>gentilium</strong></span> <span class='ocrx_word' id='word_1_658' title='bbox 927 4778 1227 4851; x_wconf 76' lang='lat' dir='ltr'><strong>nobilitate</strong></span> <span class='ocrx_word' id='word_1_659' title='bbox 1250 4778 1515 4851; x_wconf 75' lang='lat' dir='ltr'><strong>excellis,</strong></span> <span class='ocrx_word' id='word_1_660' title='bbox 1533 4795 1665 4851; x_wconf 85' lang='lat' dir='ltr'><strong>quae</strong></span> <span class='ocrx_word' id='word_1_661' title='bbox 1687 4777 1803 4833; x_wconf 77' lang='lat' dir='ltr'><strong>non</strong></span> <span class='ocrx_word' id='word_1_662' title='bbox 1820 4781 1990 4834; x_wconf 90' lang='lat' dir='ltr'><strong>modo</strong></span> <span class='ocrx_word' id='word_1_663' title='bbox 2007 4777 2200 4834; x_wconf 80' lang='lat' dir='ltr'><strong>laudis</strong></span> <span class='ocrx_word' id='word_1_664' title='bbox 2229 4781 2508 4851; x_wconf 63' lang='lat' dir='ltr'><strong>etgloriae</strong></span> <span class='ocrx_word' id='word_1_665' title='bbox 2531 4777 2857 4851; x_wconf 84' lang='lat' dir='ltr'><strong>Guiscardo</strong></span> <span class='ocrx_word' id='word_1_666' title='bbox 2878 4781 3212 4851; x_wconf 82' lang='lat' dir='ltr'><strong>sociosnon</strong></span> <span class='ocrx_word' id='word_1_667' title='bbox 3231 4777 3620 4836; x_wconf 76' lang='lat' dir='ltr'><strong>secundarios</strong></span> 
     </span>
    </p>
   </div>
   <div class='ocr_carea' id='block_1_56' title="bbox 170 4847 3610 4922">
    <p class='ocr_par' dir='ltr' id='par_1_56' title="bbox 170 4847 3610 4922">
     <span class='ocr_line' id='line_1_58' title="bbox 170 4847 3610 4922; baseline -0.001 -16"><span class='ocrx_word' id='word_1_668' title='bbox 170 4850 387 4922; x_wconf 74' lang='lat' dir='ltr'><strong>dedit,</strong></span> <span class='ocrx_word' id='word_1_669' title='bbox 423 4849 527 4903; x_wconf 90' lang='lat' dir='ltr'><strong>sed</strong></span> <span class='ocrx_word' id='word_1_670' title='bbox 560 4847 629 4902; x_wconf 16' lang='lat' dir='ltr'><strong>et,</strong></span> <span class='ocrx_word' id='word_1_671' title='bbox 645 4847 839 4922; x_wconf 79' lang='lat' dir='ltr'><strong>scolis</strong></span> <span class='ocrx_word' id='word_1_672' title='bbox 872 4847 1155 4922; x_wconf 81' lang='lat' dir='ltr'><strong>Joannem</strong></span> <span class='ocrx_word' id='word_1_673' title='bbox 1181 4847 1924 4922; x_wconf 76' lang='lat' dir='ltr'><strong>Balliolum,fortissimum</strong></span> <span class='ocrx_word' id='word_1_674' title='bbox 1945 4867 2168 4922; x_wconf 85' lang='lat' dir='ltr'><strong>regem,</strong></span> <span class='ocrx_word' id='word_1_675' title='bbox 2192 4855 2247 4904; x_wconf 89' lang='lat' dir='ltr'><strong>et</strong></span> <span class='ocrx_word' id='word_1_676' title='bbox 2267 4847 2637 4904; x_wconf 77' lang='lat' dir='ltr'><strong>Edovardum</strong></span> <span class='ocrx_word' id='word_1_677' title='bbox 2657 4850 2817 4903; x_wconf 87' lang='lat' dir='ltr'><strong>illius</strong></span> <span class='ocrx_word' id='word_1_678' title='bbox 2838 4850 3322 4922; x_wconf 82' lang='lat' dir='ltr'><strong>filium_Philippo</strong></span> <span class='ocrx_word' id='word_1_679' title='bbox 3356 4851 3610 4918; x_wconf 68' lang='lat' dir='ltr'><strong>Valesio,</strong></span> 
     </span>
    </p>
   </div>
   <div class='ocr_carea' id='block_1_57' title="bbox 170 4918 3610 4990">
    <p class='ocr_par' dir='ltr' id='par_1_57' title="bbox 170 4918 3610 4990">
     <span class='ocr_line' id='line_1_59' title="bbox 170 4918 3610 4990; baseline -0.001 -13"><span class='ocrx_word' id='word_1_680' title='bbox 170 4921 572 4977; x_wconf 82' lang='lat' dir='ltr'><strong>Francorum</strong></span> <span class='ocrx_word' id='word_1_681' title='bbox 595 4918 743 4990; x_wconf 87' lang='lat' dir='ltr'><strong>regi,</strong></span> <span class='ocrx_word' id='word_1_682' title='bbox 778 4919 1076 4973; x_wconf 88' lang='lat' dir='ltr'><strong>sororium</strong></span> <span class='ocrx_word' id='word_1_683' title='bbox 1108 4920 1459 4989; x_wconf 88' lang='lat' dir='ltr'><strong>procreavit.</strong></span> <span class='ocrx_word' id='word_1_684' title='bbox 1495 4920 1585 4973; x_wconf 87' lang='lat' dir='ltr'><strong>Ad</strong></span> <span class='ocrx_word' id='word_1_685' title='bbox 1616 4921 1745 4974; x_wconf 83' lang='lat' dir='ltr'><strong>haec</strong></span> <span class='ocrx_word' id='word_1_686' title='bbox 1767 4922 1843 4974; x_wconf 88' lang='lat' dir='ltr'><strong>ita</strong></span> <span class='ocrx_word' id='word_1_687' title='bbox 1865 4918 2171 4990; x_wconf 79' lang='lat' dir='ltr'><strong>praeclaris</strong></span> <span class='ocrx_word' id='word_1_688' title='bbox 2201 4923 2377 4974; x_wconf 85' lang='lat' dir='ltr'><strong>animi</strong></span> <span class='ocrx_word' id='word_1_689' title='bbox 2400 4922 2635 4975; x_wconf 86' lang='lat' dir='ltr'><strong>dotibus</strong></span> <span class='ocrx_word' id='word_1_690' title='bbox 2668 4922 2914 4985; x_wconf 89' lang='lat' dir='ltr'><strong>emines,</strong></span> <span class='ocrx_word' id='word_1_691' title='bbox 2949 4924 3008 4973; x_wconf 89' lang='lat' dir='ltr'><strong>ut</strong></span> <span class='ocrx_word' id='word_1_692' title='bbox 3030 4920 3139 4973; x_wconf 89' lang='lat' dir='ltr'><strong>hoc</strong></span> <span class='ocrx_word' id='word_1_693' title='bbox 3170 4924 3372 4975; x_wconf 88' lang='lat' dir='ltr'><strong>nostro</strong></span> <span class='ocrx_word' id='word_1_694' title='bbox 3397 4922 3610 4975; x_wconf 72' lang='lat' dir='ltr'><strong>saecula</strong></span> 
     </span>
    </p>
   </div>
   <div class='ocr_carea' id='block_1_58' title="bbox 163 4990 3619 5062">
    <p class='ocr_par' dir='ltr' id='par_1_58' title="bbox 163 4990 3619 5062">
     <span class='ocr_line' id='line_1_60' title="bbox 163 4990 3619 5062; baseline -0.001 -13"><span class='ocrx_word' id='word_1_695' title='bbox 163 4991 477 5062; x_wconf 16' lang='lat' dir='ltr'><strong>nequeiin</strong></span> <span class='ocrx_word' id='word_1_696' title='bbox 507 4990 665 5045; x_wconf 90' lang='lat' dir='ltr'><strong>omni</strong></span> <span class='ocrx_word' id='word_1_697' title='bbox 688 4992 975 5062; x_wconf 82' lang='lat' dir='ltr'><strong>bonarum</strong></span> <span class='ocrx_word' id='word_1_698' title='bbox 1007 4991 1333 5062; x_wconf 87' lang='lat' dir='ltr'><strong>litterarum</strong></span> <span class='ocrx_word' id='word_1_699' title='bbox 1363 5006 1805 5061; x_wconf 88' lang='lat' dir='ltr'><strong>genere,neque</strong></span> <span class='ocrx_word' id='word_1_700' title='bbox 1821 4993 2055 5045; x_wconf 86' lang='lat' dir='ltr'><strong>virtutis</strong></span> <span class='ocrx_word' id='word_1_701' title='bbox 2074 4996 2171 5044; x_wconf 90' lang='lat' dir='ltr'><strong>aut</strong></span> <span class='ocrx_word' id='word_1_702' title='bbox 2188 4992 2493 5060; x_wconf 76' lang='lat' dir='ltr'><strong>sapientiae</strong></span> <span class='ocrx_word' id='word_1_703' title='bbox 2510 4992 2694 5061; x_wconf 79' lang='lat' dir='ltr'><strong>gloria</strong></span> <span class='ocrx_word' id='word_1_704' title='bbox 2719 4991 3020 5044; x_wconf 87' lang='lat' dir='ltr'><strong>secundus</strong></span> <span class='ocrx_word' id='word_1_705' title='bbox 3041 4991 3312 5062; x_wconf 87' lang='lat' dir='ltr'><strong>cuiquam</strong></span> <span class='ocrx_word' id='word_1_706' title='bbox 3334 4991 3619 5046; x_wconf 89' lang='lat' dir='ltr'><strong>videaris.</strong></span> 
     </span>
    </p>
   </div>
   <div class='ocr_carea' id='block_1_59' title="bbox 163 5060 3625 5133">
    <p class='ocr_par' dir='ltr' id='par_1_59' title="bbox 163 5060 3625 5133">
     <span class='ocr_line' id='line_1_61' title="bbox 163 5060 3625 5133; baseline -0.001 -14"><span class='ocrx_word' id='word_1_707' title='bbox 163 5060 346 5133; x_wconf 66' lang='lat' dir='ltr'><strong>tSed</strong></span> <span class='ocrx_word' id='word_1_708' title='bbox 378 5061 452 5115; x_wconf 91' lang='lat' dir='ltr'><strong>de</strong></span> <span class='ocrx_word' id='word_1_709' title='bbox 482 5060 960 5133; x_wconf 84' lang='lat' dir='ltr'><strong>aliorumjudicio</strong></span> <span class='ocrx_word' id='word_1_710' title='bbox 979 5061 1396 5133; x_wconf 89' lang='lat' dir='ltr'><strong>susquedeque</strong></span> <span class='ocrx_word' id='word_1_711' title='bbox 1422 5076 1435 5127; x_wconf 84' lang='lat'><strong>;</strong></span> <span class='ocrx_word' id='word_1_712' title='bbox 1466 5062 1639 5115; x_wconf 91' lang='lat' dir='ltr'><strong>modo</strong></span> <span class='ocrx_word' id='word_1_713' title='bbox 1668 5060 1769 5116; x_wconf 88' lang='lat' dir='ltr'><strong>tibi</strong></span> <span class='ocrx_word' id='word_1_714' title='bbox 1804 5064 1899 5115; x_wconf 88' lang='lat' dir='ltr'><strong>uni</strong></span> <span class='ocrx_word' id='word_1_715' title='bbox 1926 5078 2113 5118; x_wconf 90' lang='lat' dir='ltr'><strong>meum</strong></span> <span class='ocrx_word' id='word_1_716' title='bbox 2132 5063 2241 5115; x_wconf 91' lang='lat' dir='ltr'><strong>hoc</strong></span> <span class='ocrx_word' id='word_1_717' title='bbox 2256 5060 2815 5131; x_wconf 74' lang='lat' dir='ltr'><strong>consiliuinprobari</strong></span> <span class='ocrx_word' id='word_1_718' title='bbox 2832 5061 3268 5133; x_wconf 46' lang='lat' dir='ltr'><strong>sentiamiQuod</strong></span> <span class='ocrx_word' id='word_1_719' title='bbox 3292 5062 3625 5133; x_wconf 91' lang='lat' dir='ltr'><strong>quidliben-</strong></span> 
     </span>
    </p>
   </div>
   <div class='ocr_carea' id='block_1_60' title="bbox 164 5130 3617 5204">
    <p class='ocr_par' dir='ltr' id='par_1_60' title="bbox 164 5130 3617 5204">
     <span class='ocr_line' id='line_1_62' title="bbox 164 5130 3617 5204; baseline -0.001 -14"><span class='ocrx_word' id='word_1_720' title='bbox 164 5137 187 5190; x_wconf 85' lang='lat' dir='ltr'><strong>i</strong></span> <span class='ocrx_word' id='word_1_721' title='bbox 218 5132 436 5188; x_wconf 85' lang='lat' dir='ltr'><strong>ssime</strong></span> <span class='ocrx_word' id='word_1_722' title='bbox 469 5132 822 5204; x_wconf 85' lang='lat' dir='ltr'><strong>comprobes</strong></span> <span class='ocrx_word' id='word_1_723' title='bbox 845 5147 962 5185; x_wconf 89' lang='lat' dir='ltr'><strong>non</strong></span> <span class='ocrx_word' id='word_1_724' title='bbox 995 5132 1234 5185; x_wconf 86' lang='lat' dir='ltr'><strong>dubium</strong></span> <span class='ocrx_word' id='word_1_725' title='bbox 1268 5130 1378 5186; x_wconf 78' lang='lat' dir='ltr'><strong>est.</strong></span> <span class='ocrx_word' id='word_1_726' title='bbox 1416 5132 1634 5204; x_wconf 70' lang='lat' dir='ltr'><strong>Accipe</strong></span> <span class='ocrx_word' id='word_1_727' title='bbox 1668 5134 1864 5204; x_wconf 88' lang='lat' dir='ltr'><strong>igitur,</strong></span> <span class='ocrx_word' id='word_1_728' title='bbox 1882 5150 1987 5203; x_wconf 90' lang='lat' dir='ltr'><strong>pro</strong></span> <span class='ocrx_word' id='word_1_729' title='bbox 2011 5140 2109 5188; x_wconf 89' lang='lat' dir='ltr'><strong>tuo</strong></span> <span class='ocrx_word' id='word_1_730' title='bbox 2137 5149 2367 5186; x_wconf 90' lang='lat' dir='ltr'><strong>summo</strong></span> <span class='ocrx_word' id='word_1_731' title='bbox 2401 5134 2692 5186; x_wconf 82' lang='lat' dir='ltr'><strong>adversus</strong></span> <span class='ocrx_word' id='word_1_732' title='bbox 2725 5132 2948 5184; x_wconf 85' lang='lat' dir='ltr'><strong>litteras</strong></span> <span class='ocrx_word' id='word_1_733' title='bbox 2980 5130 3373 5187; x_wconf 81' lang='lat' dir='ltr'><strong>vellitteratos</strong></span> <span class='ocrx_word' id='word_1_734' title='bbox 3397 5149 3617 5202; x_wconf 88' lang='lat' dir='ltr'><strong>amore,</strong></span> 
     </span>
    </p>
   </div>
   <div class='ocr_carea' id='block_1_61' title="bbox 166 5203 3623 5273">
    <p class='ocr_par' dir='ltr' id='par_1_61' title="bbox 166 5203 3623 5273">
     <span class='ocr_line' id='line_1_63' title="bbox 166 5203 3623 5273; baseline -0 -13"><span class='ocrx_word' id='word_1_735' title='bbox 166 5208 620 5261; x_wconf 79' lang='lat' dir='ltr'><strong>renascentem</strong></span> <span class='ocrx_word' id='word_1_736' title='bbox 636 5203 791 5255; x_wconf 90' lang='lat' dir='ltr'><strong>hunc</strong></span> <span class='ocrx_word' id='word_1_737' title='bbox 814 5217 991 5271; x_wconf 90' lang='lat' dir='ltr'><strong>opera</strong></span> <span class='ocrx_word' id='word_1_738' title='bbox 1009 5218 1133 5255; x_wconf 90' lang='lat' dir='ltr'><strong>mea</strong></span> <span class='ocrx_word' id='word_1_739' title='bbox 1147 5206 1402 5257; x_wconf 88' lang='lat' dir='ltr'><strong>veterem</strong></span> <span class='ocrx_word' id='word_1_740' title='bbox 1419 5203 1775 5257; x_wconf 83' lang='lat' dir='ltr'><strong>Normannae</strong></span> <span class='ocrx_word' id='word_1_741' title='bbox 1789 5205 2110 5258; x_wconf 90' lang='lat' dir='ltr'><strong>nobilitatis</strong></span> <span class='ocrx_word' id='word_1_742' title='bbox 2124 5204 2415 5271; x_wconf 90' lang='lat' dir='ltr'><strong>clientem,</strong></span> <span class='ocrx_word' id='word_1_743' title='bbox 2438 5218 2687 5273; x_wconf 90' lang='lat' dir='ltr'><strong>eumque</strong></span> <span class='ocrx_word' id='word_1_744' title='bbox 2719 5205 2919 5273; x_wconf 86' lang='lat' dir='ltr'><strong>contra</strong></span> <span class='ocrx_word' id='word_1_745' title='bbox 2940 5216 3148 5273; x_wconf 85' lang='lat' dir='ltr'><strong>omnes</strong></span> <span class='ocrx_word' id='word_1_746' title='bbox 3164 5204 3396 5258; x_wconf 86' lang='lat' dir='ltr'><strong>virtutis</strong></span> <span class='ocrx_word' id='word_1_747' title='bbox 3414 5205 3623 5259; x_wconf 89' lang='lat' dir='ltr'><strong>hostes</strong></span> 
     </span>
    </p>
   </div>
   <div class='ocr_carea' id='block_1_62' title="bbox 168 5272 3623 5346">
    <p class='ocr_par' dir='ltr' id='par_1_62' title="bbox 168 5272 3623 5346">
     <span class='ocr_line' id='line_1_64' title="bbox 168 5272 3623 5346; baseline -0 -16"><span class='ocrx_word' id='word_1_748' title='bbox 168 5291 271 5330; x_wconf 84' lang='lat' dir='ltr'><strong>ac</strong></span> <span class='ocrx_word' id='word_1_749' title='bbox 303 5273 503 5346; x_wconf 8' lang='lat' dir='ltr'><strong>plaudis</strong></span> <span class='ocrx_word' id='word_1_750' title='bbox 534 5273 821 5346; x_wconf 78' lang='lat' dir='ltr'><strong>majorum</strong></span> <span class='ocrx_word' id='word_1_751' title='bbox 854 5276 1193 5346; x_wconf 79' lang='lat' dir='ltr'><strong>nostrorum</strong></span> <span class='ocrx_word' id='word_1_752' title='bbox 1226 5273 1593 5346; x_wconf 82' lang='lat' dir='ltr'><strong>invidos,tuo</strong></span> <span class='ocrx_word' id='word_1_753' title='bbox 1612 5276 1957 5346; x_wconf 85' lang='lat' dir='ltr'><strong>patrocinio,</strong></span> <span class='ocrx_word' id='word_1_754' title='bbox 1991 5275 2147 5346; x_wconf 86' lang='lat' dir='ltr'><strong>quod</strong></span> <span class='ocrx_word' id='word_1_755' title='bbox 2180 5275 2287 5346; x_wconf 88' lang='lat' dir='ltr'><strong>ahs</strong></span> <span class='ocrx_word' id='word_1_756' title='bbox 2318 5277 2375 5346; x_wconf 79' lang='lat' dir='ltr'><strong>te</strong></span> <span class='ocrx_word' id='word_1_757' title='bbox 2407 5278 2564 5346; x_wconf 84' lang='lat' dir='ltr'><strong>petit,</strong></span> <span class='ocrx_word' id='word_1_758' title='bbox 2590 5272 2956 5346; x_wconf 78' lang='lat' dir='ltr'><strong>tuere.Qu_od</strong></span> <span class='ocrx_word' id='word_1_759' title='bbox 2991 5272 3282 5342; x_wconf 87' lang='lat' dir='ltr'><strong>reliquum</strong></span> <span class='ocrx_word' id='word_1_760' title='bbox 3309 5280 3419 5340; x_wconf 91' lang='lat' dir='ltr'><strong>est,</strong></span> <span class='ocrx_word' id='word_1_761' title='bbox 3442 5275 3623 5330; x_wconf 88' lang='lat' dir='ltr'><strong>velim</strong></span> 
     </span>
    </p>
   </div>
   <div class='ocr_carea' id='block_1_63' title="bbox 165 5343 3622 5417">
    <p class='ocr_par' dir='ltr' id='par_1_63' title="bbox 165 5343 3622 5417">
     <span class='ocr_line' id='line_1_65' title="bbox 165 5343 3622 5417; baseline 0 -17"><span class='ocrx_word' id='word_1_762' title='bbox 165 5344 437 5417; x_wconf 68' lang='lat' dir='ltr'><strong>tibisic</strong></span> <span class='ocrx_word' id='word_1_763' title='bbox 465 5343 1198 5417; x_wconf 16' lang='lat' dir='ltr'><strong>persuadeasiquidquidua</strong></span> <span class='ocrx_word' id='word_1_764' title='bbox 1224 5345 1397 5398; x_wconf 91' lang='lat' dir='ltr'><strong>nobis</strong></span> <span class='ocrx_word' id='word_1_765' title='bbox 1429 5349 1520 5398; x_wconf 90' lang='lat' dir='ltr'><strong>est</strong></span> <span class='ocrx_word' id='word_1_766' title='bbox 1552 5344 1776 5417; x_wconf 85' lang='lat' dir='ltr'><strong>laboris</strong></span> <span class='ocrx_word' id='word_1_767' title='bbox 1809 5350 1865 5400; x_wconf 91' lang='lat' dir='ltr'><strong>et</strong></span> <span class='ocrx_word' id='word_1_768' title='bbox 1896 5343 2094 5416; x_wconf 77' lang='lat' dir='ltr'><strong>operae</strong></span> <span class='ocrx_word' id='word_1_769' title='bbox 2128 5345 2200 5399; x_wconf 89' lang='lat' dir='ltr'><strong>ad</strong></span> <span class='ocrx_word' id='word_1_770' title='bbox 2228 5344 2415 5417; x_wconf 87' lang='lat' dir='ltr'><strong>hujus</strong></span> <span class='ocrx_word' id='word_1_771' title='bbox 2440 5345 2573 5398; x_wconf 88' lang='lat' dir='ltr'><strong>libri</strong></span> <span class='ocrx_word' id='word_1_772' title='bbox 2605 5343 3071 5417; x_wconf 86' lang='lat' dir='ltr'><strong>emendationem</strong></span> <span class='ocrx_word' id='word_1_773' title='bbox 3096 5347 3151 5398; x_wconf 91' lang='lat' dir='ltr'><strong>et</strong></span> <span class='ocrx_word' id='word_1_774' title='bbox 3181 5361 3252 5399; x_wconf 86' lang='lat' dir='ltr'><strong>ex</strong></span> <span class='ocrx_word' id='word_1_775' title='bbox 3284 5348 3438 5401; x_wconf 90' lang='lat' dir='ltr'><strong>notis</strong></span> <span class='ocrx_word' id='word_1_776' title='bbox 3471 5362 3622 5417; x_wconf 89' lang='lat' dir='ltr'><strong>quas</strong></span> 
     </span>
    </p>
   </div>
   <div class='ocr_carea' id='block_1_64' title="bbox 164 5413 3625 5489">
    <p class='ocr_par' dir='ltr' id='par_1_64' title="bbox 164 5413 3625 5489">
     <span class='ocr_line' id='line_1_66' title="bbox 164 5413 3625 5489; baseline 0 -18"><span class='ocrx_word' id='word_1_777' title='bbox 164 5414 547 5489; x_wconf 80' lang='lat' dir='ltr'><strong>addidimus</strong></span> <span class='ocrx_word' id='word_1_778' title='bbox 579 5413 1029 5489; x_wconf 75' lang='lat' dir='ltr'><strong>explicatiOnem</strong></span> <span class='ocrx_word' id='word_1_779' title='bbox 1058 5414 1406 5489; x_wconf 84' lang='lat' dir='ltr'><strong>colloeatum</strong></span> <span class='ocrx_word' id='word_1_780' title='bbox 1431 5431 1445 5485; x_wconf 88' lang='lat'><strong>;</strong></span> <span class='ocrx_word' id='word_1_781' title='bbox 1477 5417 1661 5470; x_wconf 88' lang='lat' dir='ltr'><strong>totum</strong></span> <span class='ocrx_word' id='word_1_782' title='bbox 1680 5416 1748 5489; x_wconf 82' lang='lat' dir='ltr'><strong>id</strong></span> <span class='ocrx_word' id='word_1_783' title='bbox 1778 5413 2033 5489; x_wconf 78' lang='lat' dir='ltr'><strong>quoque,</strong></span> <span class='ocrx_word' id='word_1_784' title='bbox 2066 5417 2253 5489; x_wconf 83' lang='lat' dir='ltr'><strong>donee</strong></span> <span class='ocrx_word' id='word_1_785' title='bbox 2285 5413 2533 5489; x_wconf 83' lang='lat' dir='ltr'><strong>meliora</strong></span> <span class='ocrx_word' id='word_1_786' title='bbox 2558 5414 2882 5489; x_wconf 78' lang='lat' dir='ltr'><strong>possimus,</strong></span> <span class='ocrx_word' id='word_1_787' title='bbox 2906 5413 2965 5468; x_wconf 92' lang='lat' dir='ltr'><strong>in</strong></span> <span class='ocrx_word' id='word_1_788' title='bbox 2989 5429 3115 5489; x_wconf 85' lang='lat' dir='ltr'><strong>eam</strong></span> <span class='ocrx_word' id='word_1_789' title='bbox 3130 5421 3354 5489; x_wconf 89' lang='lat' dir='ltr'><strong>partem</strong></span> <span class='ocrx_word' id='word_1_790' title='bbox 3373 5413 3625 5489; x_wconf 75' lang='lat' dir='ltr'><strong>tibidari</strong></span> 
     </span>
    </p>
   </div>
   <div class='ocr_carea' id='block_1_65' title="bbox 163 5484 3624 5613">
    <p class='ocr_par' dir='ltr' id='par_1_65' title="bbox 163 5484 3624 5613">
     <span class='ocr_line' id='line_1_67' title="bbox 163 5484 3624 5613; baseline 0.001 -67"><span class='ocrx_word' id='word_1_791' title='bbox 163 5491 262 5546; x_wconf 78' lang='lat' dir='ltr'><strong>ut</strong></span> <span class='ocrx_word' id='word_1_792' title='bbox 306 5488 366 5541; x_wconf 88' lang='lat' dir='ltr'><strong>et</strong></span> <span class='ocrx_word' id='word_1_793' title='bbox 396 5489 513 5541; x_wconf 82' lang='lat' dir='ltr'><strong>tuae</strong></span> <span class='ocrx_word' id='word_1_794' title='bbox 541 5485 764 5542; x_wconf 87' lang='lat' dir='ltr'><strong>veteris</strong></span> <span class='ocrx_word' id='word_1_795' title='bbox 795 5485 855 5540; x_wconf 90' lang='lat' dir='ltr'><strong>in</strong></span> <span class='ocrx_word' id='word_1_796' title='bbox 883 5499 976 5540; x_wconf 89' lang='lat' dir='ltr'><strong>me</strong></span> <span class='ocrx_word' id='word_1_797' title='bbox 988 5484 1512 5570; x_wconf 75' lang='lat' dir='ltr'><strong>benevoientiae,et</strong></span> <span class='ocrx_word' id='word_1_798' title='bbox 1539 5484 1824 5613; x_wconf 48' lang='lat' dir='ltr'><strong>gi&#39;atimei</strong></span> <span class='ocrx_word' id='word_1_799' title='bbox 1854 5484 2030 5547; x_wconf 69' lang='lat' dir='ltr'><strong>animi</strong></span> <span class='ocrx_word' id='word_1_800' title='bbox 2045 5486 2490 5561; x_wconf 81' lang='lat' dir='ltr'><strong>singularisque</strong></span> <span class='ocrx_word' id='word_1_801' title='bbox 2519 5484 2654 5542; x_wconf 84' lang='lat' dir='ltr'><strong>inte</strong></span> <span class='ocrx_word' id='word_1_802' title='bbox 2684 5484 3291 5563; x_wconf 77' lang='lat' dir='ltr'><strong>observantiae,quasi</strong></span> <span class='ocrx_word' id='word_1_803' title='bbox 3310 5489 3529 5575; x_wconf 83' lang='lat' dir='ltr'><strong>pignus</strong></span> <span class='ocrx_word' id='word_1_804' title='bbox 3545 5488 3624 5549; x_wconf 78' lang='lat' dir='ltr'><strong>sit</strong></span> 
     </span>
     <span class='ocr_line' id='line_1_68' title="bbox 163 5556 3624 5613; baseline 0 0"><span class='ocrx_word' id='word_1_805' title='bbox 163 5563 255 5613; x_wconf 77' lang='lat' dir='ltr'><strong>et</strong></span> <span class='ocrx_word' id='word_1_806' title='bbox 301 5559 655 5613; x_wconf 76' lang='lat' dir='ltr'><strong>perpetuum</strong></span> <span class='ocrx_word' id='word_1_807' title='bbox 682 5556 837 5613; x_wconf 79' lang='lat' dir='ltr'><strong>apud</strong></span> <span class='ocrx_word' id='word_1_808' title='bbox 867 5571 1076 5613; x_wconf 89' lang='lat' dir='ltr'><strong>omnes</strong></span> <span class='ocrx_word' id='word_1_809' title='bbox 1106 5560 1529 5613; x_wconf 77' lang='lat' dir='ltr'><strong>testimonium.</strong></span> <span class='ocrx_word' id='word_1_810' title='bbox 1609 5557 1718 5613; x_wconf 84' lang='lat' dir='ltr'><strong>ale.</strong></span> <span class='ocrx_word' id='word_1_811' title='bbox 3621 5589 3624 5595; x_wconf 93' lang='lat'><em>-</em></span> 
     </span>
    </p>
   </div>
   <div class='ocr_carea' id='block_1_66' title="bbox 163 5556 3628 5634">
    <p class='ocr_par' dir='ltr' id='par_1_66' title="bbox 163 5556 3628 5634">
     <span class='ocr_line' id='line_1_69' title="bbox 163 5556 3628 5634; baseline -0.007 -15"><span class='ocrx_word' id='word_1_812' title='bbox 163 5563 255 5624; x_wconf 79' lang='lat' dir='ltr'><strong>et</strong></span> <span class='ocrx_word' id='word_1_813' title='bbox 300 5559 655 5634; x_wconf 83' lang='lat' dir='ltr'><strong>perpetuum</strong></span> <span class='ocrx_word' id='word_1_814' title='bbox 682 5556 837 5632; x_wconf 85' lang='lat' dir='ltr'><strong>apud</strong></span> <span class='ocrx_word' id='word_1_815' title='bbox 867 5571 1076 5615; x_wconf 87' lang='lat' dir='ltr'><strong>omnes</strong></span> <span class='ocrx_word' id='word_1_816' title='bbox 1106 5557 1529 5618; x_wconf 83' lang='lat' dir='ltr'><strong>testimonium.</strong></span> <span class='ocrx_word' id='word_1_817' title='bbox 1549 5556 1718 5617; x_wconf 84' lang='lat' dir='ltr'><strong>Vale.</strong></span> <span class='ocrx_word' id='word_1_818' title='bbox 2149 5556 2175 5561; x_wconf 81' lang='lat'>&#39;</span> <span class='ocrx_word' id='word_1_819' title='bbox 2394 5556 2414 5560; x_wconf 80' lang='lat'>&#39;</span> <span class='ocrx_word' id='word_1_820' title='bbox 3090 5556 3097 5559; x_wconf 83' lang='lat'>&#39;</span> <span class='ocrx_word' id='word_1_821' title='bbox 3136 5556 3157 5563; x_wconf 79' lang='lat'>&#39;</span> <span class='ocrx_word' id='word_1_822' title='bbox 3311 5556 3332 5562; x_wconf 77' lang='grc'><strong><em>-</em></strong></span> <span class='ocrx_word' id='word_1_823' title='bbox 3377 5556 3406 5575; x_wconf 61' lang='grc' dir='ltr'><strong><em>τ</em></strong></span> <span class='ocrx_word' id='word_1_824' title='bbox 3621 5589 3628 5595; x_wconf 90' lang='grc'>.</span> 
     </span>
    </p>
   </div>
  </div>
