3926 6146
351 246 511 313 1023

1608 237 1699 303 ΙΝ
1741 235 2213 303 GUILLELMI
2255 230 2518 300 APULI

1711 410 1845 486 AD
1913 407 2437 487 LEGTOBEM

353 580 414 636 Si
443 596 561 636 non
582 580 699 633 tam
730 577 951 632 Aonias
982 576 1214 646 sapiant
1246 575 1376 630 haec
1406 576 1666 630 carmina
1696 590 1902 630 musas

424 671 610 734 Quam
637 684 771 738 quae
802 665 1126 720 Maeonides
1160 664 1568 736 Virgiliusque
1601 667 1790 733 sonet,

354 761 431 812 At
459 773 575 811 non
606 756 701 809 hic
735 755 856 809 orci
889 769 1102 824 nugas,
1139 768 1254 806 non
1285 752 1493 822 pocula
1525 751 1751 821 Circes,

426 845 701 916 Cyclopa,
730 844 1019 913 Harpyas,
1047 844 1312 895 monstra
1344 856 1451 894 nec
1481 840 1599 895 ulla
1628 840 1802 912 legis.

355 934 626 991 Graecula
654 933 955 987 veridicus
986 947 1104 985 non
1138 934 1304 984 curat
1334 930 1563 984 somnia
1584 929 1867 999 Phaabus,

426 1024 552 1078 Nec
581 1022 793 1078 faciem
824 1020 957 1075 fuco
986 1034 1153 1073 musa
1185 1018 1397 1088 pudica
1430 1018 1580 1071 linit.

358 1113 564 1167 Vatem
593 1111 797 1179 lector,
830 1109 1018 1162 habes
1049 1108 1248 1178 politia
1279 1107 1579 1161 Platonica
1610 1106 1864 1177 qualem,

425 1201 545 1254 Imo
576 1197 995 1253 Christicolum
1026 1196 1120 1249 lex
1153 1198 1247 1266 pia
1278 1211 1392 1250 non
1424 1195 1641 1266 abigat.

352 1289 462 1355 Qui
491 1290 766 1358 certaque
799 1286 933 1356 ﬁde,
968 1300 1077 1340 nec
1109 1300 1296 1339 musae
1329 1284 1674 1355 eXpertibus
1707 1283 1903 1338 omnis

2040 576 2100 637 A
2201 576 2515 643 Versibus,
2545 574 2735 629 aetatis
2766 575 2964 629 retulit
2992 577 3121 628 acta
3151 588 3297 641 suae,

2128 665 2251 720 Res
2282 665 2539 735 pr0priis
2571 665 2736 718 visas
2760 663 2970 731 oculis,
3005 665 3159 717 terra
3183 664 3356 733 inque
3384 663 3604 731 paterna

2198 752 2420 821 Armis,
2455 753 2721 807 consiliis
2754 756 2810 806 et
2840 740 3052 822 pietate
3082 767 3278 822 pares.

2127 840 2321 895 Fortia
2355 841 2713 895 Normannae
2746 856 3083 912 cognosces
3114 841 3349 909 pectora
3377 838 3561 910 gentis

2196 927 2338 992 Quae
2368 928 2531 983 Gallo
2564 928 2789 983 Italiam
2818 929 2978 983 venit
3010 928 3081 982 ab
3112 928 3364 996 Oceano,

2125 1017 2257 1071 Non
2290 1017 2541 1088 profuga
2560 1020 2657 1070 aut
2688 1021 2964 1087 superata
2988 1017 3166 1085 domi,
3201 1015 3306 1069 sed
3329 1015 3513 1069 laudis
3532 1014 3741 1067 amatrix

2198 1105 2458 1173 Bellicae,
2495 1109 2551 1159 et
2589 1106 2899 1160 innumero
2930 1106 3095 1160 sedis
3122 1120 3309 1176 egens
3340 1103 3567 1174 p0pulo.

2124 1192 2284 1264 Ergo
2312 1193 2454 1264 legi,
2485 1195 2537 1248 si
2567 1209 2684 1247 non
2715 1196 2994 1265 tanquam
3025 1194 3278 1263 optimus
3307 1192 3421 1246 iste
3450 1195 3625 1261 poeta,

2197 1280 2468 1351 Optimus
2502 1284 2562 1336 at
2592 1285 2752 1337 certe
2781 1282 2957 1336 debet
2986 1283 3050 1336 ut
3078 1280 3420 1335 historicus.

1024 1612 1690 1731 GODEFRIDI
1768 1611 2444 1729 GUILLELMI
2514 1614 3108 1731 LEIBNITII

1643 1884 2479 2030 ΡΗλἘΕᾺΤΙΟ

356 2146 425 2203 In
456 2163 560 2202 sua
592 2147 1035 2203 Introductione
1061 2145 1137 2202 ad
1160 2145 1576 2203 Collectionem
1607 2148 1962 2220 scriptorum
1986 2147 2279 2203 Historiae
2298 2147 2739 2203 Brunswcensi
2766 2147 3249 2216 inservientium,
3268 2160 3509 2200 numero
3527 2140 3758 2198 XXXIX.

424 2418 544 2472 Azo
574 2419 785 2488 potens
816 2417 1098 2487 marchio,
1132 2418 1362 2490 origine
1395 2418 1670 2474 Estensis
1706 2435 1780 2474 ex
1801 2420 2021 2475 Cuniza
2044 2402 2098 2463 Β
2128 2436 2194 2475 se
2226 2423 2398 2476 vocat
2428 2420 2716 2474 Joannem
2745 2419 3097 2473 Tiremaaum
3131 2418 3545 2484 Hautenmum,
3576 2415 3688 2469 ﬁsci
3721 2413 3765 2467 in

354 2510 619 2561 veterum
648 2504 989 2560 Guelforum
1020 2506 1275 2570 haerede,
1310 2510 1474 2576 pater
1498 2507 1685 2562 Guelfi
1716 2508 1885 2563 ducis
1910 2509 2024 2561 Ba-

354 2595 558 2663 variae,
616 2594 714 2664 qui
773 2593 1017 2663 stirpem
1072 2595 1132 2648 in
1189 2594 1501 2649 Germania
1558 2598 1929 2669 propagavit,
1968 2598 2029 2652 in

356 2681 902 2737 Brunsvicensibus
934 2682 1301 2751 principibus
1332 2683 1523 2737 adhuc
1547 2687 1926 2755 superstitem
1956 2702 2032 2739 ex

357 2772 539 2826 altera
571 2769 828 2840 conjuge
860 2770 1013 2824 filios
1047 2770 1251 2825 habuit
1285 2772 1594 2843 Hugonem
1627 2778 1683 2828 et
1714 2774 2031 2828 Fulcéonem

360 2859 535 2931 Hugo
564 2858 743 2912 ﬁliam
762 2858 928 2912 duxit
951 2859 1189 2913 Roberti
1205 2858 1539 2929 Guiscardi,
1558 2862 2032 2917 Normannorum

357 2948 666 3019 principis,
691 2948 790 3018 qui
821 2948 1110 3018 Apuliam,
1137 2946 1467 3004 Calabriam
1493 2954 1548 3006 et
1570 2952 1829 3007 Siciliam
1859 2955 2030 3007 tene-

356 3038 474 3106 bat,
509 3037 741 3107 magnis
790 3037 972 3091 rebus
1020 3038 1212 3109 gestis
1261 3039 1481 3108 clarus,
1516 3043 1686 3113 regni
1718 3042 2033 3112 utriusque

357 3124 577 3180 Siciliae
608 3125 902 3193 fundator,
928 3126 1104 3196 cujus
1130 3127 1362 3181 titulum
1395 3128 1549 3184 ﬁlius
1582 3130 1879 3201 Rogerius
1904 3145 2034 3201 ges-

360 3215 454 3269 sit.
490 3215 638 3268 Nam
668 3214 883 3270 Siciliae
909 3215 1055 3269 citra
1082 3215 1346 3274 Pharum
1371 3219 1505 3287 (seu
1535 3217 1891 3287 cismarinze)
1924 3234 2033 3272 no-

358 3303 515 3358 mine
544 3307 683 3358 tunc
715 3304 1004 3372 veniebat,
1037 3305 1195 3375 quod
1223 3321 1381 3360 nunc
1411 3322 1663 3378 regnum
1694 3307 2033 3377 Neapolita-

360 3408 501 3446 num
555 3392 846 3461 dicimus;
906 3392 1166 3446 Siciliam
1223 3409 1367 3447 vero
1425 3394 1681 3449 insulam
1711 3396 2034 3449 Trinacria

358 3495 609 3551 regnum
658 3479 1050 3549 appellabant.
1110 3481 1173 3533 ld
1217 3497 1395 3550 porro
1427 3484 1882 3553 matrimonium,
1916 3499 2035 3537 non

358 3569 556 3621 minus
571 3567 1081 3639 quamliberorum
1104 3570 1320 3624 Azonis
1352 3572 1409 3624 et
1438 3571 1762 3643 conjugum
1794 3572 2030 3640 seriem,

2126 2510 2431 2580 provincia
2463 2508 2932 2579 Rothomagensi
2960 2512 3291 2577 patronum.
3336 2507 3574 2560 Librum
3612 2507 3766 2557 autem

2130 2615 2196 2652 se
2226 2598 2530 2667 reperisse
2586 2597 2665 2651 ait
2692 2598 2754 2650 in
2781 2596 3066 2667 religiosa
3097 2594 3520 2650 Beccobelvini
3548 2589 3764 2647 caenobii

2132 2686 2339 2751 domo;
2399 2689 2457 2740 et
2510 2685 2783 2738 inscribit
2830 2684 3133 2738 Ludovico
3178 2683 3435 2738 Balliolo
3484 2680 3689 2736 Lonleii
3714 2693 3765 2730 ac

2133 2773 2335 2845 Sylleii
2362 2773 2817 2827 coenobiarchae.

2207 2862 2323 2917 Sed
2354 2878 2553 2931 Operae
2584 2862 2835 2931 pretium
2852 2863 2944 2915 est
2964 2864 3384 2931 argumentum
3400 2859 3590 2929 operis
3601 2855 3769 2927 paucis

2134 2951 2464 3019 complecti,
2505 2953 2567 3003 ut
2595 2966 2727 3020 quae
2768 2949 2921 3018 apud
2965 2952 3265 3002 auctorem
3300 2948 3596 3018 diSpersa,
3626 2949 3675 2998 et
3694 2944 3765 2996 di-

2135 3041 2329 3094 ctione
2360 3039 2677 3093 obscurata
2711 3040 2867 3107 sunt,
2902 3037 3135 3091 facilius
3165 3037 3591 3108 intelligantur.

2205 3128 2391 3182 Libro
2418 3128 2635 3198 primo.
2668 3126 2789 3180 Sub
2838 3126 3065 3179 initium
3097 3126 3173 3179 ait
3207 3142 3219 3178 :

2133 3216 2354 3270 Dicere
2384 3215 2507 3270 fert
2539 3216 2769 3269 animus
2799 3230 2906 3286 quo
2920 3230 3071 3285 gens
3095 3213 3506 3268 Nonnannica
3545 3210 3700 3265 ducta

2146 3305 2391 3360 Venerit
2416 3304 2669 3358 Italiam.

2207 3400 2455 3453 Hortatu
2486 3398 2749 3470 Rogerii,
2784 3398 3095 3468 ipsiusque
3122 3413 3290 3467 papae
3327 3396 3617 3452 Urbanill
3647 3392 3775 3447 labo-

2134 3505 2260 3543 rem
2290 3488 2495 3542 hunca
2524 3503 2590 3541 se
2614 3491 2961 3556 susceptum
2981 3486 3311 3556 profitetur.
3342 3487 3771 3551 Urbanus,anno

2139 3577 2295 3646 1088,
2321 3577 2531 3631 sedere
2564 3576 2760 3646 ccepit,
2795 3576 3053 3645 obiitquc
3099 3572 3265 3638 1099;
3304 3576 3466 3629 unde
3494 3578 3669 3644 poetae
3694 3585 3774 3625 no-

358 3654 611 3709 Atestini
640 3655 909 3709 historici
940 3655 1309 3726 ignorarunt.
1343 3656 1629 3722 Quoniam
1659 3663 1855 3714 autem
1885 3660 2031 3715 Gui—
2058 3663 2108 3724 C
2137 3666 2242 3719 slri
2277 3668 2509 3719 aetatem
2540 3664 2823 3718 aestimes.
2856 3664 3071 3717 Narrat
3094 3663 3479 3718 Nox-mannos
3501 3661 3767 3733 quosdam,

359 3742 596 3797 lielmus
644 3745 815 3812 poeta
873 3747 1403 3814 contemporaneus
1461 3748 1697 3817 nuptias
1756 3748 2032 3819 Hugonis

360 3830 869 3901 describit,'hunc,
904 3832 1123 3905 alioqui
1143 3835 1350 3904 paucis
1380 3836 1597 3906 visum,
1632 3837 1858 3891 nostris
1890 3837 2034 3891 scri-

358 3919 632 3991 ptoribus
659 3920 876 3974 addere
909 3921 1097 3992 libuit,
1120 3922 1299 3993 Gasp.
1326 3924 1625 3995 Barthius,
1651 3926 1742 3979 vir
1762 3926 2035 3980 maximae

358 4008 652 4080 lectionis,
687 4010 1111 4081 etscriptorum
1131 4012 1432 4067 latentium
1454 4018 1733 4085 ruspator
1748 4015 2033 4087 insignis,

360 4097 442 4168 (in
479 4099 636 4153 notis
666 4098 741 4153 ad
770 4098 920 4153 Guil.
954 4099 1275 4156 Britonem.
1327 4120 1383 4172 p.
1416 4102 1542 4172 774)
1574 4104 1653 4158 ita
1684 4104 1755 4159 de
1785 4104 1899 4158 hoc
1929 4119 2033 4157 au-

359 4189 522 4243 ctore
550 4187 811 4258 loquitur
836 4203 848 4241 :
870 4187 1090 4242 Exstat
1114 4206 1320 4260 poema
1342 4190 1646 4246 Guilielmi
1664 4191 1883 4263 Appuli
1899 4191 2035 4246 olim

359 4276 601 4345 editum,
634 4277 932 4332 laudatum
961 4279 1166 4333 multis
1187 4280 1507 4345 doctorum,
1531 4281 1641 4335 sed
1667 4282 1730 4334 in
1752 4281 2037 4352 cognitio-

360 4382 492 4421 nem
519 4382 703 4420 meam
734 4383 846 4422 non
876 4369 1055 4435 venit,
1083 4385 1194 4423 non
1213 4370 1343 4423 sine
1374 4368 1903 4424 fastidiosinistiw
1916 4367 2038 4423 for-

360 4460 534 4510 tunae.
569 4453 873 4525 Exemplo,
908 4456 1065 4526 quod
1096 4457 1169 4511 ab
1203 4458 1585 4512 ornatiSsimo
1630 4458 1889 4526 Fellero,
1926 4458 2034 4511 do-

2145 3770 2278 3808 cum
2309 3769 2385 3808 ex
2411 3756 2548 3807 voto
2580 3768 2631 3807 s.
2668 3752 2973 3806 Michaelis
3004 3752 3063 3805 in
3093 3752 3374 3823 Gargano
3406 3754 3597 3806 monte
3617 3747 3768 3803 aedem

2133 3841 2399 3914 ingressi
2419 3843 2641 3911 essent,
2658 3840 2777 3894 illic
2790 3840 3005 3894 Melum
3029 3840 3330 3910 insignem
3354 3841 3570 3907 virum,
3600 3837 3771 3891 aGrae'

2137 3930 2224 3985 cis
2249 3931 2398 3985 Baro
2413 3930 2649 4000 pulsum
2664 3928 2986 3999 reperisse.
3004 3929 3172 3983 Hunc
3188 3927 3625 3998 suasisseipsis
3644 3928 3697 3977 ut
3723 3922 3766 3974 in

2132 4019 2374 4073 Graecos
2406 4018 2684 4087 impetum
2722 4017 3003 4086 facerent,
3037 4032 3321 4087 armaque
3364 4016 3772 4087 suppeditasse.

2133 4107 2401 4161 Vincitur
2430 4106 2747 4160 Turnicius
2777 4105 3119 4160 Graecorum
3159 4106 3421 4174 Catapan
3446 4120 3461 4173 ;
3492 4103 3613 4170 sed,
3643 4113 3769 4154 anno

2132 4196 2441 4265 sequente,
2494 4208 2820 4247 successor
2850 4191 2984 4263 ejus
3033 4192 3289 4246 Basilius
3340 4192 3496 4263 apud
3530 4189 3767 4245 Auﬁdum

2134 4291 2349 4345 ﬂumen
2368 4288 2636 4343 vicissim
2655 4288 2871 4343 Melum
2900 4288 3102 4343 vincit.
3134 4289 3189 4343 Is
3210 4304 3351 4343 sese
3376 4289 3449 4341 ad
3482 4285 3766 4341 Henricum

2133 4380 2471 4450 Augustum
2502 4377 2748 4446 confert,
2782 4380 2838 4431 et
2868 4377 3085 4430 auxilia
3116 4378 3363 4445 obtinet,
3400 4377 3509 4431 sed
3540 4375 3666 4429 dum
3692 4386 3776 4440 pa-

2130 4471 2355 4535 rantur,
2405 4466 2544 4521 obit.
2605 4466 2953 4519 Nortmanni
3000 4466 3263 4519 destituti
3324 4467 3385 4519 in
3433 4460 3771 4532 Campaniam

359 4543 613 4599 ctissimi
638 4542 1040 4613 Lipsiensium
1060 4545 1426 4614 professoris
1450 4546 1761 4616 ﬁlio,nunc
1783 4546 2038 4600 serenis-
2134 4556 2405 4624 redeunt,
2438 4570 2594 4608 nunc
2626 4554 2738 4617 his,
2764 4570 2919 4608 nunc
2950 4554 3067 4608 illis
3100 4554 3634 4625 Longobardorum
3650 4549 3776 4619 prin-

358 4632 493 4688 simi
529 4632 700 4686 ducis
731 4632 1102 4687 Vinariensis
1145 4634 1466 4688 secretario
1503 4651 1732 4689 mecum
1777 4651 2037 4690 commu-
2134 4644 2369 4714 cipibus
2430 4659 2641 4697 manus
2695 4645 2751 4697 et
2807 4659 2968 4697 arma
3020 4644 3233 4697 locum,
3282 4642 3548 4696 Tandem
3576 4641 3629 4692 in
3666 4635 3782 4690 urbe

358 4722 618 4777 nicatum
650 4720 919 4789 fuit,haac
943 4721 1332 4792 inscripserat
1353 4723 1608 4795 insignis
1640 4724 1732 4777 vir
1754 4724 2035 4779 Nicolaus
2133 4734 2366 4787 Aversa
2399 4732 2730 4800 consident,
2767 4731 3141 4801 Ranulphum
3181 4732 3335 4785 inter
3389 4733 3556 4802 ipsos
3586 4728 3774 4783 clarum

359 4811 673 4866 Heinsius:
695 4810 809 4864 Hie
839 4810 1000 4865 liber
1023 4816 1113 4865 est
1137 4811 1488 4866 rarissimus
1518 4817 1577 4867 et
1607 4813 1757 4867 alias
1776 4829 1886 4867 non
1906 4813 2035 4867 edi-
2137 4821 2255 4873 sibi
2284 4821 2496 4874 ducem
2516 4820 2868 4890 praeﬁciunt,
2906 4820 3004 4890 qui
3036 4821 3359 4875 Jordanem
3391 4820 3609 4891 genuit,
3631 4820 3679 4869 et
3702 4813 3776 4865 hic

360 4906 473 4969 tus,
499 4915 723 4993 quome
749 4899 1323 4993 ἀοιῖανίιΕωθζίςξζε
1339 4901 1615 4993 Βίέζοιίιιε
1725 4901 2032 4993 ΟΙί-Ὀθΐῐθ
2054 4933 2108 4993 D
2139 4908 2519 4963 Richardum.
2574 4909 2661 4962 Ab
2713 4909 2970 4963 Ardoino
3030 4910 3282 4980 quodam
3329 4903 3705 4979 Longobardo
3732 4899 3777 4952 in

359 4988 2094 5061 oportetfugisseQuercetanidiligentiam,quiscriptores—
2136 4997 2381 5052 Graecos
2412 4999 2625 5051 iterum
2654 4997 2990 5066 incitantur,
3037 4999 3136 5068 qui
3169 5014 3201 5051 ξι
3234 4997 3537 5051 Dochiano
3574 4994 3780 5047 Graeco-

357 5076 892 5132 Normannicarum
925 5094 1121 5132 rerum
1149 5076 1314 5148 justo
1348 5078 1644 5133 volumine
1662 5079 1866 5144 edens,
1886 5079 2035 5150 folii,
2136 5102 2267 5140 rum
2298 5086 2446 5139 duce
2483 5084 2703 5155 injuria
2734 5085 2978 5139 affectus
3030 5085 3239 5139 fuerat,
3273 5086 3425 5139 Tum
3479 5084 3570 5137 bis
3599 5095 3695 5133 sex
3719 5075 3776 5127 de

363 5165 521 5234 quod
563 5168 789 5235 vocant,
824 5166 1030 5236 forma,
1095 5167 1252 5221 hunc
1285 5167 1517 5237 omisit;
1550 5169 1649 5238 qui
1680 5172 1892 5222 tamem
1917 5167 2041 5238 jam
2139 5174 2294 5228 omni
2326 5189 2571 5228 numero
2603 5189 2711 5227 suo
2733 5174 3056 5228 nobiliores
3088 5175 3333 5245 eligunt,
3370 5175 3427 5226 et
3456 5169 3777 5242 quingento-

362 5251 667 5320 prodierat
696 5254 808 5308 hoc
840 5257 1004 5310 titulo
1038 5256 1738 5327 :GuilieImiApuIiensis
1759 5257 2043 5311 rerumin
2141 5278 2273 5316 rum
2330 5262 2590 5332 equitum
2672 5263 3180 5334 septingentorum
3264 5261 3523 5330 peditum
3577 5264 3780 5310 numero

364 5336 541 5394 Italia
584 5356 650 5393 ac
681 5357 866 5411 regno
894 5345 1286 5416 Neapolitano
1324 5344 1863 5401 Normannicarum
1895 5345 2047 5400 libri
2142 5350 2438 5419 instructi,
2498 5350 2828 5420 Amalphim
2889 5351 3142 5419 capiunt.
3178 5350 3315 5403 lude
3349 5348 3549 5418 praada
3587 5338 3775 5399 onusti,

324 5438 329 5441 '
369 5428 1001 5504 quinque,Rothomagi
1012 5434 1163 5504 apud
1176 5435 1535 5490 Riclzardum
1548 5434 1718 5489 Petit
1730 5440 1788 5488 et
1802 5433 2048 5489 Ricbar—
2139 5436 2467 5507 primorum
2479 5451 2725 5491 suorum
2740 5435 2917 5506 jussa
2938 5439 3247 5506 spernunt,
3268 5431 3607 5502 Adenulpho
3625 5429 3778 5482 Bene-

366 5515 502 5578 dum
537 5516 868 5575 Lollemant
906 5536 1056 5576 anno
1101 5521 1258 5590 1582,
1294 5528 1522 5598 quarto,
1553 5539 1690 5598 pag.
1723 5522 1813 5579 52.
1845 5522 2050 5580 Editor
2141 5528 2396 5582 ventano
2426 5525 2679 5597 principi
2712 5524 3000 5597 militant;
3055 5524 3237 5580 filium
3283 5523 3509 5591 Basilii,
3537 5520 3627 5592 qui
3656 5515 3766 5572 olim
