3926 6146
211 311 345 375 1025

514 302 620 364 DE
657 298 931 362 REBUS
975 295 1269 358 GESTIS
1321 291 2008 357 NORMANNORUM
2052 290 2142 353 IN
2182 289 2513 368 SICILIA,
2560 289 2742 353 ETC.
2800 287 3249 353 PBJEFATIO

3439 285 3596 354 1026

213 507 397 562 Melum
424 501 733 573 pepulerat,
766 499 826 552 in
856 496 1063 568 praelio
1082 495 1337 566 capiunt;
1369 494 1604 562 Barum,
1638 492 1832 546 Mono-
1853 477 1897 537 Α
1935 492 2060 545 tres
2090 490 2266 558 ﬁlios,
2300 490 2557 560 quinque
2578 489 2807 559 puellas
2831 489 3051 560 genuit.
3074 488 3212 542 Inde
3242 488 3444 542 fratris
3467 488 3596 543 Un-

212 596 377 665 polim,
392 592 761 655 Juvenacum,
778 588 959 641 urbes
972 602 1004 639 a
1017 585 1244 639 Graecis
1259 584 1692 650 desciscentes,
1711 581 1830 635 sibi

213 683 401 737 fmdere
413 678 731 749 adjungunt
743 677 890 729 Tum
913 675 984 728 ab
999 672 1345 743 Adenulpho
1360 670 1830 726 adGuaimarium

208 770 403 824 Salerni
445 767 764 837 principem
807 766 1117 817 transeunt
1147 762 1245 833 qui
1295 762 1354 814 in
1401 760 1629 813 Aversa
1661 760 1828 812 crant

206 856 522 922 Normanni;
581 854 791 924 reliqui
831 854 1166 923 Argyroum
1226 849 1360 903 Meli
1400 849 1585 902 ﬁlium
1616 848 1824 901 ducem

208 947 396 1013 creant,
429 944 523 1014 qui
551 958 685 996 cum
708 942 973 995 Maniaco
1005 937 1511 993 Graecorumduce
1545 936 1823 991 certabat.

209 1036 402 1089 Interea
446 1032 862 1087 Constantinus
913 1027 1339 1082 monomachus
1393 1026 1466 1079 ad
1520 1025 1830 1094 imperium

207 1122 512 1175 Graecorum
542 1118 825 1190 pervenit.
861 1117 917 1172 Is
950 1120 1287 1188 Argyroum
1311 1130 1445 1168 cum
1476 1114 1605 1168 suis
1637 1113 1695 1167 in
1724 1112 1830 1165 ad-

200 1215 496 1265 versantem
520 1207 847 1261 Maniacum
878 1205 1162 1259 stimulat.
1210 1203 1448 1257 Auxilio
1501 1217 1722 1257 venere
1774 1203 1830 1255 et

206 1297 477 1362 Aversani,
510 1300 565 1351 et
595 1297 747 1350 inter
776 1296 888 1349 hos
910 1294 1204 1363 Ranulphi
1228 1293 1286 1346 in
1308 1291 1569 1363 regenda
1600 1293 1831 1344 Aversa

204 1401 491 1441 successor
504 1384 874 1454 Rudolphus,
900 1381 1469 1454 ﬁliusqueTancredi
1483 1379 1829 1434 Guilielmus

205 1474 654 1541 Ferrobrachius,
691 1473 785 1527 cui
816 1473 1001 1526 frater
1050 1472 1160 1525 fuit
1200 1470 1591 1539 Guiscardus,
1623 1470 1829 1538 postea

204 1563 322 1617 dux.
353 1563 411 1616 In
441 1578 507 1617 eo
538 1562 700 1617 Bello
732 1561 943 1616 cecidit
973 1561 1297 1614 Maniacus.

260 1669 427 1724 Libro
451 1668 742 1724 Secundo.
792 1668 1100 1738 Argyrous
1137 1666 1354 1719 Barum
1395 1667 1625 1732 tenens,
1659 1662 1833 1717 etiam

205 1757 537 1827 Hydruntum
556 1759 836 1827 occupat;
860 1755 996 1810 inde
1018 1756 1398 1810 Normannos
1419 1753 1647 1820 dimitit,
1683 1755 1739 1805 c‘t
1769 1751 1831 1806 in

1938 579 2090 633 fredi
2120 580 2302 634 ﬁlium
2334 578 2714 633 Abaelardum
2744 583 2800 633 et
2828 578 2975 632 alios
3006 578 3262 632 rebelles
3293 577 3493 630 vincit.

2010 669 2195 727 Libro
2226 670 2425 737 tertio,
2462 671 2732 721 narratur
2762 667 3054 738 quomodo
3096 667 3329 732 Barum,
3370 665 3597 720 Graecis

1946 776 2137 829 navali
2167 777 2372 845 praelio
2402 776 2597 844 victis,
2628 775 2800 830 tertio
2835 774 3070 828 demum
3100 788 3252 827 anno
3283 771 3601 826 extorserit

1951 866 2268 920 Robertus.
2303 864 2527 918 Bellum
2552 863 2762 918 deinde
2789 879 2898 933 per
2930 862 3253 933 Rogerium
3284 861 3520 915 fratrem
3542 860 3600 913 in

1941 954 2302 1008 Sarracenos
2351 952 2567 1007 Siciliae
2623 956 2819 1023 parat;
2870 967 3008 1006 mox
3059 952 3189 1020 ipse
3238 948 3601 1004 Panormum

1943 1043 2183 1098 obtinet.
2238 1043 2377 1096 Inde
2424 1042 2586 1095 Petri
2634 1041 2865 1095 comitis
2911 1040 3094 1093 ﬁlium
3125 1040 3364 1093 Petrum
3408 1037 3600 1091 Trano

1941 1132 2120 1201 exuit,
2146 1131 2439 1186 Gisulfum
2472 1130 2749 1202 conjugis
2783 1130 3024 1183 fratrem
3053 1128 3233 1198 capit;
3254 1127 3332 1179 ita
3356 1125 3615 1180 Salerno'

1944 1223 1999 1274 et
2042 1220 2310 1291 Amalphl
2359 1221 2594 1290 potitur.
2646 1219 2786 1273 Haec
2835 1218 2978 1272 urbs
3026 1223 3165 1271 tunc
3205 1218 3601 1271 mercatorum

1946 1324 2244 1364 concursu
2276 1310 2553 1378 florebat;
2587 1311 2643 1363 et
2670 1307 2898 1362 crebris
2933 1304 3412 1378 navigationibus
3442 1305 3600 1359 exte-

1940 1414 2142 1453 rorum
2171 1398 2458 1453 adibatur.

1940 1505 2054 1560 Hic
2081 1505 2341 1575 Arabes,
2373 1505 2526 1574 Indi,
2561 1504 2768 1570 Siculi,
2805 1508 3127 1558 noscuntur
3158 1504 3217 1556 et
3246 1498 3409 1555 Afri.

1942 1596 2053 1649 Hic
2078 1594 2362 1666 pyxidem
2376 1594 2668 1647 nauticam
2682 1594 2972 1663 repertam
2985 1590 3166 1659 aiunt,
3186 1589 3256 1643 de
3275 1603 3389 1659 quo
3409 1589 3603 1641 tamen

1942 1684 2085 1738 nihil
2110 1687 2332 1737 noster.
2367 1682 2507 1736 Inde
2538 1683 2719 1736 rebus
2749 1680 3031 1735 ordinatis
3062 1677 3300 1748 Trojam
3322 1675 3492 1730 redit.

1941 1774 2204 1845 Dumque
2227 1778 2581 1841 moraretur,
2624 1770 2890 1841 Trojanae
2921 1767 3210 1823 ina-nibus
3243 1764 3431 1833 urbis,

203 1846 332 1899 Baro
383 1847 522 1900 urbe
562 1862 595 1899 a
644 1845 979 1900 Guaimario
1034 1844 1360 1911 obsidetur,
1413 1857 1480 1895 ac
1533 1844 1829 1911 postremo

1973 1844 2183 1917 Vobilis
2214 1862 2459 1916 advenit
2492 1859 2859 1914 Lambardus
2887 1856 3150 1911 marchio
3172 1854 3425 1926 quidam,

199 1933 733 2005 Constantinopolim
770 1934 941 1999 redit,
988 1931 1314 1987 Normanni
1356 1930 1690 1985 Guaimario
1730 1929 1833 1983 Sa-

203 2023 460 2077 leruitano
494 2025 708 2078 iterum
744 2038 983 2093 Operam
1010 2022 1308 2086 locarant;
1345 2020 1478 2074 inde
1510 2034 1649 2088 pars
1686 2017 1833 2071 Nor-

200 2127 519 2167 mannorum
563 2113 768 2166 comiti
796 2113 991 2180 Petro,
1040 2126 1180 2179 pars
1214 2108 1480 2180 Drogoni
1510 2107 1833 2172 adhaerent,

200 2198 303 2253 tilio
331 2199 592 2271 ejusdem
627 2199 934 2254 Tancredi.
971 2200 1188 2253 Petrus
1212 2197 1306 2251 his
1330 2195 1834 2266 consanguineus,

203 2287 452 2342 Condidit
480 2290 576 2344 hic
602 2289 898 2357 Andrum,
933 2287 1260 2342 fabricavit
1292 2291 1349 2339 et
1373 2285 1512 2338 inde
1539 2284 1835 2351 Coretum,

199 2375 445 2431 Buxilias
473 2377 754 2431 Barolum
785 2377 973 2430 maris
1000 2373 1229 2429 aedifica
1242 2374 1324 2427 vit
1355 2376 1415 2427 in
1448 2372 1593 2426 oris.

200 2464 437 2520 Munisse
476 2469 642 2536 puto,
705 2466 817 2519 hoc
877 2468 1084 2519 noster
1133 2462 1426 2517 aedificare
1468 2459 1738 2531 appellat.
1772 2487 1841 2496 -—

200 2552 431 2606 Tandem
460 2554 676 2607 Petrus
708 2553 781 2607 ab
823 2552 1088 2606 Unfredo
1133 2554 1189 2605 et
1231 2551 1506 2620 llrogonc
1544 2549 1600 2601 in
1633 2545 1841 2617 praelio

201 2642 421 2711 capitur,
454 2640 968 2711 Constantinopoli
1007 2656 1141 2693 cum
1186 2638 1435 2708 pecunia
1466 2637 1616 2691 redit
1644 2636 1842 2706 Argy-

198 2744 342 2797 rous,
396 2730 675 2785 sollicitat
726 2730 1100 2784 Normannos
1150 2731 1212 2782 ut
1255 2728 1482 2782 Graecis
1511 2726 1572 2779 in
1616 2726 1841 2778 Turcas

199 2818 441 2887 militent,
471 2836 627 2890 quos
658 2823 881 2888 auctor,
912 2834 1077 2872 more
1120 2816 1461 2871 Graacorum
1512 2818 1840 2883 auctorum,

199 2905 399 2961 Persas
430 2912 623 2963 vocat.
665 2908 780 2963 Sed
817 2923 950 2961 cum
1003 2907 1215 2976 Apulia
1265 2905 1551 2958 excedere
1598 2902 1838 2957 nollent.

197 2996 503 3064 Opprimere
537 3013 647 3052 eos
666 3000 868 3065 tentat,
903 2997 1095 3051 excito
1138 2996 1308 3048 etiam
1331 2994 1529 3048 Leone
1560 2993 1641 3045 IX
1670 3006 1838 3061 papa.

196 3081 377 3155 Drogo
405 3088 543 3141 tunc
592 3086 819 3140 obierat
858 3088 914 3139 et
943 3083 1315 3139 Guaimarius
1346 3098 1360 3151 ;
1391 3080 1714 3135 Normanni
1744 3095 1842 3133 re-

195 3180 339 3228 ctore
362 3175 663 3230 carebant.
691 3174 953 3246 Dragoni
973 3176 1168 3227 tamen
1191 3171 1359 3226 fratri
1390 3172 1698 3240 superstes
1720 3170 1845 3222 erat

195 3261 498 3333 Unfredus,
533 3267 594 3319 et
624 3263 914 3317 Aversam
945 3263 1006 3316 in
1037 3261 1269 3316 comitis
1327 3259 1566 3314 modum
1597 3256 1843 3329 regebat

195 3350 509 3407 Richardus
562 3352 976 3415 Normannus;
1025 3350 1132 3405 sed
1180 3365 1301 3419 prae
1348 3348 1581 3402 caeteris
1628 3347 1843 3401 virtute

193 3439 467 3495 eminebat
490 3441 792 3496 Robertus
808 3439 1194 3507 Guiscardus,
1209 3436 1523 3505 Guilielmi,
1548 3435 1841 3507 Drogonis

193 3529 243 3581 et
292 3529 535 3584 Unfredi
597 3528 800 3584 frater.
834 3528 1053 3582 Praelio
1100 3543 1233 3581 cum
1266 3527 1463 3580 Leone
1505 3539 1652 3593 papa
1686 3539 1844 3578 com-

192 3614 384 3685 misso,
404 3615 792 3688 Langobardi
826 3614 1156 3669 Germanos
1180 3613 1494 3679 deserunt;
1518 3610 1697 3664 Suevi
1717 3624 1844 3663 ma-

194 3718 300 3773 gna
326 3704 543 3759 virtute
575 3705 881 3769 resistunt,
938 3704 1043 3757 sed
1076 3702 1322 3757 tandem
1336 3700 1672 3767 caeduntur;
1697 3713 1845 3767 papa

195 3791 517 3848 Benevento
548 3810 582 3846 a
614 3793 845 3847 civibus
891 3792 1176 3846 exclusus
1228 3788 1473 3859 capitur.
1523 3786 1847 3841 Normanni

186 3882 292 3934 tota
321 3882 532 3953 Apulia
562 3882 880 3950 potiuntur,
918 3878 1226 3934 Unfredus
1260 3876 1520 3931 Roberto
1552 3875 1719 3928 fratri
1737 3873 1843 3927 Ca-

192 3969 419 4024 labriam
453 3970 746 4038 concedit,
767 3969 875 4023 sed
898 3984 1033 4022 mox
1049 3967 1364 4022 defunctus
1392 3964 1579 4019 eidem
1602 3965 1657 4017 et
1679 3964 1844 4032 Apu-

190 4057 275 4112 liae
293 4059 626 4114 obtinendae
648 4058 1024 4113 occasionem
1045 4055 1290 4126 praebet.
1308 4054 1590 4107 Nicolaus
1604 4051 1655 4104 II
1671 4067 1841 4121 papa,

192 4149 405 4216 synodo
420 4148 596 4219 Apud
608 4146 1055 4217 Amalphitanos
1070 4142 1621 4211 habita,Robertum
1637 4140 1845 4194 ducem

193 4239 361 4303 creat,
413 4241 470 4290 et
501 4236 729 4290 oblatas
764 4237 1043 4289 Romana
1082 4232 1392 4300 Ecclesiae,
1426 4244 1574 4300 quas
1608 4228 1703 4282 ille
1742 4244 1879 4282 oc--

192 4328 422 4392 cuparat
452 4327 671 4395 terras,
718 4323 876 4377 feudi
902 4322 1040 4394 jure
1080 4321 1290 4376 reddit.
1331 4321 1530 4389 Itaque
1570 4320 1743 4387 poeta
1773 4316 1845 4371 de

193 4411 444 4467 Hoberto
481 4431 493 4467 ε

1944 1950 2266 2006 Nobilibus
2286 1950 2505 2021 patriae
2526 1947 2730 2001 multis
2760 1945 3177 2001 comitantibus
3209 1942 3392 1996 illum.

1942 2040 2077 2093 Axo
2111 2045 2343 2093 vocatus
2376 2043 2526 2106 erat,
2559 2052 2755 2090 secum
2786 2034 3035 2090 deduxit
3062 2032 3366 2103 Hugonem

1944 2127 2245 2182 Illustrem
2277 2132 2492 2194 natum,
2527 2126 2695 2181 ducis
2723 2124 2858 2178 huic
2891 2127 2949 2176 ut
2978 2121 3101 2175 ﬁlia
3133 2120 3329 2186 detur,

1944 2217 2069 2270 Hac
2110 2231 2173 2270 re
2206 2215 2402 2268 fusius
2439 2214 2706 2284 exposita
2754 2215 3028 2265 narratur
3056 2207 3267 2263 deinde
3312 2204 3606 2276 quomodo

1945 2305 2064 2359 dux
2094 2306 2380 2375 cognatos
2412 2302 2679 2373 aliosque
2712 2300 2960 2354 aemulos
2990 2298 3046 2350 in
3073 2296 3339 2351 ordinem
3360 2293 3607 2364 redege-

1944 2394 2039 2457 rit,
2073 2397 2235 2463 parte
2269 2391 2552 2446 ditionum
2573 2391 2862 2458 adempta,
2887 2390 3050 2456 parte
3083 2384 3328 2438 reddita.

2018 2500 2204 2554 Libre
2236 2503 2462 2570 quarto,
2496 2497 2754 2552 refertur
2784 2494 3149 2562 Michaelem,
3173 2490 3272 2562 qui
3290 2486 3605 2557 Parapina-

1948 2605 2091 2645 ceus
2140 2587 2462 2657 dicebatur,
2497 2585 2866 2640 Constantini
2909 2584 3089 2639 Ducae
3118 2581 3323 2649 ﬁlium,
3357 2575 3606 2647 imperio

1946 2680 2262 2751 dejectum.

1952 2830 1964 2841 .
2011 2829 2022 2841 .
2075 2830 2080 2838 .
2127 2828 2139 2841 .
2181 2784 2352 2841 Socio
2373 2784 2495 2840 sibi
2524 2783 2718 2837 fratre
2747 2780 3004 2852 repulso,

1946 2874 2274 2930 Monachus
2312 2873 2612 2941 efficitur;
2646 2870 2889 2925 Roberti
2916 2868 3034 2922 ﬁlia
3062 2870 3275 2921 maeret

1947 2964 2175 3035 Deponi
2203 2963 2443 3029 socium,
2475 2961 2663 3015 miser
2695 2958 2929 3013 exsulat
2959 2955 3065 3010 ille
3095 2958 3349 3009 coactus.

1948 3054 2171 3122 Nempe
2195 3050 2444 3104 Michael
2475 3050 2790 3118 imperator
2810 3046 2930 3100 ﬁlio
2956 3042 3339 3099 Constantino
3361 3039 3611 3109 despon-

1948 3142 2112 3195 derat
2132 3141 2308 3194 ﬁliam
2341 3138 2583 3193 Roberti
2609 3136 2912 3204 Helenam,
2932 3136 2996 3187 ut
3012 3131 3146 3203 ejus
3169 3129 3381 3184 auxilia
3394 3126 3607 3182 Turcis

1874 3205 1923 3266 Ο
1947 3232 2285 3298 resisteret;
2316 3232 2379 3282 ut
2422 3227 2597 3281 habet
2636 3224 3041 3294 Curopalates,
3070 3221 3252 3275 Poeta
3281 3219 3473 3271 autem
3505 3229 3610 3269 no-

1950 3323 2073 3374 ster
2117 3334 2257 3372 mox
2301 3317 2372 3372 de
2417 3315 2551 3370 aliis
2580 3330 2731 3387 quos
2764 3313 3062 3368 Robertus
3092 3322 3353 3382 generos
3383 3303 3606 3363 habuit.

1948 3409 2103 3463 Inter
2132 3422 2304 3478 quos.

1951 3496 2242 3552 Partibus
2287 3493 2599 3566 Hesperiae
2628 3491 2889 3564 (Iberiae)
2922 3504 3089 3562 quem
3132 3484 3449 3646 Barcilo[na
3481 3488 3610 3627 tie-

3391 3588 3484 3628 me
3530 3578 3609 3638 at,

3391 3578 3609 3638 mebat,

1962 3683 2220 3739 Venerat
2238 3679 2500 3751 insignis
2515 3673 2871 3733 comeshanc
2888 3665 3275 3742 Raymundus
3295 3663 3370 3719 ad
3385 3661 3608 3731 urbem,

1958 3772 2033 3827 Ut
2065 3777 2314 3843 nuptura
2348 3769 2517 3824 ducis
2547 3766 2723 3820 detur
2765 3760 2887 3815 sibi
2925 3757 3046 3813 lilia
3071 3769 3343 3829 poscens.

1950 3860 2101 3914 Huic
2129 3841 2318 3929 maior
2349 3862 2488 3910 natu
2520 3858 2755 3923 nuptum
2786 3850 2993 3911 datur;
3028 3844 3218 3900 altera
3249 3841 3449 3913 nupsit

1950 3949 2218 4020 Egregie
2248 3944 2467 4011 comiti,
2500 3942 2869 3996 Francorum
2900 3938 3208 3990 stemmate
3234 3930 3414 3986 claro.

1958 4017 2182 4092 Ebalus
2209 4034 2307 4089 hic
2339 4033 2553 4098 dictus,
2596 4025 2980 4082 succumbere
3012 4021 3251 4076 nescius
3271 4017 3450 4074 hosti.

1957 4216 2130 4288 cujus
2170 4214 2325 4267 tanta
2358 4212 2496 4262 tunc
2534 4205 2687 4258 fama
2710 4205 2852 4267 erat,
2877 4202 2984 4253 uta
3003 4194 3276 4267 pontiﬁce
3298 4195 3419 4248 dux
3440 4207 3617 4288 expe-

1955 4279 2193 4360 ditionis
2225 4301 2284 4354 in
2314 4298 2676 4352 Sarracenos
2716 4286 3019 4359 Hispaniae
3058 4284 3379 4338 crearetur.
3412 4279 3616 4334 Tantis

1957 4408 2103 4465 ergo
2126 4386 2508 4444 afﬁnitatibus
2530 4382 2699 4453 Hugo
2713 4377 2997 4433 Estensis
3014 4371 3230 4438 Azonis
3243 4366 3617 4465 ﬁlius,Guelﬁ

262 4501 430 4557 Unde
460 4500 586 4555 sibi
619 4500 874 4556 Calaber
914 4515 1231 4555 concessus
1268 4506 1326 4554 et
1363 4499 1626 4571 Appulus
1660 4499 1850 4555 omnis
1888 4560 1930 4571 ἢ
1959 4480 2447 4571 ἷνεῑθνν-ίξξξιθκυε
2642 4468 2820 4571 Ρθξῖο
2842 4468 2977 4537 Ροεί
3007 4463 3461 4571 Βοδξνῑυξλξῖω

255 4590 367 4644 Est
387 4590 573 4659 locus,
610 4596 667 4644 et
697 4590 867 4644 Latio
892 4589 1106 4659 patriae
1129 4588 1450 4645 dominatio
1468 4590 1688 4660 gentis.

191 4675 299 4731 Sed
345 4678 620 4748 Apuliam
656 4680 713 4731 et
746 4677 1077 4732 Calabriam
1106 4678 1239 4730 inde
1271 4677 1344 4731 ab
1390 4678 1701 4733 Ottonibus
1733 4679 1849 4733 sibi

190 4765 575 4835 imperatores
604 4765 941 4821 Occidentis
971 4766 1371 4835 vindicabant,
1404 4770 1462 4821 et
1478 4768 1635 4838 quod
1656 4768 1785 4823 Otto
1801 4768 1850 4821 II

192 4859 469 4924 coeperat,
520 4858 874 4925 prosecutus
930 4857 1052 4909 erat
1093 4855 1393 4930 Henricus
1439 4856 1503 4923 Il,
1546 4857 1852 4927 captisque

188 4943 547 5013 Benevento,
580 4943 779 5016 Troja,
812 4944 1076 5013 Neapoli,
1103 4943 1319 5014 Capua,
1339 4943 1607 5014 Salerno,
1642 4947 1699 4998 et
1717 4944 1851 4999 aliis

190 5030 355 5100 locis,
390 5032 565 5087 etiam
616 5032 996 5101 Normannis,
1032 5033 1188 5103 quod
1218 5032 1447 5086 fortiter
1474 5032 1847 5103 militassent,

189 5136 368 5191 agros
388 5121 651 5175 dederat.
677 5122 875 5191 Itaque
896 5120 1192 5174 Henricus
1217 5120 1289 5173 IV
1320 5124 1375 5175 et
1404 5121 1504 5175 alii
1531 5121 1849 5191 imperato-

192 5224 307 5278 res,
343 5211 440 5263 vel
474 5225 505 5263 a
532 5225 702 5280 papa,
752 5209 845 5263 vel
878 5226 908 5262 a
936 5209 1313 5277 Normannis,
1356 5210 1601 5279 imperio
1632 5211 1852 5281 aliquid

189 5295 418 5351 detrahi
452 5314 630 5366 posse
653 5300 965 5370 negabant,
984 5315 1116 5369 quae
1135 5298 1327 5352 omnia
1354 5302 1556 5354 noster
1572 5299 1851 5354 dissimu-

188 5385 350 5441 lavit.
368 5387 667 5441 Robertus
690 5388 919 5440 interim
938 5387 1133 5456 priore
1157 5387 1412 5457 conjuge
1437 5388 1851 5457 consanguini-

191 5474 324 5527 tatis
356 5474 525 5528 titulo
570 5476 871 5544 repudiata
920 5476 1015 5544 (ex
1054 5491 1170 5545 qua
1206 5476 1606 5529 Boamundum
1641 5491 1853 5531 susce-

188 5564 376 5631 perat)
400 5562 816 5635 Sichelgalam,
848 5564 1168 5619 Guaimarii
1198 5564 1548 5619 Solernitani
1568 5564 1854 5634 principis

189 5650 392 5720 ﬁliam,
425 5650 633 5707 Gisulﬁ
665 5654 1049 5709 successoris
1081 5668 1374 5724 sororem,
1415 5654 1595 5725 ducit,
1631 5669 1707 5709 ex
1736 5668 1851 5725 qua

1883 4560 1937 4623 Ι)
1963 4544 2279 4644 εοῐιίοῪΙΙ
2326 4562 2673 4618 conciliatus
2718 4559 2965 4613 Romam
3019 4552 3200 4621 venit,
3258 4549 3432 4644 ﬁdem
3478 4544 3618 4599 huic

1958 4637 2348 4731 jurejurando
2406 4652 2617 4706 sancit.
2675 4645 3038 4702 Credebatur
3082 4642 3140 4696 id
3177 4637 3429 4694 secretis
3486 4648 3619 4731 cum

1960 4721 2229 4803 consiliis
2261 4743 2523 4815 agitasse
2548 4754 2680 4794 cum
2710 4751 2880 4807 papa,
2912 4738 2975 4788 ut
2999 4731 3329 4798 ademptam
3359 4721 3617 4778 Henrico

1963 4835 2211 4893 Romani
2255 4811 2484 4902 imperii
2529 4842 2805 4883 coronam
2844 4820 3154 4891 acciperet.
3207 4813 3446 4870 Interim
3495 4811 3619 4865 Ro-

1963 4927 2168 4980 bertus
2185 4901 2531 4977 transfretat
2548 4918 2606 4971 in
2626 4914 2932 4980 Graeciam,
2958 4912 3019 4964 ut
3041 4904 3247 4980 generi
3260 4901 3621 4972 ﬁlimquein-

1958 5013 2179 5085 juriam
2206 5010 2482 5064 vindicet.
2517 5006 2634 5061 Sed
2680 5001 2972 5057 intellecto
3011 4993 3283 5085 Gregorii
3332 4987 3616 5061 periculo,

1967 5084 2139 5174 quem
2171 5099 2488 5166 Henricus,
2524 5099 2578 5150 et
2606 5092 2922 5147 Guibertus
2953 5084 3261 5157 oppositus
3282 5096 3430 5174 papa
3451 5090 3623 5148 urge-

1964 5169 2126 5259 bant,
2174 5190 2232 5242 in
2263 5188 2484 5242 Italiam
2516 5183 2695 5239 redit:
2745 5175 3162 5233 ﬂorentissimo
3202 5169 3464 5226 exercitu
3513 5180 3623 5219 sex

1966 5254 2246 5351 equitum,
2279 5276 2516 5348 triginta
2546 5271 2803 5342 peditum
2832 5265 3092 5321 millibus
3126 5263 3372 5317 Romam
3401 5254 3618 5317 ductis,

1964 5350 2318 5440 Gregorium
2339 5367 2398 5419 in
2418 5360 2657 5417 Adriani
2671 5360 2823 5413 mole
2842 5357 3163 5411 obsessum
3183 5351 3412 5417 liberat,
3447 5350 3622 5440 atque

1963 5459 2041 5511 ita
2073 5436 2277 5527 eodem
2304 5470 2455 5508 anno
2486 5446 2998 5517 Orientisﬁpariter
3026 5440 3483 5509 Occidentisque
3514 5436 3621 5489 im-

1961 5548 2290 5616 peratorem
2319 5541 2521 5596 vincit.

2034 5634 2219 5690 Libro
2240 5632 2443 5704 quinto
2459 5629 2583 5703 (qui
2603 5626 2866 5699 ultimus)
2901 5629 3200 5699 postrema
3233 5617 3475 5676 Roberti
3502 5629 3622 5674 non
