3926 6146
374 239 531 302 1027

1694 241 2157 309 GUILI.ELMI
2201 236 2456 307 APULI

3578 256 3700 321 1028

344 439 595 495 redituri
638 439 930 508 expeditio
976 439 1033 493 in
1065 439 1353 494 Graeciam
1386 439 1765 494 describitur.
1818 441 2018 495 Comi-
2052 424 2102 477 Α
2131 441 2340 512 gorius
2375 440 2606 497 Salerni
2637 444 2700 498 in
2731 444 2945 500 exsilio
2976 445 3241 501 moritur.
3264 447 3516 504 Reducas
3540 454 3724 508 naufra-

346 530 502 583 tatus
538 529 798 600 Rogerio
830 528 968 589 ﬁlio,
1004 532 1237 581 centum
1261 529 1533 595 navibus,
1571 545 1732 582 mare
1766 530 2018 583 Hadria-

349 618 531 672 ticum
565 616 816 688 trajicit;
849 616 908 669 in
940 616 1312 686 expeditione
1345 617 1485 671 obit.
1524 617 1759 671 Interim
1783 622 1839 672 et
1876 618 2019 674 Gre-

2131 532 2294 601 gium
2326 531 2663 600 patiuntur;
2700 534 3000 589 Hobertus
3032 534 3329 590 Venusina
3364 537 3420 591 in
3455 539 3583 595 urbe
3608 546 3724 612 apud

2078 664 2081 665 ν
2128 620 2352 675 fratres
2384 621 2726 676 tumulatur.

1240 1242 2264 1402 GUILLELMI
2356 1247 2909 1404 APULI

1501 1542 2221 1616 HISTORICUM
2265 1545 2655 1617 POEMA

860 1745 1081 1855 DE
1234 1744 1781 1858 BEBUS
1929 1743 3296 1860 NORMANNORUM

1190 1998 1271 2056 IN
1316 1996 1638 2073 SICILIA,
1689 1996 2002 2058 APULIA

2059 1997 2162 2059 ET
2205 1996 2628 2059 CALABRIA
2670 1999 2968 2061 GESTIS.

693 2173 906 2257 Usque
949 2175 1037 2236 ad
1083 2180 1348 2237 mortem
1394 2177 1666 2237 Roberti
1718 2177 2079 2239 Guiscardi
2121 2179 2333 2256 ducis,
2382 2183 2702 2263 scriptum
2745 2183 2835 2243 ad
2859 2182 3084 2262 ﬁlium
3127 2182 3483 2265 Rogerium

1512 2541 1978 2671 LIBER
2054 2541 2651 2673 PRIMUS

361 2815 539 2872 Gesta
569 2819 783 2875 ducum
814 2820 1078 2872 veterum
1099 2821 1331 2872 veteres
1364 2820 1635 2874 cecinere
1658 2822 1881 2889 poetae;

363 2906 700 2977 Aggrediar
728 2910 896 2962 vates
924 2923 1115 2961 novus
1145 2908 1320 2962 edere
1351 2912 1520 2980 gesta
1552 2924 1840 2963 novorum
1874 2924 1886 2965 :

362 2993 571 3050 Dicere
598 2996 709 3051 fert
734 2996 966 3050 animus
997 3011 1113 3067 quo
1145 3011 1297 3067 gens
1330 2996 1728 3052 Normannica
1761 2998 1937 3052 ductu

361 3083 605 3138 Venerit
635 3085 877 3153 Italiam,
911 3084 1090 3139 fuerit
1118 3102 1251 3156 quae
1283 3102 1463 3139 causa
1493 3087 1780 3157 morandi,

360 3171 598 3237 Quosve
625 3178 831 3227 secuta
857 3174 1040 3229 duces
1072 3174 1218 3228 Latii
1250 3175 1327 3227 sit
1350 3174 1557 3244 adepta
1586 3174 1969 3244 triumphum.

360 3261 546 3315 Parce
576 3265 675 3316 tuo
700 3262 815 3316 vati
845 3278 951 3330 pro
986 3263 1212 3317 viribus
1241 3263 1353 3315 alta
1387 3262 1639 3325 canenti,

362 3347 558 3416 Clara,
592 3350 849 3421 Rogere,
883 3351 1054 3405 ducis
1088 3351 1372 3405 Rodberti
1402 3350 1696 3421 dignaque
1726 3351 1948 3421 proles,

364 3437 613 3506 Imperio
645 3438 821 3508 cujus
844 3454 1050 3508 parere
1081 3442 1283 3508 parata
1312 3439 1582 3493 voluntas

363 3524 454 3578 Me
489 3524 627 3579 facit
657 3526 960 3594 audacem,
996 3528 1131 3597 quia
1160 3527 1346 3595 vires,
1379 3542 1528 3597 quas
1559 3527 1728 3581 labor
1756 3527 1898 3581 artis

361 3612 786 3684 Ingeniumque
818 3618 1012 3685 negat,
1049 3613 1281 3669 devotio
1311 3631 1455 3683 pura
1488 3615 1798 3684 ministrat,

362 3698 435 3753 Et
463 3701 649 3770 patris
682 3702 903 3755 Urbani
934 3702 1010 3772 (1)
1041 3703 1365 3757 reverenda
1395 3704 1593 3773 petitio
1636 3718 1883 3776 segnem

363 3788 518 3842 Esse
548 3791 723 3859 vetat,
757 3790 894 3861 quia
924 3792 1058 3861 plus
1090 3792 1262 3846 timeo
1297 3807 1545 3862 peccare
1577 3793 1870 3863 negando,

363 3876 531 3930 Tanti
561 3878 858 3946 pontiﬁcis
891 3896 1065 3950 quam
1092 3879 1268 3949 jussa
1297 3882 1551 3951 benigna
1577 3883 1901 3951 sequendo.

364 3965 684 4036 Postquam
714 3968 1066 4037 complacuit
1098 3970 1245 4041 Regi
1280 3973 1501 4025 mutare
1531 3970 1750 4040 potenti

362 4053 655 4124 Tempora
684 4072 817 4109 cum
849 4058 1073 4127 regnis,
1111 4062 1169 4112 ut
1199 4058 1424 4113 Graecis
1457 4059 1683 4127 Appula
1715 4058 1889 4112 tellus

362 4143 495 4197 Jam
524 4158 813 4212 possessa
843 4146 941 4200 diu
974 4162 1090 4201 non
1113 4148 1364 4217 amplius
1394 4148 1772 4216 incoleretur,

362 4230 522 4285 Gens
556 4232 1029 4290 Normannorum
1062 4235 1290 4290 feritate
1317 4236 1573 4308 insignis
1605 4234 1865 4306 equestri

366 4320 567 4387 Intrat,
600 4324 657 4375 et
688 4323 956 4393 expulsis
980 4323 1144 4378 Latio
1175 4325 1507 4379 dominatur
1538 4325 1808 4379 Achivis.

364 4406 491 4462 Hos
516 4412 748 4480 quando
782 4414 1013 4481 ventus,
1047 4429 1218 4484 quem
1251 4413 1453 4484 lingua
1484 4413 1595 4467 soli
1631 4413 1884 4485 genialis

364 4496 562 4552 North
595 4502 786 4568 vocat,
819 4500 1057 4554 advexit
1084 4501 1303 4556 boreas
1338 4502 1602 4573 regionis
1633 4502 1706 4556 ad
1737 4518 1899 4570 oras,

363 4585 412 4639 A
442 4602 559 4657 qua
590 4586 853 4659 digressi
876 4588 1025 4644 lines
1055 4589 1276 4659 petiere
1308 4589 1550 4645 Latinos
1577 4606 1591 4661 ;

365 4672 433 4729 Et
464 4692 597 4729 man
611 4679 702 4730 est
715 4676 868 4746 apud
880 4676 993 4732 hos
1012 4679 1179 4732 homo
1192 4678 1347 4749 quod
1364 4678 1713 4747 perhibetur
1724 4679 1877 4749 apud
1891 4693 2021 4747 nos,

365 4762 689 4819 Normanni
720 4765 1013 4837 dicuntur,
1038 4767 1095 4821 id
1129 4769 1220 4822 est
1250 4768 1520 4823 homines
1550 4769 1843 4822 boreales.

365 4850 591 4908 Horum
619 4854 884 4908 nonnulli
915 4854 1170 4926 Gargani
1201 4856 1279 4927 (2)
1311 4857 1562 4911 culmina
1593 4857 1813 4911 montis

362 4939 777 4998 Conscendere
809 4942 908 5014 (3),
932 4943 1058 5013 tibi,
1083 4944 1330 4999 Michael
1366 4946 1743 5017 archangele,
1773 4945 1895 4999 voti

437 5118 514 5187 (I)
544 5120 821 5193 Urhanus
854 5123 900 5176 II
935 5140 1083 5193 papa
1122 5124 1271 5178 vixit
1299 5122 1491 5193 (juxta
1535 5123 1816 5177 Joannem
1857 5122 2027 5176 Tire-

368 5192 597 5257 mwum)
614 5191 837 5247 electus
856 5191 1046 5264 (juxta
1061 5191 1455 5266 qeibnitium)
1471 5210 1622 5247 anno
1640 5194 1849 5247 salutis
1868 5192 2024 5248 1088.

367 5257 700 5311 Iisdemque
732 5267 1098 5311 temnnrihng
1132 5267 1419 5311 rnonnhal
1454 5265 1751 5311 Rmmrius
1784 5263 2024 5311 Rnherti

367 5265 700 5340 Iisdemque
732 5265 1098 5333 temporibus
1132 5282 1195 5322 re
1246 5267 1419 5319 nabat
1453 5265 1751 5336 Roget-ius
1784 5265 2029 5319 Roberti

366 5329 679 5385 Guiscardi
709 5334 935 5400 Apuliae
965 5337 1134 5391 ducis
1165 5283 1342 5392 ﬁfius.

440 5404 517 5474 (2)
558 5403 878 5478 Garganus
910 5423 1077 5462 mons
1126 5409 1187 5462 in
1234 5407 1446 5478 Apulia
1475 5407 1547 5461 ad
1581 5422 1739 5461 mare
1770 5405 2029 5459 Adriati—

368 5492 521 5531 cum.
556 5475 914 5529 LEIBNITIUS.

437 5549 515 5619 (3)
545 5547 1116 5621 Volaterranuslib.
1149 5567 1212 5621 in
1244 5548 1426 5621 Geog.
1464 5546 2030 5621 scribitgltobertum

365 5617 567 5679 Guisc.
601 5617 909 5692 expulisse
940 5618 1140 5673 Sicilia
1178 5617 1566 5690 Sarracenos,
1601 5619 1701 5692 qui
1730 5634 1883 5674 anno
1916 5617 2027 5673 sal.

2056 2820 2101 2873 Β
2136 2820 2336 2873 Debita
2372 2821 2694 2875 solventes.
2729 2820 2815 2874 Ibi
2839 2821 3150 2891 quemdam
3181 2819 3611 2890 conSpicientes

2135 2908 2297 2962 More
2328 2908 2520 2962 virum
2550 2909 2757 2964 Graeco
2778 2910 3076 2978 vestitum,
3109 2908 3350 2963 nomine
3380 2908 3581 2962 Melum
3607 2904 3697 2975 (4):

2133 2996 2375 3051 Exsulis
2407 2997 2669 3069 ignotam
2699 3001 2927 3051 vestem
2950 2997 3242 3068 capitique
3274 2997 3454 3068 ligato

2134 3086 2415 3140 Insolitos
2437 3087 2685 3156 mythraa
2718 3087 3003 3140 mirantur
3033 3086 3250 3140 adesse
3283 3088 3525 3149 rotatas,

2134 3174 2305 3228 Hunc
2323 3175 2459 3228 dum
2482 3174 2883 3244 conspiciunt;
2904 3174 3062 3245 quis,
3085 3177 3141 3228 et
3158 3173 3316 3228 unde
3340 3173 3417 3227 sit
3436 3172 3556 3242 ipse
3578 3166 3743 3238 requi-

2132 3262 2208 3317 Se
2231 3263 2687 3333 Longobardum
2708 3266 2847 3317 natu
2869 3262 3176 3333 civemque
3208 3260 3403 3315 fuisse
3578 3250 3743 3329 [runt.]

2135 3351 2460 3422 Ingenuum
2491 3351 2647 3420 Bari,
2682 3350 2909 3421 patriis,
2934 3349 3262 3420 respondit,
3298 3353 3356 3403 at
3382 3362 3515 3403 esse

2132 3438 2378 3494 Finibus
2411 3442 2711 3493 extorrem
2741 3438 2949 3493 Grasca
2978 3439 3206 3493 feritate
3240 3440 3508 3493 coactum
3535 3435 3621 3503 (5).

2135 3525 2358 3580 Exsilio
2391 3525 2565 3597 cujus
2598 3526 2736 3580 dum
2766 3526 2917 3581 Galli
2939 3530 3451 3595 compaterentur:

2139 3637 2159 3663 α
2203 3616 2387 3680 Quam
2417 3613 2649 3668 facilem
2672 3614 2945 3683 reditum,
2981 3614 3036 3667 si
3065 3628 3175 3668 vos
3203 3613 3461 3680 velletis,
3492 3610 3745 3665 haberem.

2139 3724 2160 3753 ι
2206 3704 2332 3758 Nos
2368 3703 2590 3774 aliquot
2611 3705 2812 3757 vestra
2842 3702 2914 3757 de
2943 3704 3120 3774 gente
3151 3701 3519 3772 juvantibus,
3551 3694 3708 3769 inquit
3735 3690 3745 3745 l

2057 3775 2101 3831 Ο
2134 3792 2486 3846 Testabatur
2507 3791 2662 3845 enim
2688 3791 2802 3845 cito
2835 3790 3081 3845 Grmcos
3113 3805 3255 3844 esse
3289 3788 3575 3862 fugandos

2134 3880 2390 3935 Auxiliis
2412 3880 2646 3947 horum,
2679 3878 2837 3933 facili
2868 3879 3181 3933 comitante
3211 3878 3442 3933 labore.

2134 3968 2219 4022 Illi
2252 3968 2587 4023 donandum
2619 3968 2823 4037 patriae
2857 3967 3179 4021 munimine
3210 3967 3409 4038 gentis

2136 4057 2306 4110 Hunc
2338 4057 2518 4110 celeri
2550 4054 2864 4127 spondent,
2895 4056 2997 4110 ubi
3027 4054 3178 4110 forte
3209 4055 3408 4110 redire
3437 4051 3635 4107 licebit.
3702 4057 3708 4067 '

2134 4144 2223 4197 Ad
2250 4144 2399 4197 fines
2429 4144 2610 4214 igitur
2634 4145 2943 4213 postquam
2974 4143 3203 4196 rediere
3236 4145 3516 4213 paternos

2133 4232 2450 4302 Coeperunt
2470 4233 2699 4286 animos
2730 4247 2867 4285 mox
2891 4230 3211 4286 sollicitare
3243 4245 3489 4284 suorum

2134 4320 2351 4375 Italiam
2386 4336 2591 4375 secum
2614 4323 2909 4390 peterent;
2942 4322 3211 4373 narratur
3230 4317 3430 4381 et_illis

2136 4410 2365 4479 Appula
2397 4409 2690 4477 fertilitas,
2721 4408 3081 4480 ignaviaque
3112 4407 3290 4461 insita
3320 4405 3479 4478 genti
3507 4401 3579 4473 (6)

2136 4495 2293 4565 Sola,
2327 4496 2545 4568 quibus
2567 4496 2773 4569 peragi
2802 4495 2962 4566 posit
2982 4495 3097 4563 via,
3129 4493 3290 4549 ferre
3321 4495 3650 4557 monentur;

2138 4586 2358 4640 Ductor
2388 4586 2467 4640 ibi
2497 4586 2762 4655 prudens
2791 4584 3152 4655 promittitur
3178 4580 3565 4636 inveniendus

2134 4675 2260 4740 Quo
2292 4676 2439 4730 duce
2470 4675 2541 4729 de
2569 4674 2796 4729 Graecis
2828 4673 3020 4728 facilis
3044 4672 3297 4728 victoria
3325 4671 3442 4725 ﬁat.

2137 4765 2405 4819 Arrectis
2436 4764 2618 4836 igitur
2638 4763 2951 4817 multorum
2980 4762 3296 4828 mentibus,
3322 4762 3408 4814 ire

2136 4855 2284 4907 Pars
2307 4856 2492 4923 parat,
2525 4853 2760 4923 exiguae
2786 4852 2875 4906 vel
2907 4866 3052 4921 opes
3083 4849 3326 4904 aderant
3352 4847 3485 4919 quia
3502 4841 3684 4903 nulla;

2141 4943 2305 5012 Pars,
2340 4942 2476 5013 quia
2505 4941 2577 4996 de
2600 4942 2833 5012 magnis
2864 4938 3091 5011 majora
3112 4937 3315 4992 subire
3347 4933 3634 4998 volebant;

2137 5119 2239 5175 914
2273 5119 2562 5190 Apuliam,
2609 5117 2963 5190 Calabriam,
3012 5113 3340 5185 Neapolim,
3376 5115 3432 5166 et
3458 5109 3744 5178 Garganum

2139 5188 2395 5246 montem
2426 5188 3122 5258 occupaveranLan;
3229 5254 3263 5258 Α
3431 5254 3438 5258 _
3511 5250 3522 5258 _
3594 5246 3603 5255 ,

2209 5242 2496 5332 ib'ii'éléé
2515 5242 2743 5331 legitur
2772 5259 2924 5332 apud
2948 5258 3055 5311 Th.
3077 5254 3288 5310 Fazell.
3312 5246 3636 5323 posterioris
3662 5242 3742 5295 De-

2139 5334 2265 5387 cad.
2300 5334 2401 5387 lib.
2431 5350 2509 5400 v1,
2535 5347 2661 5399 cap,
2698 5332 2747 5385 1.
2782 5331 2947 5400 Lara.
3000 5399 3005 5400 ί
3118 5398 3160 5400 _
3608 5383 3657 5400 η.

2210 5384 2741 5471 (ὢ-Ᾰὲιηὸέεΐιίιίε
2770 5398 2935 5464 1018;
2984 5399 3068 5471 ita
3116 5398 3450 5471 Titienses.
3500 5384 3741 5471 7—'Circa

2140 5458 2297 5544 IOII’,
2332 5479 2524 5529 motus
2556 5474 2616 5526 in
2644 5458 2989 5526 Calabria'et
3012 5469 3221 5544 Apulia
3250 5464 3538 5544 excitarat.
3561 5458 3704 5544 Laut“

2211 5526 2296 5615 (—6—),
2318 5526 2707 5615 Sicribebatur
2728 5544 2808 5615 fin
2850 5526 3119 5612 margine
3153 5537 3413 5604 Graecis;
3442 5546 3564 5604 quae
3597 5526 3734 5580 lectio

2140 5617 2291 5673 forte
2323 5616 2522 5671 verior
2550 5618 2660 5670 est.
2694 5614 2903 5669 Tmen.
