3926 6146
167 247 296 314 1029
609 239 717 301 DE
758 239 1023 305 REBUS
1070 240 1362 302 GESTIS
1406 241 1858 307 NORMANN.
1902 244 1990 307 IN
2035 242 2373 321 SICILIA,
2416 245 2577 307 ETC
2648 281 2720 294 —
2761 246 2922 309 LIB.
2954 247 3005 310 Ι.
3055 242 3059 247 ’
3384 240 3543 306 1030

220 454 307 508 Est
333 452 654 523 acquirendi
681 453 859 508 simul
881 454 1159 510 omnibus
1188 471 1306 510 una
1343 456 1547 527 libido,
1787 444 1839 506 Α
1947 456 2008 511 Si
2027 458 2274 527 capitur,
2313 456 2523 528 capitis
2556 456 2685 510 ﬁeri
2719 471 2951 510 caesura
2971 455 3238 526 jubetur.

168 542 558 614 Eggrediuntur
580 542 706 611 iter,
736 544 990 613 sumptis
1012 560 1145 615 quae
1180 545 1393 617 cuique
1422 547 1694 601 videntur
1875 546 2056 601 Multa
2080 545 2424 601 Graecorum
2451 561 2583 599 cum
2611 547 2785 616 gente
2811 545 3071 598 Basilius
3093 544 3206 615 (12)
3237 545 3325 600 ire

166 631 315 686 Ferre
342 645 607 698 necesse,
641 631 814 700 viam,
849 647 955 701 pro
986 633 1238 702 viribus,
1265 635 1337 688 ad
1367 635 1764 706 peragendam
1874 636 2097 689 Jussus
2128 635 2188 688 in
2221 634 2377 688 hunc
2408 634 2599 687 audax
2631 648 2784 686 anno
2814 635 3009 686 movet
3035 648 3196 686 arma
3231 634 3510 704 sequenti

170 721 443 789 Postquam
457 735 599 790 gens
615 720 1274 776 RomamNormannica
1292 724 1760 779 transitinermis
1875 722 1980 778 Cui
2010 722 2265 793 Catapan
2295 722 2448 776 facto
2480 737 2811 793 cognomen
2842 723 2967 775 erat
3000 721 3281 791 Bajianus
3313 720 3427 792 (13)

160 808 313 861 Fessa
337 806 524 860 labore
554 809 663 861 viae
692 806 1005 878 Campanis
1025 810 1289 865 substitit
1319 812 1462 865 oris.
1869 810 2035 877 Quod
2060 812 2312 881 Catapan
2343 812 2455 881 (11)
2486 810 2697 877 Graeci,
2725 825 2834 863 nos
2844 811 2877 880 j
2895 814 3032 863 uxta
3053 810 3306 863 dicimus
3331 826 3419 863 om
3458 825 3533 865 ne

159 895 302 949 Fama
330 895 472 949 volat
499 896 661 950 Latio
693 896 1072 953 Normannos
1104 899 1484 969 applicuisse.
1873 901 2157 971 Quisquis
2195 900 2347 970 apud
2372 900 2602 953 Danaos
2626 898 2753 961 vice
2775 898 3042 969 fungitur
3058 897 3242 970 hujus
3260 898 3529 968 honoris,

159 983 330 1051 Melus,
357 985 413 1036 ut
440 984 655 1037 Italiam
686 984 886 1040 Gallos
920 988 1201 1058 cognovit
1230 988 1450 1059 adisse,
1883 989 2221 1059 Dispositor
2248 989 2470 1058 pepulit
2492 990 2655 1057 parat
2683 1002 2853 1041 omne
2875 987 3032 1058 quod
3064 987 3300 1056 expedit
3327 986 3431 1056 illi,

157 1071 303 1125 Ocius
327 1072 591 1142 accessit,
623 1072 782 1128 dedit
806 1090 966 1129 arma
997 1076 1336 1131 carentibus
1367 1077 1582 1143 armis;
1876 1077 1947 1133 Et
1975 1078 2147 1133 Juxta
2188 1077 2343 1147 quod
2374 1076 2585 1147 cuique
2619 1077 2743 1130 dari
2774 1077 2960 1145 decet,
3012 1092 3185 1130 omne
3226 1076 3537 1130 ministrat.

157 1162 387 1214 Armatos
409 1176 606 1216 secum
637 1162 882 1218 comites
910 1180 1230 1235 properare
1262 1167 1475 1237 coegit.
1872 1167 2121 1221 Vicinus
2149 1164 2366 1219 Cannis
2398 1181 2513 1236 qua
2542 1165 2742 1219 deﬂuit
2766 1165 3014 1219 Auﬁdus
3047 1164 3159 1234 (15)
3181 1164 3391 1233 amnis,

155 1248 410 1303 Hactenus
438 1249 705 1305 insolitas
738 1250 847 1306 hac
880 1255 1225 1323 tempestate
1249 1255 1442 1312 Latini
1874 1255 2142 1324 Circiter,
2166 1254 2440 1309 Octobris
2469 1254 3051 1325 pugnaturutrinque
3069 1252 3357 1307 Calendas
3378 1252 3491 1323 (16)
3516 1268 3528 1307 :

156 1336 451 1392 Innumeras
474 1339 765 1395 cecidisse
795 1341 967 1396 nives
997 1344 1301 1413 mirantur,
1336 1349 1392 1399 et
1423 1346 1631 1401 harum
1875 1344 2022 1398 Cum
2054 1344 2284 1397 modica
2314 1357 2431 1396 non
2465 1344 2639 1413 gente
2660 1341 2867 1396 valens
2899 1342 3194 1396 obsistere
3222 1340 3431 1410 Melus,

152 1424 365 1480 Casibus
385 1428 651 1483 extincta
680 1430 984 1501 pleraeque
1015 1432 1180 1487 fuere
1210 1433 1501 1499 ferarum;
1871 1434 2067 1503 Terga
2097 1432 2273 1499 dedit,
2308 1446 2522 1502 magna
2556 1430 2845 1500 spoliatus
2868 1433 3032 1500 parte
3064 1445 3308 1484 suorum

152 1513 251 1568 Nec
277 1513 375 1569 fuit
403 1515 714 1572 arboribus
735 1518 825 1572 fas
847 1519 981 1573 inde
998 1536 1318 1592 resurgere
1338 1523 1547 1593 lapsis.
1872 1521 1942 1575 Et
1970 1520 2175 1590 puduit
2203 1520 2423 1573 victum
2450 1520 2639 1588 patria
2667 1519 2877 1573 tellure
2907 1518 3147 1585 morari,

151 1601 313 1672 Hujus
338 1606 580 1673 portenti
611 1610 745 1675 post
774 1608 990 1678 visum,
1023 1625 1162 1663 vere
1194 1612 1466 1682 sequenti
1870 1610 2164 1665 Samnites
2196 1608 2335 1661 adiit
2364 1610 2700 1678 superatus,
2732 1608 2932 1677 ibique
2961 1610 3244 1662 moratur.

151 1689 338 1760 Emptis
361 1692 731 1749 Normannos
758 1695 1071 1767 Campanis
1102 1700 1369 1768 partibus
1396 1701 1577 1755 armis
1611 1701 1690 1772 (7)
1869 1700 2014 1753 Post
2047 1698 2500 1751 Alamannorum
2530 1696 2695 1764 petiit
2727 1695 3009 1767 suffragia
3039 1697 3204 1768 regis

148 1777 418 1872 invalenda
447 1782 653 1872 furens
682 1784 811 1838 loca
841 1784 1007 1839 duxit
1040 1786 1113 1840 ad
1145 1788 1371 1857 Appula
1404 1789 1616 1845 Melus.
1798 1813 1843 1872 μ
1874 1786 2115 1841 Henrici
2155 1785 2296 1855 (1⁵7),
2332 1785 2504 1839 solito
2536 1784 2804 1852 placidus
2844 1784 2941 1854 qui
2988 1799 3153 1839 more
3197 1786 3534 1854 precantem

148 1867 285 1920 Hunc
299 1868 542 1925 habuere
559 1871 768 1926 ducem
782 1874 896 1928 sibi
914 1890 1064 1945 gens
1078 1875 1759 1948 Normannicaprimum.
1799 1864 1838 1872 ”
1872 1875 2152 1945 Suscipit,
2187 1874 2384 1927 auxilii
2417 1874 2764 1944 promittens
2794 1872 2947 1927 dona
2977 1873 3310 1943 propinqui.

148 1954 379 2011 Partibus
398 1958 596 2028 Italiae,
621 1960 820 2016 Gallos
838 1964 1034 2017 tremit
1048 1964 1317 2034 Appulus
1336 1967 1549 2038 omnis,
1869 1964 1944 2018 At
1974 1964 2163 2018 Melus
2188 1962 2425 2033 regredi
2447 1965 2785 2031 praeventus
2816 1965 3000 2016 morte
3023 1961 3306 2033 nequivit.

144 2042 361 2105 Quorum
380 2046 699 2114 praevalido
722 2050 883 2102 multi
902 2051 1135 2118 periere
1158 2052 1376 2123 rigore.
1875 2053 2173 2108 Henricus
2202 2051 2415 2119 sepelit
2441 2065 2549 2103 rex
2582 2050 2757 2118 hunc,
2790 2054 2852 2104 ut
2879 2051 3102 2121 regius.
3120 2053 3212 2104 est
3241 2065 3371 2105 mos
3398 2065 3410 2104 :

144 2129 367 2185 Turnicii
395 2132 468 2203 (8)
490 2135 727 2189 tandem
749 2152 950 2191 rumor
970 2141 1238 2208 pervenit
1266 2141 1338 2195 ad
1369 2157 1566 2211 aures,
1870 2141 2123 2196 Funeris
2155 2139 2475 2209 exsequias
2507 2139 2817 2192 comitatus
2853 2139 2924 2192 ad
2949 2153 3139 2209 usque
3169 2139 3530 2207 sepulcrum,

141 2218 249 2284 (Qui
272 2218 511 2291 Catapan
547 2223 740 2278 fuerat
761 2224 1124 2297 Grmcorum,
1158 2230 1384 2285 missus
1415 2231 1488 2285 ab
1513 2231 1658 2287 urbe
1867 2229 2140 2285 Carmine
2160 2227 2346 2299 regali
2369 2226 2656 2280 tumulum
2679 2226 2979 2280 decoravit
3006 2225 3229 2280 humati
3254 2225 3388 2294 (18).

140 2305 226 2360 Cui
252 2308 662 2367 Constantinus
693 2327 909 2369 nomen
940 2315 1100 2371 dedit
1128 2317 1525 2389 editorurbis,
1868 2318 2156 2373 Defuncto
2188 2315 2360 2384 Melo,
2396 2313 2572 2385 cujus
2607 2312 2891 2384 suffragia
2922 2313 3070 2368 Galli

142 2392 197 2448 Et
221 2394 620 2454 Constantinus
641 2401 976 2472 pariterque
1010 2404 1267 2460 Basilius
1299 2406 1481 2476 (9)_illi
1869 2407 2092 2461 Adfore
2122 2404 2459 2474 sperabant,
2501 2418 2608 2472 spe
2633 2404 2751 2457 tota
2782 2401 3124 2457 deficientes

141 2483 273 2539 Tunc
299 2486 722 2559 dominabatur)
752 2490 952 2546 Gallos
981 2493 1224 2549 venisse
1246 2494 1480 2550 feroces
1866 2495 2179 2564 Campanae
2209 2494 2406 2548 moesti
2434 2492 2681 2547 redeunt
2708 2491 2977 2563 regionis
2998 2491 3073 2546 ad
3102 2507 3239 2546 oras
3260 2509 3275 2556 ;

139 2570 401 2630 Conductu
430 2577 591 2648 Meli,
624 2579 725 2649 qui
756 2581 948 2635 factus
972 2582 1205 2653 utrique
1239 2584 1480 2639 rebellis
1865 2585 2057 2655 Atque
2078 2583 2228 2637 locis
2262 2581 2440 2636 nullis
2471 2580 2661 2652 ﬁgunt
2688 2581 2937 2635 tentoria
2966 2580 3168 2635 certis.

138 2661 327 2730 Appula
355 2665 732 2722 Normannos
764 2669 892 2723 loca
924 2669 1331 2741 dchpulanda
1363 2673 1654 2729 monebat.
1864 2672 2241 2728 Perterrebat
2262 2687 2368 2726 eos
2393 2670 2562 2740 plebs
2586 2670 2931 2740 pauciﬁcata
2958 2685 3224 2739 suorum,

141 2748 231 2803 His
256 2752 323 2806 ita
351 2753 611 2810 Turnico
645 2757 797 2810 fama
825 2759 1121 2813 referente
1150 2760 1371 2829 relatis,
1866 2762 2108 2816 Viribus
2140 2764 2195 2815 et
2225 2760 2437 2814 validis
2459 2759 2853 2813 circumstans
2866 2758 3161 2828 plurimus
3189 2757 3401 2813 hostis.

136 2838 348 2910 Agmina
377 2841 725 2898 Graecorum
752 2862 1001 2916 propere
1032 2848 1243 2903 direxit
1273 2850 1333 2903 in
1364 2850 1591 2905 hostes.
1794 2861 1847 2923 α
1865 2850 2056 2915 Quare
2085 2849 2282 2903 nullus
2312 2848 2400 2902 eis
2428 2850 2589 2902 tutus
2618 2847 2788 2901 locus
2828 2862 2967 2902 esse
3001 2846 3248 2901 videtur.

137 2925 243 2982 Non
266 2932 466 2986 etenim
496 2948 612 3002 per
639 2948 705 2987 se
737 2935 1057 2989 certamina
1085 2938 1271 3006 prima
1302 2938 1549 3010 paravit,
1868 2938 2167 2992 Montibus
2197 2936 2510 3003 interdum,
2544 2951 2702 2988 nunc
2732 2934 2987 2989 vallibus
3027 2934 3167 2988 inde
3198 2933 3460 2988 remotis.

135 3014 228 3070 Sed
252 3018 522 3090 legatum,
560 3037 890 3094 cognomen
918 3024 1014 3079 cui
1044 3026 1357 3097 Pacianus,
1871 3026 2024 3094 Sed,
2058 3041 2191 3079 cum
2231 3023 2355 3093 jam
2388 3023 2613 3078 nullum
2646 3027 2957 3093 sperarent
2992 3037 3176 3092 posse
3197 3020 3389 3090 parari

134 3102 190 3158 Et
206 3106 311 3162 Leo
327 3108 435 3179 (10)
449 3126 667 3165 nomen
686 3116 829 3184 erat,
854 3112 1135 3185 quijuxta
1154 3115 1410 3171 ﬂuminis
1430 3117 1643 3171 undam
1874 3115 2191 3180 Auxilium,
2224 3112 2398 3167 victis
2430 3110 2797 3165 incommoda
2829 3111 3042 3181 quippe
3071 3109 3345 3163 videntur

133 3193 345 3252 Nomine
358 3197 612 3254 Fertorii
635 3201 855 3269 (Locus
874 3206 967 3257 est
989 3204 1323 3258 etArenula
1345 3205 1459 3274 (11)
1477 3205 1694 3277 dictus)
1873 3203 2099 3273 Omnia,
2127 3203 2387 3256 victores
2411 3216 2551 3255 sors
2583 3200 2842 3254 creditur
2873 3199 3000 3268 ipsa
3017 3198 3230 3269 juvare
3254 3212 3268 3266 ;

133 3282 350 3340 Deduxit
378 3303 588 3343 secum
623 3289 837 3345 multos
860 3291 932 3345 ab
962 3291 1116 3347 bella
1145 3293 1436 3365 Pelasgos
1461 3310 1473 3349 :
1872 3290 2136 3361 Cumque
2154 3291 2289 3361 vagi
2304 3287 2771 3357 instabiles,jam
2791 3304 2896 3357 per
2911 3288 3039 3341 loca
3052 3286 3231 3340 multa
3247 3285 3535 3356 vagantes

132 3370 242 3426 Maii
268 3378 486 3432 mensis
525 3380 692 3432 erant
720 3380 1026 3448 aptissima
1054 3385 1317 3451 tempora
1348 3383 1516 3437 Marti
1874 3380 2089 3434 Nullus
2118 3379 2260 3433 sede
2296 3378 2444 3433 locis
2475 3380 2722 3448 possent
2751 3377 3032 3431 insistere
3064 3378 3242 3442 certa,

132 3459 237 3515 Hoc
262 3464 328 3517 ad
357 3464 512 3520 bella
545 3467 740 3521 solent
781 3469 1102 3537 procedere
1133 3473 1396 3540 tempore
1427 3487 1605 3544 reges
1642 3490 1653 3526 :
1872 3468 2199 3523 Consilium
2224 3467 2458 3521 tandem
2481 3466 2579 3519 dat
2606 3466 2733 3519 rixa
2761 3465 3088 3535 pr0pinqua
3119 3461 3405 3517 morandi.

130 3548 474 3625 Fortunaque
505 3555 636 3625 pari
667 3556 855 3625 primo
886 3562 1183 3629 pugnatur
1211 3560 1503 3630 utrinque.
1874 3557 2023 3611 Nam
2052 3556 2446 3627 Longobardo
2476 3557 2686 3608 norant
2706 3554 2802 3608 cui
2822 3554 3004 3608 robur
3025 3552 3240 3607 adesse

129 3639 307 3695 Auctis
334 3644 625 3698 militibus
656 3646 902 3699 comites
924 3647 1033 3701 fuit
1063 3647 1196 3701 inde
1217 3653 1462 3703 secutus
1873 3645 2089 3717 Majus,
2118 3644 2519 3712 adhaerebant,
2552 3644 2912 3713 aderantque
2943 3641 3194 3696 fideliter
3223 3639 3361 3711 ejus

128 3725 430 3801 Turnicius,
464 3732 578 3786 sed
608 3735 778 3804 terga
807 3734 984 3802 dedit,
1010 3736 1320 3807 victusque
1355 3738 1628 3793 recessit.
1877 3735 2125 3789 Auxiliis
2148 3753 2160 3798 ;
2187 3733 2369 3805 hujus
2402 3748 2517 3803 quo
2543 3747 2650 3802 per
2672 3730 3048 3785 famulamina
3076 3730 3185 3783 tuti

124 3814 381 3875 Conﬂictu
409 3821 555 3876 belli
587 3821 877 3877 Pacianus
911 3824 1135 3879 corruit
1168 3825 1371 3897 hujus.
1872 3825 1922 3877 Α
1950 3822 2198 3893 reliquis
2230 3824 2457 3890 tierent,
2492 3824 2546 3874 et
2569 3836 2771 3875 eorum
2803 3821 2974 3873 nacta
3004 3817 3306 3872 secundos

126 3903 454 3964 Normannis
474 3913 657 3981 auget
686 3911 914 3966 validas
945 3912 1191 3967 victoria
1221 3914 1404 3983 vires,
1872 3911 2210 3965 Successus
2234 3909 2374 3963 belli
2406 3909 2737 3963 clarescere
2763 3908 2918 3961 fama
2948 3906 3193 3961 valeret.

124 3990 374 4063 Expertis
403 3997 653 4053 Graecos
686 3998 907 4054 nullius
933 4000 1169 4055 roboris
1201 4017 1361 4069 esse,
1874 3999 1999 4052 Hac
2026 3999 2251 4052 ratione
2280 3997 2411 4051 loco
2438 3999 2731 4050 metantur
2760 3998 2955 4050 castra
2985 3994 3213 4048 decenti
3237 4010 3252 4063 ;

121 4077 259 4142 Quos
288 4100 402 4140 non
434 4086 724 4156 audaces,
757 4088 866 4142 sed
895 4103 1231 4160 cognovere
1263 4088 1551 4162 fugaces;
1872 4086 1980 4153 Qui
2008 4086 2284 4157 lymphis,
2313 4083 3177 4152 herbis,simularboribusque
3196 4081 3538 4136 redundans

124 4167 331 4240 Imperii
361 4173 521 4228 fama
550 4175 809 4229 insinuat
845 4177 1179 4232 rectoribus
1209 4194 1372 4233 arva.
1873 4176 2055 4229 Omne
2079 4172 2450 4226 ministrabat
2476 4171 2691 4241 populo
2719 4169 2874 4240 quod
2911 4167 3127 4221 habere
3147 4181 3400 4220 necesse
3421 4169 3537 4221 est.

122 4258 325 4327 Appula
356 4262 737 4318 Normannos
775 4263 926 4318 Melo
957 4264 1106 4336 duce
1138 4266 1501 4336 depopulari.
1797 4322 1845 4336 ἢ
1875 4262 2197 4334 Egregium
2229 4259 2538 4331 quemdam
2569 4274 2704 4313 mox
2736 4257 2973 4327 elegere
3006 4269 3272 4323 suorum,

128 4322 296 4418 Hunc,
331 4350 427 4407 his
457 4352 700 4422 auditis,
734 4352 851 4407 sibi
881 4334 1042 4407 curia
1060 4322 1569 4425 judic‘at‘hostem,
1796 4322 1849 4382 D
1874 4322 2463 4422 Nomivnejlianulfum
2480 4345 2613 4418 (19),
2635 4345 2736 4418 qui
2772 4322 3051 4416 princeps
3068 4322 3324 4414 agminis
3348 4342 3535 4408 esset,

179 4561 248 4634 (7)
279 4562 446 4617 Anno
481 4561 640 4633 1017,
672 4564 762 4618 vel
786 4566 957 4634 paulo
978 4569 1140 4634 ante;
1174 4567 1257 4621 ita
1286 4584 1434 4623 LEIB.
1874 4566 2159 4621 Basilium
2206 4562 2548 4634 Graecorum
2607 4558 2892 4634 exercitui
2940 4556 3252 4634 undecimo
3309 4552 3533 4608 saeculo

278 4635 365 4687 An
398 4609 740 4696 Tumitius:
758 4609 1504 4706 v2i“r3riiiiiu’s;'ﬁs‘it"éﬁim
1537 4640 1764 4695 Graecis
2281 4649 2380 4688 res
2426 4633 2582 4687 icere
2613 4632 2917 4686 debuerat.
2952 4628 3095 4682 Enrr
3133 4628 3392 4706 Parn'on.
3453 4693 3464 4704 .
3501 4693 3533 4704 η

179 4719 330 4757 πιθα.
372 4706 496 4757 Leo
540 4707 826 4757 Tomitius
871 4707 1009 4757 1046
1046 4724 1078 4757 a
1119 4709 1405 4757 militibus
1447 4712 1767 4757 imnerntnr
1943 4654 2057 4757 (lg)
2088 4649 2550 4757 Sigoniusgunc
2583 4703 2971 4757 Bubaganum
2992 4700 3181 4757 vocat.
3208 4693 3533 4757 quiBasnln

179 4654 247 4699 (Ο)
278 4654 365 4687 AD
412 4654 724 4696 ιιιῐηηιυε,
758 4654 853 4689 νει
895 4654 1191 4706 ιοῐηιιιυεε,
1226 4654 1504 4693 usnatum
1537 4654 1764 4695 Lirinus
1875 4654 1995 4709 ριτεθ
2041 4654 2256 4692 osuum
2281 4654 2380 4688 ΓΒΕ
2426 4654 2582 4687 were
2613 4654 2917 4686 UBDUUI‘IH.
2952 4654 3095 4682 DUl'l‘
3134 4654 3392 4706 I'A'I'N'Uh.
3453 4693 3464 4704 .
3501 4693 3533 4704 Η

120 4715 330 4781 nomen.
372 4706 496 4781 Le_o
540 4707 585 4759 Τ
591 4707 826 4761 omitius
871 4707 1009 4761 1046
1046 4724 1079 4761 a
1119 4709 1405 4765 militibus
1447 4712 1767 4781 imperator
1943 4654 2057 4779 (lg)
2088 4654 2550 4779 Sigoniusgiunc
2583 4703 2971 4781 Bubaganum
2992 4700 3181 4767 vocat,
3208 4693 3537 4767 qunBasnln

118 4772 408 4848 δδλὲίεέιιε.
446 4777 612 4831 LEIB.
699 4845 716 4848 Α
1531 4772 1549 4781 ⁸
1878 4772 2083 4848 imper.
2117 4772 2446 4846 Catapanus
2480 4779 2623 4848 erat.
2658 4774 2822 4827 Lam.
3062 4839 3098 4848 η
3171 4840 3180 4848 ι
3234 4836 3268 4848 η

149 4844 561 4922 ,(9)-Βθεὶιίιιε,
596 4850 653 4902 et
686 4845 1110 4905 Constantinus
1145 4848 1247 4904 ﬁlii
1291 4852 1538 4905 Romani
1562 4852 1763 4907 Junio-
1917 4839 2059 4922 (14)
2090 4839 2346 4922 Catapan
2375 4846 2528 4922 apud
2549 4845 2794 4900 Graecos
2837 4839 3347 4913 generalistotius
3371 4850 3537 4890 exer-

118 4916 216 4989 τίδ’.
245 4916 410 4973 Ῑλειει
1876 4916 2397 4989 (είῐὶιςρνωΐθίοῐιιε.
2433 4918 2596 4989 Lmn.

177 4985 281 5059 (10)
314 4989 438 5043 L90
469 4989 781 5043 PaCianUS-
816 4990 981 5045 LEIB.
1947 4977 2323 5059 (15)‘Auﬁdus
2337 4986 2624 5059 ﬂuviusin
2640 4977 3533 5059 ApuliaJtalisI‘0fanto.TmEu.

177 5056 282 5129 (11)
313 5060 521 5113 Arena
542 5060 758 5115 fluvius
778 5064 868 5114 est
903 5063 961 5115 in
993 5061 1359 5117 meridionali
1393 5062 1766 5117 Siciliaelate-
1947 5056 2060 5129 (16)
2092 5059 2249 5126 1019,
2283 5063 2345 5113 ut
2377 5057 2655 5112 creditur.
2682 5056 2844 5129 Lazis.

116 5118 193 5205 re,
230 5118 305 5182 ita
336 5130 553 5200 dictus,
571 5132 729 5205 quod
746 5147 793 5205 ρ
813 5131 1016 5205 fauces
1038 5133 1531 5205 circumjacentes
1561 5134 1763 5188 albas-
1948 5118 2061 5201 (Π)
2082 5118 2389 5205 Henricus
2414 5130 2438 5205 I_
2474 5144 2581 5205 rex
2602 5130 2654 5180 et
2675 5125 2896 5205 imper.
2934 5119 3024 5190 39,
3054 5120 3340 5175 Tinnu.—
3369 5118 3535 5172 Hen-

118 5200 297 5274 tcneat
336 5194 720 5274 arenas-Th.
744 5202 978 5271 Fazell.,
1011 5203 1111 5274 lib.
1138 5220 1216 5273 vr,
1251 5194 1302 5259 ὅ.
1323 5205 1352 5258 4
1375 5206 1579 5259 decad.
1600 5206 1764 5274 prio-
1877 5194 2061 5274 ricus,
2082 5200 2484 5274 cognomento
2515 5199 2788 5274 Sanctus.
2825 5194 2990 5247 Lam.

119 5218 297 5272 teneat
336 5218 577 5255 arenas.
622 5218 720 5255 1n.
744 5218 978 5271 r'azeu.,
1011 5218 1111 5258 11D.
1138 5220 1216 5273 VI,
1251 5221 1302 5259 c.
1323 5218 1352 5258 4
1375 5218 1579 5259 decad.
1600 5220 1764 5274 prio-
1877 5218 2061 5269 ricus,
2093 5218 2161 5255 co
2211 5218 2484 5255 nomenio
2516 5218 2788 5250 nanetus.
2825 5218 2990 5247 ιλιςω.

118 5279 209 5320 ns.
243 5269 594 5346 l.s_in.—_At
620 5273 717 5346 hic
741 5275 1022 5329 Arenulzc
1044 5273 1205 5328 locus
1234 5276 1295 5328 in
1329 5276 1540 5346 Apulia
1572 5282 1663 5329 est
1684 5276 1767 5328 in—
1878 5345 1886 5346 ί
1946 5273 2058 5344 (18)
2092 5273 2153 5325 In
2169 5218 2313 5325 gVita
2336 5271 2394 5324 S.
2420 5267 2742 5346 Henrici,-l.
2767 5281 2910 5332 xxxi,
2944 5263 3301 5346 memoratur
3320 5259 3538 5346 lemne-

184 5342 588 5415 vestigandius;
618 5345 825 5415 quippe
852 5346 1187 5401 Normanm’
1218 5330 1465 5401 nondum
1496 5348 1558 5399 in
1589 5345 1767 5401 Scili-
1875 5330 1990 5399 lem
2023 5330 2410 5415 (corruptum,
2436 5342 2607 5415 puto,
2648 5330 2703 5391 et
2729 5330 2951 5415 nomen
2984 5336 3206 5415 notum,
3240 5345 3351 5415 pro.
3384 5330 3535 5415 Melo

178 5424 265 5486 (ΨΒ
296 5401 870 5486 ιέεηείτθὲένεὶνέηι.
1878 5401 2078 5486 ignoto
2097 5401 2375 5486 positum)
2398 5401 2478 5464 ab
2502 5401 2857 5486 imperatore
2868 5405 3097 5486 Appliae
3116 5401 3460 5486 praefectum
3477 5401 3538 5480 in

179 5479 294 5559 (12)_
310 5481 580 5559 Basilius
610 5486 1309 5559 Constantinopolitanus
1342 5488 1546 5559 imper.
1578 5502 1766 5559 regna
1876 5470 2186 5559 ﬁabcbérg
2215 5470 2613 5559 obiisse,etin
2646 5477 2899 5549 capitulo
2922 5470 3175 5546 "Major—is
3195 5470 3539 5527 Monasterii

114 5552 325 5633 [saepit
351 5568 509 5633 anno
542 5555 752 5633 salutis
780 5556 905 5627 977,
941 5552 1345 5633 Luin.—__H£_ec
1363 5552 1505 5633 nihil
1523 5558 1595 5633 a_d
1616 5552 1760 5633 rem.
1875 5556 2221 5633 tumulatum
2253 5552 2610 5633 esse-Lam.
2859 5619 2873 5633 ‘
3074 5617 3083 5627 .

115 5616 179 5698 Et
207 5615 445 5698 nomine
464 5632 517 5680 ct
548 5630 808 5697 tempore
831 5615 1048 5682 erravit
1071 5628 1420 5697 Leibnitius,
1449 5629 1519 5683 de
1546 5628 1762 5682 Basilio
1942 5626 2054 5698 (19)
2091 5623 2379 5683 Ranulfus
2413 5625 2811 5679 Romanorum
2845 5619 2960 5674 de;
2999 5617 3244 5691 primus.
3271 5615 3434 5668 LxIB.

113 5688 335 5749 decimo
367 5697 587 5753 saeculo
626 5688 911 5772 regnante
949 5703 1149 5756 notam
1178 5698 1273 5754 hic
1307 5688 1596 5770 attexens,
1630 5715 1763 5775 quae
