3926 6146
358 390 361 399 Ι
447 292 599 357 1031

449 496 637 570 Cujus
668 499 957 553 mandatis
990 499 1081 553 fas
1114 499 1522 553 contradicere
1554 514 1670 553 non
1697 499 1792 552 sit.

450 589 714 659 Cumque
743 588 936 642 locum
971 588 1135 642 sedis
1165 590 1370 658 prima:
1402 589 1627 642 munire
1660 590 1951 656 pararent,
2029 631 2038 638 .

456 675 731 747 Undique
763 676 949 730 densa
981 677 1171 745 palus,
1198 693 1304 731 nec
1328 692 1442 729 non
1474 681 1529 730 et
1550 677 1725 729 multa
1749 690 2006 729 coaxans

453 765 634 834 Copia
660 779 956 832 ranarum,
989 764 1261 835 prohibet
1290 767 1608 820 munimina
1643 766 1827 820 sedis.

456 853 627 907 Haud
658 854 865 923 procul
897 853 1051 924 inde,
1078 856 1205 909 suis
1229 856 1401 910 alium
1436 855 1788 909 stationibus
1811 858 2007 924 aptum

457 943 743 997 Invenere
772 943 986 1011 locum,
1018 959 1213 1013 quem,
1247 944 1406 998 nullo
1439 944 1609 998 dante
1638 944 1919 1014 juvamen

454 1030 776 1101 Cultorum,
810 1032 1030 1101 patriae,
1067 1049 1171 1102 pro
1205 1049 1269 1087 se
1289 1034 1519 1087 munire
1552 1029 1787 1089 tuendis

454 1119 789 1174 Conantur:
824 1120 913 1175 sic
946 1137 1032 1174 se.
1067 1122 1219 1176 facto
1251 1123 1590 1189 munimine,
1626 1123 1858 1177 cuidam
1896 1123 2028 1194 (20),

454 1207 565 1273 Qui
595 1208 875 1277 princeps
906 1208 1220 1279 Capuanus
1259 1215 1404 1281 erat,
1441 1211 1806 1283 conjungere
1839 1215 2114 1285 gaudent.

457 1295 833 1367 Principibus
863 1298 1014 1353 Latii
1040 1300 1206 1369 prior
1235 1302 1410 1370 atque
1442 1302 1731 1370 potentior
1760 1302 1889 1372 ipse

455 1385 622 1440 Tunc
652 1392 775 1441 erat
801 1405 813 1451 ;
846 1387 1058 1441 afﬁnes
1088 1392 1405 1459 properant
1432 1389 1543 1443 hoc
1574 1391 1837 1459 principe
1870 1392 1974 1445 tuti

460 1474 785 1530 Devastare
806 1475 992 1543 locos,
1030 1477 1354 1548 hostesque
1386 1478 1635 1532 viriliter
1664 1483 1906 1550 angunt.

455 1562 573 1619 Sed
590 1566 728 1635 quia
760 1566 1071 1621 mundanae
1089 1567 1301 1621 mentis
1321 1567 1691 1621 meditamina
1720 1583 1906 1637 prona

456 1653 603 1708 Sunt
629 1654 703 1708 ad
729 1655 1053 1724 avaritiam,
1088 1655 1386 1726 vincitque
1416 1657 1664 1725 pecunia
1696 1656 1943 1726 passim,

454 1741 628 1796 Nunc
649 1742 762 1797 hoc
787 1758 943 1797 nunc
974 1743 1075 1797 illo
1107 1746 1458 1815 contempto,
1498 1746 1632 1813 plus
1660 1745 1941 1800 tribuenti

460 1831 708 1902 Semper
730 1831 1148 1902 adhaerebant;
1182 1834 1408 1887 servire
1440 1834 1717 1889 libentius
1748 1834 1831 1887 illi

456 1920 675 1975 Omnes
704 1920 1039 1975 haudebant
1070 1936 1103 1974 a
1134 1937 1249 1992 quo
1272 1922 1405 1990 plus
1428 1923 1811 1991 accipiebant.

459 2009 624 2063 Bella
654 2010 846 2081 magis
876 2010 1096 2079 populi,
1118 2024 1291 2080 quam
1324 2010 1540 2064 faedera
1571 2011 1737 2081 pacis
1758 2014 2043 2080 amantes,

461 2096 815 2169 Servitiique
837 2098 1003 2152 vices
1033 2114 1138 2167 pro
1170 2098 1404 2152 viribus
1438 2103 1494 2153 et
1523 2102 1746 2155 ratione

459 2185 768 2257 Temporis
799 2187 1134 2257 expendunt
1160 2202 1173 2256 ;
1206 2187 1339 2256 plus
1358 2188 1564 2241 dantes
1596 2190 1783 2258 pluris
1805 2188 2115 2245 habebant.

457 2275 581 2329 Illis
612 2275 978 2345 principibus
1008 2275 1342 2329 dominandi
1379 2292 1589 2348 magna
1621 2278 1799 2332 libido

460 2363 625 2418 Bella
649 2364 1053 2433 ministrabat;
1082 2366 1208 2418 vult
1237 2366 1492 2436 quisque
1522 2368 1816 2436 potentior
1835 2382 1994 2422 esse.

460 2453 624 2508 Alter
645 2456 701 2508 et
732 2453 973 2507 alterius
1005 2454 1243 2508 molitur
1266 2453 1399 2525 jura
1432 2454 1654 2509 subire.

460 2542 798 2597 Procedunt
820 2542 954 2596 lites
982 2541 1093 2596 hoc
1125 2542 1344 2611 fomite,
1376 2544 1599 2612 praelia,
1633 2547 1887 2614 mortes;

461 2629 620 2685 Inter
646 2630 926 2684 mortales
948 2630 1081 2685 ideo
1112 2630 1259 2684 mala
1292 2631 1540 2700 plurima
1573 2635 1869 2686 crescunt.

464 2715 628 2772 Heul
662 2719 863 2772 miseri
898 2719 1116 2772 mundo
1139 2719 1421 2789 quidquid
1452 2724 1755 2789 conantur,
1786 2721 1957 2775 inane
1980 2724 2072 2776 est
2104 2736 2116 2776 :

461 2805 810 2862 Innumeros
832 2823 981 2860 vana
1010 2807 1176 2877 passi
1204 2823 1309 2877 pro
1338 2807 1508 2862 laude
1538 2808 1795 2878 labores,

461 2895 607 2950 Plus
640 2895 1059 2949 cruciabuntur
1088 2899 1399 2966 postquam
1429 2897 1720 2951 mundana
1766 2897 2117 2969 relinquent.

461 2983 776 3055 Nunquam
807 2984 1185 3052 Normannis,
1220 3000 1293 3039 ne
1322 3000 1493 3053 poena
1520 2987 1738 3042 rediret
1769 2988 1828 3042 in
1850 2988 2038 3058 ipsos,

461 3072 922 3144 Longobardum
952 3073 1170 3141 placuit
1194 3073 1438 3128 victoria
1470 3091 1742 3145 prorsus.

460 3160 750 3216 Funditus
782 3162 965 3215 everti
997 3161 1331 3216 discordem
1355 3179 1646 3234 quemque
1676 3166 1952 3220 vetabant

460 3249 633 3305 Nunc
656 3248 825 3303 favor
864 3249 1096 3304 additus
1129 3250 1243 3318 his,
1277 3253 1503 3305 etnunc
1530 3253 1698 3307 favor
1726 3255 1960 3309 additus
1978 3253 2116 3321 illis;

460 3338 689 3407 Decipit
717 3338 1021 3393 Ausonios
1050 3338 1359 3408 prudentia
1378 3338 1626 3405 Gallica;
1650 3342 1871 3397 nullum

459 3426 639 3481 Plena
668 3426 835 3480 lance
866 3426 993 3508 capi
1035 3427 1315 3495 permittit
1337 3428 1408 3481 ab
1432 3428 1601 3483 hoste
1635 3431 2009 3501 triumphum.

459 3514 559 3570 Sic
589 3515 935 3583 desperatos
968 3514 1117 3566 Latii
1138 3514 1434 3569 discordia
1459 3516 1659 3571 Gallos

458 3602 551 3655 Ad
589 3616 776 3671 spem,
810 3617 943 3672 quae
973 3600 1163 3656 fuerat
1191 3603 1357 3672 prius
1381 3605 1683 3674 extirpata,
1717 3609 2017 3665 reformat.

459 3689 532 3744 Et
551 3688 715 3743 vires
733 3692 790 3744 et
810 3704 953 3760 opes
976 3694 1354 3762 augmentum
1378 3693 1465 3747 sic
1498 3697 1804 3764 capiebant
1829 3714 1841 3753 :

459 3775 525 3832 Si
544 3777 874 3833 vicinorum
906 3779 1042 3849 quis
1074 3780 1450 3849 perniciosus
1483 3784 1555 3837 ad
1587 3785 1721 3840 illos

459 3865 871 3938 Confugiebat,
893 3883 1023 3920 eum
1042 3872 1342 3940 gratanter
1353 3872 1758 3942 suscipiebant
1780 3891 1794 3944 ;

460 3955 728 4011 Moribus
759 3959 815 4011 et
844 3956 1065 4029 lingua,
1100 3974 1486 4031 quoscunque
1517 3962 1720 4018 venire
1749 3964 2044 4037 videbant,

459 4043 784 4099 Informant
810 4046 1070 4115 propria,
1105 4062 1255 4119 gens
1288 4048 1578 4104 efficiatur
1596 4054 1656 4104 ut
1681 4068 1814 4107 una.

457 4132 601 4187 Post
656 4150 842 4189 annos
891 4134 1150 4206 aliquot,
1196 4136 1496 4192 Gallorum
1566 4142 1863 4197 exercitus
1912 4144 2118 4198 urbem

458 4221 731 4276 Condidit
760 4223 1047 4277 Aversam
1086 4225 1198 4295 (21)
1236 4226 1489 4281 Radull‘o
1515 4230 1760 4285 consule
1791 4229 1902 4302 (22)
1934 4235 2115 4288 tutus.

459 4310 569 4365 Hic
595 4310 807 4380 opibus
830 4311 1247 4385 plenuslocus,
1280 4314 1442 4369 utilis
1473 4323 1564 4370 est
1586 4321 1640 4371 et
1662 4333 1930 4374 ammnus
1960 4336 1974 4390 ;

456 4398 590 4453 Non
620 4402 767 4470 sata,
806 4416 925 4454 non
956 4402 1185 4457 fructus
1211 4444 1225 4473 ,
1268 4420 1385 4458 non
1433 4409 1596 4474 prata
1648 4406 1977 4479 abustaque
2013 4410 2120 4465 de-

1595 4543 1599 4546 ,
1879 4501 2044 4565 sunt;

457 4576 673 4632 Nullus
696 4576 756 4631 in
786 4576 930 4632 orbe
950 4577 1120 4633 locus
1146 4579 1466 4651 jucundior
1491 4599 1503 4638 :
1545 4584 1701 4639 hunc
1733 4588 2013 4657 generosi

457 4664 737 4720 Consulis
759 4665 938 4737 elegit
954 4667 1265 4737 prudentia
1292 4675 1744 4739 prmmemorati.

458 4754 656 4826 Hujus
698 4755 983 4826 praeclara
1022 4759 1316 4825 processit
1346 4761 1529 4831 stirpe
1559 4760 1671 4833 (23)
1713 4763 2050 4820 Richardus

529 4897 622 4968 (2O
641 4896 988 4968 Pandulpbo
1007 4901 1241 4968 quarto.
1276 4899 1441 4957 LEIB.

498 4967 651 5051 “(21).
675 4967 903 5024 Aversa
934 4967 1077 5024 urbs
1107 4970 1260 5025 inter
1292 4972 1602 5044 Neopolim
1636 4978 1692 5030 et
1722 4974 1979 5047 Capuam
2011 4993 2120 5047 po-

460 5039 593 5094 sit'a.
629 5039 793 5097 Lam.
1426 5039 1443 5044 ’

530 5110 622 5248 ξὲἓ
642 5109 865 5165 Consul
879 5127 985 5193 pro
1017 5112 1247 5194 comite.
1280 5113 1445 5169 LEIB.

556 5180 647 5246 22)
677 5180 985 5236 Consentit
1013 5183 1373 5239 Wilhelmus
1391 5186 1445 5240 Gl

556 5180 647 5258 22)
677 5180 1373 5258 Consentit‘Wilhelmus
1391 5186 1900 5258 Gemmeticensis,
1916 5189 2017 5243 lib.
2042 5207 2123 5243 vn

466 5264 518 5324 c.
560 5249 646 5303 43.
678 5250 818 5324 _S_ed.
834 5254 955 5308 Leo
972 5255 1267 5309 Ostiensis
1286 5255 1391 5310 lib.
1417 5274 1476 5317 ιι.
1496 5275 1545 5311 c.
1569 5259 1655 5324 67,
1678 5249 2127 5315 narrat'Ascilit-

472 5319 655 5401 tinum
678 5320 1079 5401 Normannum
1103 5326 1349 5380 duxisse
1378 5319 1649 5401 sororem
1678 5330 1929 5401 Ranulﬁ,
1955 5332 2125 5401 eique

468 5390 529 5463 i_n
549 5390 822 5445 comitatu
835 5395 1140 5451 Aversano
1156 5398 1555 5463 successisse,
1591 5403 1648 5454 et
1673 5400 1854 5453 tilium
1884 5390 2128 5455 Richar-

466 5461 883 5544 d‘um,‘patrerm
917 5464 1197 5544 κιρνςὶέλιιῇι
1225 5484 1398 5523 avum
1434 5461 1715 5544 Richardi
1750 5471 1796 5523 Il
1820 5473 2125 5544 genuisse.

469 5509 787 5611 Ranulfum
812 5535 1143 5611 ‘Pa_n_dulfu_s
1155 5509 1370 5611 Capuae
1401 5541 1678 5611 princeps
1692 5509 1939 5597 Avegsm
1954 5509 2128 5597 comi-

466 5606 585 5660 tem
608 5602 1213 5683 fecerat..ARicha_rdus
1226 5602 1476 5683 I'postea
1490 5602 1705 5683 Cephea
1732 5614 2124 5683 principatum

469 5674 781 5748 occupavit
816 5672 977 5731 1053.
1029 5677 1160 5748 Vid,
1187 5672 1371 5737 Leon.
1404 5672 1689 5756 Ostiens.,
1717 5672 1756 5739 Ιῖ
1787 5684 1890 5759 ειη,
1926 5672 1986 5740 c.
2032 5683 2121 5740 16.

1777 296 2246 361 GUILLELMI
2277 297 2561 362 APULI.

3665 306 3782 372 1032

2141 485 2189 550 Α
2233 497 2343 562 Qui
2373 500 2506 567 post
2535 498 2849 566 successit,
2885 513 3000 569 quo
3035 512 3150 553 non
3183 499 3485 556 animosior
3510 502 3652 573 ullus,

2236 588 2422 640 Nemo
2463 587 2654 657 magis
2684 587 2922 657 largus;
2964 587 3065 657 qui
3095 602 3215 641 non
3241 587 3439 643 virtute
3458 592 3692 647 minorem

2238 676 2553 731 Jordanem
2566 676 2766 746 genuit
2782 693 2795 740 ;
2828 675 3109 729 Jordanis
3139 677 3196 728 et
3224 676 3356 730 inde
3379 678 3700 750 Richardum,

2236 766 2485 835 Jamque
2516 764 2643 817 viro
2675 765 2835 817 vires
2869 764 3196 835 condignas
3219 766 3332 818 fert
3357 766 3673 822 adolescens.

2238 853 2532 907 Moenibus
2565 854 2796 907 Aversa
2828 853 3121 907 Ranulfus
3154 853 3228 907 ab
3260 855 3398 909 urbe
3424 858 3658 925 peractis,

2238 943 2327 996 Ad
2360 942 2603 1012 patriam
2628 942 2786 995 misit
2814 941 3066 1012 legatos,
3100 943 3201 1013 qui
3230 959 3526 1014 properare

2240 1031 2618 1085 Normannos
2647 1029 2890 1099 faceret,
2923 1033 2980 1084 et
3010 1046 3186 1101 quam
3218 1032 3295 1085 sit
3314 1047 3521 1086 amoena
3547 1033 3771 1088 referrent

2238 1121 2466 1191 Appula
2500 1119 2793 1187 fertilitas,
2825 1121 3034 1189 inopes
3068 1120 3195 1174 fore
3227 1137 3358 1174 mox
3386 1122 3653 1190 opulentos

2241 1209 2534 1263 Divitibus
2565 1208 2747 1263 multo
2787 1208 2920 1277 plus
2953 1209 3339 1277 polliceantur
3366 1210 3670 1264 habendum.

2240 1298 2481 1352 Talibus
2511 1298 2746 1367 auditis,
2781 1301 2837 1351 et
2866 1299 3112 1368 egentes
3143 1301 3200 1353 et
3228 1297 3535 1367 locupletes

2240 1386 2576 1440 Adveniunt
2624 1385 2787 1439 multi
2823 1400 2836 1439 :
2870 1388 3147 1455 properat
3175 1400 3292 1456 quo
3324 1385 3475 1441 fasce
3502 1386 3691 1440 levetur

2238 1474 2613 1544 Paupertatis
2642 1474 2835 1542 inops,
2859 1488 2929 1527 ac
2959 1477 3185 1544 quierat
3213 1479 3276 1529 ut
3307 1474 3507 1544 optima
3532 1474 3689 1528 dives.

2240 1565 2468 1618 Interea
2500 1564 2679 1618 multo
2712 1563 2967 1617 decurso
3000 1566 3282 1633 tempore,
3318 1563 3503 1618 nullus

2242 1653 2519 1706 Partibus
2552 1652 2836 1706 Ausoniis
2866 1651 3164 1706 Gallorum
3194 1654 3387 1706 terror
3413 1651 3649 1719 habetur,

2242 1740 2330 1795 Ex
2356 1756 2472 1811 quo
2505 1741 2883 1794 Normannos
2904 1739 3162 1811 Catapan
3190 1740 3508 1794 abscedere
3533 1738 3664 1794 fecit.

2243 1829 2484 1899 Imperii
2514 1828 2730 1882 Melum
2763 1829 3096 1898 superando
3128 1828 3385 1882 Basilius
3415 1828 3637 1883 hostem.

2242 1919 2531 1971 Aversam
2562 1916 2758 1972 subito
2790 1917 2951 1971 venit
2985 1917 3282 1971 Ardoinus
3314 1918 3441 1986 (24),
3472 1921 3525 1971 et
3551 1916 3685 1970 illum

2240 2005 2522 2061 Pluribus
2553 2005 2823 2059 adductis
2853 2020 3080 2075 secum,
3112 2007 3310 2060 tremit
3330 2006 3577 2076 Appulus
3602 2003 3763 2058 omnis.

2243 2095 2300 2149 Is
2332 2094 2704 2148 Lombardus
2734 2097 2860 2148 erat
2888 2094 3252 2164 Graecosque
3286 2095 3487 2165 fugare
3515 2093 3723 2148 volebat.

2243 2183 2361 2238 Cur
2381 2183 2657 2237 inimicus
2685 2183 2795 2250 eis,
2822 2197 2928 2237 cur
2947 2181 3148 2237 Gallos
3179 2182 3431 2251 duxerit,
3463 2181 3613 2237 edam
3638 2197 3649 2234 :

2245 2273 2395 2326 Dum
2426 2272 2555 2325 sedi
2586 2270 2835 2325 Michael
2863 2270 3226 2340 Epilepticus
3258 2271 3373 2340 (25)
3399 2268 3653 2341 imperiali

2244 2359 2552 2428 Praesidet,
2587 2360 2649 2412 in
2678 2359 2912 2414 Siculos
2944 2359 3150 2413 hostes
3178 2358 3351 2430 jubet
3378 2375 3531 2413 arma
3550 2358 3744 2424 moveri,

2243 2448 2350 2513 Qui
2377 2449 2525 2503 ﬁnes
2544 2447 2829 2503 Calabros
2858 2463 2975 2501 non
3009 2451 3257 2502 cessant
3283 2446 3622 2518 depopulari.

2247 2538 2535 2609 Dirigitur
2564 2536 2813 2590 Michael
2845 2536 3184 2590 Dochianus
3214 2536 3289 2590 ad
3319 2537 3377 2590 id
3399 2535 3756 2607 peragendum,

2242 2626 2353 2690 Qui
2382 2626 2580 2680 multis
2611 2626 2873 2696 equitum
2906 2625 3283 2695 peditumque
3304 2628 3560 2695 potenter
3587 2624 3637 2677 in
3661 2635 3779 2676 arma
3886 2638 3887 2696 ξ

2246 2715 2520 2785 Undique
2552 2713 2835 2781 collectis,
2861 2712 3095 2768 Siculos
3128 2714 3491 2784 compescuit
3506 2712 3698 2767 hostes.

2245 2804 2403 2858 Inter
2431 2803 2712 2858 collectos
2734 2806 2858 2857 erat
2888 2802 3207 2871 Ardoinus,
3232 2805 3293 2856 et
3322 2800 3453 2874 ejus

2246 2893 2554 2947 Asseculm
2582 2892 2819 2962 quidam
2847 2890 3192 2945 Graecorum
3217 2891 3383 2946 caede
3403 2889 3596 2957 relicti,

2242 2981 2422 3035 Plebs
2444 2980 2913 3035 Lombardorum
2945 2979 3124 3034 Gallis
3153 2979 3415 3033 admixta
3444 2975 3745 3049 quibusdam

2244 3068 2352 3134 Qui
2384 3067 2622 3139 profugi
2653 3068 2903 3137 fuerant,
2936 3068 3035 3122 ubi
3064 3068 3218 3122 bella
3242 3067 3502 3122 Basilius
3521 3065 3645 3137 egit.

2244 3156 2509 3227 Cumque
2528 3155 2881 3225 triomphato
2911 3155 3149 3209 rediens
3171 3155 3511 3209 Dochianus
3538 3154 3603 3206 ab
3630 3152 3761 3204 hoste

2249 3245 2494 3299 Praemia
2528 3244 2812 3298 militibus
2846 3244 3073 3314 Regina
3105 3243 3216 3308 (26)
3249 3244 3509 3299 solveret
3532 3240 3678 3295 urbe.

2250 3333 2478 3389 Graecis
2509 3332 2741 3386 donatis
2771 3331 2919 3385 nihil
2950 3331 3247 3386 Ardoinus
3282 3332 3498 3386 habere

2150 3219 2197 3280 C

2247 3421 2544 3475 Donorum
2565 3419 2768 3489 potuit,
2802 3420 2985 3473 miser
3014 3419 3416 3489 immunisque
3445 3413 3712 3472 remansit.

2247 3508 2535 3564 Convenit
2561 3508 2698 3563 inde
2731 3523 2875 3562 suos
2905 3508 3113 3575 iratus,
3155 3510 3214 3561 et
3232 3509 3433 3579 arguit
3460 3509 3641 3576 Argos

2244 3598 2459 3667 Turpis
2481 3596 2761 3663 avaritizze,
2794 3596 3010 3666 populo
3040 3596 3176 3666 quia
3206 3595 3425 3650 dantur
3449 3592 3610 3649 inerti

2247 3687 2490 3741 Munera
2511 3686 2701 3740 danda
2722 3684 2890 3754 viris,
2928 3700 3060 3739 cum
3089 3685 3168 3739 sit
3195 3685 3372 3756 quasi
3401 3683 3605 3739 femina
3624 3679 3821 3735 Graecus.
3886 3684 3887 3733 ξ

2248 3776 2438 3830 Iratus
2459 3774 2711 3829 Michael
2740 3775 2978 3844 propter
3006 3773 3276 3828 convicia
3303 3774 3489 3846 jussit
3886 3760 3887 3763 L

2243 3864 2591 3921 Grmcorum
2632 3864 2765 3932 ritu,
2801 3862 3120 3918 credendus
3147 3866 3212 3918 ut
3241 3864 3573 3929 exueretur,

2244 3951 2535 4024 Corrigiis
2567 3967 2789 4006 caasum
2822 3951 3087 4022 graviter
3111 3966 3403 4021 peccasse
3429 3950 3671 4022 puderet.

2247 4040 2570 4096 Dedecoris
2601 4040 2744 4093 tanti
2775 4040 3137 4094 cruciatibus
3167 4041 3524 4112 exagitatus,

2250 4129 2481 4184 Mulctze
2504 4129 2889 4183 commissum
2917 4144 3036 4183 non
3064 4127 3433 4183 dimissurus
3460 4126 3699 4189 inultum,

2245 4218 2406 4273 Clam
2434 4234 2565 4273 cum
2598 4220 2773 4288 gente
2803 4232 2913 4271 sua
2942 4215 3289 4271 Graecorum
3320 4222 3513 4271 castra
3540 4210 3754 4281 reliquit.

2246 4307 2433 4361 Missa
2465 4307 2850 4378 Pelasgorum
2872 4321 3084 4359 manus
3115 4305 3273 4360 hunc
3300 4309 3364 4360 ut
3394 4302 3802 4375 persequeretur,

2250 4396 2530 4466 Repperit
2558 4395 2618 4448 in
2648 4410 2885 4465 campo;
2910 4410 3044 4449 cum
3076 4410 3193 4465 quo
3218 4395 3539 4466 confligere
3558 4391 3768 4449 tentans,

2247 4484 2412 4540 Cedit
2447 4499 2459 4538 :
2495 4486 2551 4538 et
2580 4483 2799 4538 occisis
2831 4483 3033 4538 decies
3059 4483 3138 4537 ibi
3169 4483 3431 4554 quinque
3461 4477 3703 4548 Pelasgis

2144 4576 2193 4633 ἶ)
2246 4573 2536 4627 Aversam
2566 4572 2874 4641 properat;
2905 4571 3263 4625 Normannis
3287 4568 3483 4625 omnia
3510 4565 3685 4621 narrat

2246 4660 2390 4726 Quae
2412 4660 2528 4714 sibi
2550 4659 2940 4730 contigerant,
2974 4659 3361 4714 vehementer
3377 4660 3435 4713 et
3452 4654 3688 4722 increpat
3704 4647 3827 4701 illosr

2248 4749 2474 4818 Appula
2494 4747 2853 4802 multimodae
2885 4762 3019 4801 cum
3050 4750 3204 4801 terra
3237 4748 3317 4801 sit
3348 4742 3604 4801 utilitatis

2246 4906 2412 4961 Lam.

2318 4978 2433 5046 (24)
2464 4976 2811 5048 Hardoinus
2839 4976 3273 5048 Longobardus
3304 4976 3661 5048 Normannos
3684 4962 3829 5048 ducit;

2248 5042 2349 5118 qui
2379 5042 2512 5101 cum
2542 5047 2601 5100 in
2631 5042 3002 5116 expeditione
3034 5047 3394 5101 Saracenum
3425 5042 3703 5118 quemdam
3734 5046 3827 5113 Ρτο·

2249 5115 2583 5184 stravisset,
2609 5115 2743 5189 ejus
2762 5134 2935 5188 equo,
2957 5134 3129 5188 quem
3150 5115 3827 5189 sibipugnandoquaaswe—

2249 5192 2356 5258 rat,
2392 5185 2701 5259 spoliatus,
2734 5185 2994 5257 injuriae-
3016 5185 3389 5243 ulciscendaa'
3418 5185 3649 5259 cupidus
3681 5188 3828 5232 consu-

2246 5256 2390 5313 lium
2422 5256 2740 5329 aripiendm
2782 5256 3010 5313 Graecis
3041 5259 3266 5328 Apulim
3301 5260 3472 5328 cepit.
3505 5256 3689 5329 Tmen.

2321 5309 3489 5403 (23$Qai'gaigo'éaaiiagagatem.-
3518 5326 3683 5380 factus
3710 5309 3821 5375 103i,

2248 5401 2392 5456 obiit
2422 5402 2578 5454 1041.
2615 5400 2780 5455 Lare.
3049 5400 3066 5403 ⁷
3224 5456 3243 5467 ,
3550 5466 3553 5467 ν
3678 5462 3685 5467 Α
3753 5453 3778 5467 ,.

2322 5472 2433 5540 (26)
2467 5472 2696 5543 Regina
2714 5472 2879 5539 urbs,
2901 5471 3075 5542 cujus
3094 5457 3465 5543 olim'ingens
3486 5466 3582 5543 fuit
3597 5457 3803 5543 palen}?

2249 5546 2305 5595 et
2330 5531 2592 5596 ‘ob'han‘é
2624 5531 2876 5597 causam
2893 5531 3126 5611 plurimi
3157 5531 3371 5597 nomen
3404 5536 3639 5611 civitatis
3665 5531 3824 5583 factum

2249 5628 2387 5668 esse
2416 5616 2737 5682 autumant,
2770 5607 2940 5685 quasi
2960 5613 3125 5685 regis
3161 5612 3305 5667 urbs
3336 5611 3503 5666 foret.
3535 5607 3714 5660 Tmen.
