3926 6146
100 277 221 345 1033
614 267 726 329 DE
767 264 1041 330 REBUS
1086 265 1378 326 GESTlS
1424 262 1875 329 NORMANN.
1911 262 1998 324 IN
2041 261 2363 339 SICILIA,
2397 261 2578 324 ETC.
2616 295 2685 312 --
2719 263 2876 325 LIB.
2913 263 2938 324 Ι
3214 210 3217 213 Ι
3332 264 3489 328 1034

99 472 348 530 Femineis
364 470 582 525 Graecis
607 484 712 522 cur
731 466 1102 537 permittatur
1131 465 1359 533 haberi,

97 567 211 620 Cum
240 576 412 632 genus
440 560 714 629 ignavum
743 558 841 625 sit,
876 555 1032 627 quod
1064 570 1263 608 comes
1299 553 1599 607 ebrietatis

97 652 304 721 Crapula
329 648 603 701 dissolvat
633 646 872 699 minimo
904 659 1065 713 saepe
1099 642 1268 697 hoste
1311 642 1570 713 fugatos,

95 740 392 807 Vestituque
423 751 654 807 graves,
690 749 807 788 non
840 733 1021 786 armis
1053 732 1271 785 asserit
1302 734 1493 800 aptos.

96 827 389 892 Normanni,
421 824 686 896 quamvis
720 824 984 876 Danaum
1016 821 1230 875 virtute
1261 819 1469 888 coacti,

95 917 280 986 Appula
304 929 429 967 rura
459 913 621 983 prius
652 911 966 979 dimittere,
1017 924 1233 963 rursus
1263 908 1426 961 adire

99 1005 196 1058 Hoc
223 1002 533 1057 stimulante
567 1002 806 1069 parant;
829 1012 1075 1053 numero
1100 1013 1232 1051 cum
1263 996 1491 1050 viribus
1514 996 1707 1062 aucto,

94 1095 270 1149 Omnes
300 1091 662 1157 conveniunt,
700 1093 757 1143 et
788 1089 879 1142 bis
913 1104 1019 1142 sex
1050 1086 1398 1153 nobiliores,

94 1182 221 1247 Quos
247 1196 423 1252 genus
455 1182 511 1234 et
540 1178 806 1250 gravitas
839 1192 1068 1231 morum
1112 1174 1430 1229 decorabat
1459 1175 1516 1228 et
1544 1175 1711 1242 tetas,

94 1271 301 1342 Elegere
331 1269 508 1321 duces
535 1283 549 1335 ς
584 1266 883 1338 provectis
912 1265 983 1319 ad
1018 1265 1357 1319 comitatum

97 1360 181 1412 His
207 1358 289 1411 alii
316 1360 553 1426 parent;
587 1357 898 1409 comitatus
951 1369 1162 1409 nomen
1191 1352 1439 1408 honoris
1472 1349 1604 1421 (2'1),

94 1446 191 1511 Quo
218 1446 504 1513 donantur,
539 1446 682 1498 crat.
720 1443 792 1495 lli
824 1445 976 1497 totas
1007 1442 1265 1512 undique
1310 1444 1501 1496 terras

96 1535 318 1589 Divisere
340 1534 471 1602 sibi,
502 1533 564 1586 ni
593 1548 731 1587 sors
762 1532 993 1585 inimica
1026 1533 1336 1600 repugnet,
1436 1534 1441 1539 ”

94 1624 295 1695 Singula
322 1624 646 1693 proponunt
675 1621 824 1690 loca,
858 1636 991 1692 quae
1015 1620 1361 1691 contingere
1394 1619 1555 1671 sorte

92 1712 274 1784 Cuique
321 1711 449 1765 duci
505 1710 743 1777 debent,
786 1713 842 1763 et
881 1724 1135 1780 quaeque
1165 1708 1383 1762 tributa
1416 1707 1714 1774 locorum;

94 1802 191 1854 Hac
218 1800 278 1854 ad
307 1800 451 1854 bella
482 1799 660 1853 simul
690 1798 972 1852 festinant
999 1796 1354 1851 conditione.

94 1890 266 1944 Nullus
293 1893 419 1943 tunc
448 1889 609 1943 Italis
642 1887 940 1943 exercitus
965 1884 1290 1955 imperialis

97 1978 324 2032 Partibus
353 1978 539 2033 audiri
565 1994 581 2047 ;
633 1976 977 2032 Graecorum
1005 1978 1122 2029 tota
1154 1974 1349 2045 quieta

94 2068 191 2123 Res
214 2072 346 2137 erat,
376 2070 432 2122 et
478 2066 675 2122 solum
714 2064 1033 2137 tranquillo
1066 2068 1328 2133 tempore
1359 2059 1580 2115 bellum

91 2156 353 2210 Adversus
380 2155 618 2210 Siculos
647 2153 857 2226 agitari
890 2153 1042 2207 fama
1070 2152 1315 2206 ferebat.

94 2245 280 2314 Appula
323 2244 682 2300 Normannis
714 2242 1068 2296 intrantibus
1099 2257 1262 2308 arva,
1299 2239 1542 2309 repente

92 2333 373 2401 Meltia(28)
402 2337 567 2403 capta
600 2332 731 2386 fuit.
764 2331 1048 2402 quidquid
1082 2329 1440 2400 praedantur,
1474 2326 1720 2379 adillam

94 2422 277 2476 Urbem
305 2423 593 2476 deducunt
622 2437 639 2490 ;
671 2421 780 2473 hac
810 2420 954 2473 sede
988 2418 1246 2473 Basilius
1278 2420 1433 2484 ante,

90 2510 239 2574 Quem
290 2527 462 2582 supra
523 2508 786 2575 memini,
812 2508 1077 2561 modicas
1109 2507 1504 2561 fabricaverat
1535 2503 1717 2572 mdes,

90 2597 210 2652 Esse
238 2600 417 2653 locum
449 2614 710 2653 cernens
744 2598 999 2667 inOpinae
1032 2593 1487 2649 commoditatis.

90 2687 315 2741 Accessu
352 2688 558 2759 populi
598 2701 754 2739 nunc
817 2685 960 2739 urbs
993 2684 1245 2739 illustris
1274 2681 1541 2749 habetur,

90 2774 294 2829 Finibus
328 2777 503 2831 Italiae
548 2774 951 2842 celeberrima,
986 2770 1384 2827 divesamoeni

89 2862 355 2919 Fertilitate
384 2866 521 2920 loci.
565 2863 802 2918 Cereris
832 2879 940 2917 nec
974 2877 1162 2933 egena
1193 2876 1303 2914 nec
1332 2859 1547 2928 amnis,

90 2949 141 3003 Et
165 2969 261 3021 qua
289 2958 445 3024 parte
475 2954 601 3007 sita
635 2956 746 3021 est,
784 2952 1042 3023 insignis
1076 2950 1300 3004 honore
1333 2947 1549 3002 ducali.

89 3041 259 3095 Audito
289 3043 469 3097 reditu
502 3040 728 3096 Siculis
771 3039 1074 3094 Michaelis
1108 3039 1181 3092 ab
1215 3039 1361 3106 oris,

90 3128 205 3182 Sese
239 3131 302 3184 ad
331 3132 481 3185 bella
513 3134 725 3202 parant
758 3128 1102 3195 Normanni,
1138 3128 1304 3198 cOpia
1345 3123 1617 3196 quamvis

1724 445 1785 521 Α
1819 460 2071 516 Fortiter
2097 462 2450 532 insequitur,
2478 477 2771 517 caesorum
2803 478 3049 532 corpora
3080 465 3260 518 multa

1822 550 2049 620 Appula
2078 550 2370 620 planities,
2423 551 2639 607 fluvius
2671 551 2777 606 sed
2808 552 2975 621 plura
2996 554 3236 622 recepit.

1822 639 1980 695 Gens
2010 640 2231 711 Argiva
2254 640 2489 712 quidem
2523 641 2700 695 nimio
2732 643 3005 710 perculsa
3036 657 3271 711 pavore.

1826 729 1973 783 Dum
2004 729 2384 783 tremebunda
2417 729 2586 802 fugit,
2623 746 2739 785 non
2770 731 3084 799 asperitate
3115 731 3379 786 locorum

1826 818 1958 872 Non
1987 817 2333 888 prohibetur
2361 820 2531 889 aquis
2565 819 3034 885 vehementibus,
3080 823 3141 873 ut
3173 821 3419 891 fugitiva

1828 907 1959 961 Non
1993 923 2058 961 se
2088 907 2445 977 praecipitet;
2476 907 2678 977 plures
2709 907 2764 960 in
2812 907 3050 963 flumine
3080 924 3315 964 mersos

1828 997 2051 1053 Alveus
2082 996 2327 1052 involvit
2358 1013 2533 1068 quam
2566 999 2737 1051 morti
2771 997 3023 1051 traderet
3054 1000 3240 1051 ensis.
3290 1010 3295 1013 '

1828 1086 1954 1140 Hos
1979 1086 2220 1158 iaculis,
2274 1087 2407 1141 illos
2441 1086 2654 1157 gladiis
2687 1101 2836 1157 gens
2868 1085 3088 1140 Gallica
3121 1089 3346 1156 stravit,

1828 1175 2035 1245 Fitque
2072 1176 2258 1229 modis
2289 1175 2470 1229 variis
2502 1174 2845 1230 Graecorum
2887 1176 3135 1229 maxima
3168 1177 3386 1232 cmdes.

1826 1264 1971 1320 Cum
2007 1265 2209 1334 paucis
2242 1267 2498 1318 montem
2527 1264 2773 1318 Michael
2806 1264 3046 1334 elapsus
3077 1264 3276 1320 adivit.

1829 1353 2073 1408 Vicinos
2104 1357 2333 1408 montes
2366 1369 2648 1423 superare
2680 1354 2982 1407 cacumine
3005 1354 3201 1407 visum
3232 1369 3243 1408 :

1828 1442 2127 1498 Gallorum
2162 1443 2318 1497 vires
2349 1442 2594 1496 victoria
2624 1442 2919 1496 mentibus
2950 1448 3147 1514 auget,

1828 1531 1953 1585 Nec
1987 1536 2192 1587 contra
2220 1531 2455 1587 Danaos
2483 1532 2605 1601 jam
2634 1531 2787 1585 bella
2818 1532 3081 1602 gerenda
3110 1537 3455 1603 pavescunt.

1827 1622 1999 1676 Haud
2030 1637 2209 1676 secus
2240 1622 2519 1690 accipiter
2547 1621 2758 1673 solitus
2792 1624 3025 1689 captare
3058 1621 3317 1677 minores

1827 1710 2226 1765 Indubitanter
2256 1725 2419 1777 aves,
2479 1709 2754 1763 dubitans
2786 1709 3032 1781 majoris
3065 1710 3211 1765 inire

1743 1820 1796 1886 Β
1828 1800 2001 1855 Alitis
2030 1800 2339 1865 assultum,
2374 1798 2589 1869 poterit
2622 1799 2673 1852 si
2707 1800 2859 1852 forte
2894 1799 2985 1853 vel
3017 1815 3193 1854 unam

1828 1890 2202 1958 Exsuperare
2233 1904 2463 1961 gruem,
2497 1904 2614 1943 non
2648 1887 2782 1942 inde
2826 1887 3052 1942 timebit
3083 1888 3326 1959 olorem,

1829 1978 1898 2033 Et
1930 1978 2161 2050 magnis
2192 1977 2384 2032 avitus
2405 1977 2530 2047 jam
2563 1977 2642 2031 nil
2674 1977 2911 2032 obstare
2942 1978 3197 2047 pavebit.

1831 2068 2081 2140 Agmine
2114 2068 2357 2121 collecto
2390 2066 2758 2134 Graecorum,
2798 2081 3014 2120 rursus
3063 2067 3135 2121 ad
3166 2082 3398 2123 amnem

1829 2155 2047 2210 Cannis
2078 2156 2315 2210 afﬁnem
2348 2154 2447 2225 qui
2479 2154 2983 2224 diciturAufidus,
3019 2171 3227 2210 omnes

1830 2244 1990 2310 Quos
2020 2261 2224 2299 secum
2257 2244 2440 2313 potuit
2470 2243 2718 2297 Michael
2753 2243 3068 2313 deducere,
3103 2245 3286 2312 duxit,

1832 2335 1920 2389 Ad
1950 2349 2205 2405 pugnam
2228 2331 2374 2386 Galli
2405 2332 2670 2399 redeunt,
2710 2337 2769 2385 ut
2801 2334 3069 2386 cesserat
3099 2335 3250 2386 ante.

1830 2422 1995 2478 Cedit
2026 2423 2115 2478 eis
2147 2421 2416 2490 Michael,
2450 2420 2587 2474 victi
2620 2419 2825 2491 fugere
2856 2420 3114 2492 Pelasgi,
3302 2410 3305 2415 ⁴

1830 2511 2152 2567 Caeduntur
2182 2509 2367 2577 multi,
2400 2508 2655 2564 labentis
2684 2524 2836 2579 equo
2872 2508 3154 2563 Dochiani

1832 2600 2126 2671 Armigeri
2157 2598 2373 2654 auxilio
2407 2600 2682 2652 servatur
2713 2600 2829 2652 vita
2855 2597 3107 2669 fugacis.

1832 2689 2067 2745 Corruit
2095 2687 2328 2747 offenso
2360 2688 2507 2758 pede
2538 2686 2689 2741 forte
2720 2687 2985 2741 caballus
3030 2688 3104 2741 ad
3135 2688 3327 2741 amnis

1834 2780 2204 2851 Ingressum.
2262 2777 2508 2830 Michael
2544 2776 2814 2830 manibus
2840 2775 2967 2847 jam
3022 2792 3169 2847 pene
3215 2776 3505 2831 tenendus

1833 2869 2085 2923 Hostilis
2119 2868 2330 2932 turba),
2373 2867 2676 2935 prOprium
2705 2865 2955 2919 ducente
2988 2866 3257 2920 ministro

1833 2957 1938 3011 Est
1970 2957 2211 3025 elapsus
2243 2971 2457 3026 equum
2484 2970 2499 3023 ;
2532 2955 2854 3007 Normanni
2906 2954 3038 3023 plus
3069 2955 3400 3008 animantur

1830 3047 1955 3112 Quo
1990 3044 2179 3117 magis
2211 3047 2461 3115 augetur
2490 3042 2633 3097 felix
2664 3042 2989 3097 successus
3023 3045 3081 3097 in
3110 3043 3315 3096 armis.

1835 3134 2054 3189 Pelusii
2089 3134 2304 3187 montis
2328 3132 2577 3186 Michael
2605 3132 2747 3202 petit
2778 3131 2963 3185 ardua
2988 3132 3201 3185 victus.

94 3176 203 3182 επ-
240 3176 302 3184 η
331 3176 481 3185 ..-.._
513 3176 724 3202 rm“-
758 3176 1102 3195 -.--n__w_--,
1143 3176 1304 3198 ητρ-
1351 3176 1611 3196 ram“-

89 3215 229 3273 Multa
248 3220 317 3273 sit
344 3222 669 3292 Argorum,
706 3235 813 3272 sna
847 3234 1024 3289 quam
1056 3216 1414 3287 paucissima
1451 3229 1633 3285 gens:

1838 3176 1855 3188 .
1882 3176 2054 3189 em-..
2092 3176 2304 3187 ....,..-...
2605 3176 2747 3202 ιη.-.
2779 3176 2963 3185 ηπ..
3000 3176 3119 3185 ην-.

1837 3225 1985 3278 Hinc
2016 3222 2301 3277 exercitui
2323 3220 2668 3276 Graecorum
2700 3221 2898 3273 nuntia
2931 3221 3119 3287 mittit,

89 3304 204 3360 Nam
230 3309 443 3378 pedites
472 3313 703 3362 tantum
735 3307 1095 3378 quingentos
1127 3304 1299 3358 turba
1329 3302 1648 3373 pedestris,

88 3392 138 3446 Et
162 3397 557 3468 septingentos
589 3396 904 3450 comitatus
954 3394 1207 3448 habebat
1239 3390 1580 3462 equestris;

89 3482 321 3540 Obtectos
352 3487 582 3556 clypeis
614 3500 836 3554 paucos
868 3484 1054 3537 lorica
1080 3485 1296 3536 tuetur.

84 3572 268 3626 Armati
285 3574 506 3644 pedites
536 3572 805 3626 dextrum
837 3572 1170 3640 laevumque
1200 3570 1512 3622 monentur

84 3657 435 3717 Circumstare
465 3663 664 3729 latus;
699 3660 920 3730 aliquot
953 3659 1256 3713 sociantur
1282 3658 1613 3727 equestres,

86 3748 296 3803 Firmior
322 3755 383 3804 ut
409 3750 675 3821 peditum
707 3748 877 3819 plebs
909 3748 985 3802 sit
1028 3746 1443 3801 comitantibus
1475 3744 1614 3798 illis.

86 3838 169 3891 His
197 3842 541 3896 interdicunt
588 3838 823 3893 omnino
857 3837 1134 3891 recedere
1174 3850 1402 3904 campo,

83 3926 142 3980 Ut
166 3931 601 4001 recipivaleant,
635 3927 686 3981 si
718 3926 873 3981 forte
898 3926 1177 3996 fugentur
1206 3925 1278 3978 ab
1317 3924 1504 3977 hoste.

82 4014 262 4072 Taliter
290 4018 601 4074 instructis
634 4016 750 4071 illis
777 4018 833 4069 et
864 4016 1135 4085 utrinque
1166 4012 1399 4081 locatis,

86 4104 386 4175 Digreditur
417 4104 856 4177 cuneuslonge
879 4104 1183 4174 paulisper
1213 4100 1540 4172 equestris;

82 4192 261 4250 Contra
290 4214 437 4268 quos
472 4210 704 4250 cuneus
735 4194 1073 4247 Graecorum
1108 4192 1353 4244 mittitur
1375 4203 1548 4243 unus.

86 4281 191 4337 Non
218 4287 424 4340 etenim
459 4290 615 4339 totas
650 4283 831 4337 Danai
862 4284 1061 4335 laxare
1092 4281 1369 4334 cohortes

85 4369 246 4429 Primo
276 4375 458 4429 Marte
501 4374 724 4443 solent,
754 4371 1049 4442 legionem
1082 4370 1187 4424 sed
1220 4370 1386 4438 prius
1420 4381 1613 4431 unam,

84 4460 194 4516 Inde
234 4464 401 4518 aliam
448 4463 704 4530 mittunt,
746 4464 804 4515 ut
836 4460 1024 4514 virtus
1056 4464 1222 4512 aucta
1254 4472 1502 4511 suorum

86 4548 270 4607 Hostes
300 4553 586 4619 debilitet,
622 4554 1033 4619 terroremque
1066 4550 1278 4619 augeat
1302 4547 1438 4600 illis.

84 4640 161 4691 Sic
178 4642 425 4711 equitum
453 4641 739 4712 princeps
769 4639 952 4693 obniti
984 4637 1121 4691 dum
1164 4637 1323 4689 videt
1354 4636 1581 4704 hostes,

84 4724 200 4781 Cum
223 4731 408 4802 magis
441 4730 632 4784 electo
674 4728 774 4799 qui
814 4729 997 4781 restat
1027 4725 1207 4779 milite
1239 4740 1443 4779 secum

90 4815 385 4888 l’roripitur
415 4818 651 4887 subito;
675 4818 954 4887 viresque
994 4813 1306 4870 retundere
1336 4828 1585 4883 prorsus

84 4901 159 4957 Sic
184 4907 327 4962 solet
358 4907 634 4974 hostiles,
680 4906 908 4959 animos
957 4904 1286 4975 reparando
1320 4916 1584 4956 suorum.

83 4992 447 5067 Illi-orumquc
473 4996 599 5049 acie
631 4998 928 5063 conserta,
964 4993 1216 5047 maxima
1245 5006 1446 5063 pugna

82 5079 151 5133 Fit
174 5084 328 5151 juxta
363 5085 606 5154 rapidas
639 5084 884 5138 Lebenti
918 5083 1029 5151 (:29)
1084 5082 1341 5135 fluminis
1375 5079 1586 5134 undas.

80 5168 378 5228 Vincuntur
411 5173 615 5241 Danai,
641 5172 943 5227 Gallorum
976 5171 1279 5225 exercitus
1308 5169 1443 5222 illos

136 5313 235 5378 (27)
279 5315 605 5369 Comitatus
659 5328 871 5367 nomen
906 5313 1150 5367 honoris
1201 5312 1373 5365 nobis
1419 5309 1592 5363 etiam
1626 5308 1732 5361 fuit

77 5389 121 5436 et
150 5384 317 5439 oflicii
351 5402 547 5456 usque
577 5388 647 5440 ad
683 5385 955 5456 Hugonis
986 5383 1189 5456 Capeti
1210 5386 1494 5456 tempora.
1517 5382 1730 5456 Tmen.

80 5456 175 5507 Sed
225 5451 489 5523 ditionis,
552 5473 682 5511 nam
734 5451 1543 5525 comitatus'cuiquesimul
1577 5451 1734 5505 assi-

83 5534 294 5596 gnatur.
323 5528 492 5583 LEIB.

139 5616 243 5685 (28)
272 5617 491 5685 Meltis,
527 5621 622 5673 aut
652 5616 847 5672 Melﬁa
876 5616 1022 5672 urbs
1054 5616 1112 5671 in
1143 5614 1372 5685 Apulia.
1408 5612 1575 5667 [λείη.

386 5707 589 5763 Panos
614 5705 867 5763 CXLIX.

1831 3312 1939 3377 Qui
1969 3312 2187 3366 Siculis
2218 3312 2405 3365 inerat
2428 3314 2565 3364 tunc
2601 3309 2889 3379 partibus,
2926 3312 2987 3363 ut
3016 3309 3363 3378 reparandis

1832 3402 2073 3456 Viribus
2104 3399 2363 3469 accedat,
2398 3399 2616 3469 quibus
2657 3398 2828 3454 hoste
2860 3398 3098 3470 fugatus
3130 3398 3362 3469 egebat.

1833 3491 2027 3546 Mellia
2057 3490 2419 3545 Normannis
2452 3487 2798 3555 victoribus,
2832 3489 2893 3540 ut
2917 3492 3234 3556 repetatur,

1833 3580 2188 3651 Complacet,
2223 3579 2316 3632 hic
2348 3576 2556 3647 spoliis
2590 3577 2851 3631 collectis
2884 3576 3079 3647 gentis
3113 3576 3374 3646 Achaea,

1836 3671 1999 3725 Stant
2027 3669 2453 3739 aliquantisper
2480 3666 2790 3737 tranquilla
2821 3681 2964 3735 pace
2997 3666 3198 3736 quieti.

1835 3761 1950 3815 Pro
1981 3773 2226 3813 numero
2258 3755 2532 3810 comitum
2561 3755 2654 3809 bis
2689 3771 2797 3808 sex
2828 3758 3084 3809 statuere
3116 3755 3360 3825 plateas,

1835 3849 2025 3918 Atque
2057 3847 2268 3901 domus
2299 3844 2575 3898 comitum
2596 3843 2833 3897 totidem
2862 3842 3221 3897 fabricantur
3244 3844 3301 3899 in
3333 3845 3500 3901 urbe.

1832 3937 1947 3991 Sed
1971 3936 2105 4007 quia
2134 3933 2453 4004 terrigenis
2481 3932 2695 3986 terreni
2730 3947 2965 4000 semper
2997 3932 3256 3987 honores

1834 4024 2117 4080 Invidiam
2149 4022 2401 4094 pariunt,
2435 4021 2710 4074 comitum
2742 4020 3010 4074 mandata
3048 4026 3350 4092 recusant,

1832 4115 1992 4180 Quos
2024 4112 2137 4167 sibi
2170 4110 2566 4181 przetulerant,
2599 4108 2745 4162 Galli
2787 4124 3032 4163 servare
3076 4109 3332 4165 feroces.

1833 4202 2173 4273 Indigenam
2204 4198 2350 4252 Latii
2384 4196 2635 4265 propriae
2666 4210 3009 4265 praeponere
3060 4197 3219 4267 genti

1832 4294 2104 4348 Dilexere
2134 4287 2347 4358 magis,
2382 4286 2698 4339 Beneventi
2729 4284 3015 4353 principis
3042 4285 3222 4355 hujus

1833 4383 2065 4437 Nomen
2094 4375 2442 4438 Adenolfus,
2497 4389 2647 4445 quos
2707 4373 2956 4428 forsitan
3014 4374 3142 4444 ipse
3177 4374 3269 4429 vel
3300 4390 3508 4429 aurum

1838 4470 2041 4525 Dando
2074 4469 2165 4523 vel
2198 4469 2525 4537 argentum,
2561 4464 2713 4534 pacti
2745 4466 2970 4519 mutare
3004 4465 3223 4534 prioris

1754 4531 1809 4597 ι)
1835 4559 2205 4628 Compulerat
2237 4531 2436 4610 votum
2461 4572 2479 4617 ,·
2504 4531 2644 4623 quid
2676 4569 2790 4608 non
2815 4531 3112 4624 compellit
3141 4555 3291 4609 inire

1838 4649 2094 4704 Ambitio
2126 4660 2344 4701 census
2374 4644 2402 4697 ‘?
2434 4659 2616 4697 sanos
2647 4646 2913 4698 evertere
2946 4661 3165 4699 sensus

1844 4739 1985 4792 Ilaec
2018 4737 2193 4802 valet,
2228 4750 2295 4789 ac
2324 4732 2460 4788 iidei
2491 4733 2721 4804 rigidos
2753 4733 3089 4789 dissolvere
3122 4749 3330 4790 nexus.

1842 4828 2164 4897 Postquam
2194 4823 2422 4878 delatos
2456 4821 2741 4876 Dochiani
2771 4823 3070 4877 exercitus
3104 4823 3262 4877 audit

1843 4914 2120 4970 Partibus
2150 4912 2209 4965 in
2238 4911 2458 4965 Siculis
2489 4911 2708 4980 apices,
2743 4913 2799 4964 et
2828 4911 2899 4965 de
2932 4912 3273 4980 reparandis

1846 5004 2088 5059 Viribus
2120 5000 2473 5067 admonitus,
2506 5000 2867 5055 Dochianum
2899 5001 3059 5053 novit
3089 5005 3360 5071 egentem

1844 5094 2098 5162 Auxilio,
2132 5093 2403 5161 properat
2430 5089 2814 5159 Calabrisque
2852 5089 3113 5159 virisque
3146 5090 3481 5161 quibusque

1848 5183 2119 5252 Undique
2152 5178 2435 5243 collectis,
2463 5178 2538 5230 ita
2559 5178 2629 5231 ad
2664 5178 3003 5231 ulciscenda
3034 5193 3275 5233 suorum

1919 5323 2031 5392 (‘29)
2063 5321 2235 5375 Forte
2266 5320 2978 5393 legendumSebethiaut
3014 5320 3299 5375 Labeatis
3328 5322 3520 5376 TIREM

1848 5396 1961 5450 Sed
1997 5395 2047 5447 si
2066 5395 2135 5447 ad
2170 5391 2483 5461 Melphiam
2517 5391 2721 5445 urbem
2741 5392 3018 5445 bellatum
3052 5397 3162 5459 est,
3190 5394 3516 5447 utinnucre

1847 5468 2078 5520 videtur
2106 5464 2474 5527 Guilielmus,
2512 5467 2566 5515 et
2596 5462 2651 5515 in
2705 5464 2892 5532 Apula
2918 5463 3170 5532 planitie,
3208 5466 3412 5520 nescio
3446 5480 3520 5519 an

1849 5538 1992 5594 felix
2024 5537 2296 5591 Tiremaei
2329 5535 2687 5606 conjectura.

3163 5711 3234 5767 83
