3926 6146
427 287 589 352 1035
1770 288 1975 353 GUIL

2215 289 2241 350 Ι
2294 290 2545 353 APULI

3673 303 3790 368 10$

428 485 713 556 Corpora,
749 503 881 558 quae
906 489 1131 557 campis
1163 490 1220 542 et
1257 487 1428 559 aquis
1458 487 1759 545 inhumata
1793 488 2098 561 jacebant.
2123 469 2188 534 Α
2214 486 2388 543 Nunc
2418 487 2770 558 hi,nuncilli
2802 489 3037 563 fugiunt
3057 506 3171 563 que
3188 491 3391 564 fugant
3413 509 3514 565 que
3549 495 3793 571 fuga'ntes;

426 574 572 629 Cum
605 575 832 630 Graecis
865 575 1109 629 aderant
1138 576 1395 646 quidam,
1416 592 1569 647 quos
1598 580 1903 647 pessimus
1935 593 2103 633 error
2213 576 2477 647 Cumque
2505 577 2605 632 diu
2634 593 2893 650 pugnam
2923 578 3105 633 Gallis
3136 579 3481 649 patientibus
3509 584 3638 656 Argi

431 662 681 719 Fecerat
713 667 999 734 amentes,
1034 667 1090 719 et
1117 665 1188 719 ab
1227 664 1360 735 ipso
1401 682 1614 720 nomen
1648 667 1960 735 habebant,
2212 666 2450 720 Acriter
2476 667 2786 736 instarent,
2817 667 3078 722 victores
3103 667 3232 739 jam
3261 684 3437 739 prope
3466 670 3604 741 facti,

2212 755 2547 825 Proripitur
2577 756 2772 811 subito
2802 757 3031 811 medios
3059 757 3331 812 Galterus
3362 759 3420 812 in
3446 759 3664 821 hostes:

2214 843 2589 899 Normannos
2620 844 2864 900 hortans
2896 846 2969 900 ad
2990 846 3142 901 bella
3174 846 3368 901 redire
3398 847 3652 920 fugaces;

2213 932 2347 1003 Ipse
2381 933 2704 988 electorum
2733 935 3013 989 comitum
3052 935 3160 990 fuit
3189 951 3366 1005 unus,
3397 938 3557 991 amici

2219 1020 2408 1075 Filius
2439 1021 2698 1093 insignis
2725 1039 2739 1092 ;
2771 1023 2996 1078 nullum
3029 1027 3327 1079 certamen
3357 1026 3553 1080 Achivi

2216 1109 2458 1180 Experti
2489 1112 2766 1183 gravius;
2799 1112 2905 1167 sed
2937 1113 3230 1183 plurimus
3260 1113 3355 1167 hic
3385 1115 3513 1184 quia
3538 1115 3682 1171 miles

2216 1198 2463 1269 Occidit,
2499 1199 2715 1254 heroes
2745 1200 2911 1255 multi
2943 1201 3121 1256 simul
3165 1202 3455 1257 interiere.

2219 1287 2445 1342 Ductus
2477 1288 2748 1344 Adenolﬁ
2779 1290 2963 1344 miser
2992 1289 3377 1363 Exaugustus
3393 1291 3463 1345 ad
3489 1292 3684 1363 urbem,

2218 1375 2609 1430 Praecedebat
2636 1391 2853 1447 equum
2903 1378 3147 1432 victoris
3188 1379 3260 1433 ab
3291 1379 3461 1433 hoste
3487 1379 3677 1451 ligatus

436 1460 675 1530 Imperii
705 1460 820 1515 sub
851 1477 967 1532 quo
1002 1465 1230 1519 romani
1250 1481 1391 1520 cura
1421 1467 1720 1536 manebat,
2218 1464 2532 1519 Ostentare
2562 1464 2659 1518 sui
2689 1480 2959 1535 pompam
2992 1466 3263 1538 cupiente
3292 1467 3579 1537 triumphi.

438 1548 654 1603 Contra
677 1549 1074 1621 Normannos,
1106 1554 1241 1623 quia
1315 1555 1539 1609 nullum
1590 1556 2004 1625 prosperitatis
2219 1552 2339 1607 Ter
2367 1552 2552 1606 Gallis
2586 1552 2686 1608 illo
2718 1553 2966 1608 victoria
2998 1555 3243 1627 contigit
3271 1570 3443 1610 anno.

435 1636 801 1693 Successum
861 1640 1129 1709 obtinuit,
1182 1640 1373 1713 jubet,
1410 1643 1795 1716 Exaugustus
1833 1648 1896 1700 ut
1926 1645 2110 1718 hujus
2220 1640 2507 1695 Confusis
2530 1640 2748 1695 Danais
2773 1641 2899 1713 jam
2930 1658 3074 1713 spes
3104 1646 3197 1698 est
3243 1644 3401 1698 nulla
3432 1644 3653 1713 trophaai

433 1725 509 1780 Of
516 1727 715 1781 ﬁcium
747 1728 977 1797 subeat,
1011 1729 1246 1785 Danaos
1279 1732 1337 1784 in
1360 1732 1562 1801 praelia
1593 1733 1786 1788 ducat.

437 1815 667 1869 Dicitur
696 1816 853 1870 hunc
883 1817 1073 1872 victor
1102 1820 1389 1889 genuisse
1425 1821 1680 1875 Basilius
1702 1822 1819 1891 ille,

438 1902 551 1968 Qui
579 1904 728 1959 duce
761 1906 873 1959 sub
904 1906 1055 1960 Melo
1086 1907 1286 1962 Gallos
1317 1909 1456 1963 dare
1479 1914 1649 1983 terga
1677 1911 1891 1983 coegit.

442 1993 582 2046 Inde
611 1993 759 2048 redit
789 1992 1020 2049 Siculas
1044 1994 1289 2050 Michael
1324 1998 1664 2054 Dochianus
1696 2000 1770 2054 ad
1800 2015 1961 2056 oras.

444 2076 833 2152 Exaugustus
865 2098 990 2152 eos,
1017 2099 1269 2155 quorum
1298 2086 1415 2140 sibi
1440 2087 1651 2142 tradita
1684 2105 1824 2143 cura
1852 2093 1962 2161 est,

444 2170 663 2225 Taliter
688 2171 1011 2242 alloquitur
1045 2189 1056 2228 :
1091 2174 1411 2229 Prudentia
1442 2181 1638 2231 vestra
1670 2178 1827 2232 virili

441 2258 785 2314 Conditione
816 2261 1029 2332 vigens
1060 2277 1177 2316 non
1209 2279 1317 2317 vos
1346 2264 1638 2334 permittat
1677 2266 1897 2322 habere

442 2345 559 2402 Cor
586 2348 892 2415 muliebre,
931 2350 1060 2404 viri.
1097 2350 1238 2416 Quae
1284 2367 1394 2407 vos
1433 2352 1668 2424 ignavia
1699 2370 1935 2427 semper

441 2437 613 2509 Cogit
641 2437 789 2492 inire
829 2437 1077 2510 fugam?
1117 2455 1409 2496 memores
1458 2445 1650 2498 estote
1682 2444 1965 2515 priorum,

440 2525 704 2590 Quorum
759 2528 1081 2583 strenuitas
1124 2530 1306 2584 totum
1337 2530 1453 2585 sibi
1484 2531 1745 2587 subdidit
1777 2533 2002 2590 orbem.

442 2615 666 2669 Hector
692 2614 980 2671 Achilleis
1014 2617 1380 2673 fortissimus
1410 2620 1625 2675 occidit
1655 2622 1859 2677 armis.

443 2702 624 2774 Troja
663 2704 971 2758 Michaanei
1005 2705 1117 2775 (30)
1149 2708 1264 2761 ruit
1303 2708 1547 2779 ignibus
1582 2713 1714 2764 usta
1745 2710 2004 2784 furoris;

446 2791 696 2863 Philippi
728 2796 982 2864 quantus
1013 2794 1189 2849 fuerit
1220 2796 1408 2866 vigor,
1438 2798 1599 2852 India
1629 2799 1825 2866 novit;

445 2880 644 2953 Hujus
675 2882 1009 2938 Alexander
1037 2885 1240 2955 proles
1271 2884 1597 2941 fortissima
1626 2904 1821 2944 nonne

443 2970 640 3026 Fortia
657 2971 973 3027 multorum
1007 2972 1264 3045 subjecit
1296 2988 1478 3046 regna
1510 2975 1782 3049 Pelasgis
1803 2979 1832 3033 ?

441 3060 719 3116 Partibus
750 3062 1036 3133 occiduis,
1071 3063 1417 3118 Graecorum
1448 3064 1603 3119 fama
1634 3066 1828 3122 timori

441 3149 729 3206 Omnibus
758 3154 814 3206 et
846 3152 1047 3206 mundi
1093 3154 1443 3224 regionibus
1480 3170 1618 3210 esse
1648 3156 1896 3212 solebat.

441 3239 583 3305 Qum
614 3256 787 3312 gens,
812 3241 1008 3296 audito
1038 3240 1384 3297 Graecorum
1415 3244 1671 3311 nomine,
1707 3248 1864 3301 stare

440 3328 711 3384 Audebat
741 3332 992 3401 campo?
1012 3331 1112 3385 vix
1145 3332 1374 3401 oppida,
1412 3337 1627 3399 castra,
1673 3334 1765 3388 vel
1795 3334 1977 3390 urbes

443 3418 792 3473 Reddebant
811 3421 970 3473 tutos
1000 3420 1072 3473 ab
1106 3435 1309 3474 eorum
1330 3420 1559 3475 viribus
1593 3421 1833 3491 hostes;

436 752 615 806 Plebs
647 754 799 807 solet
828 753 941 806 ista
971 754 1204 807 Patrem
1220 770 1351 807 cum
1366 753 1605 809 Christo
1630 755 2106 826 dicerepassum,

430 840 501 895 Et
532 841 709 896 fronti
742 841 927 911 digito
960 842 1199 912 signum
1231 843 1428 896 crucis
1460 842 1738 913 imprimit
1789 860 1927 914 uno,

435 929 568 983 Non
589 930 763 984 aliam
796 930 927 983 Nati
951 946 1267 999 personam
1299 947 1473 1001 quam
1507 932 1697 987 Patris
1730 948 1890 1003 esse,

431 1018 600 1072 Hanc
631 1020 805 1073 etiam
838 1018 1022 1072 sancti
1047 1018 1398 1090 Spiraminis
1431 1035 1571 1075 esse
1618 1022 1931 1077 docebant.

431 1106 508 1160 Hi
539 1105 713 1160 simul
738 1106 808 1160 ad
839 1107 1058 1161 bellum
1088 1111 1430 1177 properant,
1466 1125 1633 1165 meus
1665 1112 1941 1167 omnibus
1974 1128 2108 1182 una,

432 1196 627 1264 Vires,
661 1212 811 1266 quas
843 1196 1092 1250 Michael
1125 1196 1427 1266 amiserat,
1462 1201 1525 1252 ut
1554 1204 1921 1269 reparentur.

438 1283 608 1338 Hunc
637 1286 830 1338 tamen
863 1298 1002 1338 esse
1036 1284 1245 1340 ducem
1277 1290 1435 1340 vetat
1465 1288 1716 1357 amplius
1748 1290 2004 1361 agminis

1719 1377 1737 1449 [
1767 1377 1968 1450 hujus,

2223 1818 2345 1872 Illis
2367 1818 2756 1889 temporibus,
2787 1819 3122 1891 MonOpolis
3153 1824 3209 1875 et
3241 1822 3592 1889 Juvenacus,

2220 1908 2414 1977 Atque
2444 1908 2627 1962 urbes
2657 1906 2788 1962 aliis
2819 1909 3202 1980 quamplures
3232 1909 3450 1965 {aedere
3479 1914 3657 1980 spreto

2222 1995 2593 2065 Graecorum,
2627 2000 2863 2066 pactum
2897 2013 3031 2051 cum
3061 1997 3454 2070 Francigenis
3499 1999 3678 2052 iniere.

2224 2083 2363 2137 Inde
2401 2100 2641 2139 manere
2674 2085 2793 2140 Deo
2825 2086 3058 2141 nolente
3089 2086 3312 2141 diutius
3344 2086 3476 2157 ejus

2225 2260 2591 2316 Succedente
2619 2263 2756 2333 sibi,
2789 2263 2889 2334 qui
2918 2262 3348 2319 Constantinus
3379 2268 3436 2320 et
3465 2265 3610 2319 idem

2225 2349 2475 2404 Nomine
2509 2350 2701 2405 dictus
2732 2355 2888 2406 erat:
2939 2353 3275 2423 quemdam,
3340 2353 3596 2408 solamen
3621 2356 3673 2406 ut
3715 2351 3807 2405 inde

2225 2438 2443 2493 Auxilii
2476 2442 2713 2510 caperet
2743 2455 2893 2511 gens
2924 2440 3172 2511 Appula,
3204 2440 3597 2513 Synodianum

2225 2527 2511 2597 Destinat,
2548 2528 2644 2583 hic
2674 2530 2938 2596 veniens,
2974 2533 3032 2585 et
3058 2530 3247 2601 primo
3278 2531 3564 2602 appulsus
3603 2528 3813 2599 Hydrun-

3435 2619 3453 2692 ι
3484 2616 3718 2687 tumes).

2226 2705 2485 2777 Legatos
2515 2705 2712 2761 socias
2746 2704 3111 2763 Francorum
3144 2708 3305 2763 misit
3336 2709 3408 2763 ad
3439 2709 3632 2778 urbes,

2225 2793 2302 2849 Se
2326 2795 2510 2864 recipi
2540 2796 2844 2866 rogitans;
2879 2796 3088 2851 nolunt
3111 2813 3323 2867 parere
3357 2797 3602 2870 roganti.

2226 2884 2488 2938 Militiam
2521 2900 2798 2955 reparare
2828 2886 3005 2955 cupit,
3040 2887 3145 2941 sed
3181 2886 3367 2942 milite
3400 2888 3573 2942 multo

2148 3004 2200 3067 ο
2226 2971 2399 3028 Caeso
2430 2989 2498 3027 ac
2526 2974 2821 3043 disperso,
2854 2990 3078 3044 paucos
3108 2976 3373 3031 retinere
3405 2975 3640 3030 valebat.

2223 3061 2597 3133 Synodianus
2627 3063 2701 3118 ob
2734 3063 2845 3119 hoc
2874 3080 3078 3119 muros
3106 3080 3224 3119 non
3255 3064 3486 3120 deserit
3523 3063 3689 3118 urbis.

2224 3150 2397 3205 Hunc
2425 3154 2619 3206 tamen
2648 3153 2901 3206 edictum
2935 3152 3076 3207 facit
3118 3153 3428 3223 imperiale
3477 3152 3687 3208 reverti.

2221 3238 2400 3294 Multa
2418 3256 2526 3310 per
2553 3241 2666 3295 hoc
2698 3244 2929 3311 tempus
2962 3241 3079 3296 sibi
3106 3242 3486 3311 promittente
3515 3238 3717 3297 Salerni

2217 3328 2496 3400 Principe
2539 3329 2871 3385 Guaimario
2901 3329 3035 3401 (34),
3071 3330 3474 3386 Normannica
3491 3325 3821 3403 gensfamula-

3604 3416 3725 3490 [tum

2220 3504 2457 3576 Spernit
2484 3506 2789 3576 Adenolﬁ;
2823 3507 2931 3563 sed
2963 3523 3029 3563 se
3059 3508 3467 3563 tantummodo
3500 3506 3650 3562 cives

2219 3595 2465 3650 Aversae
2496 3595 2776 3650 dederant
2803 3596 3008 3651 ditioni
3040 3596 3474 3652 Guaimarianw
3503 3613 3516 3651 ι

2219 3683 2367 3738 Nam
2391 3684 2601 3755 reliqui
2645 3684 2810 3754 Galli,
2844 3701 2995 3756 quos
3029 3685 3255 3756 Appula
3305 3691 3464 3740 terra
3498 3683 3721 3749 tenebat,

2218 3774 2457 3845 Argyro
2489 3773 2621 3827 Meli
2654 3773 2856 3844 genito
2888 3774 3117 3828 servire
3148 3773 3451 3829 volebant.

2216 3861 2366 3916 Nam
2398 3865 2562 3931 pater
2589 3862 2781 3932 ipsius
2813 3862 2973 3933 prior
3003 3862 3381 3918 introducere
3429 3862 3642 3930 Gallos,

2218 3952 2327 4005 His
2357 3955 2415 4006 et
2446 3951 2506 4004 in
2537 3952 2701 4006 Italia
2732 3952 2961 4007 studuit
2987 3951 3129 4006 dare
3187 3968 3437 4007 munera
3469 3952 3697 4022 primus.

2216 4042 2488 4112 Argyrus
2518 4056 2761 4111 pauper,
2805 4040 2941 4096 licet
2970 4041 3161 4095 audax
3183 4045 3241 4095 et
3270 4056 3626 4114 generosus,

2215 4128 2291 4184 Se
2321 4131 2497 4183 tantae
2528 4130 2687 4200 genti
2719 4129 3007 4184 dominari
3054 4144 3236 4200 posse
3269 4128 3537 4201 negavit,

2216 4217 2362 4273 Cum
2392 4218 2537 4272 nihil
2569 4218 2800 4290 argenti
2830 4218 3020 4273 valeat
3049 4219 3341 4289 praebere,
3379 4219 3473 4272 vel
3502 4215 3641 4271 auri.

2129 4301 2188 4368 Β
2219 4308 2294 4361 Hi
2325 4323 2392 4363 se
2421 4323 2535 4362 non
2566 4324 2774 4361 aurum
2806 4307 3154 4378 profitentur
3184 4324 3405 4378 amare,
3468 4306 3570 4361 sed
3602 4305 3776 4374 ipsum.

2217 4397 2407 4469 Cujus
2434 4398 2522 4451 eis
2552 4396 2821 4466 placidus
2846 4397 3037 4452 fuerat
3067 4401 3251 4467 pater.
3283 4398 3420 4467 Ipse
3451 4396 3752 4467 precantem

2222 4487 2478 4541 Exaudit
2505 4486 2826 4556 populum;
2857 4490 3144 4541 nocturno
3176 4489 3444 4556 tempore
3474 4498 3664 4539 secum

2220 4575 2468 4630 Deducit
2498 4575 2711 4629 Barum
2742 4577 2880 4629 natu
2913 4590 3216 4645 sensuque
3239 4575 3500 4645 priores,

2219 4664 2380 4729 Quos
2411 4663 2600 4718 sancti
2632 4663 2843 4718 ductos
2872 4662 3272 4734 Appollinaris
3302 4664 3376 4718 ad
3409 4663 3590 4718 aadcm

2221 4752 2439 4806 Taliter
2467 4751 2708 4806 affatur:
2740 4752 2920 4807 Pretii
2950 4768 3085 4806 cum
3128 4751 3284 4806 nulla
3319 4751 3567 4806 facultas

2221 4842 2308 4897 Sit
2338 4842 2481 4896 mihi
2511 4858 2626 4914 quo
2644 4842 2869 4912 possim
2902 4840 3183 4913 p0pulum
3214 4840 3438 4896 donare
3470 4838 3745 4911 potentem,

2220 4931 2343 4986 Cur
2371 4931 2625 5003 populus
2660 4933 2860 4985 vester
2890 4946 2980 4985 me
3016 4930 3136 4983 vult
3170 4930 3285 4984 sibi
3317 4929 3571 5001 pmefore
3601 4925 3767 4979 miror.

2234 5020 2349 5075 Vos
2381 5020 2594 5075 etenim
2624 5018 2762 5074 novi
2793 5019 3054 5073 diversis
3076 5019 3258 5073 rebus
3288 5034 3492 5091 cgere,

442 3506 622 3577 State,
658 3522 888 3577 precor,
923 3507 1121 3576 validi,
1156 3524 1450 3563 memores
1500 3510 1741 3564 virtutis
1772 3512 1964 3582 avitas,

442 3594 908 3666 Degeneresque
966 3596 1180 3666 pedum
1209 3613 1327 3651 non
1355 3614 1466 3651 vos
1496 3597 1710 3652 fiducia
1741 3599 1963 3656 reddat.

442 3683 617 3738 Hosti
647 3684 848 3738 adimit
869 3685 1028 3738 vires
1060 3685 1161 3756 qui
1187 3687 1345 3739 stare
1369 3686 1620 3740 viriliter
1649 3687 1842 3743 audet.

442 3773 763 3827 Procurate
786 3774 956 3844 sequi
990 3773 1244 3845 vestigia
1272 3775 1461 3844 prima
1492 3779 1821 3846 parentum.

439 3862 570 3917 Jam
589 3861 732 3933 fuga
753 3862 1060 3932 displiceat
1090 3906 1103 3931 ,
1134 3867 1291 3918 totus
1315 3880 1423 3918 vos
1456 3866 1673 3919 sentiat
1694 3866 1857 3922 orbis

441 3952 652 4008 Fortes
685 3965 823 4006 esse
851 3953 1036 4007 viros.
1058 3953 1191 4007 Non
1223 3957 1313 4007 est
1344 3954 1415 4007 ad
1446 3953 1603 4008 bella
1632 3955 1929 4012 timendus

440 4040 805 4096 Francorum
852 4040 1128 4111 populus,
1180 4056 1543 4111 numeroque
1577 4044 1633 4096 et
1661 4042 1889 4097 viribus
1920 4044 2109 4115 impar

371 4183 374 4187 ,
439 4131 550 4185 His
607 4130 782 4185 dictis
831 4130 1059 4184 animos
1100 4116 1781 4201 Grmcorumlaccendit,
1816 4135 1873 4186 et
1899 4148 2105 4190 omnes

435 4220 714 4291 Prmcipit
769 4218 1088 4291 Argolicos
1119 4222 1393 4273 montana
1423 4219 1780 4291 relinquere,
1810 4223 1999 4293 campi

436 4310 715 4376 Qumrere
745 4308 1080 4379 planitiem;
1117 4308 1339 4377 campis
1372 4311 1429 4362 et
1483 4311 1677 4363 castra
1725 4309 1959 4365 locavit.

436 4399 858 4470 Exploratores
888 4399 1034 4453 Galli
1066 4398 1304 4465 misere,
1340 4402 1580 4468 paratus

436 4488 513 4543 Ut
544 4488 807 4541 Danaum
838 4488 1093 4541 videant.
1141 4485 1430 4541 Referunt
1461 4486 1533 4540 ad
1553 4486 1710 4541 bella
1739 4489 1995 4558 paratos,

431 4576 504 4632 Et
531 4592 648 4631 non
665 4577 880 4630 mutata
910 4577 1191 4628 mutatum
1223 4577 1413 4628 mente
1447 4575 1800 4645 magistrum

434 4666 531 4721 Nil
561 4667 826 4720 metuunt
854 4664 1036 4736 inulti,
1072 4663 1256 4717 sociis
1293 4663 1350 4716 in
1380 4668 1576 4717 monte
1607 4664 1850 4729 relictis,

433 4755 558 4821 Quo
592 4754 699 4809 tuti
729 4755 992 4823 redeant,
1024 4752 1198 4807 fuerit
1224 4752 1276 4806 si
1308 4753 1460 4808 forte
1492 4767 1768 4823 necesse,

431 4846 734 4918 Indigenas
765 4844 984 4898 Danais
1015 4843 1382 4898 descendunt
1410 4843 1701 4897 auxiliari.

429 4935 632 5006 Campi
663 4934 912 5006 planicie
971 4932 1222 5003 populus
1271 4932 1545 4988 convenit
1588 4935 1866 5004 uterque;

428 5023 637 5097 Pugna
657 5025 721 5079 ﬁt
749 5024 882 5078 inde
915 5022 1138 5095 gravis,
1172 5025 1234 5076 ut
1263 5021 1458 5076 vincat
1488 5025 1734 5092 uterque
1765 5023 2010 5079 laborat.

2220 5162 2401 5301 14%?)
2460 5232 2850 5304 Hydruntum,
2911 5248 3043 5304 quis
3098 5236 3155 5286 et
3212 5231 3454 5302 Hydrus
3474 5248 3522 5304 _a
3565 5227 3819 5304 Ptolomaeo

2217 5305 2450 5394 dicitur,
2514 5302 2658 5358 urbs
2716 5307 2809 5358 est
2864 5302 2944 5357 ini
2975 5303 3241 5357 Calabria
3269 5304 3438 5373 juxta
3470 5302 3673 5357 Ionium
3699 5304 3816 5350 mare

2227 5376 2429 5515 “8313‘.
2457 5447 2567 5512 Qui
2621 5445 2992 5500 Guaimarius
3046 5446 3141 5500 hic
3189 5445 3512 5514 appellatur
3549 5441 3666 5495 aliis
3689 5436 3807 5492 Gua-

2224 5519 2487 5573 marinus
2520 5518 2734 5572 dicitur
2763 5518 2989 5572 Salerni
3019 5517 3313 5586 princeps.
3352 5516 3557 5570 Tmsn.

503 5165 594 5238 (3Q
621 5166 939 5238 Mycenaei.
972 5166 1136 5221 LEIB.

431 5234 544 5307 (31)
576 5234 811 5291 Barium
843 5238 976 5291 aliis
1008 5239 1223 5293 dicitur
1252 5236 1479 5307 Apuliae
1513 5236 1657 5291 urbs
1688 5235 1996 5292 maritima.

430 5306 576 5431 Illaec
606 5322 639 5359 a
669 5308 976 5363 Guilielmo
1009 5309 1052 5379 Ι,
1087 5306 1478 5380 Ξίοίιὶωίιτθεθ
1510 5308 1774 5363 funditus
1807 5308 1995 5364 deleta
2014 5312 2107 5365 est

486 5394 646 5431 IREM.

486 5394 646 5431 IREM.

500 5448 613 5517 (32)
644 5448 912 5523 Michaeli
943 5452 1304 5523 Paphlagoni
1332 5450 1629 5523 successit
1650 5449 1793 5523 ejus
1826 5465 2013 5523 nepos
2031 5466 2103 5523 ex

427 5535 679 5591 sorore_
726 5518 973 5573 Michael
1045 5518 1412 5591 Calaphatcs,
1486 5518 1710 5576 salutis
1754 5518 1920 5575 anno
1963 5521 2100 5578 4043

428 5589 1070 5664 HuichConstantinus
1138 5589 1563 5649 Monomachus
1641 5594 1849 5648 eodem
1916 5607 2098 5649 anno.

2134 1748 2190 1814 Β
2221 1730 2428 1786 Omnia
2458 1729 2809 1799 praeclarum
2840 1746 3023 1801 super
3043 1731 3269 1802 Appula
3293 1734 3504 1786 moenia
3519 1731 3803 1803 Barum(31),
3838 1818 3842 1823 .

2224 2172 2564 2242 Imperium,
2597 2174 2846 2228 moritur
2875 2174 3125 2229 Michael
3155 2174 3290 2245 (32),
3339 2176 3611 2230 Michaele
3658 2175 3809 2245 nepote
3892 2216 3893 2235 η
