3926 6146
128 340 246 403 1037
583 328 692 390 DE
744 325 1004 390 REBUS
1051 322 1342 387 GESTIS
1385 318 1842 387 NORMANN.
1886 320 1963 383 IN
2008 316 2336 395 SICILIA,
2386 317 2565 381 ETC.
2607 353 2679 364 --
2710 318 2858 380 LIB.
2903 319 2950 381 l.
3334 318 3494 382 1038

127 536 245 602 Quas
270 546 381 587 cum
407 543 511 584 non
539 525 774 595 dedero,
809 540 905 580 me
936 539 1053 579 non
1081 523 1223 578 dare
1253 536 1437 593 posse
1467 518 1701 576 dolebo.
1736 501 1784 562 Α
1818 520 2091 593 Argyrus
2122 518 2333 574 nolens
2365 518 2483 574 sibi
2510 518 2667 574 desit
2696 520 2759 574 ut
2787 518 3111 589 imperialis

129 624 195 678 Illi
220 618 525 690 respondent
551 631 563 670 ε
595 614 878 669 Nostrum
908 616 966 667 te
993 613 1279 682 principe,
1300 609 1497 665 nullus
1819 608 2036 679 Gloria,
2070 609 2447 674 Normannos
2480 609 2802 678 compescit
2834 610 2906 664 ab
2939 610 3249 666 obsidione

123 713 305 780 Pauper
328 708 425 762 erit
450 704 534 760 vel
562 718 745 776 egens
771 718 787 773 ;
821 703 970 757 duce
1001 705 1081 771 te,
1113 701 1347 755 fortuna
1378 697 1630 763 favebit;
1822 698 2018 766 Trani,
2044 698 2200 769 quod
2232 698 2426 754 solum
2473 700 2614 752 tunc
2645 699 2882 770 agmina
2914 715 3111 771 graeca
3142 698 3384 754 fovebat

126 796 419 865 Consiliique
438 794 578 861 vias,
610 792 759 846 duce
790 806 941 863 quas
973 790 1245 863 genitore
1274 788 1507 845 solebat
1824 785 2219 858 Conﬁncsque
2251 787 2417 842 locos
2449 788 2682 842 desistit
2712 787 3077 859 depOpulari.

127 885 353 952 Pandere,
380 885 430 937 te
449 882 612 936 nobis
644 878 855 935 eﬁ‘ecto
883 879 1151 950 principe
1181 877 1418 950 pandet.
1831 876 2084 930 Nuntius
2116 876 2335 929 interea
2368 876 2466 947 qui
2498 879 2739 931 venerat
2780 877 3109 946 imperialis

124 974 221 1028 Hoc
244 971 329 1026 ubi
353 969 625 1039 dixerunt,
648 968 969 1023 sublimant
998 965 1112 1039 (35)
1142 966 1416 1037 protinus
1448 964 1612 1019 illum
1826 964 2077 1018 Maxima
2112 970 2262 1019 dona
2293 966 2494 1019 ferens
2527 967 2754 1034 capitur
2783 965 2968 1020 miser
2994 982 3027 1018 a
3060 966 3347 1037 Maniaeo,

124 1061 291 1115 Omnes
315 1058 634 1122 unanimes;
669 1056 964 1112 communi
998 1055 1060 1110 ﬁt
1093 1070 1269 1125 prece
1298 1054 1600 1124 princeps.
1828 1052 2115 1107 Diversus
2146 1069 2355 1123 poenas
2386 1054 2665 1108 adhibent
2695 1057 2751 1108 et
2781 1057 3018 1108 stercus
3052 1055 3331 1125 equinum

124 1149 302 1203 Interea
326 1161 522 1218 magno
552 1146 818 1200 Danaum
847 1145 1159 1200 comitante
1195 1146 1424 1215 paratu,
1828 1140 2222 1213 Purgamento
2255 1142 2518 1196 immixto
2548 1142 2812 1211 naribus,
2838 1142 3106 1212 auribus,
3131 1143 3219 1197 ori

125 1235 343 1307 Nequitia
366 1235 564 1306 plenus
593 1234 753 1288 venit
773 1232 885 1303 (36)
916 1234 1220 1287 Maniacus
1239 1232 1606 1302 Hydrontum
1828 1218 2000 1285 Hunc
2030 1230 2170 1284 facit
2195 1231 2383 1303 affligi
2412 1231 2694 1303 graviter,
2729 1230 3081 1301 stabuloque
3114 1231 3321 1285 necari

126 1323 322 1394 Imperio
346 1323 559 1378 Latium
582 1320 802 1394 jussus
844 1322 1155 1377 Michaelis
1186 1321 1388 1390 adire;
1827 1319 1960 1390 Ipse
1982 1319 2193 1374 videns
2225 1319 2353 1374 auri
2384 1321 2603 1374 tantum
2640 1335 2707 1374 se
2738 1319 2970 1389 pondus
2993 1319 3217 1375 habere

125 1410 167 1464 Is
186 1415 369 1480 praeter
392 1410 629 1466 formam
680 1411 762 1465 nil
792 1411 1037 1483 dignum
1067 1410 1239 1465 laude
1268 1409 1533 1482 gerebat.
1826 1409 2040 1463 Extolli
2061 1408 2305 1463 nimium
2337 1409 2532 1479 coepit,
2566 1409 2716 1463 redit
2744 1408 2878 1462 inde
2909 1408 3225 1463 Tarentum
3261 1425 3272 1462 :

121 1500 271 1554 Mente
296 1499 572 1570 superbus
604 1501 749 1569 erat,
783 1500 913 1553 dira
947 1498 1176 1553 feritate
1208 1497 1569 1553 redundans.
1827 1499 2017 1568 Atque
2037 1498 2164 1551 auri
2196 1498 2442 1552 multum
2473 1498 2612 1567 (quo
2635 1498 2771 1567 plus
2802 1497 2919 1551 sibi
2951 1497 3364 1568 concilientur)

120 1587 370 1642 Classibus
390 1588 669 1659 Hydronti
697 1588 986 1658 dimissis,
1020 1602 1234 1659 agmen
1271 1587 1537 1657 iniquum
1825 1586 2046 1658 Erogat
2079 1586 2395 1657 Argolicis,
2428 1587 2753 1641 assumitur
2783 1586 3104 1657 imperialis

119 1674 312 1730 Francis
340 1680 663 1748 compactae
687 1676 968 1731 invadere
1000 1679 1327 1730 commovet
1347 1675 1530 1729 urbes
1554 1689 1569 1743 ;
1826 1676 2115 1746 Purpura,
2149 1690 2255 1744 pes
2287 1675 2493 1729 dexter
2522 1675 2836 1729 decoratur
2865 1676 3020 1744 pelle
3048 1676 3303 1746 rubenti,

118 1763 170 1817 Et
192 1763 513 1836 Menepoleis
543 1765 801 1835 primum
830 1762 1179 1819 diffunditur
1208 1764 1391 1818 arvis.
1824 1763 1948 1829 Qua
1979 1763 2131 1818 solet
2160 1762 2392 1833 imperii
2421 1763 2522 1834 qui
2552 1779 2753 1817 curam
2785 1764 3036 1833 suscipit
3058 1766 3162 1819 uti.

116 1851 349 1907 interimit
374 1853 583 1908 multos
616 1853 944 1923 Maniacus,
992 1857 1048 1907 et
1076 1853 1289 1908 arbore
1320 1852 1609 1923 quosdam
1740 1869 1792 1931 Β
1824 1852 1965 1907 Inde
1996 1852 2154 1906 venit
2185 1852 2363 1905 multo
2395 1851 2647 1906 vallatus
2679 1852 2860 1906 milite
2894 1853 3130 1922 Barum,

114 1938 418 2011 Suspensos,
449 1941 599 1997 alios
630 1944 934 1997 truncatos
965 1942 1186 1996 vertice
1213 1945 1445 1997 mactat.
1826 1944 2126 2013 Argyrum
2158 1955 2412 2011 sperans
2441 1940 2762 2009 promissis
2793 1941 2998 1996 fallere
3028 1957 3233 2012 posse.

114 2026 268 2083 Caedis
292 2030 595 2085 inauditum
631 2045 823 2103 genus
855 2045 1138 2085 exercere
1168 2034 1453 2102 tyrannus
1827 2030 1904 2086 Ut
1934 2029 2161 2101 collega
2220 2046 2368 2086 suus
2398 2031 2564 2085 ﬁeret
2594 2034 2797 2086 contra
2838 2031 3206 2087 Mauomaehi

113 2116 263 2172 Audet
286 2118 340 2172 in
364 2119 637 2190 infantes,
670 2119 927 2173 viventis
959 2118 1172 2189 adhuc,
1204 2120 1342 2190 quia
1371 2118 1523 2189 capti
1827 2119 2162 2190 Imperium,
2182 2118 2383 2174 Gallos
2410 2120 2584 2174 etiam
2614 2119 2731 2174 sibi
2752 2121 3064 2190 paciﬁcare

112 2202 297 2276 Corpus
325 2207 490 2263 humo
511 2208 726 2280 sepelit
753 2207 947 2279 pueri,
982 2211 1156 2279 caput
1184 2209 1399 2262 eminet
1423 2210 1612 2262 extra.
1828 2206 2130 2261 Tentabat.
2161 2205 2423 2272 Quorum
2454 2206 2509 2260 si
2536 2210 2743 2276 posset
2764 2206 2983 2261 habere
3004 2207 3310 2278 juvamen,

109 2291 185 2347 Sic
208 2295 414 2364 perimit
438 2297 686 2367 multos,
712 2301 767 2351 et
796 2298 940 2352 nulli
963 2312 1209 2368 parcere
1241 2299 1429 2352 curat.
1828 2293 2069 2373 Caedere
2099 2310 2280 2365 posse
2311 2295 2441 2349 suis
2473 2295 2750 2365 sperabat
2780 2296 3008 2349 viribus
3032 2295 3264 2349 hostem

109 2378 339 2439 Posthac
360 2385 637 2440 Materam
668 2383 801 2457 (3'1),
833 2402 949 2458 qua
979 2387 1094 2441 ﬁxa
1124 2386 1317 2440 fuisse
1341 2385 1613 2440 feruntur
1829 2384 1902 2439 Et
1929 2383 2310 2439 Constantino
2341 2383 2497 2438 facili
2530 2383 2797 2438 diadema
2828 2383 3030 2438 labore

107 2468 241 2525 Poeni
266 2478 444 2528 castra
474 2474 671 2545 ducis,
705 2490 839 2529 cum
871 2474 1156 2530 subderet
1185 2474 1439 2530 Annibal
1466 2473 1627 2528 Afris
1829 2474 2103 2528 Ablatum
2132 2473 2389 2528 retinere
2422 2472 2556 2527 sibi.
2576 2470 2743 2536 Quod
2767 2476 2986 2543 sperat,
3021 2473 3191 2527 inane
3215 2474 3345 2543 est;

110 2555 290 2614 Italiam
316 2561 615 2618 Maniacus
662 2563 821 2634 adit;
853 2564 1197 2635 campisque
1227 2564 1536 2619 ducentos.
1829 2562 1980 2617 Nam
2000 2578 2191 2633 neque
2220 2561 2597 2617 Normannos
2629 2577 2737 2617 nec
2772 2577 2976 2617 eorum
3024 2564 3289 2617 avertere
3319 2576 3489 2619 men-

106 2646 373 2717 Agricolas
402 2656 609 2723 captos
641 2651 959 2707 furibunda
986 2656 1180 2708 mente
1213 2652 1485 2708 trucidat.
3284 2650 3423 2726 [tem

105 2733 209 2790 Non
220 2753 350 2807 puer
360 2744 453 2795 aut
477 2740 739 2811 vetulus,
762 2756 878 2795 non
892 2741 1219 2796 monachus
1236 2745 1412 2813 atque
1433 2740 1719 2796 sacerdos
1828 2741 2126 2812 Principis
2146 2742 2380 2812 evaluit,
2408 2744 2780 2813 contemptus
2806 2745 2863 2796 at
2894 2741 3029 2797 inde
3047 2742 3324 2797 recessit.

105 2820 379 2894 Impunitus
410 2833 571 2901 erat;
617 2829 763 2886 nulli
793 2831 1109 2886 miseretur
1136 2831 1398 2902 iniquus,
1832 2831 2001 2887 Unde
2034 2831 2236 2886 furore
2268 2832 2434 2902 gravi
2457 2831 2668 2902 plenus
2700 2832 2833 2902 quia
2867 2834 3109 2903 spretus
3143 2831 3360 2901 abibat,

104 2908 291 2968 Interea
318 2915 561 2973 Michael
593 2918 697 2989 qui
725 2918 970 2973 miserat
1000 2918 1156 2973 hunc
1186 2918 1537 2989 Maniacum,
1833 2920 2093 2986 Quatuor
2114 2921 2169 2974 in
2196 2923 2392 2991 partes
2424 2920 2616 2975 diviso
2645 2920 2847 2990 milite,
2876 2922 3110 2976 mandat

103 2996 281 3070 Captus
309 3010 579 3078 emeatur,
617 3011 876 3063 eaeeatus
907 3007 979 3062 ab
1006 3022 1142 3062 arce
1171 3007 1434 3080 fugatur.
1835 3011 2093 3081 Pergere
2113 3008 2437 3078 praedatum
2461 3009 3071 3064 eireumcursantibus
3093 3011 3266 3080 ipsis.

102 3086 203 3144 Hoc
224 3091 407 3150 fecere
436 3096 552 3152 Zoe
585 3094 703 3167 (38)
734 3096 912 3151 simul
942 3099 998 3151 et
1029 3096 1342 3151 Theodora
1375 3111 1642 3168 sorores,
1836 3098 1943 3154 Est
1988 3098 2311 3168 hominum,
2345 3112 2624 3167 pecorum
2675 3115 2815 3168 pars
2864 3099 3115 3152 maxima
3176 3099 3350 3153 ducta
3379 3099 3493 3153 Ta-

101 3175 259 3292 Erima
288 3182 388 3238 fuit
412 3185 609 3255 patrui
640 3184 904 3257 conjunx
936 3184 1264 3292 Michaelis,
1295 3185 1562 3287 adusque
1753 3228 1806 3292 ο
2408 3274 2423 3292 ἰ
3077 3187 3266 3259 [ιιθῑιιο
3291 3186 3422 3259 (41)-

101 3264 262 3340 Hujue
290 3287 664 3343 successum,
699 3289 833 3329 cum
863 3290 977 3346 qua
1007 3275 1143 3346 quia
1167 3274 1352 3329 noluit
1380 3275 1510 3346 ipse
1754 3264 1806 3292 ν
1838 3278 1888 3331 Α
1918 3276 2301 3332 Constantino
2334 3274 2446 3330 sub
2479 3277 2685 3331 eodem
2710 3279 2974 3349 tempore
3004 3278 3211 3331 missis

98 3353 271 3413 Partiri
301 3377 569 3434 regnum,
613 3366 778 3418 ratus
810 3363 963 3418 hanc
992 3363 1341 3434 prohibente
1374 3367 1582 3420 senatu
1839 3368 2111 3439 Argyrus
2134 3365 2335 3420 multis
2365 3367 2491 3419 auri
2508 3366 2857 3437 argentique
2889 3367 3146 3437 talentis,

98 3441 590 3523 Exhaaredandam,
625 3452 893 3523 privatus
926 3452 1144 3508 lumine
1174 3458 1403 3525 captus,
1840 3456 2217 3511 Normannos
2240 3455 2467 3509 donans
2508 3455 2623 3509 sibi
2654 3455 2913 3525 postulat
2941 3456 3234 3527 auxiliari,

98 3530 182 3588 Est
202 3535 578 3597 Constantino
610 3541 837 3597 sociata
866 3541 982 3596 Zoe
1012 3541 1401 3597 Monomacho
1432 3540 1545 3614 (39)
1839 3545 2093 3599 Auxiliis
2115 3545 2329 3599 horum
2360 3543 2664 3599 Maniacus
2692 3548 2756 3599 ut
2776 3547 3004 3601 occidat
3025 3546 3216 3601 hostis

95 3619 218 3680 Huic
246 3627 521 3686 inimicus
570 3633 698 3686 erat
743 3630 1070 3700 Maniacus,
1103 3633 1160 3686 et
1187 3631 1284 3686 hic
1314 3632 1578 3688 Maniaco
1609 3631 1724 3704 (40)
1840 3634 2075 3704 Imperii
2109 3635 2297 3689 sancti
2318 3650 2333 3705 ;
2357 3634 2446 3688 sic
2476 3635 2729 3704 plurima
2760 3635 3188 3705 promerituros

95 3712 321 3772 Alterius
351 3721 640 3791 quoniam
680 3718 791 3774 fuit
820 3720 968 3775 alter
995 3720 1223 3775 abusus
1251 3722 1440 3776 amica
1464 3737 1476 3777 :
1842 3723 2029 3779 Hoste
2059 3723 2415 3793 triumphato
2445 3738 2554 3792 pro
2587 3724 2740 3778 votis
2759 3726 2977 3781 asserit
3006 3726 3162 3781 illos.

91 3796 330 3877 Zelotypo
359 3808 601 3880 imperii
631 3808 1017 3864 Monomacho
1049 3808 1260 3864 tradita
1300 3811 1479 3866 sedes
1843 3811 2232 3883 Quamplures
2253 3812 2435 3882 igitur
2462 3812 2837 3868 Normannos
2868 3832 2985 3870 non
3017 3832 3184 3871 amor
3223 3816 3363 3871 aeris

90 3887 374 3952 Concussit
403 3901 667 3954 mentem
693 3898 875 3953 nimio
906 3901 1133 3954 terrore
1160 3899 1414 3970 tyranni,
1844 3900 1962 3955 Sed
1994 3900 2164 3954 ducis
2196 3900 2412 3970 Argyri
2444 3900 2707 3956 Maniaeo
2746 3904 2999 3958 reddidit
3034 3904 3263 3959 hostes.

89 3973 147 4030 Et
169 3982 451 4050 probrosa
482 3987 672 4043 refert
701 3986 854 4042 odiis
887 3986 1142 4058 agitatus
1172 3991 1228 4042 et
1257 3988 1383 4059 ira;
1844 3989 2092 4043 Aversae
2126 3988 2374 4043 comites
2407 3988 2579 4043 etiam
2610 4005 2744 4044 eum
2773 3991 3045 4061 pluribus
3077 3994 3231 4047 ultro

90 4063 356 4130 Omnibus
386 4080 445 4131 et
476 4092 692 4132 secum
712 4090 864 4147 quos
888 4075 1152 4145 duxerat,
1176 4075 1425 4146 imperat
1453 4077 1656 4149 Argis,
1845 4079 2154 4133 Advenere
2186 4076 2337 4131 suis.
2370 4077 2658 4133 Tancredi
2690 4079 2872 4150 ﬁlius,
2905 4081 3116 4136 horum

89 4162 333 4238 Principe
363 4183 433 4223 se
468 4166 651 4235 facto,
680 4164 804 4237 jam
834 4165 1035 4220 nullus
1067 4165 1302 4220 obediat
1330 4166 1433 4221 illi.
1744 4222 1749 4227 ,
1848 4166 2099 4222 Maxima
2153 4183 2313 4238 spes,
2350 4167 2569 4237 aderat,
2621 4167 2969 4223 Guilielmus
3017 4171 3091 4224 ad
3121 4187 3286 4226 arma
3340 4188 3509 4242 para-

86 4254 393 4312 Assumens
424 4256 698 4311 habitum
726 4254 843 4310 sibi
869 4255 1134 4325 perﬁdus
1165 4255 1535 4326 imperialem
3295 4258 3435 4332 [tus,

90 4339 297 4414 Imperii
326 4346 526 4401 sancti
556 4360 676 4399 non
705 4359 918 4399 nomen
947 4343 1109 4398 adire
1155 4347 1411 4401 veretur.
1848 4349 2022 4404 Hune
2090 4348 2486 4403 Drincanocto
2553 4346 2825 4402 comitem
2907 4348 3219 4403 comitante
3289 4349 3510 4404 Rodul-

89 4430 390 4506 Postquam
420 4434 700 4504 suscepit
729 4433 866 4489 solii
897 4433 1324 4489 Monomachus
1353 4434 1658 4505 honorem,
3278 4437 3439 4511 [pho,

88 4520 294 4594 Argyro
322 4525 573 4580 mandat
604 4522 837 4578 studeat
865 4526 1211 4579 convertere
1240 4524 1461 4595 Gallos,
1761 4588 1811 4602 _
1850 4529 1960 4596 Qui
1989 4532 2125 4601 post
2159 4526 2451 4598 Ranulphi
2484 4528 2804 4584 decessum
2833 4531 3074 4601 praefuit
3104 4531 3237 4586 urbi
3268 4531 3402 4602 (42).

84 4588 468 4686 Procuretque
498 4614 634 4668 suis
666 4612 898 4667 sociare
928 4612 1207 4669 ﬁdelibus
1237 4613 1396 4684 illos,
1446 4588 1456 4595 Ι
1761 4588 1817 4653 D
1853 4588 2138 4674 Terrebat
2168 4588 2402 4674 Danaos
2429 4618 2724 4674 Guilielmi
2757 4588 2955 4675 nobile
2978 4637 3189 4676 nomen
3215 4637 3230 4691 ;

89 4696 149 4751 Et
173 4704 470 4770 promittat
500 4702 597 4758 eis
620 4716 687 4757 se
714 4700 956 4772 praemia
986 4717 1200 4774 magna
1230 4702 1524 4759 daturum.
1854 4708 1913 4764 Is
1943 4709 2079 4779 quia
2102 4707 2273 4764 fortis
2304 4711 2450 4779 erat,
2485 4710 2578 4763 est
2599 4706 2793 4765 ferrea
2825 4710 3020 4766 dictus
3053 4710 3270 4766 habere

113 4894 535 4976 “(35)_F_raneis
566 4899 722 4976 sicut
753 4901 817 4976 et
844 4896 1311 4976 Caninefatibus,
1339 4900 1490 4976 teste
1522 4898 1746 4976 Tacito,
1856 4903 2278 4976 oculorumque
2308 4920 2425 4959 usu
2453 4904 2746 4975 privatus,
2796 4906 3064 4961 restituta
3103 4906 3177 4959 ad
3208 4905 3517 4976 imperium

82 4969 214 5042 ritus
242 4970 355 5035 fuit
388 4975 457 5026 ut
487 4970 870 5042 designatum
899 4984 1104 5041 regem
1161 4975 1330 5042 scuto
1358 4971 1746 5042 imponerent,
1858 4975 1995 5030 Zoe.
2029 4969 2194 5029 Lais.

84 5040 512 5115 sublimemque
545 5040 814 5115 humeris
855 5040 1194 5115 gestarent.
1216 5040 1460 5115 Tmen."
1594 5113 1604 5115 μ
1930 5044 2046 5115 (39)
2075 5046 2495 5101 Constantinus
2528 5047 2953 5102 Monomaehus
2986 5049 3193 5103 tertius
3215 5048 3365 5103 Zoes
3394 5063 3521 5102 ma-

141 5110 705 5185 (36lManiac.isAest
724 5110 1021 5185 Georgius
1042 5112 1348 5167 Maniaeus
1371 5113 1747 5185 Byzantinus,
1862 5110 2174 5172 ritus'fuit.
2202 5116 2366 5170 LEIB.

79 5182 961 5257 quiConstantiniMonomaehi
981 5182 1752 5257 ConstantinopolitaniGae-
1936 5188 2049 5257 (40)
2080 5188 2338 5241 Dissidia
2382 5189 2506 5242 vult
2536 5188 2805 5243 Fazellus
2833 5193 2959 5244 orta
2988 5193 3141 5246 inter
3194 5190 3524 5245 Maniacum

80 5255 224 5331 saris
249 5260 307 5331 e_t
319 5256 568 5331 Siciliae
598 5254 762 5331 regis
792 5254 1114 5331 praefectus
1147 5258 1289 5309 erat.
1326 5255 1490 5331 Lais.
1662 5327 1670 5331 Α
1867 5261 1925 5314 et
1943 5254 2390 5331 Monomaehum
2414 5275 2487 5313 ex
2507 5260 2638 5314 odio
2658 5261 2811 5331 quod
2836 5263 3137 5317 Itomanus
3153 5264 3349 5318 clerus
3362 5277 3531 5318 excr-

140 5325 248 5398 (37)
279 5327 572 5398 Mathera
610 5325 757 5381 urbs
799 5327 861 5379 in
912 5325 1143 5398 Apulia,
1193 5342 1327 5396 quae
1376 5326 1753 5382 Aeherontus
1869 5332 2190 5385 eebatcum
2222 5329 2506 5384 Mamaea.
2541 5325 2705 5385 an'.

78 5394 235 5472 Livio
264 5400 518 5472 dicitur.
557 5397 721 5472 Imm.
774 5468 813 5472 _
897 5468 910 5472 _
940 5394 986 5472 ξ
1212 5394 1247 5472 ί
1274 5470 1286 5472 _
1410 5470 1427 5472 _
1447 5469 1483 5472 __
1529 5468 1542 5472 Δ
1641 5467 1656 5472 _
1941 5401 2053 5472 (41)
2082 5401 2394 5472 Tarentum
2418 5401 2527 5455 fuit
2553 5400 2839 5457 Calabriae
2871 5404 3018 5460 urbs
3042 5406 3100 5459 in
3124 5407 3323 5461 ultimo
3347 5405 3527 5460 Italiae

140 5468 394 5549 (‘38)_Zoe
432 5468 753 5549 Michaelis
774 5467 1176 5549 Paphlagonis
1192 5468 1390 5549 vidua,
1410 5467 1758 5549 Michaelem
1869 5467 2042 5549 circa
2074 5471 2509 5549 Saleptinorum
2561 5473 2835 5546 conﬁnia,
2867 5491 2900 5529 a
2932 5477 3085 5532 Tara
3117 5478 3375 5549 Neptuni
3407 5478 3526 5532 ﬁlio

76 5535 459 5612 Calaphatem
492 5540 559 5594 in
586 5539 771 5595 ﬁlium
801 5535 1139 5612 adepta'vit;
1171 5542 1273 5612 qui
1302 5535 1456 5611 eum,
1491 5539 1758 5594 fascibus
1870 5544 2176 5602 mdificata.
2208 5543 2373 5598 an.

78 5614 403 5688 susceptis,
438 5613 742 5688 ingratus,
775 5615 1178 5688 matremgsuae
1210 5612 1540 5688 majestatis
1560 5613 1757 5688 aucto-
1942 5613 2053 5688 (42)
2084 5614 2431 5671 Aversanae.
2465 5615 2628 5672 Lam.

77 5697 199 5739 rem
227 5685 607 5759 relegasset,
637 5699 673 5739 a
701 5684 1081 5756 conspirante
1125 5685 1342 5757 populo
1399 5686 1605 5756 captus
1644 5684 1757 5754 est,
