3982 6164
437 291 596 357 1039
1010 256 1015 263 ’
1757 284 2209 351 GUILLELMI
2277 284 2523 351 APULI
3667 298 3796 362 1040

433 490 683 545 Brachia
706 488 817 559 (43)
851 487 1223 542 namvalidas
1246 487 1406 540 vires
1428 486 1804 556 animumque
1829 485 2090 557 gerebat.
2126 470 2172 529 Α
2209 488 2399 542 Afﬁxa
2433 488 2637 556 cauda,
2670 488 2947 559 deﬁgitur
2977 488 3159 542 altera
3189 491 3382 543 terrae.

435 579 633 650 Hujus
667 579 964 632 Robertus
996 576 1180 629 frater
1210 574 1337 642 fuit,
1374 574 1469 629 ille
1500 575 1773 628 ducatum
2208 576 2596 631 Dissimulant
2626 577 2806 630 Danai
2839 576 3039 631 Gallos
3069 577 3272 631 audire
3303 579 3514 632 cientes

435 664 1478 737 Quipostobtinuit,Guiscarduth)
1498 664 1566 716 ad
1581 664 1772 717 omnia
1788 663 2046 733 prudens
2078 680 2088 718 :
2207 666 2295 719 Ad
2328 681 2606 737 pugnam,
2650 667 2981 736 positisque
3012 667 3167 721 seris
3202 673 3562 722 remorantur
3591 670 3641 723 in
3664 672 3796 741 urbe,

433 756 753 810 Tantorum
786 756 1063 808 comitum
1096 754 1370 807 comitatu
1399 755 1546 807 fisus
1580 754 1636 806 in
1667 753 1897 807 hostem
2206 754 2293 807 Ad
2334 754 2553 808 bellum
2585 760 2895 825 postquam
2928 756 3250 825 procedere
3281 757 3428 810 nolle
3460 758 3715 829 Pelasgos

432 848 707 917 Argyrus
730 848 1025 913 preperat,
1051 844 1260 896 Taram
1280 842 1411 911 (45),
1440 843 1740 895 Maniacus
1772 842 1844 894 ad
1866 858 2093 896 amnem
2203 843 2351 897 Galli
2375 844 2766 913 conspiciunt,
2800 848 2856 897 et
2886 844 3182 897 moenibus
3207 844 3264 898 in
3295 845 3581 914 capiendis

432 933 709 996 Venerat,
746 933 839 985 his
872 932 1015 985 inibi
1048 934 1297 984 metatus
1329 936 1522 985 castra
1556 932 1787 985 diebus.
2204 931 2381 1002 Spem
2406 932 2671 1002 gravitas
2704 933 2923 1002 adimit,
2957 933 3091 1003 quia
3123 933 3547 988 munitissimus
3577 936 3723 990 urbis

430 1023 504 1077 At
534 1038 651 1077 non
681 1022 875 1074 audito
908 1024 1081 1074 tanta;
1114 1021 1447 1074 subsistere
1480 1020 1676 1090 gentis
2204 1020 2310 1075 Est
2340 1021 2515 1089 situs,
2549 1021 2918 1090 abscedunt;
2952 1024 3087 1091 post
3106 1021 3236 1075 haec
3277 1025 3590 1077 remoratus
3615 1024 3665 1077 in
3690 1025 3803 1080 urbe

430 1110 722 1163 Praevalet
750 1109 1003 1162 adventu
1037 1108 1359 1161 conclusus
1390 1108 1449 1160 in
1482 1108 1627 1161 urbe
1660 1107 1914 1161 Tarenti.
2206 1109 2321 1163 Per
2349 1102 2581 1178 tempus
2600 1110 2892 1163 modicum
2915 1110 3436 1179 repetitManiacus
3456 1112 3802 1182 Hydrontum:

432 1198 520 1251 Ad
550 1198 792 1250 fluvium
824 1196 971 1249 Galli
1002 1198 1261 1263 veniunt,
1299 1197 1634 1265 castrisque
1664 1197 1924 1264 receptis
2210 1198 2443 1251 Rursus
2476 1203 2531 1251 et
2562 1200 2834 1269 Argyrus
2870 1214 2978 1252 nec
3007 1216 3123 1253 non
3156 1199 3539 1268 Theodorus;
3569 1206 3620 1254 at
3656 1202 3747 1255 iste

433 1285 777 1340 Graecorum
794 1285 1162 1352 vaeuis,loca
1178 1285 1373 1353 pontis
1393 1285 1462 1337 ad
1479 1285 2093 1354 usquepropinquant.
2206 1286 2386 1339 Milite
2426 1300 2557 1339 cum
2591 1287 2791 1354 multo,
2826 1303 2959 1341 cum
2990 1289 3190 1342 multis
3225 1289 3519 1343 classibus
3546 1290 3654 1348 ille.

432 1374 605 1427 Hunc
636 1375 909 1444 utrinque
944 1375 1121 1427 maris
1172 1374 1555 1427 circumvolat
1603 1374 1780 1439 unda,
1815 1374 1929 1427 sub
1961 1373 2097 1427 altis
2206 1373 2636 1444 Imperiijussu
2668 1391 2987 1445 properare
3016 1381 3256 1445 paratus
3289 1378 3347 1430 in
3379 1378 3583 1445 ipsum,

436 1462 707 1533 Rupibus
741 1462 993 1532 objectis
1026 1464 1112 1516 sic
1145 1462 1515 1517 interciditur
1546 1478 1771 1531 aequor,
2208 1463 2497 1516 Hostilem
2532 1466 2797 1533 quatiunt
2827 1466 2992 1517 varia
3020 1464 3332 1520 formidine
3356 1469 3618 1531 mentem,

434 1552 640 1605 Pontis
675 1556 733 1605 ut
766 1552 984 1605 auxilio
1017 1552 1254 1605 transiri
1281 1552 1472 1621 possit
1518 1551 1588 1604 ad
1622 1551 1848 1620 urbem,
2212 1550 2279 1603 lit
2307 1550 2565 1604 titubans
2598 1567 2813 1617 animo,
2850 1567 3003 1605 nunc
3048 1552 3184 1620 huc,
3234 1568 3390 1606 nune
3440 1553 3660 1607 fluctuat
3686 1553 3808 1606 illuc.

436 1639 695 1711 Quaeque
725 1641 937 1694 viatori
970 1642 1064 1693 via
1097 1655 1251 1693 nunc
1281 1641 1485 1693 brevis
1513 1656 1651 1694 esse
1684 1640 1933 1707 videtur,
2210 1638 2370 1692 Urbe
2403 1642 2557 1692 metu
2589 1640 2821 1692 tandem
2848 1639 3028 1694 nimio
3059 1640 3297 1709 prodire
3330 1644 3566 1695 coactus

438 1729 642 1799 Longa
680 1729 985 1782 videretur
1016 1730 1251 1799 gyranti
1283 1728 1496 1782 littoris
1530 1745 1669 1795 ora;
2214 1727 2482 1797 llupibus
2515 1728 2722 1781 incisis
2749 1726 2920 1798 juxta
2950 1729 3132 1782 maris
3165 1730 3277 1783 alta
3307 1729 3521 1784 locavit

439 1815 886 1887 Namque‘mari
921 1821 1149 1884 septum
1183 1815 1393 1886 majori
1425 1820 1585 1886 parte
1617 1816 1933 1871 Tarentum
2214 1816 2452 1869 Difﬁcili
2486 1832 2593 1869 sua
2624 1819 2818 1869 castra
2849 1816 2980 1871 loco
3008 1835 3019 1879 ;
3056 1833 3167 1887 qua
3197 1818 3445 1887 pervius
3476 1818 3574 1872 ulli

439 1903 637 1958 Insula
674 1920 811 1958 mox
843 1906 1028 1968 fieret,
1064 1905 1335 1958 modicus
1368 1905 1483 1958 nisi
1515 1906 1686 1959 collis
1718 1906 1977 1961 adesset.
2214 1905 2344 1957 Non
2372 1905 2565 1958 aditus
2597 1906 2783 1971 fieret,
2836 1906 3101 1975 scopulis
3132 1906 3367 1960 haerere
3399 1907 3620 1960 carinas

441 1991 739 2046 Moenibus
772 1993 1039 2047 inclusos
1070 2009 1285 2063 pugnae
1318 1992 1666 2047 Guilielmus
1699 1994 1960 2049 Achivos
2215 1993 2530 2063 Impositas
2566 1994 2851 2064 gradibus
2885 1993 3133 2063 faciens,
3170 1998 3230 2049 ut
3262 1994 3565 2064 pacificate

443 2080 756 2147 Provocat,
786 2084 841 2133 at
864 2097 1160 2151 nunquam
1192 2081 1459 2134 dimissis
1491 2082 1786 2135 moenibus
1809 2083 1891 2136 illi
2219 2082 2488 2150 {Equore
2522 2083 2832 2147 transiret;
2880 2081 3189 2153 quosdam,
3225 2098 3381 2153 quos
3413 2099 3644 2155 aequora
3671 2083 3815 2137 credit

443 2167 818 2223 Conseruere
853 2185 1091 2238 manus;
1139 2186 1255 2222 non
1287 2170 1546 2223 fluminis
1577 2171 1828 2239 impetus
1862 2173 1962 2225 ulli
2138 2216 2185 2244 Β
2218 2172 2614 2226 I’erturbasse
2647 2172 2857 2243 magis,
2893 2173 3132 2237 cruciat,
3168 2173 3475 2227 succendit
3507 2177 3559 2227 et
3588 2172 3727 2244 igni;

441 2258 587 2312 Plus
619 2264 709 2312 est
762 2276 932 2329 quam
981 2260 1122 2313 tanti
1177 2261 1346 2313 ducis
1381 2261 1653 2314 hostibus
1687 2262 1853 2316 hasta
1882 2264 2100 2318 timori.
2135 2258 2188 2278 υ
2220 2261 2485 2315 Necdum
2519 2262 2741 2315 sedatis
2772 2261 3089 2332 tranquillo
3123 2265 3384 2332 tempere
3417 2277 3655 2331 prorsus

443 2346 541 2401 Sic
582 2348 910 2401 incantator
940 2349 1247 2402 studiosus
1276 2364 1382 2418 pro
1415 2350 1696 2419 capienda
2050 2340 2057 2345 ’
2220 2348 2525 2404 Fluctibus
2576 2350 2891 2420 aequoreis,
2945 2352 3150 2404 naveis
3179 2351 3323 2420 petit
3357 2354 3412 2405 et
3458 2366 3609 2404 mare
3637 2348 3818 2402 transit.

446 2436 691 2505 Aspide,
724 2438 1066 2490 multimoda
1098 2442 1344 2491 conatur
1376 2442 1434 2491 ut
1464 2438 1767 2493 abstrahat
1806 2443 1926 2494 arte
2219 2441 2529 2495 'I‘ransitus
2560 2439 2656 2493 ille
2682 2443 2895 2506 tamen,
2928 2440 3149 2493 misero
3180 2440 3259 2493 nil
3291 2439 3517 2509 profuit
3546 2439 3639 2507 illi,

448 2523 800 2578 Visceribus
834 2530 1028 2593 terrae,
1063 2526 1280 2595 quibus
1311 2527 1526 2595 abdita;
1558 2531 1677 2581 tuta
1710 2532 1999 2600 moratur;
2217 2531 2542 2584 Oceurente
2574 2528 2811 2598 quidem
2844 2527 3210 2581 Menemachi
3244 2529 3432 2582 milite
3465 2531 3640 2581 stratu

449 2611 711 2666 Auribus
742 2613 836 2667 hic
868 2629 939 2667 ne
972 2615 1110 2683 quid
1144 2630 1326 2685 grave
1360 2616 1591 2685 sentiat,
1626 2616 1877 2671 obstruit
1907 2634 2102 2689 unam,
2218 2617 2441 2672 Occidit
2463 2616 2576 2686 (46.)
2605 2621 2659 2671 et
2691 2617 2985 2671 scelerum
3018 2618 3304 2687 persolvit
3339 2632 3582 2687 corpore
3600 2630 3789 2686 poenas.

1796 2752 2063 2824 Explicit
2095 2753 2255 2809 liber
2276 2754 2531 2825 primus.

1135 2897 1710 3026 INCIPIT
1826 2901 2290 3029 LIBER
2369 2896 3154 3027 SECUNDUS

443 3101 719 3172 Argyrus
752 3100 899 3154 Latii
935 3101 1152 3155 dimoto
1188 3101 1402 3155 finibus
1435 3102 1627 3172 hoste,
2224 3103 2376 3156 Pars
2409 3100 2605 3156 comiti
2634 3099 2828 3169 Petro,
2862 3114 3002 3167 pars
3033 3101 3126 3153 est
3158 3100 3390 3154 sociata
3421 3098 3669 3170 Drogoni

448 3190 618 3243 Vadit
652 3190 1005 3243 Idrontinam
1038 3190 1236 3244 multis
1268 3191 1579 3245 comitatus
1611 3191 1682 3246 ad
1712 3191 1937 3246 urbem.
2228 3189 2514 3244 Tancredi
2545 3188 2764 3260 genito,
2800 3186 3029 3241 modico
3061 3187 3198 3257 quia
3227 3188 3465 3242 vixerat
3493 3187 3622 3258 ejus

447 3278 722 3332 Traditur
752 3280 894 3331 urbs
928 3280 1032 3348 illi,
1069 3280 1233 3332 cives
1284 3279 1395 3333 hoc
1427 3280 1691 3350 principe
1722 3281 2000 3351 gaudent.
2220 3279 2507 3348 Tempore
2539 3292 2884 3348 germanus,
2918 3276 3011 3328 vir
3040 3274 3232 3330 ferrea
3263 3276 3466 3331 dictus
3497 3276 3700 3330 habere

449 3367 603 3422 Hinc
636 3368 850 3420 Barum
905 3370 1179 3436 repetens
1214 3366 1412 3421 Gallos
1448 3370 1725 3437 permittit
1753 3369 1916 3423 abire
1950 3385 1962 3423 ε
2221 3366 2470 3421 llraehia
2485 3365 2855 3432 Guilielmus,
2891 3364 2984 3417 cui
3008 3365 3209 3418 vivere
3241 3365 3296 3418 si
3326 3365 3616 3433 licuisset,

446 3455 535 3526 Illi
567 3455 920 3524 Guaymario
947 3456 1167 3508 vadunt
1197 3456 1425 3509 servire
1455 3456 1784 3525 Salernum,
2219 3455 2405 3509 Nemo
2429 3457 2598 3525 poeta
2632 3469 2775 3508 suas
2805 3455 3011 3523 posset
3042 3452 3397 3523 depromere
3426 3453 3647 3508 laudes.

449 3542 839 3613 Guaymarius
872 3544 1150 3612 princeps
1181 3544 1446 3597 confisus
1479 3545 1707 3598 viribus
1740 3545 1972 3616 horum,
2140 3526 2189 3587 Ο
2220 3542 2400 3596 Tanta
2431 3542 2539 3596 fuit
2568 3541 2833 3611 probitas
2865 3541 3066 3609 animi,
3100 3545 3216 3594 tam
3248 3542 3451 3596 vivida
3481 3542 3683 3595 virtus.

448 3631 576 3684 Hos
610 3646 812 3684 secum
844 3631 1057 3685 Barum
1089 3632 1323 3685 deducit
1347 3637 1401 3685 et
1435 3632 1668 3687 obsidet
1697 3634 1858 3688 illud.
2219 3629 2546 3684 Unfredum
2575 3631 2736 3683 totus
2769 3644 2902 3681 cum
2935 3628 3117 3682 fratre
3150 3627 3438 3700 Drogone
3470 3627 3734 3683 tremebat

446 3718 627 3788 Impei
642 3722 697 3771 at
730 3721 960 3791 Arger
994 3719 1109 3774 sibi
1141 3723 1340 3789 pareat
1384 3721 1528 3774 urbe
1561 3722 1787 3787 relicta,
2218 3717 2395 3771 Italiae
2427 3717 2702 3787 populus,
2741 3717 3011 3787 quamvis
3036 3721 3174 3771 tunc
3199 3719 3491 3788 temporis
3524 3719 3676 3772 esset

449 3807 737 3861 Transeat
768 3808 837 3860 ad
870 3807 1131 3862 Graecos.
1171 3808 1409 3862 Monitis
1441 3826 1647 3879 parere
1680 3811 1970 3865 monentis
2220 3806 2404 3860 Ditior
2434 3806 2527 3859 his
2560 3807 2776 3860 Petrus
2820 3806 3335 3876 consanguinitate
3367 3807 3720 3877 propinquus
3748 3817 3759 3855 :

452 3895 673 3950 Abnuit
723 3896 1017 3967 Argirous
1059 3913 1070 3952 :
1108 3899 1428 3969 conﬂigere
1478 3915 1592 3953 non
1636 3903 1827 3953 tamen
1885 3900 2110 3954 audens
2217 3893 2409 3947 Edidit
2431 3894 2528 3948 hic
2568 3894 2850 3948 Andl'um‘
2886 3893 3196 3948 fabricavit
3222 3899 3279 3949 et
3310 3895 3450 3950 inde
3482 3894 3755 3958 Οονθιιιωι

451 3983 750 4039 Invalidus
783 4002 1000 4056 pugnae
1033 4002 1098 4040 se
1133 3987 1451 4040 custodivit
1479 3986 1537 4041 in
1571 3987 1742 4057 urbe,
2216 3983 2495 4049 Dusilias,
2532 3982 2811 4036 Barolum
2838 3983 3015 4035 maris
3047 3983 3365 4037 aediﬁcavit
3398 3986 3457 4038 in
3488 3984 3626 4038 oris.

450 4073 828 4143 Depopulans
859 4090 1039 4145 agros
1072 4078 1127 4128 et
1156 4092 1384 4129 amoena
1416 4076 1647 4130 novalia
1678 4077 1811 4130 Bari
1849 4093 1859 4129 :
2217 4071 2396 4125 Fama
2427 4088 2609 4140 super
2661 4072 2906 4125 comites
2937 4071 3086 4126 alios
3120 4075 3470 4127 excreverat
3499 4071 3693 4143 hujus,

449 4161 665 4216 Moenia
694 4163 1084 4233 Guaymarius
1115 4165 1372 4234 propriae
1406 4165 1799 4234 repedavitad
1830 4165 2019 4220 urbis.
2215 4160 2330 4214 Sed
2354 4176 2554 4215 comes
2580 4160 2885 4227 Unfredus
2913 4176 3043 4215 cum
3068 4160 3249 4215 fratre
3275 4161 3555 4233 Drogone
3576 4156 3842 4229 superbam

448 4249 872 4305 Constantinus
907 4268 975 4306 eo
1009 4254 1109 4322 qui
1142 4257 1405 4323 tempore
1430 4253 1569 4323 jura
1599 4254 1845 4324 regebat
2215 4250 2526 4319 Deponunt
2558 4252 2830 4315 mentem,
2868 4250 3005 4320 quia
3024 4250 3162 4305 dum
3193 4255 3501 4305 certamen
3531 4250 3672 4303 inire

446 4338 705 4408 Imperii,
740 4341 975 4393 mandat
1008 4346 1280 4410 preperet
1309 4343 1657 4412 quantocius
1687 4342 1758 4394 ad
1791 4358 1856 4395 se
2215 4339 2270 4391 Is
2303 4342 2485 4407 parat,
2518 4338 2726 4392 infelix
2757 4338 2950 4392 felicia
2978 4340 3244 4409 tempora
3273 4340 3539 4408 perdens

447 4426 742 4498 Argyrus,
770 4428 968 4498 jussis
1000 4430 1157 4482 favet
1188 4429 1595 4499 imperialibus
1626 4430 1720 4482 ille
2216 4428 2485 4481 Vincitur
2524 4430 2580 4481 et
2612 4427 2877 4496 capitur;
2911 4443 3090 4481 curru
3126 4426 3361 4482 fortuna
3394 4430 3581 4482 rotato

448 4515 739 4585 IEquoris
782 4517 1018 4570 Adi-iaci
1052 4521 1425 4571 transvectus
1458 4518 1734 4571 fluctibus
1758 4517 1963 4572 urbem
2218 4515 2512 4569 Tancredi
2540 4515 2707 4569 nates
2742 4515 3030 4570 sublimes
3061 4515 3311 4570 reddere
3342 4516 3524 4585 coepit
3557 4531 3568 4569 :

444 4604 682 4674 Appetit
713 4605 942 4674 imperii
973 4606 1261 4675 placidus,
1298 4606 1399 4675 qui
1430 4606 1711 4676 praesidet
1740 4607 1875 4660 urbi
2216 4604 2449 4672 Imperii
2482 4606 2678 4658 rector
2708 4607 3008 4658 scrutatur
3037 4609 3535 4674 praememoratus

447 4694 709 4763 Suscipit
737 4709 1054 4763 egressum
1088 4696 1319 4765 magnis
1352 4700 1408 4747 et
1442 4694 1768 4747 honoribus
1793 4694 1975 4747 illum.
2216 4695 2536 4763 Argyrum,
2571 4692 2772 4747 Gallos
2805 4692 3101 4762 depellere
3132 4693 3391 4763 qualiter
3421 4693 3547 4746 oris

445 4783 759 4836 Promovet
782 4782 1004 4836 interea
1036 4783 1310 4851 populus,
1346 4798 1523 4851 quem
1554 4786 1787 4835 rexerat
1813 4783 1944 4851 ipse
2220 4781 2400 4835 Italiae
2431 4781 2637 4846 valeat,
2673 4797 2863 4852 neque
2895 4784 2957 4835 ut
2986 4780 3205 4852 [enim],
3232 4780 3384 4851 jam,
3408 4794 3592 4851 posse
3622 4773 3791 4847 fugari

517 4942 628 5011 (43)
682 4943 1027 4997 Guilielmus
1078 4942 1546 4996 Fcrrabrachius
1601 4942 1886 4997 Tancredi
1952 4943 2109 4997 filius
2224 4955 2377 4994 care.
2420 4940 2507 4994 Ex
2540 4941 2798 4994 Roberto
2830 4938 3177 5005 Guiscardo,
3215 4943 3271 4994 et
3315 4939 3578 5011 Rogerio
3597 4929 3843 5011 Tancredi
3918 4918 3919 4937 ¹

452 5008 617 5066 Lam.
2138 5076 2178 5081 _
2225 5011 2513 5065 Altavillae
2537 5013 2596 5064 in
2628 5011 2812 5065 Gallia
2842 5011 2981 5064 filiis
3014 5012 3196 5081 stirps
3228 5008 3567 5081 principum
3596 5008 3844 5061 Norman-

520 5084 629 5147 (aii)
662 5084 1054 5138 Guiscardum
1086 5085 1285 5153 plures
1320 5085 1602 5138 lirronem
1626 5085 1920 5149 dixerunt,
1956 5085 2109 5154 quod
2138 5076 2191 5136 D
2226 5098 2432 5137 norum
2462 5083 2519 5154 in
2550 5083 2709 5136 Italia
2741 5085 3072 5154 propagata
3094 5076 3204 5154 est.
3229 5076 3407 5136 Lam.

452 5146 1461 5227 pertcrrasvagusesset.Atmagis
1487 5156 1826 5225 placethzcc
1851 5146 2112 5209 denomi-
2228 5153 2408 5227 ῌ(45)
2453 5153 2628 5208 Forte
2694 5146 3010 5225 lc'gen'du'm
3060 5153 3294 5223 Tarum,
3346 5152 3452 5223 qui
3505 5151 3711 5205 ﬂuvius
3757 5146 3842 5199 est.
3916 5216 3917 5221 γ

449 5223 603 5297 natio
634 5223 954 5295 nostroque
977 5227 1113 5280 usui
1145 5223 1399 5296 propria:
1438 5223 1582 5279 Nam
1618 5233 1671 5280 et
1703 5227 1880 5297 vulgo
1910 5231 2112 5280 nostra
2225 5225 2434 5297 Tmen.
2494 5296 2499 5297 ί
2607 5295 2619 5297 _
2747 5223 2779 5297 ξ
2904 5295 2946 5297 _
3110 5295 3115 5297 Α
3283 5294 3297 5297 ᾼ
3599 5292 3614 5297 _
3763 5286 3771 5296 η
3916 5242 3917 5275 ι

450 5294 623 5418 ptiam
657 5299 823 5416 (ritate
857 5292 1086 5351 cautum
1118 5292 1173 5351 οἰ
1204 5292 1461 5352 astutum
1494 5292 1883 5353 Guiscardifm
1914 5298 2112 5367 appel-
2226 5366 2242 5419 1
2299 5296 2548 5419 [ieibnih
2607 5295 2841 5367 legebat
2900 5295 3136 5364 Tarani,
3198 5294 3304 5349 sed
3362 5292 3653 5349 servanda
3696 5292 3844 5359 prima

472 5379 660 5418 amus.
740 5382 900 5419 IREM.
2249 5382 2315 5419 ec
2346 5383 2421 5419 ιο.

472 5379 660 5418 amus.
691 5368 900 5420 Tinsu.
2226 5368 2421 5420 lectio.

518 5435 1210 5511 Guiscardifognomem
1230 5440 1573 5511 prudentem
1604 5442 1793 5511 notat;
1819 5439 1999 5511 Wys;
2026 5440 2118 5491 est
2299 5436 2409 5505 (46)
2434 5437 2736 5491 Maniaeus
2768 5436 2881 5511 isto
2908 5437 2968 5490 in
2998 5437 3280 5511 conﬂictu
3302 5438 3546 5511 accepto
3573 5423 3845 5511 vulnere}?
3914 5486 3915 5511 ι

449 5506 691 5576 sapiens
714 5525 726 5571 ;
760 5510 815 5561 et
832 5498 1093 5578 Wfssen
1111 5498 1289 5565 scire.
1312 5510 1513 5564 Editor
1534 5498 1882 5580 Hothomag.
1903 5498 2116 5563 obser-
2226 5498 2464 5637 pectore
2480 5524 2718 5581 exequo
2744 5509 3060 5581 prolapsus
3080 5510 3263 5565 suoin
3280 5498 3573 5579 sanguine
3594 5498 3840 5559 occubuit

449 5584 547 5635 vat
570 5578 867 5635 Guishard
917 5595 1027 5635 suo
1066 5584 1330 5637 tempore
1375 5586 1633 5637 astutum
1664 5581 1845 5637 vulgo
1877 5580 2113 5637 signifi-
2277 5596 2439 5637 issu.

448 5584 547 5635 vat
570 5578 867 5635 Guishard
917 5595 1027 5635 suo
1066 5584 1330 5654 tempore
1375 5586 1633 5637 astutum
1664 5578 1852 5654 vulgo
1877 5580 2113 5654 signifi-
2228 5578 2439 5637 Tmen.
