3926 6146
193 305 326 369 1061

158 502 419 574 Comperit
448 519 460 558 :
495 502 650 574 Ergo
678 502 826 555 alios
857 499 1097 555 molitus
1129 499 1292 553 adire
1327 500 1568 569 paratus

152 593 380 658 Consilii,
411 592 542 664 quia
577 606 724 662 quos
756 590 943 645 fortes
977 589 1049 643 ad
1079 605 1262 657 arma,
1296 604 1405 643 nec
1438 588 1619 642 armis

152 680 446 737 Vincendos
477 681 655 748 novit,
690 679 1011 748 promissis
1042 677 1249 731 fallere
1278 680 1506 747 sperat;

153 771 301 823 Audit
326 769 470 822 enim
501 769 634 839 quia
665 784 814 840 gens
869 783 1107 838 semper
1157 766 1551 820 Nor’manuiea
1597 779 1779 834 prona

153 858 239 913 Est
259 858 323 911 ad
353 857 667 925 avaritiam,
701 856 837 926 plus
870 857 971 926 qui
999 856 1133 924 plus
1169 856 1393 925 praebet
1425 857 1669 908 amatur.

157 947 393 999 Traditur
420 946 650 1017 Arger
680 946 965 1015 poxtanda
994 945 1244 1013 pecunia
1271 944 1470 1011 multa,

149 1034 358 1106 Argenti
386 1034 648 1103 multum,
681 1034 1060 1103 pretiosaque
1090 1033 1300 1101 vestis,
1338 1036 1394 1087 et
1423 1047 1654 1101 aurum,

150 1124 209 1177 Ut
232 1124 307 1176 sic
336 1123 653 1177 Normanni
685 1123 977 1190 fallantur,
1014 1124 1069 1176 et
1099 1121 1475 1191 egredientes

152 1211 359 1265 Finibus
390 1211 715 1281 Hesperiae,
750 1226 1001 1280 propere
1030 1226 1189 1264 mare
1213 1209 1742 1281 transgrediantur,

149 1299 324 1371 Magna
353 1301 459 1353 sub
494 1300 723 1370 imperii
757 1299 1132 1354 famulamine
1165 1298 1567 1369 promerituri.

151 1387 362 1457 Imperat
389 1389 481 1441 hic
513 1389 709 1458 etiam,
743 1388 900 1460 quod
926 1388 979 1441 si
1007 1388 1261 1442 transire
1292 1390 1609 1458 negarent;

152 1476 259 1530 llaec
286 1478 408 1530 aliis
438 1477 576 1531 iblis
608 1492 741 1547 qum
773 1476 964 1531 danda
995 1476 1161 1530 fuere
1196 1476 1493 1541 darentur,

146 1564 467 1633 Opprimeret
494 1581 748 1636 quorum
773 1566 975 1637 gravis
1009 1564 1307 1619 infestatio
1339 1562 1559 1617 Gallos.

148 1652 311 1706 Paruit
339 1654 625 1725 Argyrus,
659 1654 790 1708 loca
820 1654 1034 1707 transit
1063 1652 1135 1706 ad
1160 1651 1408 1721 Appula,
1437 1650 1655 1720 jussus

147 1741 466 1795 Francorum
500 1744 750 1796 comites
785 1744 975 1810 vocat,
1012 1743 1069 1795 et
1099 1757 1165 1795 se
1196 1755 1406 1812 magna
1438 1740 1709 1794 daturum
1764 1754 1778 1762 '

150 1828 358 1883 Munera
385 1831 691 1901 promittit,
725 1831 778 1883 si
807 1830 1323 1902 transgrediuntur
1348 1828 1420 1881 ad
1452 1829 1672 1899 Argos.

148 1917 370 1972 Dimisso
402 1919 594 1987 Latio,
631 1933 815 1990 grave
845 1918 945 1990 qui
990 1920 1287 1972 certamen
1346 1917 1641 1972 habebant

147 2003 265 2059 Cum
294 2007 511 2075 Persis,
548 2010 608 2061 et
642 2022 745 2062 eos
770 2007 984 2077 jurans
1018 2007 1299 2077 promittit
1328 2007 1401 2059 ab
1433 2005 1532 2059 illo

147 2094 234 2157 Qui
262 2096 401 2166 regit
430 2096 747 2166 imperium
782 2098 1085 2168 gratanter
1128 2095 1567 2164 suscipiendos,

146 2182 203 2236 Et
225 2186 438 2256 magnis
471 2184 690 2255 Opibus
721 2184 998 2239 ditandos
1031 2184 1210 2238 affore
1243 2183 1496 2252 spondit.

146 2272 330 2326 Callida
359 2272 705 2329 Graecorum
738 2274 1078 2344 promissio,
1116 2272 1487 2327 calliditatem

145 2360 253 2414 Non
279 2362 431 2416 latuit
462 2364 664 2434 gentis
696 2362 929 2416 Latium
962 2376 1252 2432 superare
1277 2362 1549 2431 volentis,

146 2447 202 2502 Et
226 2450 570 2506 dimissuros
600 2451 729 2505 loca
751 2467 817 2506 se
850 2467 966 2506 non
1000 2452 1225 2521 Appula
1249 2451 1470 2513 dicunt,

146 2537 269 2591 Dnm
297 2540 738 2611 conquirantur,
774 2540 892 2593 nisi
924 2540 1072 2594 forte
1104 2540 1393 2609 potenlior
1425 2539 1542 2592 illis

146 2624 311 2681 Turba
338 2630 776 2698 superveniens
809 2628 1078 2699 depellat,
1115 2632 1169 2681 et
1200 2629 1488 2697 opprimat
1519 2626 1673 2681 illos.

146 2713 228 2768 Vir
252 2715 362 2771 Leo
393 2717 503 2788 (4‘7)
542 2717 829 2771 miriﬁcus
862 2717 972 2771 hac
1002 2719 1349 2786 tempestate
1379 2716 1627 2787 regebat

146 2802 431 2859 Romanam
462 2806 694 2875 sedem,
728 2806 870 2860 tanti
901 2821 1051 2877 gens
1082 2805 1311 2875 Appula
1342 2820 1506 2875 papm

143 2892 291 2946 Audit
315 2899 374 2948 ut
401 2894 744 2965 adventum,
780 2895 977 2948 varias
1010 2893 1241 2950 deferre
1272 2894 1546 2966 querelas

142 2977 317 3053 Capit,
348 2973 401 3038 et
429 2987 677 3039 accusat
709 2983 947 3039 diverso
976 2985 1219 3039 crimine
1251 2983 1483 3053 Gallos;

144 3067 289 3124 Veris
317 3073 714 3127 eommiscens
745 3072 975 3127 fallacia
1006 3074 1207 3127 nuntia
1240 3073 1408 3127 mittit

142 3158 381 3230 Argyrus
408 3178 606 3232 papae,
640 3161 1036 3234 precibusque
1068 3162 1478 3234 frequentibus
1510 3160 1672 3214 illum

142 3244 412 3318 Obsecrat,
444 3250 678 3304 Italiam
712 3252 867 3322 quod
900 3251 1171 3305 libertate
1203 3253 1498 3329 carentem

142 3333 367 3407 Liberet,
399 3355 467 3393 ac
487 3341 774 3410 populum
805 3340 1114 3394 discedere
1148 3342 1321 3412 cogat
1351 3338 1635 3410 iniquum,

142 3423 301 3495 Cujus
328 3443 542 3497 pressa
568 3428 718 3500 jugo
750 3429 1168 3499 pessumdatur
1196 3427 1423 3499 Appula
1453 3427 1648 3481 tellus.

140 3511 246 3567 Hoc
273 3515 748 3571 Normannorum
788 3518 988 3588 Drogo
1035 3517 1500 3588 Gaymariusque
1545 3515 1780 3585 priores

147 3599 406 3675 Tempore
438 3605 704 3661 defuncti
736 3606 986 3676 fuerant,
1018 3623 1051 3660 a
1083 3607 1313 3660 civibus
1341 3605 1453 3660 alte

140 3686 199 3742 Et
225 3695 682 3767 consanguineis
706 3696 945 3750 occisus
980 3695 1187 3749 fraude
1217 3694 1478 3763 Salerni;

140 3777 281 3835 Alter
307 3783 376 3838 ab
408 3784 732 3855 indigenis,
765 3784 1008 3838 nimium
1039 3784 1175 3855 quia
1208 3784 1488 3838 credulus
1520 3783 1657 3848 illis,

140 3867 396 3926 Pontilari
428 3889 631 3928 caesus
665 3872 796 3943 (48).
830 3872 905 3927 Se
936 3888 1088 3944 gens
1111 3877 1341 3927 rectore
1371 3875 1666 3926 carentem

139 3954 334 4014 Gallica
365 3962 771 4031 conqueritur,
802 3976 971 4031 papae
998 3964 1194 4015 tamen
1227 3960 1400 4014 obvia
1433 3960 1589 4015 venit

139 4044 264 4101 Cum
292 4052 529 4120 quantis
561 4050 821 4121 equitum
853 4050 1033 4104 valuit
1077 4050 1455 4120 peditumque
1496 4048 1782 4120 catervis;

138 4135 450 4193 Advenisse
484 4139 723 4209 quidam
753 4139 904 4193 Latii
936 4155 1067 4193 cum
1089 4139 1269 4192 milite
1302 4137 1480 4192 multo

139 4225 438 4282 Audierant
467 4218 699 4298 papam,
736 4229 1149 4283 comitantibus
1181 4229 1336 4283 hunc
1368 4227 1709 4282 Alemannis

140 4311 445 4371 lnnumerxs
475 4316 589 4387 (49')
621 4320 678 4372 et
706 4317 1068 4389 Teutonicis,
1101 4318 1174 4372 ad
1204 4318 1357 4373 bella
1388 4322 1673 4387 paratum.

140 4400 443 4459 Normanni
472 4406 611 4460 licet
643 4406 913 4479 insignes
945 4406 1308 4478 fulgentibus
1340 4407 1538 4476 armis,

140 4488 474 4561 Agminibus
508 4494 685 4549 tantis
713 4496 863 4550 visis
895 4496 1133 4549 obstare
1169 4496 1439 4550 timentes

140 4576 377 4651 Legatos
407 4584 643 4637 mittunt
674 4584 772 4655 qui
802 4585 965 4655 pacis
997 4585 1218 4639 foedera
1249 4587 1517 4654 poscant,

139 4664 344 4740 Quique
376 4677 592 4744 regent
622 4688 829 4742 papam
875 4673 1138 4743 placidus
1181 4672 1536 4727 famulamcn
1580 4687 1788 4726 eorum

140 4754 438 4831 Suscipiat;
473 4777 610 4816 sese
642 4778 806 4832 papae
838 4778 1045 4833 parere
1078 4765 1313 4833 paratos

139 4842 336 4902 Omnes
367 4852 680 4919 testantur,
714 4868 828 4905 non
861 4851 1016 4906 hunc
1050 4851 1344 4906 offendere
1376 4851 1551 4922 velle,

141 4931 213 4987 Ac
241 4938 622 5007 quaesitorum
653 4956 1021 5012 cognoscere
1054 4957 1267 4995 munus
1296 4940 1369 4994 ab
1393 4940 1545 5010 ipso.

204 5183 308 5263 (Ψ)
333 5185 622 5263 Leopapa
645 5207 839 5246 nonus
871 5192 1055 5263 hujus
1091 5192 1367 5259 nominis,
1391 5207 1542 5245 anno
1575 5189 1785 5245 salutis

143 5252 714 5331 1049,Vponti'ﬁcatum
744 5264 888 5317 iniit.
923 5252 1109 5318 Kntea
1139 5265 1336 5319 Bruno
1356 5252 1708 5331 vocabatur,
1734 5265 1790 5316 et

142 5322 430 5404 Tullensis
458 5334 775 5404 episcopus
805 5339 947 5389 erat.
984 5335 1193 5389 Tmen.

144 5400 607 5526 erantﬁzllgruno
656 5400 997 5477 vocabatur,
1032 5410 1087 5461 ct
1130 5406 1429 5462 Tullensis
1471 5406 1788 5476 episcopus

206 5537 313 5623 (ιβ)
346 5542 539 5623 Drogo
571 5546 709 5602 dum
740 5547 981 5623 dominii
1010 5549 1366 5623 ampliationi
1406 5548 1620 5623 studet,
1655 5546 1794 5601 dum

144 5608 363 5683 Apulia
394 5608 572 5675 urbes
600 5619 808 5692 munit,
831 5608 1361 5697 Langobardorum
1386 5623 1444 5677 et
1468 5608 1795 5691 Apulorum

715 299 826 360 DE
857 298 1122 361 REBUS
1156 298 1447 391 GESTIS
1479 295 1929 360 NORMANN.
1963 296 2050 358 IN
2080 288 2407 372 SICILIA,
2441 296 2613 360 ETC.
2653 332 2723 342 —
2760 297 2920 358 LIB.
2960 298 3011 359 ΙΙ

1814 3210 1863 3272 C

3337 238 3342 247 Ι
3419 294 3573 365 1042

1810 482 1859 542 Α
1896 496 1958 551 Si
1979 497 2186 566 placet,
2208 496 2363 550 hunc
2387 496 2683 550 dominum
2705 501 2957 567 poscunt
2978 497 3113 565 sibi,
3136 514 3322 569 seque
3341 499 3568 555 ﬁdeles.

1897 586 2218 649 Teutonici,
2255 585 2388 656 quia
2423 586 2708 640 caesaries
2740 588 2796 640 et
2828 586 3014 640 forma
3046 586 3299 642 decoros

1900 673 2144 728 Fecerat
2170 675 2413 745 egregie
2446 675 2673 745 proceri
2709 674 2978 744 corporis
3005 675 3161 744 illos,

1901 765 2161 833 (Jorpora
2194 763 2460 816 derident
2492 763 2909 830 Normanniea,
2945 779 3077 833 quae
3109 763 3382 819 breviora

1904 851 2056 905 Esse
2088 851 2459 916 videbantur,
2496 867 2602 904 nec
2635 868 2836 905 eorum
2862 852 3061 905 nuntia
3093 855 3318 922 curant,

1905 941 1980 995 Ut
2010 945 2143 1009 pote
2171 956 2280 994 nec
2312 955 2556 994 numero
2588 940 2786 1010 populi
2819 956 2928 994 nec
2958 941 3190 995 viribus
3222 940 3398 1012 aequi,

1904 1029 2270 1083 Conveniunt
2301 1044 2508 1099 papam
2540 1029 2742 1082 verbis
2776 1030 3087 1099 animoque
3119 1030 3362 1100 superbi
3399 1047 3409 1084 :

1903 1118 2167 1188 Praecipe
2200 1118 2556 1171 Normannis
2590 1117 2764 1170 Italas
2797 1118 3086 1172 dimittere
3117 1122 3330 1188 terras,

1902 1206 2168 1276 Adjectis
2201 1208 2403 1273 armis,
2437 1207 2778 1276 patriosque
2808 1207 3074 1260 revisere
3106 1207 3277 1261 fines.

1899 1294 2064 1359 Quod
2097 1296 2146 1349 si
2182 1295 2493 1363 noluerint,
2526 1310 2635 1348 nec
2668 1295 2890 1350 fmdera
2924 1295 3089 1364 pacis
3118 1294 3190 1348 ab
3224 1295 3374 1365 ipsis

1898 1383 2205 1453 Suscipias
2236 1384 2531 1450 volumus,
2567 1399 2675 1437 nec
2708 1400 2910 1440 eorum
2941 1383 3143 1437 nuntia
3168 1398 3378 1454 cures;

1898 1473 2171 1530 Nondum
2204 1475 2343 1526 sunt
2371 1472 2603 1545 gladios
2632 1473 2855 1542 experti
2889 1473 3365 1540 Teutonicorum,

1896 1564 2188 1617 Intereaut
2220 1561 2453 1633 gladiis,
2498 1565 2594 1615 aut
2626 1561 3052 1631 compellantur
3082 1561 3263 1615 abire.

1897 1652 2183 1722 Invitique
2215 1651 2428 1717 solum,
2454 1650 2609 1720 quod
2643 1650 2846 1703 nolunt
2877 1652 3106 1720 sponte,
3142 1651 3490 1721 relinquant.
3532 1682 3539 1687 ν

1897 1743 2074 1812 Papa,
2108 1740 2243 1794 licet
2270 1739 2511 1794 tumidis
2542 1739 2703 1791 varia
2736 1739 2961 1792 ratione
2991 1740 3279 1809 renitens,

1813 1852 1859 1912 Β
1898 1830 2028 1884 Non
2059 1831 2286 1884 animos
2320 1829 2514 1899 gentis
2547 1827 2729 1897 potuit
2761 1827 2970 1881 sedare
3002 1829 3297 1896 superbae,

1896 1919 2072 1988 Spem
2103 1919 2277 1972 dabat
2307 1917 2401 1970 his
2432 1916 2592 1971 Italae
2626 1916 2740 1970 faex
2772 1916 3188 1987 indignissima
3220 1916 3437 1988 gentis,

1895 2008 2055 2063 Gens
2087 2008 2399 2061 Marchana
2431 2006 2639 2076 probis
2671 2005 2847 2076 digne
2875 2006 3186 2075 reprobata
3219 2005 3465 2060 Latinis.

1896 2097 2039 2152 ilum
2069 2096 2270 2166 plures
2303 2095 2429 2148 Itali
2462 2110 2675 2165 magna
2707 2094 2922 2149 virtute
2954 2092 3305 2164 redundent,

1899 2187 2007 2240 His
2039 2188 2165 2240 erat
2198 2186 2429 2237 innatus
2463 2199 2665 2253 pavor,
2702 2185 2757 2237 et
2790 2183 2930 2254 fuga
2962 2183 3367 2253 luxuriesque,

1896 2273 2200 2328 Teutonici
2232 2272 2431 2342 populi
2463 2286 2577 2325 non
2612 2271 2778 2340 copia
2812 2286 3023 2341 magna
3054 2270 3303 2325 videtur.

1898 2362 2136 2417 Turbati
2168 2361 2418 2415 redeunt
2449 2359 2795 2424 Normanni,
2831 2373 2977 2428 pace
3009 2361 3241 2429 negata,

1896 2453 2088 2522 Atque
2128 2449 2585 2504 Alamannorum
2632 2463 2923 2517 responsa
2971 2447 3250 2502 tumentia
3284 2449 3563 2518 pandunt.

1897 2543 2155 2611 Tempus
2188 2543 2310 2595 erat
2334 2538 2460 2610 jam
2491 2538 2740 2591 triticeis
2771 2536 3000 2591 conﬁne
3032 2537 3323 2592 metendis

1898 2631 2220 2703 Frugibus;
2250 2630 2305 2682 at
2335 2627 2559 2681 virides
2591 2626 2849 2681 nondum
2876 2626 3077 2699 legere
3109 2626 3401 2696 maniplos

1896 2719 2213 2791 Agricolae,
2247 2733 2398 2788 quos
2430 2716 2836 2789 Francigenae,
2872 2716 3008 2787 quia
3029 2730 3180 2786 pane
3216 2716 3514 2786 carebant,

1898 2808 2027 2880 Igni
2058 2806 2358 2861 torrebant
2387 2807 2443 2859 et
2472 2804 2869 2859 vescebantur
2899 2802 3158 2867 adustis;

1896 2897 2097 2951 Talem
2129 2895 2423 2966 degebant
2453 2894 2527 2948 ob
2559 2896 2754 2947 castra
2786 2892 3029 2947 rebellia
3059 2892 3259 2960 vitam,

1898 2986 2170 3056 Undique
2202 2983 2543 3038 Teutonicis
2576 2982 2935 3048 famulantia,
2960 2996 3068 3034 nec
3100 2980 3214 3034 sibi
3247 2980 3568 3051 quidquam

1896 3075 2121 3142 Bantia,
2158 3087 2461 3142 corporeae
2492 3071 2627 3124 vitze
2659 3070 2813 3140 quod
2846 3069 3101 3137 postulat
3134 3084 3302 3122 usus.

1896 3164 2102 3219 Frater
2132 3163 2407 3216 defuncto
2439 3159 2540 3231 qui
2570 3158 2747 3212 fratre
2781 3157 3055 3229 Drogone
3092 3158 3404 3226 superstes

1896 3253 2131 3308 Exstitit
2148 3250 2449 3306 Unfredus
2471 3248 2582 3317 (50)
2600 3262 2909 3317 procerum
2933 3246 3004 3299 de
3022 3244 3543 3317 Francigenarum.

1896 3344 2065 3398 Unus
2098 3340 2422 3395 habebatur
2454 3335 2813 3407 majoribus;
2849 3334 2983 3388 inde
3009 3333 3343 3388 Richardus

1896 3433 2124 3487 Aversa
2156 3429 2328 3500 paulo
2362 3431 2494 3481 ante
2525 3440 2727 3480 comes
2758 3424 3023 3479 delectus
3053 3422 3113 3477 in
3144 3423 3311 3492 urbe,

1893 3521 2321 3589 Paulisperque
2353 3532 2497 3571 suos
2531 3516 2742 3569 fratres
2774 3517 2897 3568 erat
2929 3515 3059 3567 ante
3092 3515 3334 3566 secutus

1900 3610 2217 3677 Robertus,
2252 3606 2351 3677 qui
2382 3604 2754 3677 magnanima
2784 3603 2997 3656 virtute
3028 3600 3259 3672 priores

1897 3698 2285 3753 Transcendit
2315 3696 2552 3758 fratres;
2586 3693 2681 3745 hic
2712 3692 2865 3746 bello
2900 3692 3166 3745 interfuit
3197 3691 3301 3746 illi.

1896 3789 2237 3860 Cognomcn
2266 3781 2633 3839 Guiscardus
2666 3783 2789 3834 erat
2819 3781 2954 3850 quia
2985 3779 3319 3833 calliditatis

1899 3876 2031 3930 Non
2062 3876 2267 3929 Cicero
2299 3876 2474 3926 tantae
2506 3871 2631 3938 fuit,
2664 3873 2761 3923 aut
2794 3872 3072 3922 versutus
3106 3868 3382 3938 Ulysses.

1898 3966 2054 4019 Inter
2083 3979 2185 4017 eos
2218 3950 2460 4015 aderant
2490 3961 2699 4012 Petrus
2731 3960 2787 4011 et
2816 3957 3109 4026 Galtcrus,
3144 3957 3318 4011 amici

1900 4051 2161 4124 Insignis
2193 4049 2454 4115 soboles,
2488 4047 2661 4100 simul
2699 4045 3090 4114 Aureolanus,
3127 4045 3388 4100 Ubertus

1900 4143 2222 4212 Muscaque
2258 4135 2600 4204 Rainaldus,
2637 4149 2838 4188 comes
2871 4133 3067 4203 Hugo,
3112 4147 3432 4203 comesque
3463 4132 3566 4187 Gi-

3216 4218 3452 4291 [rardus
3478 4236 3490 4276 :

1902 4324 2011 4378 Hic
2043 4316 2479 4375 Beneventanis
2507 4312 2807 4384 praelatus,
2846 4313 2901 4364 at
2921 4310 2982 4364 hi
3012 4308 3370 4363 Thelesinis.

1899 4413 2025 4467 Hos
2060 4407 2451 4465 Bonianensis
2484 4403 2713 4459 comitis
2748 4401 3019 4456 comitata
3053 4398 3285 4453 ltodulﬁ

1899 4503 2007 4557 Est
2036 4502 2223 4554 virtus
2254 4501 2309 4552 et
2341 4494 2586 4549 consilio
2619 4490 2894 4562 pollentis
2916 4492 2973 4544 et
3003 4490 3207 4543 armis.

1815 4570 1866 4631 θ
1900 4592 2009 4646 Vix
2036 4602 2316 4661 proceres
2349 4585 2499 4639 istos
2530 4583 2760 4654 equites
2792 4585 2881 4635 ter
2910 4579 3064 4634 mille
3096 4580 3442 4649 sequuntur,

1900 4682 1970 4736 Et
1997 4679 2167 4752 pauci
2200 4676 2448 4749 pedites,
2481 4673 2677 4728 triduo
2710 4671 2843 4742 quia
2875 4671 3045 4740 panis
3080 4670 3324 4739 egentes

1900 4771 2076 4825 Arma
2106 4769 2327 4839 petunt,
2362 4764 2557 4819 cuncti
2592 4761 2781 4833 magis
2808 4763 2867 4814 ut
2890 4760 3214 4813 moriantur
3242 4754 3491 4810 honeste

1900 4858 2180 4914 Bellando
2212 4857 2470 4926 cupiunt,
2507 4868 2681 4924 quam
2707 4865 2958 4920 corpora
2990 4849 3145 4900 tanta
3177 4846 3442 4899 virorum

1899 4948 2199 5018 Opprimat
2227 4944 2461 4999 esuries
2494 4942 2822 4996 inhonestae
2858 4938 3063 4991 funere
3093 4934 3320 4989 mortis.

1902 5199 2136 5254 insidiis
2183 5195 2255 5249 ad
2318 5192 2655 5249 Moutolium
2704 5184 2979 5257 Oppidum
3038 5184 3476 5257 circumventus
3532 5197 3566 5237 a

1905 5272 2127 5325 Visone
2148 5282 2363 5339 genere
2388 5265 2593 5339 Apulo,
2619 5256 2957 5339 proditione
2966 5258 3274 5339 occiditur.
3302 5256 3565 5339 mevrr.

1976 5343 2086 5411 (49)
2122 5327 2194 5393 Hi
2226 5343 2361 5393 sunt
2393 5327 2717 5411 Alemanni,
2752 5346 2904 5411 quos
2938 5329 3233 5411 Henricus
3262 5327 3566 5411 secundus

1902 5397 2173 5483 (tertius),
2202 5411 2512 5483 Romanus
2546 5397 2857 5483 imperator
2891 5400 3044 5471 apud
3075 5397 3377 5453 Vercellas
3409 5414 3566 5468 prae-

1902 5473 2056 5541 sidio
2086 5473 2267 5537 Italiae
2297 5473 2642 5551 reliquerat;
2672 5473 2882 5527 Tmen.
2909 5542 2954 5551 __
3153 5540 3169 5551 ῃ
3277 5541 3322 5551 __
3521 5539 3562 5551 υ

1973 5555 2085 5626 (50)
2146 5539 2448 5626 Unfredus.
2504 5547 2714 5601 tertius
2773 5559 2846 5599 ex
2909 5540 3213 5600 Trezenda
3277 5539 3567 5597 Tancredi

1902 5620 2162 5701 conjuge
2190 5623 2367 5682 illius.
2403 5620 2613 5677 Tmen.
