3926 6146
367 273 525 336 1043

366 471 524 527 Gens
557 472 1034 542 Alemannorum,
1073 472 1282 542 stipata
1315 471 1563 525 satellite
1594 471 1799 542 multo,

368 559 897 632 Longobardorum
924 560 1144 614 frustra
1179 559 1405 612 confisa
1436 558 1669 630 fugacis

369 647 605 702 Auxilio
637 649 848 716 turbae,
882 648 1258 702 Normannos
1291 652 1456 718 terga
1488 648 1729 702 daturos

367 735 656 791 Credebat
680 737 887 806 primis
920 737 1317 805 conflictibus,
1349 739 1447 789 aut
1475 736 1875 806 perimendos.

372 826 448 879 At
478 841 592 878 non
625 825 682 878 in
715 841 982 894 numero,
1004 841 1111 879 nec
1131 827 1322 896 equis,
1347 841 1456 879 nec
1481 827 1673 895 gente,
1699 840 1808 878 nec
1830 825 2036 895 armis,

373 914 490 968 Sed
523 914 614 968 cui
647 914 718 968 de
751 914 900 968 coelo
932 915 1100 968 datur
1129 918 1222 967 est
1248 913 1492 968 victoria
1520 913 1686 967 belli.

372 1003 532 1056 Inter
561 1002 916 1056 Teutonicos
950 1003 1546 1072 Normannorumque
1580 1005 1850 1056 catervas

368 1091 550 1145 Collis
579 1095 703 1145 erat
730 1091 984 1160 medius,
1012 1106 1162 1162 gens
1190 1091 1641 1145 innumerabilis
1675 1091 1758 1144 illi

371 1178 620 1249 Appula,
657 1179 989 1249 Balbensis,
1022 1180 1394 1250 Campanica,
1427 1180 1648 1247 Marsa,
1683 1178 1996 1234 Thelensis

371 1268 626 1322 Venerat
661 1269 900 1337 auxilio;
934 1267 1275 1323 Guarnerus
1308 1268 1765 1323 Teutonicorum

375 1357 775 1426 Albertusque
807 1357 989 1411 duces
1021 1373 1137 1411 non
1168 1357 1468 1411 adduxere
1499 1357 1731 1411 Suevos

375 1444 518 1498 Plus
551 1445 984 1516 septingentos;
1020 1445 1149 1499 haec
1179 1461 1330 1517 gens
1361 1447 1630 1500 animosa
1663 1444 1900 1499 feroces

371 1531 513 1586 Fert
543 1533 794 1602 animos,
829 1534 936 1588 sed
964 1549 1150 1604 equos
1181 1533 1328 1588 adeo
1362 1549 1478 1587 non
1508 1533 1725 1588 ducere
1758 1536 1945 1602 cauta,

370 1619 594 1674 Ictibus
627 1620 862 1675 illorum
895 1637 1068 1692 quam
1101 1621 1308 1676 lancea
1338 1623 1472 1692 plus
1503 1622 1658 1675 valet
1689 1622 1886 1689 ensis;

372 1708 522 1762 Nam
553 1724 662 1762 nec
693 1725 885 1780 equus
919 1710 1088 1764 docte
1121 1711 1394 1765 manibus
1426 1713 1667 1781 gyratur
1691 1725 1920 1779 eorum,

377 1797 503 1852 Nec
535 1797 767 1851 validos
798 1799 949 1850 ictus
984 1799 1080 1851 dat
1111 1799 1332 1866 lancea,
1367 1798 1674 1868 praeminet
1703 1797 1890 1867 ensis,

373 1885 523 1940 Sunt
554 1885 780 1939 Etenim
813 1886 976 1956 longi
1009 1887 1348 1956 specialiter
1378 1891 1434 1940 et
1463 1887 1727 1957 peracuti

375 1978 617 2032 Illorum
644 1979 844 2050 gladii,
877 1995 1236 2050 percussum
1266 1996 1299 2034 a
1328 1977 1553 2035 vestiee
1586 1995 1805 2050 corpus

371 2065 654 2122 Scindere
686 2083 848 2138 saepe
897 2069 1108 2137 solent,
1153 2071 1209 2123 et
1257 2069 1425 2124 ﬁrmo
1472 2073 1628 2124 stant
1660 2068 1826 2138 pede,
1877 2069 2044 2137 post-

1845 2171 1977 2209 uam

380 2245 766 2314 Deponuntur
794 2245 986 2316 equis,
1021 2247 1218 2314 potius
1246 2246 1524 2301 certando
1550 2154 1840 2316 perire.[q

375 2334 559 2399 Quam
590 2334 729 2388 dare
763 2337 929 2406 terga
970 2335 1190 2405 volunt,
1225 2335 1418 2407 magis
1453 2335 1564 2390 hoc
1596 2339 1732 2389 sunt
1763 2333 1944 2388 Marte
1976 2332 2052 2387 ti-

1763 2421 1982 2494 [mendi

375 2508 560 2575 Quam
590 2510 726 2564 dum
775 2513 914 2564 sunt
944 2512 1198 2581 equites;
1233 2515 1387 2567 tanta
1429 2516 1521 2567 est
1559 2511 1804 2566 audacia
1833 2511 2050 2582 gentis,

376 2598 556 2653 Italiae
585 2599 801 2669 popqu
832 2615 964 2670 quae
993 2615 1058 2654 se
1090 2602 1442 2655 sociaverat.
1479 2601 1602 2655 Illis

374 2687 652 2742 Germani
681 2689 928 2741 comites
960 2692 1245 2758 praesunt,
1281 2690 1732 2744 Transmundus
1763 2691 1820 2744 et
1849 2689 2004 2758 Atto,

376 2774 446 2828 Et
478 2775 808 2830 Burrellina
841 2779 1121 2847 generata
1152 2778 1477 2850 propagine
1509 2779 1728 2848 proles.

376 2863 452 2918 Hi
483 2864 657 2919 simul
689 2865 761 2919 ad
790 2864 1010 2920 bellum
1039 2869 1353 2936 properant
1385 2868 1692 2939 campique
1720 2867 1932 2922 marini

372 2953 592 3008 Accola
622 2953 941 3009 Maldreiiis
969 2955 1438 3026 Molinensisque
1473 2957 1705 3012 Rodulﬁ

379 3043 678 3098 Rofredus
710 3059 904 3114 socer;
940 3044 1122 3116 hujus
1155 3048 1418 3100 castrum
1448 3045 1702 3101 Guardia
1733 3061 1979 3116 nomen;

376 3130 447 3186 Et
477 3132 680 3202 plures
713 3133 832 3202 alii,
867 3149 1121 3204 quorum
1151 3150 1270 3189 non
1301 3135 1538 3190 nomina
1569 3136 1727 3191 novi.

375 3219 507 3274 Huc
538 3237 774 3294 quoque
805 3222 1073 3286 Romani,
1108 3223 1424 3294 Samnites,
1457 3227 1513 3278 et
1543 3224 1803 3295 Capuani

379 3309 680 3364 Auxilium
711 3311 962 3380 mittunt,
999 3327 1108 3365 nec
1142 3327 1286 3381 opes
1318 3312 1559 3366 Ancona
1591 3313 1850 3385 negavit.

381 3397 512 3452 Huc
542 3399 846 3468 Spoletini,
881 3400 1056 3453 simul
1090 3415 1405 3454 accessere
1436 3400 1659 3470 Sabini,

373 3485 505 3540 Huc
538 3502 774 3557 quoque
805 3485 1084 3556 Firmani;
1118 3503 1235 3541 non
1267 3488 1458 3542 evaIet
1491 3490 1824 3544 enumerari

377 3575 755 3629 Carminibus
787 3576 1034 3644 nostris,
1064 3591 1240 3646 quam
1269 3577 1488 3631 multus
1520 3579 1750 3633 venerit
1780 3579 1993 3652 hostis,

377 3662 769 3734 Francigenae
798 3664 994 3734 gentis
1025 3679 1239 3719 nomen
1271 3664 1470 3720 delere
1501 3665 1800 3722 laborans.

381 3751 460 3804 Hi
490 3766 621 3804 cum
653 3751 992 3806 Teutonicis
1025 3752 1095 3806 ad
1130 3753 1313 3824 ripam
1340 3755 1598 3809 ﬂuminis
1631 3772 1857 3828 omnes,

375 3838 626 3896 Nomine
661 3838 912 3894 Fertorii
946 3841 1193 3896 tentoria
1224 3842 1341 3896 ﬁxa
1373 3843 1654 3915 locarant,

1666 272 1917 336 GUILL

2173 273 2430 336 APULI
3575 281 3697 345 1044

2066 457 2124 516 Α
2157 471 2340 542 Inque
2372 471 2571 544 fugam
2603 471 2762 526 versi
2783 487 2888 542 per
2919 471 3110 542 plana,
3143 487 3250 543 per
3279 476 3465 544 ardua,
3493 480 3676 534 cursim

2155 559 2512 630 Diffugiunt;
2541 562 2754 615 multos
2788 562 2946 632 cogit
2974 564 3359 620 succumbere
3385 569 3578 620 stratos

2151 647 2412 717 Impetus
2445 648 2574 718 ipse
2606 649 2788 720 fugae;
2815 648 3035 719 jaculis
3068 651 3368 706 caeduntur
3395 656 3447 707 et
3473 669 3614 709 ense.

2151 733 2412 799 Qualiter
2441 735 2654 804 aerias,
2703 735 2800 789 ubi
2831 751 3163 791 convenere
3195 739 3507 809 palumbes,

2153 823 2303 877 Dum
2334 824 2476 893 petit
2510 824 2791 893 accipiter
2821 823 3071 894 fugitivo
3104 841 3331 879 summa
3361 827 3558 895 volatu,

2153 911 2224 965 Et
2253 913 2571 982 scopulosa
2605 912 2741 966 facit
2771 912 2921 966 celei
2947 911 3096 984 juga
3129 930 3390 985 quaerere
3419 917 3630 984 montis,

2152 998 2309 1065 Quas
2339 1003 2531 1055 tamen
2563 1002 2692 1070 ipse
2724 1001 2898 1071 capit,
2934 1017 3052 1056 non
3083 1008 3331 1071 possunt
3359 1004 3590 1073 amplius
3609 1003 3750 1058 ullum

2152 1087 2431 1153 Quaerere
2463 1089 2837 1160 confugium;
2870 1091 2960 1144 sic
3005 1091 3210 1146 dantes
3251 1096 3413 1163 terga
3456 1092 3753 1148 Richardus.

2155 1175 2474 1248 Diffugient
2502 1177 2625 1231 Itali
2651 1193 2665 1247 ;
2697 1178 2804 1232 sed
2836 1194 2986 1248 quos
3020 1181 3172 1248 capit
3201 1181 3352 1250 ipse,
3383 1180 3472 1234 vel
3500 1180 3600 1250 ipsi

2155 1265 2468 1320 Harentes
2499 1267 2666 1332 socii,
2703 1265 2845 1338 fuga
2872 1267 2952 1320 nil
2977 1265 3148 1338 juvat
3179 1285 3190 1322 :
3225 1268 3436 1322 occidit
3463 1268 3587 1322 illuc

2153 1354 2414 1408 Plurima
2443 1371 2595 1425 gens
2630 1354 2778 1408 Latii
2810 1355 2986 1424 bello,
3021 1371 3162 1426 pars
3193 1357 3440 1410 maxima
3469 1357 3619 1428 fugit.
3656 1406 3659 1407 ν

2157 1441 2402 1498 Unfredi
2438 1449 2636 1497 contra
2675 1459 2792 1497 non
2821 1445 3028 1516 segnis
3063 1446 3134 1498 ad
3163 1460 3326 1498 arma
3355 1444 3523 1500 Suevi

2156 1531 2319 1586 Bella
2348 1535 2555 1602 parant
2585 1533 2793 1602 aciem,
2826 1531 2961 1587 telis
2985 1535 3151 1602 prior
3184 1535 3416 1588 eminus
3448 1535 3570 1588 illos

2155 1620 2392 1690 Appetit
2433 1621 2758 1689 Unfredus,
2791 1621 2927 1676 telis
2955 1621 3276 1677 hostilibus
3308 1623 3434 1693 ipse

2157 1709 2393 1762 Rursus
2425 1712 2481 1764 et
2506 1709 2829 1779 appetitur;
2860 1710 3096 1764 tandem
3129 1713 3426 1765 concurrit
3454 1715 3668 1782 uterque

2156 1797 2246 1851 Ad
2277 1797 2508 1868 gladios
2540 1797 2812 1867 populus,
2851 1797 3135 1852 mirabilis
3167 1799 3323 1854 ictus
3355 1801 3607 1870 utrinque

2158 1884 2251 1938 Fit
2279 1885 2514 1956 gladiis,
2547 1885 2667 1940 illic
2698 1886 3017 1941 humanum
3049 1903 3080 1940 a
3114 1888 3340 1942 vertice
3371 1904 3574 1958 corpus

2073 2005 2130 2068 Β
2161 1973 2458 2044 Vidisses,
2491 1977 2546 2027 et
2577 1989 2766 2045 equos
2798 1974 3054 2030 hominis
3089 1991 3222 2030 cum
3256 1991 3500 2045 corpore
3531 1991 3708 2030 ceses.

2157 2061 2477 2132 Postquam
2515 2063 2812 2118 Robertus
2844 2063 3006 2117 fratri
3040 2067 3155 2116 tam
3196 2065 3484 2134 conspicit
3510 2065 3685 2119 hostes

2155 2151 2390 2205 Acriter
2418 2152 2729 2220 instantes,
2766 2155 2821 2206 et
2845 2152 2901 2205 ei
2930 2152 3265 2207 nullatenus
3296 2154 3413 2208 ullo

2154 2239 2378 2295 Cedere
2408 2241 2558 2295 velle
2594 2241 2787 2311 modo,
2823 2241 3055 2296 comitis
3089 2243 3402 2296 comitante
3434 2241 3644 2297 Girardi

2153 2329 2447 2384 Praeditus
2481 2330 2724 2398 auxilio,
2758 2329 3143 2400 Calabrisque
3175 2332 3557 2401 sequentibus
3583 2330 3714 2384 illum

2153 2417 2315 2482 Quos
2347 2418 2714 2473 conducendi
2746 2419 2941 2474 fuerat
2963 2419 3079 2473 sibi
3110 2420 3321 2474 tradita
3356 2436 3511 2488 cura,

2157 2505 2334 2561 Irruit
2355 2507 2633 2562 audacter
2662 2507 2889 2562 medios
2921 2508 3226 2562 animosus
3258 2509 3320 2563 in
3351 2510 3578 2574 hostes;

2155 2593 2412 2664 Cuspide
2450 2595 2714 2664 perforat
2744 2596 2877 2666 hos,
2911 2596 3109 2668 gladio
3142 2597 3452 2652 detruncat
3479 2602 3531 2652 et
3557 2597 3687 2666 illos,

2155 2683 2227 2737 Et
2255 2684 2470 2738 validis
2502 2685 2775 2739 manibus
2807 2685 3140 2740 horrendos
3171 2687 3384 2741 incutit
3413 2687 3558 2741 ictus
3588 2702 3600 2740 :

2154 2773 2386 2844 Pugnat
2415 2776 2664 2843 utraque
2696 2789 2890 2843 manu,
2927 2790 3036 2829 nec
3058 2775 3262 2830 lancea
3296 2791 3487 2845 cassa,
3521 2790 3616 2828 nec
3642 2771 3767 2828 ensis

2155 2861 2383 2916 Cassus
2414 2865 2556 2932 erat,
2591 2879 2964 2933 quocumque
2995 2880 3230 2918 manum
3263 2865 3551 2920 deducere
3576 2863 3741 2925 vellet;

2157 2950 2274 3004 Ter
2305 2950 2574 3021 dejectus
2606 2966 2779 3022 equo,
2812 2955 2902 3006 ter
2927 2953 3155 3008 viribus
3187 2954 3320 3024 ipse
3352 2953 3652 3024 resumptis

2155 3039 2349 3111 Major
2379 3040 2436 3092 in
2467 3055 2629 3094 arma
2661 3041 2831 3111 redit,
2867 3042 3141 3096 stimulos
3175 3042 3272 3096 fur
3305 3044 3435 3114 ipse
3465 3042 3732 3109 ministrat,

2158 3129 2235 3184 Ut
2263 3130 2355 3183 leo
2388 3145 2521 3183 cum
2552 3129 2834 3184 frendens
2868 3130 3136 3184 animalia
3170 3130 3325 3187 forte
3355 3133 3573 3186 minora

2157 3217 2390 3272 Acriter
2417 3217 2660 3287 invadit,
2695 3219 2749 3272 si
2778 3219 2916 3290 quid
2947 3220 3226 3290 reperire,
3261 3221 3421 3291 quod
3451 3221 3645 3290 obstet,

2081 3316 2128 3378 ο
2159 3306 2435 3376 Coeperit,
2471 3309 2718 3376 insanit;
2750 3309 2944 3380 magis
2974 3314 3030 3363 et
3060 3308 3394 3380 majoribus
3427 3311 3508 3364 ira

2159 3397 2431 3451 Accensa
2465 3397 2744 3466 stimulat,
2779 3397 2859 3450 nil
2883 3397 3007 3468 jam
3037 3398 3272 3453 dimittit
3304 3400 3545 3455 inultum
3575 3414 3585 3452 :

2160 3485 2288 3539 Hoc
2319 3486 2517 3554 trahit,
2553 3486 2664 3541 hoc
2687 3486 2928 3556 mandit,
2951 3487 3108 3558 quod
3131 3489 3330 3542 mandi
3352 3505 3530 3560 posse
3553 3488 3768 3557 negatur,

2159 3574 2422 3644 Dissipat
2454 3574 2730 3646 afﬂigens
2763 3590 2946 3646 pecus
2979 3575 3295 3631 exitialiter
3327 3593 3497 3633 omne
3529 3594 3539 3631 :

2159 3661 2378 3716 Taliter
2407 3663 2713 3717 obstantes
2744 3663 2983 3717 diversa
3014 3664 3176 3719 caede
3207 3664 3443 3720 Suevos

2159 3750 2402 3805 Caedere
2434 3767 2552 3805 non
2584 3756 2784 3806 cessat
2806 3751 3164 3822 Rodbertus,
3195 3754 3387 3809 ethos
3411 3754 3552 3825 pede
3571 3751 3770 3816 truncat,

2160 3839 2229 3894 Et
2255 3839 2528 3894 manibus
2564 3840 2874 3912 quosdam,
2901 3845 3072 3911 caput
3105 3842 3240 3896 huic
3272 3859 3408 3898 eum
3439 3856 3664 3912 corpore
3688 3852 3772 3892 cte-

277 4795 279 4804 l
369 4725 625 4797 Eligitur
650 4727 889 4796 ductor;
925 4742 1108 4781 cornu
1140 4743 1389 4782 servare
1418 4729 1728 4784 sinistrum

375 3927 653 3983 Proxima
685 3944 899 3983 nomen
930 3929 1156 3984 habens
1202 3934 1330 3986 erat
1358 3932 1503 3987 urbs
1534 3950 1566 3987 a
1613 3935 1844 3990 civibus
1875 3934 2046 4005 ipsis.
3621 3927 3720 4002 [ἀίίν

374 4017 696 4088 Postquam
733 4017 1060 4072 Nor-manui
1089 4020 1396 4092 pacisque,
1429 4021 1708 4094 fugaeque
1740 4027 1917 4096 negat

2157 4016 2320 4071 Illius
2352 4019 2616 4073 ventrem
2649 4033 2781 4071 cum
2812 4020 3048 4087 pectore
3080 4019 3366 4092 dissecat,
3399 4020 3574 4092 hujus

370 4105 548 4176 Spem
578 4107 694 4160 sibi
727 4111 1116 4179 cognoscunt,
1149 4109 1230 4163 nil
1262 4126 1377 4181 quo
1424 4111 1688 4183 fugiatur
1730 4113 2044 4168 habentes.
2158 4105 2537 4177 Tl‘onsadigit
2569 4109 2767 4161 costas
2797 4107 3075 4170 abscisso
3108 4111 3354 4179 vertice,
3389 4124 3591 4181 magna

371 4194 590 4249 Collem
625 4196 1054 4263 conscendunt,
1089 4200 1151 4251 ut
1182 4203 1377 4253 castra
1409 4199 1643 4254 hostilia
1677 4204 1964 4270 spectent.
2156 4194 2416 4265 Corpora
2447 4195 2802 4266 corporibus
2833 4200 3100 4252 truncata
3129 4199 3462 4253 minoribus
3492 4200 3680 4269 aequat,

372 4282 664 4352 Spectatis
697 4286 934 4356 castris,
969 4291 1289 4358 armantur,
1324 4291 1380 4343 et
1411 4290 1642 4360 agmine
1674 4290 1879 4345 dextro
2157 4283 2525 4354 Virtutisque
2557 4284 2726 4338 docet
2754 4285 3004 4354 palmam
3035 4302 3152 4341 non
3181 4287 3366 4342 affore
3397 4289 3606 4341 tantum

376 4371 821 4426 Aversanorum
851 4373 1125 4427 comitem
1156 4377 1413 4429 statuere
1446 4376 1805 4430 Riehardum
2155 4371 2517 4442 Corporibus
2550 4374 2807 4445 magnis,
2838 4390 2952 4444 qua
3001 4390 3162 4446 saepe
3192 4377 3424 4432 minora
3469 4373 3774 4438 redundant;

372 4457 481 4523 Qui
514 4460 951 4531 Langobardos
984 4462 1172 4533 adeat;
1205 4464 1369 4533 prior
1409 4464 1564 4519 hunc
1597 4465 1906 4520 comitatur
2156 4460 2371 4515 Nullus
2402 4461 2460 4515 in
2492 4461 2604 4516 hoc
2637 4461 2812 4531 bello,
2840 4463 3015 4517 sicuti
3036 4468 3172 4533 post
3193 4464 3349 4519 bella
3380 4465 3666 4535 probatum
3684 4461 3774 4523 est,

372 4546 543 4602 Clara
577 4549 794 4604 cohors
827 4550 1108 4620 equitum,
1142 4551 1470 4622 mediaeque
1503 4553 1766 4607 cohortis
1799 4553 2045 4625 agendas
2158 4549 2359 4605 Victor
2389 4551 2482 4604 vel
2513 4551 2706 4604 victus
2738 4554 2854 4605 tam
2881 4567 3131 4623 magnos
3162 4553 3345 4607 edidit
3377 4555 3545 4608 ictus.

374 4636 679 4692 Unfredus
711 4641 912 4692 contra
941 4638 1126 4692 fortes
1157 4640 1228 4692 ad
1256 4640 1410 4694 bella
1441 4641 1671 4695 Suevos
2156 4639 2390 4693 Patrata
2422 4639 2660 4694 rediens
2692 4640 2914 4712 ingenti
2946 4641 3108 4696 caede
3137 4642 3474 4697 Richardus

2072 4730 2127 4791 D
2158 4727 2440 4782 Ausoniae
2473 4729 2688 4798 gentis,
2724 4729 2902 4800 cujus
2931 4746 3072 4800 pars
3103 4730 3284 4785 altera
3316 4729 3485 4803 fugit,

2157 4817 2356 4870 Altera
2385 4833 2527 4887 pars
2560 4818 2777 4889 g‘ladiis
2809 4823 2866 4873 et
2895 4819 3140 4890 cuspide
3172 4836 3331 4881 caesa
3365 4818 3633 4874 remansit

2157 4905 2304 4959 Dum
2333 4906 2421 4960 sic
2451 4907 2807 4962 Teutonicos
2839 4908 3025 4962 sociis
3057 4910 3295 4964 obstare
3326 4910 3566 4977 videret,

2153 4995 2310 5049 Proh
2341 4993 2549 5050 dolor!
2585 4996 2889 5067 exclamat,
2934 5014 3108 5069 quam
3159 4999 3548 5053 credebamus
3575 4994 3768 5055 adesse,

2152 5083 2344 5138 Finito
2378 5083 2555 5154 bello,
2590 5085 2850 5139 nondum
2879 5086 3126 5141 victoria
3154 5087 3329 5141 finem

2152 5172 2407 5243 Obtinet,
2439 5177 2496 5227 et
2527 5174 2755 5228 medios
2786 5175 2901 5229 ruit
2931 5175 3342 5231 incunctanter
3374 5177 3432 5230 in
3461 5176 3665 5230 hostes.

371 4815 672 4870 Robertus
706 4815 890 4870 frater
919 4815 1164 4870 Calabra
1193 4831 1323 4870 cum
1356 4821 1532 4889 gente
1557 4817 1820 4890 jubetur,

368 4904 448 4958 Ut
478 4905 952 4959 succurrendum
984 4921 1116 4960 cum
1155 4905 1363 4960 viderit
1393 4922 1552 4976 esse,
1588 4911 1829 4978 paratus

366 4994 604 5049 Auxilio
638 4997 913 5065 properet
941 4995 1146 5065 sociis,
1181 4995 1460 5068 viresque
1490 4997 1790 5054 reformet.

366 5083 671 5136 Teutonici
705 5083 975 5138 dextrum
1007 5087 1210 5139 contra
1241 5085 1356 5139 duo
1389 5101 1612 5140 cornua
1645 5102 1852 5144 cornu.

369 5173 702 5223 Armarant.
739 5172 864 5226 Itali
896 5174 1070 5228 simul
1096 5190 1303 5228 omnes
1336 5174 1759 5246 conglomerati

367 5258 540 5309 Parte
572 5258 683 5310 alia
718 5261 978 5331 stabant;
1014 5263 1229 5317 etenim
1260 5265 1580 5317 certamine
1609 5265 1745 5318 belli

371 5343 506 5397 Non
536 5347 735 5412 aptare
767 5363 907 5401 suas
940 5351 1102 5404 acies
1134 5355 1293 5406 recto
1327 5352 1532 5407 ordine
1564 5355 1790 5407 norant.

369 5429 499 5485 Hos
525 5434 726 5484 contra
760 5436 933 5502 coepit
963 5439 1129 5505 prior
1156 5455 1316 5492 arma
1341 5455 1576 5494 movete
1613 5439 1968 5512 Richardus,

370 5519 442 5576 Et
479 5520 619 5589 petit
652 5519 962 5594 audacter;
993 5540 1106 5578 non
1136 5527 1474 5583 sustinuere
1503 5531 1796 5598 petentem

369 5609 615 5670 Viribus
645 5609 882 5666 aversis
915 5610 1064 5684 Itali,
1097 5617 1318 5670 tremor
1346 5617 1552 5688 arripit
1580 5633 1808 5674 omnes.

2153 5261 2250 5332 Hi,
2275 5264 2411 5332 quia
2443 5279 2584 5332 spes
2609 5263 2733 5334 jam
2767 5264 2926 5318 nulla
2958 5264 3138 5336 fugae,
3165 5281 3306 5335 spes
3340 5266 3495 5320 nulla
3516 5260 3713 5326 salutis,

2150 5351 2368 5405 Acrius
2399 5351 2717 5422 obsistunt,
2752 5353 2858 5408 scd
2892 5354 2972 5407 nil
3007 5354 3304 5409 obsistere
3333 5353 3570 5424 prodest
3598 5366 3610 5404 :

2152 5439 2260 5494 Tot
2292 5440 2761 5496 circumveniunt
2794 5443 2955 5496 acies
2986 5443 3274 5512 praeclara
3306 5440 3572 5498 Richardi

2150 5529 2364 5584 Addita
2394 5531 2642 5586 victoris
2674 5548 2906 5605 magnae
2934 5532 2998 5586 fit
3029 5548 3212 5587 causa
3242 5532 3429 5587 ruinae

2150 5618 2465 5693 Hostibus,
2498 5624 2555 5677 et
2589 5621 2792 5678 miseri
2825 5622 3086 5678 diversis
3118 5621 3525 5679 interimuntur
