  <div class='ocr_page' id='page_1' title='image "/cluster/home/n/w/nwhite01/storage/ocr_20150623/149/hvd.32044054760079/528.png"; bbox 0 0 3926 6146; ppageno 0'>
   <div class='ocr_carea' id='block_1_1' title="bbox 207 197 3593 314">
    <p class='ocr_par' dir='ltr' id='par_1_1' title="bbox 207 197 3593 314">
     <span class='ocr_line' id='line_1_1' title="bbox 207 197 3593 314; baseline 0.009 -32"><span class='ocrx_word' id='word_1_1' title='bbox 207 220 348 283; x_wconf 79' lang='lat'>1045</span> <span class='ocrx_word' id='word_1_2' title='bbox 737 221 850 282; x_wconf 92' lang='lat' dir='ltr'>DE</span> <span class='ocrx_word' id='word_1_3' title='bbox 880 197 1145 287; x_wconf 59' lang='grc' dir='ltr'>ΗΕΒυέ</span> <span class='ocrx_word' id='word_1_4' title='bbox 1171 225 1449 288; x_wconf 82' lang='lat' dir='ltr'>GESTIS</span> <span class='ocrx_word' id='word_1_5' title='bbox 1478 227 1907 293; x_wconf 83' lang='lat' dir='ltr'>NORMANN.</span> <span class='ocrx_word' id='word_1_6' title='bbox 1943 231 2023 294; x_wconf 90' lang='lat' dir='ltr'><strong>IN</strong></span> <span class='ocrx_word' id='word_1_7' title='bbox 2057 212 2383 314; x_wconf 83' lang='lat' dir='ltr'>SICILIA,</span> <span class='ocrx_word' id='word_1_8' title='bbox 2418 237 2590 300; x_wconf 89' lang='lat' dir='ltr'>ETC.</span> <span class='ocrx_word' id='word_1_9' title='bbox 2631 271 2700 285; x_wconf 77' lang='grc'><strong>-</strong></span> <span class='ocrx_word' id='word_1_10' title='bbox 2751 241 2910 302; x_wconf 90' lang='lat' dir='ltr'>LIB.</span> <span class='ocrx_word' id='word_1_11' title='bbox 2947 244 3024 304; x_wconf 94' lang='lat' dir='ltr'>II.</span> <span class='ocrx_word' id='word_1_12' title='bbox 3435 249 3593 313; x_wconf 83' lang='lat'>1046</span> 
     </span>
    </p>
   </div>
   <div class='ocr_carea' id='block_1_2' title="bbox 173 415 3598 514">
    <p class='ocr_par' dir='ltr' id='par_1_2' title="bbox 173 415 3598 514">
     <span class='ocr_line' id='line_1_2' title="bbox 173 415 3598 514; baseline 0.009 -42"><span class='ocrx_word' id='word_1_13' title='bbox 173 416 455 487; x_wconf 70' lang='lat' dir='ltr'><strong>Cmdibus,</strong></span> <span class='ocrx_word' id='word_1_14' title='bbox 489 420 545 473; x_wconf 92' lang='lat' dir='ltr'>et</span> <span class='ocrx_word' id='word_1_15' title='bbox 576 421 730 473; x_wconf 89' lang='lat' dir='ltr'>tanta</span> <span class='ocrx_word' id='word_1_16' title='bbox 762 423 1042 491; x_wconf 81' lang='lat' dir='ltr'>superest</span> <span class='ocrx_word' id='word_1_17' title='bbox 1071 423 1142 477; x_wconf 93' lang='lat' dir='ltr'>de</span> <span class='ocrx_word' id='word_1_18' title='bbox 1173 426 1346 494; x_wconf 88' lang='lat' dir='ltr'>gente</span> <span class='ocrx_word' id='word_1_19' title='bbox 1377 441 1487 481; x_wconf 92' lang='lat' dir='ltr'>nec</span> <span class='ocrx_word' id='word_1_20' title='bbox 1519 443 1672 482; x_wconf 91' lang='lat' dir='ltr'>unus</span> <span class='ocrx_word' id='word_1_21' title='bbox 1849 415 1874 468; x_wconf 50' lang='grc' dir='ltr'><strong>κ</strong></span> <span class='ocrx_word' id='word_1_22' title='bbox 1925 430 1976 482; x_wconf 81' lang='grc' dir='ltr'><strong>Α</strong></span> <span class='ocrx_word' id='word_1_23' title='bbox 2007 430 2384 504; x_wconf 88' lang='lat' dir='ltr'>Multiplicem</span> <span class='ocrx_word' id='word_1_24' title='bbox 2408 437 2668 504; x_wconf 83' lang='lat' dir='ltr'>praedam</span> <span class='ocrx_word' id='word_1_25' title='bbox 2695 455 3011 513; x_wconf 79' lang='lat' dir='ltr'>peragens,</span> <span class='ocrx_word' id='word_1_26' title='bbox 3037 459 3186 514; x_wconf 88' lang='lat' dir='ltr'>quas</span> <span class='ocrx_word' id='word_1_27' title='bbox 3217 445 3400 501; x_wconf 82' lang='lat' dir='ltr'>frater</span> <span class='ocrx_word' id='word_1_28' title='bbox 3421 447 3598 503; x_wconf 89' lang='lat' dir='ltr'>habe-</span> 
     </span>
    </p>
   </div>
   <div class='ocr_carea' id='block_1_3' title="bbox 172 506 3512 608">
    <p class='ocr_par' dir='ltr' id='par_1_3' title="bbox 172 506 3512 608">
     <span class='ocr_line' id='line_1_3' title="bbox 172 506 3512 608; baseline 0.01 -49"><span class='ocrx_word' id='word_1_29' title='bbox 172 506 358 560; x_wconf 85' lang='lat' dir='ltr'>Exitus</span> <span class='ocrx_word' id='word_1_30' title='bbox 390 507 484 560; x_wconf 89' lang='lat' dir='ltr'>hic</span> <span class='ocrx_word' id='word_1_31' title='bbox 517 508 655 562; x_wconf 82' lang='lat' dir='ltr'>belli</span> <span class='ocrx_word' id='word_1_32' title='bbox 685 524 895 580; x_wconf 80' lang='lat' dir='ltr'><strong>papam</strong></span> <span class='ocrx_word' id='word_1_33' title='bbox 917 514 1275 567; x_wconf 83' lang='lat' dir='ltr'>maeroribus</span> <span class='ocrx_word' id='word_1_34' title='bbox 1308 515 1526 586; x_wconf 83' lang='lat' dir='ltr'>implet,</span> <span class='ocrx_word' id='word_1_35' title='bbox 2696 506 2714 508; x_wconf 49' lang='lat'>_</span> <span class='ocrx_word' id='word_1_36' title='bbox 2845 506 2871 512; x_wconf 41' lang='grc'>⁷</span> <span class='ocrx_word' id='word_1_37' title='bbox 2998 506 3007 513; x_wconf 48' lang='grc'><em>’</em></span> <span class='ocrx_word' id='word_1_38' title='bbox 3053 506 3073 514; x_wconf 31' lang='grc' dir='ltr'>θ</span> <span class='ocrx_word' id='word_1_39' title='bbox 3371 534 3512 608; x_wconf 88' lang='lat' dir='ltr'>[bat.</span> 
     </span>
    </p>
   </div>
   <div class='ocr_carea' id='block_1_4' title="bbox 169 595 3588 696">
    <p class='ocr_par' dir='ltr' id='par_1_4' title="bbox 169 595 3588 696">
     <span class='ocr_line' id='line_1_4' title="bbox 169 595 3588 696; baseline 0.009 -47"><span class='ocrx_word' id='word_1_40' title='bbox 169 595 531 666; x_wconf 83' lang='lat' dir='ltr'>Afﬂictusque</span> <span class='ocrx_word' id='word_1_41' title='bbox 566 599 734 669; x_wconf 81' lang='lat' dir='ltr'>gravi</span> <span class='ocrx_word' id='word_1_42' title='bbox 758 598 918 653; x_wconf 88' lang='lat' dir='ltr'>luctu</span> <span class='ocrx_word' id='word_1_43' title='bbox 959 602 1225 674; x_wconf 82' lang='lat' dir='ltr'>confugit</span> <span class='ocrx_word' id='word_1_44' title='bbox 1249 605 1320 657; x_wconf 90' lang='lat' dir='ltr'>ad</span> <span class='ocrx_word' id='word_1_45' title='bbox 1349 605 1585 672; x_wconf 89' lang='lat' dir='ltr'>urbem;</span> <span class='ocrx_word' id='word_1_46' title='bbox 1927 608 2212 681; x_wconf 86' lang='lat' dir='ltr'>Quodque</span> <span class='ocrx_word' id='word_1_47' title='bbox 2243 614 2372 682; x_wconf 85' lang='lat' dir='ltr'>capi</span> <span class='ocrx_word' id='word_1_48' title='bbox 2402 617 2650 685; x_wconf 81' lang='lat' dir='ltr'>poterat,</span> <span class='ocrx_word' id='word_1_49' title='bbox 2686 616 2823 670; x_wconf 91' lang='lat' dir='ltr'>dum</span> <span class='ocrx_word' id='word_1_50' title='bbox 2853 619 3058 674; x_wconf 86' lang='lat' dir='ltr'>dividit</span> <span class='ocrx_word' id='word_1_51' title='bbox 3091 595 3588 696; x_wconf 31' lang='lat' dir='ltr'>omnibus‘aeque,</span> 
     </span>
    </p>
   </div>
   <div class='ocr_carea' id='block_1_5' title="bbox 172 684 3518 784">
    <p class='ocr_par' dir='ltr' id='par_1_5' title="bbox 172 684 3518 784">
     <span class='ocr_line' id='line_1_5' title="bbox 172 684 3518 784; baseline 0.009 -46"><span class='ocrx_word' id='word_1_52' title='bbox 172 684 272 738; x_wconf 86' lang='lat' dir='ltr'>Sed</span> <span class='ocrx_word' id='word_1_53' title='bbox 299 685 452 739; x_wconf 83' lang='lat' dir='ltr'>cives</span> <span class='ocrx_word' id='word_1_54' title='bbox 485 702 697 756; x_wconf 87' lang='lat' dir='ltr'><strong>papam</strong></span> <span class='ocrx_word' id='word_1_55' title='bbox 725 703 843 742; x_wconf 92' lang='lat' dir='ltr'>non</span> <span class='ocrx_word' id='word_1_56' title='bbox 875 705 1164 760; x_wconf 80' lang='lat' dir='ltr'><strong>excepere</strong></span> <span class='ocrx_word' id='word_1_57' title='bbox 1198 693 1497 763; x_wconf 82' lang='lat' dir='ltr'><strong>decenter,</strong></span> <span class='ocrx_word' id='word_1_58' title='bbox 1923 697 2141 753; x_wconf 88' lang='lat' dir='ltr'>Omnes</span> <span class='ocrx_word' id='word_1_59' title='bbox 2172 705 2311 754; x_wconf 91' lang='lat' dir='ltr'>sunt</span> <span class='ocrx_word' id='word_1_60' title='bbox 2342 702 2509 756; x_wconf 90' lang='lat' dir='ltr'>chari</span> <span class='ocrx_word' id='word_1_61' title='bbox 2543 705 2679 772; x_wconf 89' lang='lat' dir='ltr'>sibi,</span> <span class='ocrx_word' id='word_1_62' title='bbox 2714 706 2934 762; x_wconf 91' lang='lat' dir='ltr'>charus</span> <span class='ocrx_word' id='word_1_63' title='bbox 2967 713 3022 763; x_wconf 90' lang='lat' dir='ltr'>et</span> <span class='ocrx_word' id='word_1_64' title='bbox 3054 712 3328 767; x_wconf 88' lang='lat' dir='ltr'><strong>omnibus</strong></span> <span class='ocrx_word' id='word_1_65' title='bbox 3357 715 3518 784; x_wconf 86' lang='lat' dir='ltr'><strong>ipse;</strong></span> 
     </span>
    </p>
   </div>
   <div class='ocr_carea' id='block_1_6' title="bbox 170 773 3418 868">
    <p class='ocr_par' dir='ltr' id='par_1_6' title="bbox 170 773 3418 868">
     <span class='ocr_line' id='line_1_6' title="bbox 170 773 3418 868; baseline 0.009 -42"><span class='ocrx_word' id='word_1_66' title='bbox 170 773 499 828; x_wconf 87' lang='lat' dir='ltr'>Normannis</span> <span class='ocrx_word' id='word_1_67' title='bbox 529 776 697 829; x_wconf 89' lang='lat' dir='ltr'>veriti</span> <span class='ocrx_word' id='word_1_68' title='bbox 731 793 912 848; x_wconf 88' lang='lat' dir='ltr'>grave</span> <span class='ocrx_word' id='word_1_69' title='bbox 944 794 1017 833; x_wconf 91' lang='lat' dir='ltr'>ne</span> <span class='ocrx_word' id='word_1_70' title='bbox 1051 781 1380 837; x_wconf 82' lang='lat' dir='ltr'>victoribus</span> <span class='ocrx_word' id='word_1_71' title='bbox 1413 788 1576 839; x_wconf 84' lang='lat' dir='ltr'><strong>esset</strong></span> <span class='ocrx_word' id='word_1_72' title='bbox 1608 800 1619 840; x_wconf 96' lang='lat'>:</span> <span class='ocrx_word' id='word_1_73' title='bbox 1922 785 2142 856; x_wconf 77' lang='lat' dir='ltr'><strong>Captus</strong></span> <span class='ocrx_word' id='word_1_74' title='bbox 2177 789 2248 842; x_wconf 91' lang='lat' dir='ltr'>ab</span> <span class='ocrx_word' id='word_1_75' title='bbox 2274 791 2537 846; x_wconf 85' lang='lat' dir='ltr'>Unfredo</span> <span class='ocrx_word' id='word_1_76' title='bbox 2569 809 2771 848; x_wconf 89' lang='lat' dir='ltr'>secum</span> <span class='ocrx_word' id='word_1_77' title='bbox 2803 799 3148 868; x_wconf 82' lang='lat' dir='ltr'><strong>prandente,</strong></span> <span class='ocrx_word' id='word_1_78' title='bbox 3184 773 3418 855; x_wconf 76' lang='lat' dir='ltr'>volebat</span> 
     </span>
    </p>
   </div>
   <div class='ocr_carea' id='block_1_7' title="bbox 170 862 3391 955">
    <p class='ocr_par' dir='ltr' id='par_1_7' title="bbox 170 862 3391 955">
     <span class='ocr_line' id='line_1_7' title="bbox 170 862 3391 955; baseline 0.009 -41"><span class='ocrx_word' id='word_1_79' title='bbox 170 862 318 916; x_wconf 88' lang='lat' dir='ltr'>Hunc</span> <span class='ocrx_word' id='word_1_80' title='bbox 347 864 601 935; x_wconf 79' lang='lat' dir='ltr'>genibus</span> <span class='ocrx_word' id='word_1_81' title='bbox 634 866 806 919; x_wconf 86' lang='lat' dir='ltr'>ﬂexis</span> <span class='ocrx_word' id='word_1_82' title='bbox 839 867 1233 924; x_wconf 88' lang='lat' dir='ltr'>Normannica</span> <span class='ocrx_word' id='word_1_83' title='bbox 1251 888 1402 944; x_wconf 91' lang='lat' dir='ltr'>gens</span> <span class='ocrx_word' id='word_1_84' title='bbox 1426 878 1768 948; x_wconf 89' lang='lat' dir='ltr'>veneratur,</span> <span class='ocrx_word' id='word_1_85' title='bbox 1922 875 1985 928; x_wconf 93' lang='lat' dir='ltr'>In</span> <span class='ocrx_word' id='word_1_86' title='bbox 2015 875 2254 931; x_wconf 82' lang='lat' dir='ltr'><strong>fratrem</strong></span> <span class='ocrx_word' id='word_1_87' title='bbox 2288 880 2482 949; x_wconf 92' lang='lat' dir='ltr'><strong>gladio</strong></span> <span class='ocrx_word' id='word_1_88' title='bbox 2515 897 2902 955; x_wconf 82' lang='lat' dir='ltr'><strong>consurgere,</strong></span> <span class='ocrx_word' id='word_1_89' title='bbox 2937 887 3044 940; x_wconf 90' lang='lat' dir='ltr'>sed</span> <span class='ocrx_word' id='word_1_90' title='bbox 3075 888 3391 943; x_wconf 91' lang='lat' dir='ltr'>Gocelinus</span> 
     </span>
    </p>
   </div>
   <div class='ocr_carea' id='block_1_8' title="bbox 166 951 3520 1044">
    <p class='ocr_par' dir='ltr' id='par_1_8' title="bbox 166 951 3520 1044">
     <span class='ocr_line' id='line_1_8' title="bbox 166 951 3520 1044; baseline 0.009 -41"><span class='ocrx_word' id='word_1_91' title='bbox 166 951 479 1020; x_wconf 89' lang='lat' dir='ltr'>Deposceus</span> <span class='ocrx_word' id='word_1_92' title='bbox 511 954 766 1021; x_wconf 87' lang='lat' dir='ltr'><strong>veniam,</strong></span> <span class='ocrx_word' id='word_1_93' title='bbox 801 961 1079 1012; x_wconf 90' lang='lat' dir='ltr'><strong>curvatos</strong></span> <span class='ocrx_word' id='word_1_94' title='bbox 1102 975 1252 1030; x_wconf 90' lang='lat' dir='ltr'><strong>papa</strong></span> <span class='ocrx_word' id='word_1_95' title='bbox 1281 961 1540 1034; x_wconf 78' lang='lat' dir='ltr'>benigne</span> <span class='ocrx_word' id='word_1_96' title='bbox 1920 962 2425 1034; x_wconf 88' lang='lat' dir='ltr'>Comprehensum</span> <span class='ocrx_word' id='word_1_97' title='bbox 2456 971 2728 1025; x_wconf 90' lang='lat' dir='ltr'><strong>manibus</strong></span> <span class='ocrx_word' id='word_1_98' title='bbox 2763 974 2964 1044; x_wconf 88' lang='lat' dir='ltr'><strong>tenuit,</strong></span> <span class='ocrx_word' id='word_1_99' title='bbox 3001 977 3352 1033; x_wconf 88' lang='lat' dir='ltr'>custodibus</span> <span class='ocrx_word' id='word_1_100' title='bbox 3386 979 3520 1035; x_wconf 89' lang='lat' dir='ltr'>inde</span> 
     </span>
    </p>
   </div>
   <div class='ocr_carea' id='block_1_9' title="bbox 166 1039 3322 1131">
    <p class='ocr_par' dir='ltr' id='par_1_9' title="bbox 166 1039 3322 1131">
     <span class='ocr_line' id='line_1_9' title="bbox 166 1039 3322 1131; baseline 0.009 -37"><span class='ocrx_word' id='word_1_101' title='bbox 166 1039 416 1109; x_wconf 89' lang='lat' dir='ltr'>Suscipit,</span> <span class='ocrx_word' id='word_1_102' title='bbox 446 1042 652 1096; x_wconf 87' lang='lat' dir='ltr'>oscula</span> <span class='ocrx_word' id='word_1_103' title='bbox 690 1043 828 1098; x_wconf 89' lang='lat' dir='ltr'><strong>dant</strong></span> <span class='ocrx_word' id='word_1_104' title='bbox 859 1047 1112 1116; x_wconf 89' lang='lat' dir='ltr'>pedibus</span> <span class='ocrx_word' id='word_1_105' title='bbox 1149 1051 1538 1106; x_wconf 90' lang='lat' dir='ltr'>communiter</span> <span class='ocrx_word' id='word_1_106' title='bbox 1569 1068 1800 1108; x_wconf 92' lang='lat' dir='ltr'>omnes.</span> <span class='ocrx_word' id='word_1_107' title='bbox 1918 1052 2191 1108; x_wconf 87' lang='lat' dir='ltr'><strong>Traditur</strong></span> <span class='ocrx_word' id='word_1_108' title='bbox 2221 1059 2276 1108; x_wconf 92' lang='lat' dir='ltr'>et</span> <span class='ocrx_word' id='word_1_109' title='bbox 2307 1058 2486 1111; x_wconf 88' lang='lat' dir='ltr'>multa</span> <span class='ocrx_word' id='word_1_110' title='bbox 2510 1075 2625 1112; x_wconf 93' lang='lat' dir='ltr'>non</span> <span class='ocrx_word' id='word_1_111' title='bbox 2655 1039 2998 1131; x_wconf 84' lang='lat' dir='ltr'><strong>tempestate</strong></span> <span class='ocrx_word' id='word_1_112' title='bbox 3031 1069 3322 1120; x_wconf 88' lang='lat' dir='ltr'>retentum</span> 
     </span>
    </p>
   </div>
   <div class='ocr_carea' id='block_1_10' title="bbox 166 1128 3280 1222">
    <p class='ocr_par' dir='ltr' id='par_1_10' title="bbox 166 1128 3280 1222">
     <span class='ocr_line' id='line_1_10' title="bbox 166 1128 3280 1222; baseline 0.01 -43"><span class='ocrx_word' id='word_1_113' title='bbox 166 1128 400 1182; x_wconf 78' lang='lat' dir='ltr'>Vocibus</span> <span class='ocrx_word' id='word_1_114' title='bbox 431 1130 528 1185; x_wconf 91' lang='lat' dir='ltr'>ille</span> <span class='ocrx_word' id='word_1_115' title='bbox 560 1133 675 1202; x_wconf 92' lang='lat' dir='ltr'>piis</span> <span class='ocrx_word' id='word_1_116' title='bbox 705 1133 818 1188; x_wconf 87' lang='lat' dir='ltr'>hos</span> <span class='ocrx_word' id='word_1_117' title='bbox 840 1135 1131 1208; x_wconf 87' lang='lat' dir='ltr'>admonet,</span> <span class='ocrx_word' id='word_1_118' title='bbox 1163 1153 1232 1192; x_wconf 89' lang='lat' dir='ltr'>ac</span> <span class='ocrx_word' id='word_1_119' title='bbox 1261 1140 1576 1211; x_wconf 91' lang='lat' dir='ltr'>benedicit,</span> <span class='ocrx_word' id='word_1_120' title='bbox 1917 1141 2152 1197; x_wconf 90' lang='lat' dir='ltr'>Dimisit</span> <span class='ocrx_word' id='word_1_121' title='bbox 2180 1143 2381 1214; x_wconf 79' lang='lat' dir='ltr'><strong>frater,</strong></span> <span class='ocrx_word' id='word_1_122' title='bbox 2416 1145 2683 1203; x_wconf 85' lang='lat' dir='ltr'><strong>Calabrae</strong></span> <span class='ocrx_word' id='word_1_123' title='bbox 2715 1128 2982 1222; x_wconf 77' lang='lat' dir='ltr'>regionis</span> <span class='ocrx_word' id='word_1_124' title='bbox 3014 1157 3070 1207; x_wconf 89' lang='lat' dir='ltr'>et</span> <span class='ocrx_word' id='word_1_125' title='bbox 3099 1156 3280 1209; x_wconf 86' lang='lat' dir='ltr'>urbes</span> 
     </span>
    </p>
   </div>
   <div class='ocr_carea' id='block_1_11' title="bbox 163 1215 3581 1315">
    <p class='ocr_par' dir='ltr' id='par_1_11' title="bbox 163 1215 3581 1315">
     <span class='ocr_line' id='line_1_11' title="bbox 163 1215 3581 1315; baseline 0.009 -45"><span class='ocrx_word' id='word_1_126' title='bbox 163 1215 626 1290; x_wconf 87' lang='lat' dir='ltr'><strong>Conquestusque</strong></span> <span class='ocrx_word' id='word_1_127' title='bbox 658 1223 855 1292; x_wconf 90' lang='lat' dir='ltr'>nimis,</span> <span class='ocrx_word' id='word_1_128' title='bbox 893 1225 1028 1295; x_wconf 87' lang='lat' dir='ltr'>quia</span> <span class='ocrx_word' id='word_1_129' title='bbox 1059 1228 1224 1296; x_wconf 88' lang='lat' dir='ltr'>pacis</span> <span class='ocrx_word' id='word_1_130' title='bbox 1258 1233 1456 1298; x_wconf 89' lang='lat' dir='ltr'><strong>spreta</strong></span> <span class='ocrx_word' id='word_1_131' title='bbox 1487 1229 1670 1286; x_wconf 89' lang='lat' dir='ltr'>fuere.</span> <span class='ocrx_word' id='word_1_132' title='bbox 1914 1228 2240 1303; x_wconf 86' lang='lat' dir='ltr'><strong>Castraque</strong></span> <span class='ocrx_word' id='word_1_133' title='bbox 2281 1236 2600 1305; x_wconf 88' lang='lat' dir='ltr'>concessit,</span> <span class='ocrx_word' id='word_1_134' title='bbox 2655 1239 2916 1309; x_wconf 90' lang='lat' dir='ltr'>equitum</span> <span class='ocrx_word' id='word_1_135' title='bbox 2960 1240 3248 1314; x_wconf 76' lang='lat' dir='ltr'><strong>suffragia</strong></span> <span class='ocrx_word' id='word_1_136' title='bbox 3280 1246 3581 1315; x_wconf 71' lang='lat' dir='ltr'>praebens.</span> 
     </span>
    </p>
   </div>
   <div class='ocr_carea' id='block_1_12' title="bbox 164 1305 3299 1400">
    <p class='ocr_par' dir='ltr' id='par_1_12' title="bbox 164 1305 3299 1400">
     <span class='ocr_line' id='line_1_12' title="bbox 164 1305 3299 1400; baseline 0.01 -42"><span class='ocrx_word' id='word_1_137' title='bbox 164 1305 370 1374; x_wconf 89' lang='lat' dir='ltr'><strong>Nuntia,</strong></span> <span class='ocrx_word' id='word_1_138' title='bbox 403 1308 701 1364; x_wconf 83' lang='lat' dir='ltr'>defunctis</span> <span class='ocrx_word' id='word_1_139' title='bbox 732 1312 1064 1383; x_wconf 75' lang='lat' dir='ltr'>lacrymans</span> <span class='ocrx_word' id='word_1_140' title='bbox 1094 1332 1200 1386; x_wconf 92' lang='lat' dir='ltr'>pro</span> <span class='ocrx_word' id='word_1_141' title='bbox 1234 1316 1520 1373; x_wconf 89' lang='lat' dir='ltr'>fratribus</span> <span class='ocrx_word' id='word_1_142' title='bbox 1554 1325 1699 1375; x_wconf 89' lang='lat' dir='ltr'>orat.</span> <span class='ocrx_word' id='word_1_143' title='bbox 1914 1316 2018 1373; x_wconf 86' lang='lat' dir='ltr'>Ille</span> <span class='ocrx_word' id='word_1_144' title='bbox 2051 1323 2441 1390; x_wconf 66' lang='lat' dir='ltr'>capessundaa</span> <span class='ocrx_word' id='word_1_145' title='bbox 2473 1305 2725 1394; x_wconf 74' lang='lat' dir='ltr'>cupidus</span> <span class='ocrx_word' id='word_1_146' title='bbox 2756 1328 3006 1400; x_wconf 77' lang='lat' dir='ltr'>telluris,</span> <span class='ocrx_word' id='word_1_147' title='bbox 3040 1305 3299 1386; x_wconf 52' lang='lat' dir='ltr'>amovrem</span> 
     </span>
    </p>
   </div>
   <div class='ocr_carea' id='block_1_13' title="bbox 162 1395 3232 1484">
    <p class='ocr_par' dir='ltr' id='par_1_13' title="bbox 162 1395 3232 1484">
     <span class='ocr_line' id='line_1_13' title="bbox 162 1395 3232 1484; baseline 0.007 -33"><span class='ocrx_word' id='word_1_148' title='bbox 162 1395 346 1450; x_wconf 87' lang='lat' dir='ltr'>Audito</span> <span class='ocrx_word' id='word_1_149' title='bbox 375 1400 547 1452; x_wconf 61' lang='lat' dir='ltr'>tanta:</span> <span class='ocrx_word' id='word_1_150' title='bbox 582 1415 875 1456; x_wconf 90' lang='lat' dir='ltr'>successu</span> <span class='ocrx_word' id='word_1_151' title='bbox 906 1405 1322 1474; x_wconf 87' lang='lat' dir='ltr'>prosperitatis</span> <span class='ocrx_word' id='word_1_152' title='bbox 1911 1406 2200 1462; x_wconf 90' lang='lat' dir='ltr'>Omnibus</span> <span class='ocrx_word' id='word_1_153' title='bbox 2233 1413 2517 1476; x_wconf 87' lang='lat' dir='ltr'>ostentat;</span> <span class='ocrx_word' id='word_1_154' title='bbox 2550 1429 2665 1466; x_wconf 89' lang='lat' dir='ltr'>non</span> <span class='ocrx_word' id='word_1_155' title='bbox 2697 1414 2830 1484; x_wconf 84' lang='lat' dir='ltr'>plus</span> <span class='ocrx_word' id='word_1_156' title='bbox 2852 1395 3104 1472; x_wconf 71' lang='lat' dir='ltr'>affabilis</span> <span class='ocrx_word' id='word_1_157' title='bbox 3134 1420 3232 1473; x_wconf 91' lang='lat' dir='ltr'>illo</span> 
     </span>
    </p>
   </div>
   <div class='ocr_carea' id='block_1_14' title="bbox 161 1484 3506 1570">
    <p class='ocr_par' dir='ltr' id='par_1_14' title="bbox 161 1484 3506 1570">
     <span class='ocr_line' id='line_1_14' title="bbox 161 1484 3506 1570; baseline 0.009 -36"><span class='ocrx_word' id='word_1_158' title='bbox 161 1484 487 1539; x_wconf 85' lang='lat' dir='ltr'>Normannis</span> <span class='ocrx_word' id='word_1_159' title='bbox 520 1486 758 1556; x_wconf 67' lang='lat' dir='ltr'>habitae,</span> <span class='ocrx_word' id='word_1_160' title='bbox 791 1506 910 1545; x_wconf 86' lang='lat' dir='ltr'>non</span> <span class='ocrx_word' id='word_1_161' title='bbox 940 1493 1338 1550; x_wconf 77' lang='lat' dir='ltr'>sollicitudine</span> <span class='ocrx_word' id='word_1_162' title='bbox 1368 1512 1548 1566; x_wconf 75' lang='lat' dir='ltr'>parva</span> <span class='ocrx_word' id='word_1_163' title='bbox 1591 1540 1598 1544; x_wconf 90' lang='lat'>.</span> <span class='ocrx_word' id='word_1_164' title='bbox 1912 1496 2028 1549; x_wconf 85' lang='lat' dir='ltr'>Aut</span> <span class='ocrx_word' id='word_1_165' title='bbox 2058 1495 2301 1551; x_wconf 88' lang='lat' dir='ltr'>humilis</span> <span class='ocrx_word' id='word_1_166' title='bbox 2328 1499 2642 1570; x_wconf 89' lang='lat' dir='ltr'>quisquam</span> <span class='ocrx_word' id='word_1_167' title='bbox 2675 1504 2896 1558; x_wconf 88' lang='lat' dir='ltr'>studuit</span> <span class='ocrx_word' id='word_1_168' title='bbox 2921 1506 3251 1563; x_wconf 88' lang='lat' dir='ltr'>dominator</span> <span class='ocrx_word' id='word_1_169' title='bbox 3280 1508 3506 1565; x_wconf 91' lang='lat' dir='ltr'>haberi.</span> 
     </span>
    </p>
   </div>
   <div class='ocr_carea' id='block_1_15' title="bbox 161 1574 3575 1668">
    <p class='ocr_par' dir='ltr' id='par_1_15' title="bbox 161 1574 3575 1668">
     <span class='ocr_line' id='line_1_15' title="bbox 161 1574 3575 1668; baseline 0.008 -42"><span class='ocrx_word' id='word_1_170' title='bbox 161 1574 382 1645; x_wconf 81' lang='lat' dir='ltr'>Angitur</span> <span class='ocrx_word' id='word_1_171' title='bbox 410 1576 702 1647; x_wconf 74' lang='lat' dir='ltr'>Argyrus;</span> <span class='ocrx_word' id='word_1_172' title='bbox 737 1595 845 1634; x_wconf 90' lang='lat' dir='ltr'>nec</span> <span class='ocrx_word' id='word_1_173' title='bbox 877 1582 1032 1636; x_wconf 92' lang='lat' dir='ltr'>enim</span> <span class='ocrx_word' id='word_1_174' title='bbox 1074 1585 1167 1636; x_wconf 90' lang='lat' dir='ltr'>vel</span> <span class='ocrx_word' id='word_1_175' title='bbox 1209 1583 1432 1656; x_wconf 89' lang='lat' dir='ltr'>fraude,</span> <span class='ocrx_word' id='word_1_176' title='bbox 1479 1586 1573 1641; x_wconf 87' lang='lat' dir='ltr'>vel</span> <span class='ocrx_word' id='word_1_177' title='bbox 1614 1588 1798 1644; x_wconf 84' lang='lat' dir='ltr'>armis</span> <span class='ocrx_word' id='word_1_178' title='bbox 1913 1583 2184 1655; x_wconf 88' lang='lat' dir='ltr'>Undique</span> <span class='ocrx_word' id='word_1_179' title='bbox 2209 1603 2360 1657; x_wconf 92' lang='lat' dir='ltr'>gens</span> <span class='ocrx_word' id='word_1_180' title='bbox 2387 1588 2608 1643; x_wconf 91' lang='lat' dir='ltr'>clarum</span> <span class='ocrx_word' id='word_1_181' title='bbox 2640 1591 3034 1648; x_wconf 89' lang='lat' dir='ltr'>Normannica</span> <span class='ocrx_word' id='word_1_182' title='bbox 3065 1612 3276 1651; x_wconf 89' lang='lat' dir='ltr'>nomen</span> <span class='ocrx_word' id='word_1_183' title='bbox 3299 1598 3575 1668; x_wconf 90' lang='lat' dir='ltr'>habebat,</span> 
     </span>
    </p>
   </div>
   <div class='ocr_carea' id='block_1_16' title="bbox 160 1661 3196 1755">
    <p class='ocr_par' dir='ltr' id='par_1_16' title="bbox 160 1661 3196 1755">
     <span class='ocr_line' id='line_1_16' title="bbox 160 1661 3196 1755; baseline 0.008 -41"><span class='ocrx_word' id='word_1_184' title='bbox 160 1661 324 1717; x_wconf 88' lang='lat' dir='ltr'><strong>Posse</strong></span> <span class='ocrx_word' id='word_1_185' title='bbox 353 1665 465 1718; x_wconf 91' lang='lat' dir='ltr'>sibi</span> <span class='ocrx_word' id='word_1_186' title='bbox 487 1667 697 1738; x_wconf 81' lang='lat' dir='ltr'><strong>peragi</strong></span> <span class='ocrx_word' id='word_1_187' title='bbox 729 1669 887 1723; x_wconf 88' lang='lat' dir='ltr'>videt</span> <span class='ocrx_word' id='word_1_188' title='bbox 918 1671 1240 1740; x_wconf 89' lang='lat' dir='ltr'>imperialia</span> <span class='ocrx_word' id='word_1_189' title='bbox 1264 1674 1462 1744; x_wconf 89' lang='lat' dir='ltr'>jussa,</span> <span class='ocrx_word' id='word_1_190' title='bbox 1907 1673 1983 1727; x_wconf 87' lang='lat' dir='ltr'>At</span> <span class='ocrx_word' id='word_1_191' title='bbox 2012 1688 2127 1727; x_wconf 91' lang='lat' dir='ltr'><strong>non</strong></span> <span class='ocrx_word' id='word_1_192' title='bbox 2151 1677 2376 1745; x_wconf 87' lang='lat' dir='ltr'>experti</span> <span class='ocrx_word' id='word_1_193' title='bbox 2405 1678 2700 1748; x_wconf 89' lang='lat' dir='ltr'>virtutem,</span> <span class='ocrx_word' id='word_1_194' title='bbox 2725 1683 2980 1736; x_wconf 87' lang='lat' dir='ltr'>nominis</span> <span class='ocrx_word' id='word_1_195' title='bbox 3013 1684 3196 1755; x_wconf 91' lang='lat' dir='ltr'>hujus</span> 
     </span>
    </p>
   </div>
   <div class='ocr_carea' id='block_1_17' title="bbox 162 1750 3197 1844">
    <p class='ocr_par' dir='ltr' id='par_1_17' title="bbox 162 1750 3197 1844">
     <span class='ocr_line' id='line_1_17' title="bbox 162 1750 3197 1844; baseline 0.008 -41"><span class='ocrx_word' id='word_1_196' title='bbox 162 1750 222 1804; x_wconf 84' lang='lat' dir='ltr'>Ut</span> <span class='ocrx_word' id='word_1_197' title='bbox 248 1750 498 1808; x_wconf 86' lang='lat' dir='ltr'>Francos</span> <span class='ocrx_word' id='word_1_198' title='bbox 531 1755 699 1810; x_wconf 90' lang='lat' dir='ltr'>Latio</span> <span class='ocrx_word' id='word_1_199' title='bbox 730 1762 979 1829; x_wconf 86' lang='lat' dir='ltr'>moveat,</span> <span class='ocrx_word' id='word_1_200' title='bbox 1013 1761 1107 1815; x_wconf 85' lang='lat' dir='ltr'>v&#39;el</span> <span class='ocrx_word' id='word_1_201' title='bbox 1133 1767 1306 1833; x_wconf 77' lang='lat' dir='ltr'>cogat</span> <span class='ocrx_word' id='word_1_202' title='bbox 1336 1764 1520 1820; x_wconf 80' lang='lat' dir='ltr'><strong>abire.</strong></span> <span class='ocrx_word' id='word_1_203' title='bbox 1827 1786 1871 1844; x_wconf 67' lang='grc' dir='ltr'>Β</span> <span class='ocrx_word' id='word_1_204' title='bbox 1908 1761 2232 1817; x_wconf 91' lang='lat' dir='ltr'><strong>Terrentur</strong></span> <span class='ocrx_word' id='word_1_205' title='bbox 2260 1763 2492 1820; x_wconf 86' lang='lat' dir='ltr'>Calabri</span> <span class='ocrx_word' id='word_1_206' title='bbox 2522 1769 2678 1821; x_wconf 88' lang='lat' dir='ltr'>tanta</span> <span class='ocrx_word' id='word_1_207' title='bbox 2709 1767 2938 1825; x_wconf 91' lang='lat' dir='ltr'><strong>feritate</strong></span> <span class='ocrx_word' id='word_1_208' title='bbox 2970 1750 3197 1842; x_wconf 81' lang='lat' dir='ltr'>repleti.</span> 
     </span>
    </p>
   </div>
   <div class='ocr_carea' id='block_1_18' title="bbox 158 1840 3330 1928">
    <p class='ocr_par' dir='ltr' id='par_1_18' title="bbox 158 1840 3330 1928">
     <span class='ocr_line' id='line_1_18' title="bbox 158 1840 3330 1928; baseline 0.009 -35"><span class='ocrx_word' id='word_1_209' title='bbox 158 1840 310 1910; x_wconf 88' lang='lat' dir='ltr'>Copia</span> <span class='ocrx_word' id='word_1_210' title='bbox 327 1846 476 1896; x_wconf 88' lang='lat' dir='ltr'>tanta</span> <span class='ocrx_word' id='word_1_211' title='bbox 490 1845 749 1915; x_wconf 90' lang='lat' dir='ltr'>quidem,</span> <span class='ocrx_word' id='word_1_212' title='bbox 776 1848 992 1918; x_wconf 89' lang='lat' dir='ltr'>quibus</span> <span class='ocrx_word' id='word_1_213' title='bbox 1016 1850 1077 1904; x_wconf 91' lang='lat' dir='ltr'>hi</span> <span class='ocrx_word' id='word_1_214' title='bbox 1098 1867 1215 1906; x_wconf 93' lang='lat' dir='ltr'><strong>non</strong></span> <span class='ocrx_word' id='word_1_215' title='bbox 1233 1853 1414 1908; x_wconf 86' lang='lat' dir='ltr'>Marte</span> <span class='ocrx_word' id='word_1_216' title='bbox 1440 1859 1792 1928; x_wconf 81' lang='lat' dir='ltr'><strong>repugnent,</strong></span> <span class='ocrx_word' id='word_1_217' title='bbox 1827 1840 1861 1844; x_wconf 55' lang='lat'><strong><em>—</em></strong></span> <span class='ocrx_word' id='word_1_218' title='bbox 1907 1849 1993 1904; x_wconf 81' lang='lat' dir='ltr'>Ad</span> <span class='ocrx_word' id='word_1_219' title='bbox 2025 1851 2193 1906; x_wconf 80' lang='lat' dir='ltr'>ducis</span> <span class='ocrx_word' id='word_1_220' title='bbox 2223 1852 2566 1924; x_wconf 75' lang='lat' dir='ltr'>ingressum</span> <span class='ocrx_word' id='word_1_221' title='bbox 2602 1857 2898 1913; x_wconf 75' lang='lat' dir='ltr'>Robertus</span> <span class='ocrx_word' id='word_1_222' title='bbox 2933 1840 3114 1916; x_wconf 82' lang='lat' dir='ltr'>milite</span> <span class='ocrx_word' id='word_1_223' title='bbox 3146 1862 3330 1918; x_wconf 81' lang='lat' dir='ltr'>fultus</span> 
     </span>
    </p>
   </div>
   <div class='ocr_carea' id='block_1_19' title="bbox 159 1928 3388 2023">
    <p class='ocr_par' dir='ltr' id='par_1_19' title="bbox 159 1928 3388 2023">
     <span class='ocr_line' id='line_1_19' title="bbox 159 1928 3388 2023; baseline 0.014 -42"><span class='ocrx_word' id='word_1_224' title='bbox 159 1928 270 1982; x_wconf 87' lang='lat' dir='ltr'><strong>Non</strong></span> <span class='ocrx_word' id='word_1_225' title='bbox 299 1933 416 1984; x_wconf 86' lang='lat' dir='ltr'>erat</span> <span class='ocrx_word' id='word_1_226' title='bbox 443 1932 700 2005; x_wconf 82' lang='lat' dir='ltr'>Argyro,</span> <span class='ocrx_word' id='word_1_227' title='bbox 738 1952 845 1991; x_wconf 92' lang='lat' dir='ltr'>nec</span> <span class='ocrx_word' id='word_1_228' title='bbox 877 1953 982 1992; x_wconf 93' lang='lat' dir='ltr'><strong>eos</strong></span> <span class='ocrx_word' id='word_1_229' title='bbox 1017 1941 1317 2009; x_wconf 88' lang='lat' dir='ltr'>promissa</span> <span class='ocrx_word' id='word_1_230' title='bbox 1340 1959 1596 2015; x_wconf 88' lang='lat' dir='ltr'>movere,</span> <span class='ocrx_word' id='word_1_231' title='bbox 1906 1939 2038 1994; x_wconf 78' lang='lat' dir='ltr'>Non</span> <span class='ocrx_word' id='word_1_232' title='bbox 2062 1941 2312 2011; x_wconf 70' lang='grc' dir='ltr'>ωοάίοον</span> <span class='ocrx_word' id='word_1_233' title='bbox 2348 1945 2604 2013; x_wconf 49' lang='lat' dir='ltr'>Naidas:</span> <span class='ocrx_word' id='word_1_234' title='bbox 2639 1945 2908 2002; x_wconf 68' lang='lat' dir='ltr'>incendia</span> <span class='ocrx_word' id='word_1_235' title='bbox 2928 1948 3112 2019; x_wconf 53' lang='lat' dir='ltr'>jussu</span> <span class='ocrx_word' id='word_1_236' title='bbox 3146 1952 3388 2023; x_wconf 70' lang='lat' dir='ltr'>ubique&#39;</span> 
     </span>
    </p>
   </div>
   <div class='ocr_carea' id='block_1_20' title="bbox 157 2017 3215 2110">
    <p class='ocr_par' dir='ltr' id='par_1_20' title="bbox 157 2017 3215 2110">
     <span class='ocr_line' id='line_1_20' title="bbox 157 2017 3215 2110; baseline 0.008 -40"><span class='ocrx_word' id='word_1_237' title='bbox 157 2017 221 2070; x_wconf 92' lang='lat' dir='ltr'>Ut</span> <span class='ocrx_word' id='word_1_238' title='bbox 244 2018 380 2073; x_wconf 83' lang='lat' dir='ltr'><strong>ﬁnes</strong></span> <span class='ocrx_word' id='word_1_239' title='bbox 413 2022 562 2076; x_wconf 91' lang='lat' dir='ltr'>alios</span> <span class='ocrx_word' id='word_1_240' title='bbox 585 2028 872 2096; x_wconf 90' lang='lat' dir='ltr'><strong>peterent,</strong></span> <span class='ocrx_word' id='word_1_241' title='bbox 905 2027 998 2082; x_wconf 88' lang='lat' dir='ltr'>vel</span> <span class='ocrx_word' id='word_1_242' title='bbox 1031 2029 1183 2084; x_wconf 90' lang='lat' dir='ltr'>dona</span> <span class='ocrx_word' id='word_1_243' title='bbox 1214 2031 1506 2087; x_wconf 90' lang='lat' dir='ltr'>valebant.</span> <span class='ocrx_word' id='word_1_244' title='bbox 1906 2027 2223 2082; x_wconf 88' lang='lat' dir='ltr'><strong>Terrarum</strong></span> <span class='ocrx_word' id='word_1_245' title='bbox 2257 2030 2403 2100; x_wconf 85' lang='lat' dir='ltr'><strong>ﬁeri,</strong></span> <span class='ocrx_word' id='word_1_246' title='bbox 2436 2049 2586 2104; x_wconf 92' lang='lat' dir='ltr'>quos</span> <span class='ocrx_word' id='word_1_247' title='bbox 2619 2036 2836 2105; x_wconf 87' lang='lat' dir='ltr'>appetit</span> <span class='ocrx_word' id='word_1_248' title='bbox 2865 2017 3215 2110; x_wconf 25' lang='lat' dir='ltr'>etispoliari,</span> 
     </span>
    </p>
   </div>
   <div class='ocr_carea' id='block_1_21' title="bbox 157 2105 3570 2201">
    <p class='ocr_par' dir='ltr' id='par_1_21' title="bbox 157 2105 3570 2201">
     <span class='ocr_line' id='line_1_21' title="bbox 157 2105 3570 2201; baseline 0.006 -35"><span class='ocrx_word' id='word_1_249' title='bbox 157 2105 263 2161; x_wconf 82' lang='lat' dir='ltr'>Hoc</span> <span class='ocrx_word' id='word_1_250' title='bbox 293 2109 573 2165; x_wconf 80' lang='lat' dir='ltr'>meditans</span> <span class='ocrx_word' id='word_1_251' title='bbox 605 2113 741 2167; x_wconf 86' lang='lat' dir='ltr'><strong>Bari</strong></span> <span class='ocrx_word' id='word_1_252' title='bbox 774 2115 1021 2170; x_wconf 88' lang='lat' dir='ltr'>dimissa</span> <span class='ocrx_word' id='word_1_253' title='bbox 1051 2120 1395 2175; x_wconf 83' lang='lat' dir='ltr'>transfretat</span> <span class='ocrx_word' id='word_1_254' title='bbox 1425 2121 1590 2177; x_wconf 90' lang='lat' dir='ltr'>urbe.</span> <span class='ocrx_word' id='word_1_255' title='bbox 1905 2116 2186 2188; x_wconf 88' lang='lat' dir='ltr'><strong>Quodque</strong></span> <span class='ocrx_word' id='word_1_256' title='bbox 2219 2123 2434 2174; x_wconf 91' lang='lat' dir='ltr'>metum</span> <span class='ocrx_word' id='word_1_257' title='bbox 2464 2122 2706 2176; x_wconf 89' lang='lat' dir='ltr'>incutiat</span> <span class='ocrx_word' id='word_1_258' title='bbox 2742 2105 3094 2195; x_wconf 74' lang='lat' dir='ltr'>cultoribus,</span> <span class='ocrx_word' id='word_1_259' title='bbox 3131 2105 3302 2184; x_wconf 84' lang='lat' dir='ltr'>omne</span> <span class='ocrx_word' id='word_1_260' title='bbox 3349 2133 3570 2201; x_wconf 91' lang='lat' dir='ltr'><strong>patrari</strong></span> 
     </span>
    </p>
   </div>
   <div class='ocr_carea' id='block_1_22' title="bbox 155 2196 3265 2287">
    <p class='ocr_par' dir='ltr' id='par_1_22' title="bbox 155 2196 3265 2287">
     <span class='ocr_line' id='line_1_22' title="bbox 155 2196 3265 2287; baseline 0.008 -40"><span class='ocrx_word' id='word_1_261' title='bbox 155 2196 229 2248; x_wconf 81' lang='lat' dir='ltr'>Ad</span> <span class='ocrx_word' id='word_1_262' title='bbox 255 2196 545 2253; x_wconf 88' lang='lat' dir='ltr'><strong>dominum</strong></span> <span class='ocrx_word' id='word_1_263' title='bbox 575 2202 769 2272; x_wconf 83' lang='lat' dir='ltr'>rediit,</span> <span class='ocrx_word' id='word_1_264' title='bbox 804 2205 1002 2275; x_wconf 81' lang='lat' dir='ltr'>populi</span> <span class='ocrx_word' id='word_1_265' title='bbox 1033 2223 1328 2278; x_wconf 79' lang='lat' dir='ltr'>responsa</span> <span class='ocrx_word' id='word_1_266' title='bbox 1358 2209 1579 2265; x_wconf 77' lang='lat' dir='ltr'>ferocis</span> <span class='ocrx_word' id='word_1_267' title='bbox 1905 2205 2189 2260; x_wconf 89' lang='lat' dir='ltr'>Militibus</span> <span class='ocrx_word' id='word_1_268' title='bbox 2221 2223 2530 2263; x_wconf 88' lang='lat' dir='ltr'>remorans</span> <span class='ocrx_word' id='word_1_269' title='bbox 2553 2211 2819 2266; x_wconf 91' lang='lat' dir='ltr'>dimissis</span> <span class='ocrx_word' id='word_1_270' title='bbox 2851 2214 3048 2269; x_wconf 84' lang='lat' dir='ltr'><strong>fratris</strong></span> <span class='ocrx_word' id='word_1_271' title='bbox 3080 2216 3265 2287; x_wconf 91' lang='lat' dir='ltr'>abire,</span> 
     </span>
    </p>
   </div>
   <div class='ocr_carea' id='block_1_23' title="bbox 152 2282 3371 2367">
    <p class='ocr_par' dir='ltr' id='par_1_23' title="bbox 152 2282 3371 2367">
     <span class='ocr_line' id='line_1_23' title="bbox 152 2282 3371 2367; baseline 0.01 -32"><span class='ocrx_word' id='word_1_272' title='bbox 152 2282 342 2338; x_wconf 89' lang='lat' dir='ltr'>Ordine</span> <span class='ocrx_word' id='word_1_273' title='bbox 373 2291 582 2342; x_wconf 92' lang='lat' dir='ltr'>cuncta</span> <span class='ocrx_word' id='word_1_274' title='bbox 613 2290 813 2361; x_wconf 88' lang='lat' dir='ltr'><strong>refert,</strong></span> <span class='ocrx_word' id='word_1_275' title='bbox 847 2296 903 2346; x_wconf 93' lang='lat' dir='ltr'>et</span> <span class='ocrx_word' id='word_1_276' title='bbox 934 2293 1071 2348; x_wconf 91' lang='lat' dir='ltr'>belli</span> <span class='ocrx_word' id='word_1_277' title='bbox 1105 2299 1275 2367; x_wconf 90' lang='lat' dir='ltr'><strong>gesta</strong></span> <span class='ocrx_word' id='word_1_278' title='bbox 1305 2299 1562 2354; x_wconf 90' lang='lat' dir='ltr'>recentis</span> <span class='ocrx_word' id='word_1_279' title='bbox 1904 2294 2037 2349; x_wconf 82' lang='lat' dir='ltr'>Non</span> <span class='ocrx_word' id='word_1_280' title='bbox 2073 2295 2246 2349; x_wconf 67' lang='lat' dir='ltr'>milito</span> <span class='ocrx_word' id='word_1_281' title='bbox 2277 2295 2582 2367; x_wconf 72' lang='lat' dir='ltr'>Celabl&#39;OS,</span> <span class='ocrx_word' id='word_1_282' title='bbox 2617 2300 2723 2353; x_wconf 82' lang='lat' dir='ltr'>sed</span> <span class='ocrx_word' id='word_1_283' title='bbox 2748 2303 2933 2356; x_wconf 68' lang='lat' dir='ltr'>atroci</span> <span class='ocrx_word' id='word_1_284' title='bbox 2964 2303 3145 2358; x_wconf 77' lang='lat' dir='ltr'>milite</span> <span class='ocrx_word' id='word_1_285' title='bbox 3175 2282 3371 2360; x_wconf 75' lang='lat' dir='ltr'>Vexat-</span> 
     </span>
    </p>
   </div>
   <div class='ocr_carea' id='block_1_24' title="bbox 153 2371 3401 2458">
    <p class='ocr_par' dir='ltr' id='par_1_24' title="bbox 153 2371 3401 2458">
     <span class='ocr_line' id='line_1_24' title="bbox 153 2371 3401 2458; baseline 0.01 -34"><span class='ocrx_word' id='word_1_286' title='bbox 153 2371 339 2427; x_wconf 89' lang='lat' dir='ltr'>Contra</span> <span class='ocrx_word' id='word_1_287' title='bbox 368 2375 748 2450; x_wconf 80' lang='lat' dir='ltr'>Teutonicos;</span> <span class='ocrx_word' id='word_1_288' title='bbox 776 2379 900 2451; x_wconf 87' lang='lat' dir='ltr'>jam</span> <span class='ocrx_word' id='word_1_289' title='bbox 926 2382 1350 2441; x_wconf 88' lang='lat' dir='ltr'>Constantinus</span> <span class='ocrx_word' id='word_1_290' title='bbox 1384 2403 1578 2443; x_wconf 90' lang='lat' dir='ltr'>amare</span> <span class='ocrx_word' id='word_1_291' title='bbox 1901 2381 2010 2448; x_wconf 77' lang='lat' dir='ltr'>QUi</span> <span class='ocrx_word' id='word_1_292' title='bbox 2044 2400 2176 2438; x_wconf 77' lang='lat' dir='ltr'>eum</span> <span class='ocrx_word' id='word_1_293' title='bbox 2207 2384 2525 2440; x_wconf 77' lang='lat' dir='ltr'>discedens</span> <span class='ocrx_word' id='word_1_294' title='bbox 2554 2387 2668 2441; x_wconf 80' lang='lat' dir='ltr'>huc</span> <span class='ocrx_word' id='word_1_295' title='bbox 2700 2391 3140 2458; x_wconf 71' lang='lat' dir='ltr'>praedabundus</span> <span class='ocrx_word' id='word_1_296' title='bbox 3172 2397 3227 2448; x_wconf 80' lang='lat' dir='ltr'>et</span> <span class='ocrx_word' id='word_1_297' title='bbox 3260 2394 3401 2448; x_wconf 83' lang='lat' dir='ltr'>illuc</span> 
     </span>
    </p>
   </div>
   <div class='ocr_carea' id='block_1_25' title="bbox 153 2459 3498 2549">
    <p class='ocr_par' dir='ltr' id='par_1_25' title="bbox 153 2459 3498 2549">
     <span class='ocr_line' id='line_1_25' title="bbox 153 2459 3498 2549; baseline 0.008 -37"><span class='ocrx_word' id='word_1_298' title='bbox 153 2459 351 2516; x_wconf 89' lang='lat' dir='ltr'>Desinit</span> <span class='ocrx_word' id='word_1_299' title='bbox 378 2465 701 2536; x_wconf 78' lang='lat' dir='ltr'>Argyrum,</span> <span class='ocrx_word' id='word_1_300' title='bbox 735 2484 843 2523; x_wconf 90' lang='lat' dir='ltr'>nec</span> <span class='ocrx_word' id='word_1_301' title='bbox 876 2471 962 2537; x_wconf 88' lang='lat' dir='ltr'>(ut</span> <span class='ocrx_word' id='word_1_302' title='bbox 989 2474 1120 2526; x_wconf 89' lang='lat' dir='ltr'>ante</span> <span class='ocrx_word' id='word_1_303' title='bbox 1154 2475 1384 2529; x_wconf 90' lang='lat' dir='ltr'>solebat</span> <span class='ocrx_word' id='word_1_304' title='bbox 1415 2475 1639 2548; x_wconf 90' lang='lat' dir='ltr'>haberi)</span> <span class='ocrx_word' id='word_1_305' title='bbox 1902 2473 2035 2528; x_wconf 87' lang='lat' dir='ltr'>Non</span> <span class='ocrx_word' id='word_1_306' title='bbox 2067 2472 2302 2543; x_wconf 85' lang='lat' dir='ltr'>aliquod</span> <span class='ocrx_word' id='word_1_307' title='bbox 2352 2479 2614 2529; x_wconf 90' lang='lat' dir='ltr'>castrum</span> <span class='ocrx_word' id='word_1_308' title='bbox 2641 2481 2847 2546; x_wconf 92' lang='lat' dir='ltr'>posset</span> <span class='ocrx_word' id='word_1_309' title='bbox 2879 2483 3113 2549; x_wconf 90' lang='lat' dir='ltr'>captare</span> <span class='ocrx_word' id='word_1_310' title='bbox 3165 2482 3259 2537; x_wconf 91' lang='lat' dir='ltr'>vel</span> <span class='ocrx_word' id='word_1_311' title='bbox 3291 2483 3498 2538; x_wconf 88' lang='lat' dir='ltr'>urbem</span> 
     </span>
    </p>
   </div>
   <div class='ocr_carea' id='block_1_26' title="bbox 153 2547 3391 2642">
    <p class='ocr_par' dir='ltr' id='par_1_26' title="bbox 153 2547 3391 2642">
     <span class='ocr_line' id='line_1_26' title="bbox 153 2547 3391 2642; baseline 0.009 -41"><span class='ocrx_word' id='word_1_312' title='bbox 153 2547 241 2602; x_wconf 87' lang='lat' dir='ltr'>Est</span> <span class='ocrx_word' id='word_1_313' title='bbox 263 2548 374 2619; x_wconf 87' lang='lat' dir='ltr'>jam</span> <span class='ocrx_word' id='word_1_314' title='bbox 408 2554 645 2607; x_wconf 90' lang='lat' dir='ltr'>consilii</span> <span class='ocrx_word' id='word_1_315' title='bbox 678 2571 880 2612; x_wconf 92' lang='lat' dir='ltr'>comes</span> <span class='ocrx_word' id='word_1_316' title='bbox 910 2559 1149 2615; x_wconf 88' lang='lat' dir='ltr'>intimus</span> <span class='ocrx_word' id='word_1_317' title='bbox 1182 2561 1528 2633; x_wconf 89' lang='lat' dir='ltr'>imperialis.</span> <span class='ocrx_word' id='word_1_318' title='bbox 1620 2547 1626 2548; x_wconf 21' lang='grc'><strong><em>⁷</em></strong></span> <span class='ocrx_word' id='word_1_319' title='bbox 1902 2561 2042 2616; x_wconf 72' lang='lat' dir='ltr'>Arte</span> <span class='ocrx_word' id='word_1_320' title='bbox 2072 2561 2263 2616; x_wconf 84' lang='lat' dir='ltr'>locum</span> <span class='ocrx_word' id='word_1_321' title='bbox 2295 2565 2605 2633; x_wconf 76' lang='lat' dir='ltr'>quemdam</span> <span class='ocrx_word' id='word_1_322' title='bbox 2636 2566 2871 2621; x_wconf 73' lang='lat' dir='ltr'>m01itur</span> <span class='ocrx_word' id='word_1_323' title='bbox 2895 2569 3081 2638; x_wconf 79' lang='lat' dir='ltr'>adire,</span> <span class='ocrx_word' id='word_1_324' title='bbox 3117 2571 3224 2625; x_wconf 84' lang='lat' dir='ltr'>sed</span> <span class='ocrx_word' id='word_1_325' title='bbox 3256 2571 3391 2642; x_wconf 80' lang='lat' dir='ltr'>ejus</span> 
     </span>
    </p>
   </div>
   <div class='ocr_carea' id='block_1_27' title="bbox 152 2635 3445 2732">
    <p class='ocr_par' dir='ltr' id='par_1_27' title="bbox 152 2635 3445 2732">
     <span class='ocr_line' id='line_1_27' title="bbox 152 2635 3445 2732; baseline 0.008 -42"><span class='ocrx_word' id='word_1_326' title='bbox 152 2635 407 2694; x_wconf 85' lang='lat' dir='ltr'>Exsilium</span> <span class='ocrx_word' id='word_1_327' title='bbox 433 2659 678 2712; x_wconf 91' lang='lat' dir='ltr'><strong>passus,</strong></span> <span class='ocrx_word' id='word_1_328' title='bbox 713 2645 891 2718; x_wconf 90' lang='lat' dir='ltr'>longo</span> <span class='ocrx_word' id='word_1_329' title='bbox 923 2654 1055 2718; x_wconf 91' lang='lat' dir='ltr'><strong>post</strong></span> <span class='ocrx_word' id='word_1_330' title='bbox 1084 2653 1348 2720; x_wconf 91' lang='lat' dir='ltr'>tempore</span> <span class='ocrx_word' id='word_1_331' title='bbox 1381 2652 1558 2707; x_wconf 91' lang='lat' dir='ltr'>vitam</span> <span class='ocrx_word' id='word_1_332' title='bbox 1902 2650 2176 2709; x_wconf 85' lang='lat' dir='ltr'>Difﬁcilis</span> <span class='ocrx_word' id='word_1_333' title='bbox 2200 2667 2571 2708; x_wconf 88' lang='lat' dir='ltr'>conscensus</span> <span class='ocrx_word' id='word_1_334' title='bbox 2603 2660 2750 2725; x_wconf 86' lang='lat' dir='ltr'>erat,</span> <span class='ocrx_word' id='word_1_335' title='bbox 2783 2657 2916 2727; x_wconf 87' lang='lat' dir='ltr'>quia</span> <span class='ocrx_word' id='word_1_336' title='bbox 2939 2635 3228 2726; x_wconf 87' lang='lat' dir='ltr'>plurimus</span> <span class='ocrx_word' id='word_1_337' title='bbox 3260 2635 3445 2732; x_wconf 45' lang='lat' dir='ltr'>b&#39;ujus</span> 
     </span>
    </p>
   </div>
   <div class='ocr_carea' id='block_1_28' title="bbox 153 2726 3378 2812">
    <p class='ocr_par' dir='ltr' id='par_1_28' title="bbox 153 2726 3378 2812">
     <span class='ocr_line' id='line_1_28' title="bbox 153 2726 3378 2812; baseline 0.007 -32"><span class='ocrx_word' id='word_1_338' title='bbox 153 2726 301 2798; x_wconf 89' lang='lat' dir='ltr'>Degit</span> <span class='ocrx_word' id='word_1_339' title='bbox 327 2729 384 2784; x_wconf 90' lang='lat' dir='ltr'><strong>in</strong></span> <span class='ocrx_word' id='word_1_340' title='bbox 413 2734 720 2804; x_wconf 83' lang='lat' dir='ltr'>aerumnis,</span> <span class='ocrx_word' id='word_1_341' title='bbox 755 2738 810 2790; x_wconf 85' lang='lat' dir='ltr'>et</span> <span class='ocrx_word' id='word_1_342' title='bbox 839 2739 1107 2808; x_wconf 75' lang='lat' dir='ltr'>corporis</span> <span class='ocrx_word' id='word_1_343' title='bbox 1138 2741 1428 2796; x_wconf 78' lang='lat' dir='ltr'>anxietate</span> <span class='ocrx_word' id='word_1_344' title='bbox 1901 2740 2119 2794; x_wconf 89' lang='lat' dir='ltr'>Accola</span> <span class='ocrx_word' id='word_1_345' title='bbox 2152 2756 2296 2812; x_wconf 84' lang='lat' dir='ltr'><strong>grex</strong></span> <span class='ocrx_word' id='word_1_346' title='bbox 2332 2741 2625 2812; x_wconf 90' lang='lat' dir='ltr'>habitans,</span> <span class='ocrx_word' id='word_1_347' title='bbox 2659 2745 2830 2799; x_wconf 88' lang='lat' dir='ltr'>etiam</span> <span class='ocrx_word' id='word_1_348' title='bbox 2862 2749 3227 2803; x_wconf 91' lang='lat' dir='ltr'>monasticus</span> <span class='ocrx_word' id='word_1_349' title='bbox 3259 2750 3378 2804; x_wconf 89' lang='lat' dir='ltr'>illic</span> 
     </span>
    </p>
   </div>
   <div class='ocr_carea' id='block_1_29' title="bbox 150 2815 3325 2902">
    <p class='ocr_par' dir='ltr' id='par_1_29' title="bbox 150 2815 3325 2902">
     <span class='ocr_line' id='line_1_29' title="bbox 150 2815 3325 2902; baseline 0.008 -34"><span class='ocrx_word' id='word_1_350' title='bbox 150 2815 378 2872; x_wconf 84' lang='lat' dir='ltr'>Vexatus</span> <span class='ocrx_word' id='word_1_351' title='bbox 409 2821 629 2876; x_wconf 89' lang='lat' dir='ltr'>misere</span> <span class='ocrx_word' id='word_1_352' title='bbox 661 2824 839 2878; x_wconf 90' lang='lat' dir='ltr'><strong>vitam</strong></span> <span class='ocrx_word' id='word_1_353' title='bbox 871 2826 1078 2882; x_wconf 81' lang='lat' dir='ltr'>ﬁnisse</span> <span class='ocrx_word' id='word_1_354' title='bbox 1113 2829 1390 2884; x_wconf 83' lang='lat' dir='ltr'>refertur.</span> <span class='ocrx_word' id='word_1_355' title='bbox 1901 2828 2034 2883; x_wconf 92' lang='lat' dir='ltr'><strong>Non</strong></span> <span class='ocrx_word' id='word_1_356' title='bbox 2053 2829 2443 2900; x_wconf 87' lang='lat' dir='ltr'>alienigenam</span> <span class='ocrx_word' id='word_1_357' title='bbox 2473 2833 2747 2902; x_wconf 92' lang='lat' dir='ltr'>quemvis</span> <span class='ocrx_word' id='word_1_358' title='bbox 2778 2834 2998 2890; x_wconf 91' lang='lat' dir='ltr'>intrare</span> <span class='ocrx_word' id='word_1_359' title='bbox 3033 2837 3325 2893; x_wconf 90' lang='lat' dir='ltr'>sinebant.</span> 
     </span>
    </p>
   </div>
   <div class='ocr_carea' id='block_1_30' title="bbox 148 2902 3265 2996">
    <p class='ocr_par' dir='ltr' id='par_1_30' title="bbox 148 2902 3265 2996">
     <span class='ocr_line' id='line_1_30' title="bbox 148 2902 3265 2996; baseline 0.007 -40"><span class='ocrx_word' id='word_1_360' title='bbox 148 2902 351 2961; x_wconf 90' lang='lat' dir='ltr'>Crescit</span> <span class='ocrx_word' id='word_1_361' title='bbox 381 2908 745 2966; x_wconf 88' lang='lat' dir='ltr'><strong>Normannis</strong></span> <span class='ocrx_word' id='word_1_362' title='bbox 778 2914 1009 2970; x_wconf 89' lang='lat' dir='ltr'>animus</span> <span class='ocrx_word' id='word_1_363' title='bbox 1037 2917 1362 2972; x_wconf 89' lang='lat' dir='ltr'>victoribus</span> <span class='ocrx_word' id='word_1_364' title='bbox 1393 2918 1628 2992; x_wconf 91' lang='lat' dir='ltr'>ingens,</span> <span class='ocrx_word' id='word_1_365' title='bbox 1903 2917 2055 2971; x_wconf 88' lang='lat' dir='ltr'>Utile</span> <span class='ocrx_word' id='word_1_366' title='bbox 2081 2918 2423 2988; x_wconf 80' lang='lat' dir='ltr'>ﬁgmentum</span> <span class='ocrx_word' id='word_1_367' title='bbox 2453 2925 2734 2976; x_wconf 90' lang='lat' dir='ltr'>versutus</span> <span class='ocrx_word' id='word_1_368' title='bbox 2764 2923 3063 2978; x_wconf 90' lang='lat' dir='ltr'>adinvenit</span> <span class='ocrx_word' id='word_1_369' title='bbox 3091 2929 3265 2996; x_wconf 91' lang='lat' dir='ltr'>atque</span> 
     </span>
    </p>
   </div>
   <div class='ocr_carea' id='block_1_31' title="bbox 147 2993 3468 3080">
    <p class='ocr_par' dir='ltr' id='par_1_31' title="bbox 147 2993 3468 3080">
     <span class='ocr_line' id='line_1_31' title="bbox 147 2993 3468 3080; baseline 0.009 -34"><span class='ocrx_word' id='word_1_370' title='bbox 147 2993 366 3065; x_wconf 81' lang='lat' dir='ltr'>Jamque</span> <span class='ocrx_word' id='word_1_371' title='bbox 397 2999 640 3054; x_wconf 81' lang='lat' dir='ltr'>rebellis</span> <span class='ocrx_word' id='word_1_372' title='bbox 674 3001 762 3056; x_wconf 91' lang='lat' dir='ltr'>eis</span> <span class='ocrx_word' id='word_1_373' title='bbox 793 3004 1191 3075; x_wconf 62' lang='lat' dir='ltr'>urbsiAppula</span> <span class='ocrx_word' id='word_1_374' title='bbox 1222 3007 1382 3061; x_wconf 91' lang='lat' dir='ltr'>nulla</span> <span class='ocrx_word' id='word_1_375' title='bbox 1411 3010 1713 3065; x_wconf 88' lang='lat' dir='ltr'>remansit.</span> <span class='ocrx_word' id='word_1_376' title='bbox 1899 3006 2134 3060; x_wconf 85' lang='lat' dir='ltr'>Mandat</span> <span class='ocrx_word' id='word_1_377' title='bbox 2154 3007 2491 3062; x_wconf 85' lang='lat' dir='ltr'>defunctum</span> <span class='ocrx_word' id='word_1_378' title='bbox 2525 3010 2681 3079; x_wconf 89' lang='lat' dir='ltr'>quod</span> <span class='ocrx_word' id='word_1_379' title='bbox 2713 3013 3034 3080; x_wconf 82' lang='lat' dir='ltr'>quemlibet</span> <span class='ocrx_word' id='word_1_380' title='bbox 3062 2993 3200 3068; x_wconf 75' lang='lat' dir='ltr'>esse</span> <span class='ocrx_word' id='word_1_381' title='bbox 3223 3029 3468 3068; x_wconf 86' lang='lat' dir='ltr'>suorum</span> 
     </span>
    </p>
   </div>
   <div class='ocr_carea' id='block_1_32' title="bbox 1898 3095 3526 3173">
    <p class='ocr_par' dir='ltr' id='par_1_32' title="bbox 1898 3095 3526 3173">
     <span class='ocr_line' id='line_1_32' title="bbox 1898 3095 3526 3173; baseline 0.004 -24"><span class='ocrx_word' id='word_1_382' title='bbox 1898 3095 2057 3150; x_wconf 91' lang='lat' dir='ltr'>Gens</span> <span class='ocrx_word' id='word_1_383' title='bbox 2080 3112 2186 3150; x_wconf 92' lang='lat' dir='ltr'>sua</span> <span class='ocrx_word' id='word_1_384' title='bbox 2220 3100 2486 3167; x_wconf 91' lang='lat' dir='ltr'><strong>testetur,</strong></span> <span class='ocrx_word' id='word_1_385' title='bbox 2523 3099 2621 3168; x_wconf 90' lang='lat' dir='ltr'>qui</span> <span class='ocrx_word' id='word_1_386' title='bbox 2652 3115 2804 3168; x_wconf 92' lang='lat' dir='ltr'>cum,</span> <span class='ocrx_word' id='word_1_387' title='bbox 2840 3103 3010 3171; x_wconf 89' lang='lat' dir='ltr'>quasi</span> <span class='ocrx_word' id='word_1_388' title='bbox 3044 3106 3311 3157; x_wconf 91' lang='lat' dir='ltr'>mortuus</span> <span class='ocrx_word' id='word_1_389' title='bbox 3342 3105 3526 3173; x_wconf 88' lang='lat' dir='ltr'>esset,</span> 
     </span>
    </p>
   </div>
   <div class='ocr_carea' id='block_1_33' title="bbox 1898 3184 3360 3260">
    <p class='ocr_par' dir='ltr' id='par_1_33' title="bbox 1898 3184 3360 3260">
     <span class='ocr_line' id='line_1_33' title="bbox 1898 3184 3360 3260; baseline 0.006 -23"><span class='ocrx_word' id='word_1_390' title='bbox 1898 3184 2215 3254; x_wconf 87' lang='lat' dir='ltr'>lmpositus</span> <span class='ocrx_word' id='word_1_391' title='bbox 2247 3184 2485 3256; x_wconf 89' lang='lat' dir='ltr'><strong>feretro,</strong></span> <span class='ocrx_word' id='word_1_392' title='bbox 2520 3203 2870 3260; x_wconf 90' lang='lat' dir='ltr'>pannusque</span> <span class='ocrx_word' id='word_1_393' title='bbox 2897 3190 3195 3245; x_wconf 90' lang='lat' dir='ltr'>obducere</span> <span class='ocrx_word' id='word_1_394' title='bbox 3227 3206 3360 3246; x_wconf 90' lang='lat' dir='ltr'>cera</span> 
     </span>
    </p>
   </div>
   <div class='ocr_carea' id='block_1_34' title="bbox 143 3079 1472 3167">
    <p class='ocr_par' dir='ltr' id='par_1_34' title="bbox 143 3079 1472 3167">
     <span class='ocr_line' id='line_1_34' title="bbox 143 3079 1472 3167; baseline 0.012 -32"><span class='ocrx_word' id='word_1_395' title='bbox 143 3079 332 3138; x_wconf 88' lang='lat' dir='ltr'>Omnes</span> <span class='ocrx_word' id='word_1_396' title='bbox 363 3102 428 3141; x_wconf 93' lang='lat' dir='ltr'>se</span> <span class='ocrx_word' id='word_1_397' title='bbox 459 3088 705 3160; x_wconf 87' lang='lat' dir='ltr'>dedunt,</span> <span class='ocrx_word' id='word_1_398' title='bbox 740 3095 839 3146; x_wconf 88' lang='lat' dir='ltr'>aut</span> <span class='ocrx_word' id='word_1_399' title='bbox 871 3094 1180 3166; x_wconf 89' lang='lat' dir='ltr'>vectigalia</span> <span class='ocrx_word' id='word_1_400' title='bbox 1215 3098 1472 3167; x_wconf 90' lang='lat' dir='ltr'>solvunt,</span> 
     </span>
    </p>
   </div>
   <div class='ocr_carea' id='block_1_35' title="bbox 143 3169 1572 3241">
    <p class='ocr_par' dir='ltr' id='par_1_35' title="bbox 143 3169 1572 3241">
     <span class='ocr_line' id='line_1_35' title="bbox 143 3169 1572 3241; baseline 0.011 -16"><span class='ocrx_word' id='word_1_401' title='bbox 143 3169 282 3227; x_wconf 91' lang='lat' dir='ltr'>Tunc</span> <span class='ocrx_word' id='word_1_402' title='bbox 309 3191 513 3232; x_wconf 87' lang='lat' dir='ltr'>comes</span> <span class='ocrx_word' id='word_1_403' title='bbox 549 3178 851 3235; x_wconf 89' lang='lat' dir='ltr'>Unfredus</span> <span class='ocrx_word' id='word_1_404' title='bbox 885 3181 1127 3236; x_wconf 88' lang='lat' dir='ltr'>fraterni</span> <span class='ocrx_word' id='word_1_405' title='bbox 1158 3185 1386 3240; x_wconf 91' lang='lat' dir='ltr'>funeris</span> <span class='ocrx_word' id='word_1_406' title='bbox 1419 3186 1572 3241; x_wconf 89' lang='lat' dir='ltr'>ultor</span> 
     </span>
    </p>
   </div>
   <div class='ocr_carea' id='block_1_36' title="bbox 143 3257 3242 3350">
    <p class='ocr_par' dir='ltr' id='par_1_36' title="bbox 143 3257 3242 3350">
     <span class='ocr_line' id='line_1_36' title="bbox 143 3257 3242 3350; baseline 0.008 -40"><span class='ocrx_word' id='word_1_407' title='bbox 143 3257 371 3318; x_wconf 90' lang='lat' dir='ltr'>Funesto</span> <span class='ocrx_word' id='word_1_408' title='bbox 402 3269 655 3322; x_wconf 85' lang='lat' dir='ltr'>cunctos</span> <span class='ocrx_word' id='word_1_409' title='bbox 688 3268 920 3325; x_wconf 89' lang='lat' dir='ltr'><strong>fuerant</strong></span> <span class='ocrx_word' id='word_1_410' title='bbox 949 3273 1048 3342; x_wconf 91' lang='lat' dir='ltr'><strong>qui</strong></span> <span class='ocrx_word' id='word_1_411' title='bbox 1080 3274 1412 3344; x_wconf 88' lang='lat' dir='ltr'>participati</span> <span class='ocrx_word' id='word_1_412' title='bbox 1895 3271 2081 3326; x_wconf 91' lang='lat' dir='ltr'>Illitus</span> <span class='ocrx_word' id='word_1_413' title='bbox 2114 3273 2270 3327; x_wconf 90' lang='lat' dir='ltr'>hunc</span> <span class='ocrx_word' id='word_1_414' title='bbox 2300 3274 2448 3328; x_wconf 89' lang='lat' dir='ltr'>facie</span> <span class='ocrx_word' id='word_1_415' title='bbox 2466 3274 2682 3346; x_wconf 78' lang='lat' dir='ltr'><strong>jussus</strong></span> <span class='ocrx_word' id='word_1_416' title='bbox 2717 3257 2974 3332; x_wconf 80' lang='lat' dir='ltr'>latitante</span> <span class='ocrx_word' id='word_1_417' title='bbox 3006 3279 3242 3350; x_wconf 89' lang='lat' dir='ltr'><strong>fuisset,</strong></span> 
     </span>
    </p>
   </div>
   <div class='ocr_carea' id='block_1_37' title="bbox 140 3346 3321 3439">
    <p class='ocr_par' dir='ltr' id='par_1_37' title="bbox 140 3346 3321 3439">
     <span class='ocr_line' id='line_1_37' title="bbox 140 3346 3321 3439; baseline 0.006 -36"><span class='ocrx_word' id='word_1_418' title='bbox 140 3346 392 3422; x_wconf 85' lang='lat' dir='ltr'>Consilio,</span> <span class='ocrx_word' id='word_1_419' title='bbox 427 3356 619 3425; x_wconf 87' lang='lat' dir='ltr'>punit,</span> <span class='ocrx_word' id='word_1_420' title='bbox 654 3357 765 3411; x_wconf 91' lang='lat' dir='ltr'>hos</span> <span class='ocrx_word' id='word_1_421' title='bbox 793 3361 1046 3430; x_wconf 89' lang='lat' dir='ltr'>truncat,</span> <span class='ocrx_word' id='word_1_422' title='bbox 1079 3362 1333 3431; x_wconf 89' lang='lat' dir='ltr'>perfodit</span> <span class='ocrx_word' id='word_1_423' title='bbox 1361 3364 1519 3434; x_wconf 91' lang='lat' dir='ltr'>illos,</span> <span class='ocrx_word' id='word_1_424' title='bbox 1896 3362 1973 3416; x_wconf 90' lang='lat' dir='ltr'>Ut</span> <span class='ocrx_word' id='word_1_425' title='bbox 2003 3361 2474 3417; x_wconf 88' lang='lat' dir='ltr'>Normannorum</span> <span class='ocrx_word' id='word_1_426' title='bbox 2505 3365 2702 3418; x_wconf 91' lang='lat' dir='ltr'>velare</span> <span class='ocrx_word' id='word_1_427' title='bbox 2727 3366 3014 3421; x_wconf 90' lang='lat' dir='ltr'>cadavera</span> <span class='ocrx_word' id='word_1_428' title='bbox 3046 3384 3174 3422; x_wconf 93' lang='lat' dir='ltr'>mos</span> <span class='ocrx_word' id='word_1_429' title='bbox 3209 3371 3321 3439; x_wconf 91' lang='lat' dir='ltr'>est,</span> 
     </span>
    </p>
   </div>
   <div class='ocr_carea' id='block_1_38' title="bbox 141 3437 3368 3526">
    <p class='ocr_par' dir='ltr' id='par_1_38' title="bbox 141 3437 3368 3526">
     <span class='ocr_line' id='line_1_38' title="bbox 141 3437 3368 3526; baseline 0.006 -33"><span class='ocrx_word' id='word_1_430' title='bbox 141 3437 329 3495; x_wconf 79' lang='lat' dir='ltr'>Multos</span> <span class='ocrx_word' id='word_1_431' title='bbox 354 3445 690 3514; x_wconf 88' lang='lat' dir='ltr'>suspendit,</span> <span class='ocrx_word' id='word_1_432' title='bbox 726 3451 1042 3502; x_wconf 78' lang='lat' dir='ltr'>memorata</span> <span class='ocrx_word' id='word_1_433' title='bbox 1073 3454 1258 3506; x_wconf 81' lang='lat' dir='ltr'>morte</span> <span class='ocrx_word' id='word_1_434' title='bbox 1293 3453 1587 3524; x_wconf 73' lang='lat' dir='ltr'>Drogonis</span> <span class='ocrx_word' id='word_1_435' title='bbox 1896 3449 2238 3505; x_wconf 90' lang='lat' dir='ltr'><strong>Conduntur</strong></span> <span class='ocrx_word' id='word_1_436' title='bbox 2269 3452 2485 3507; x_wconf 90' lang='lat' dir='ltr'><strong>feretro</strong></span> <span class='ocrx_word' id='word_1_437' title='bbox 2519 3454 2630 3507; x_wconf 92' lang='lat' dir='ltr'>sub</span> <span class='ocrx_word' id='word_1_438' title='bbox 2663 3458 2831 3526; x_wconf 88' lang='lat' dir='ltr'>tergo</span> <span class='ocrx_word' id='word_1_439' title='bbox 2865 3457 3134 3526; x_wconf 92' lang='lat' dir='ltr'>corporis</span> <span class='ocrx_word' id='word_1_440' title='bbox 3166 3437 3368 3513; x_wconf 89' lang='lat' dir='ltr'>enses.</span> 
     </span>
    </p>
   </div>
   <div class='ocr_carea' id='block_1_39' title="bbox 139 3525 3350 3617">
    <p class='ocr_par' dir='ltr' id='par_1_39' title="bbox 139 3525 3350 3617">
     <span class='ocr_line' id='line_1_39' title="bbox 139 3525 3350 3617; baseline 0.009 -39"><span class='ocrx_word' id='word_1_441' title='bbox 139 3525 365 3586; x_wconf 87' lang='lat' dir='ltr'>Parcere</span> <span class='ocrx_word' id='word_1_442' title='bbox 397 3535 525 3587; x_wconf 89' lang='lat' dir='ltr'>vult</span> <span class='ocrx_word' id='word_1_443' title='bbox 556 3534 720 3604; x_wconf 87' lang='lat' dir='ltr'>nulli;</span> <span class='ocrx_word' id='word_1_444' title='bbox 750 3535 909 3606; x_wconf 89' lang='lat' dir='ltr'>jacet</span> <span class='ocrx_word' id='word_1_445' title='bbox 939 3538 1054 3593; x_wconf 90' lang='lat' dir='ltr'>alto</span> <span class='ocrx_word' id='word_1_446' title='bbox 1085 3543 1324 3608; x_wconf 89' lang='lat' dir='ltr'>pectore</span> <span class='ocrx_word' id='word_1_447' title='bbox 1355 3542 1531 3610; x_wconf 83' lang='lat' dir='ltr'>ﬁxus,</span> <span class='ocrx_word' id='word_1_448' title='bbox 1894 3539 1983 3592; x_wconf 77' lang='lat' dir='ltr'>Ad</span> <span class='ocrx_word' id='word_1_449' title='bbox 2016 3541 2356 3594; x_wconf 68' lang='lat' dir='ltr'>monasterii</span> <span class='ocrx_word' id='word_1_450' title='bbox 2390 3525 2867 3598; x_wconf 75' lang='lat' dir='ltr'>subhumandum</span> <span class='ocrx_word' id='word_1_451' title='bbox 2899 3525 3098 3600; x_wconf 80' lang='lat' dir='ltr'>limina</span> <span class='ocrx_word' id='word_1_452' title='bbox 3129 3563 3350 3617; x_wconf 82' lang='lat' dir='ltr'>corpus</span> 
     </span>
    </p>
   </div>
   <div class='ocr_carea' id='block_1_40' title="bbox 139 3613 3335 3705">
    <p class='ocr_par' dir='ltr' id='par_1_40' title="bbox 139 3613 3335 3705">
     <span class='ocr_line' id='line_1_40' title="bbox 139 3613 3335 3705; baseline 0.007 -36"><span class='ocrx_word' id='word_1_453' title='bbox 139 3613 411 3674; x_wconf 80' lang='lat' dir='ltr'>Fraternas</span> <span class='ocrx_word' id='word_1_454' title='bbox 444 3623 652 3676; x_wconf 90' lang='lat' dir='ltr'>mortis</span> <span class='ocrx_word' id='word_1_455' title='bbox 685 3639 1018 3680; x_wconf 88' lang='lat' dir='ltr'>succensus</span> <span class='ocrx_word' id='word_1_456' title='bbox 1051 3627 1250 3682; x_wconf 89' lang='lat' dir='ltr'>fomite</span> <span class='ocrx_word' id='word_1_457' title='bbox 1282 3629 1490 3700; x_wconf 81' lang='lat' dir='ltr'>major.</span> <span class='ocrx_word' id='word_1_458' title='bbox 1895 3628 2125 3699; x_wconf 88' lang='lat' dir='ltr'>Fertur,</span> <span class='ocrx_word' id='word_1_459' title='bbox 2152 3634 2207 3684; x_wconf 92' lang='lat' dir='ltr'>et</span> <span class='ocrx_word' id='word_1_460' title='bbox 2239 3631 2484 3701; x_wconf 88' lang='lat' dir='ltr'><strong>ignaros</strong></span> <span class='ocrx_word' id='word_1_461' title='bbox 2509 3631 2756 3698; x_wconf 86' lang='lat' dir='ltr'>fraudis,</span> <span class='ocrx_word' id='word_1_462' title='bbox 2793 3651 2945 3705; x_wconf 93' lang='lat' dir='ltr'>quos</span> <span class='ocrx_word' id='word_1_463' title='bbox 2978 3635 3182 3690; x_wconf 90' lang='lat' dir='ltr'>fallere</span> <span class='ocrx_word' id='word_1_464' title='bbox 3215 3637 3335 3690; x_wconf 91' lang='lat' dir='ltr'>vivi</span> 
     </span>
    </p>
   </div>
   <div class='ocr_carea' id='block_1_41' title="bbox 138 3701 3320 3792">
    <p class='ocr_par' dir='ltr' id='par_1_41' title="bbox 138 3701 3320 3792">
     <span class='ocr_line' id='line_1_41' title="bbox 138 3701 3320 3792; baseline 0.007 -37"><span class='ocrx_word' id='word_1_465' title='bbox 138 3701 396 3762; x_wconf 89' lang='lat' dir='ltr'>Omnibus</span> <span class='ocrx_word' id='word_1_466' title='bbox 428 3709 768 3766; x_wconf 91' lang='lat' dir='ltr'>horrendus</span> <span class='ocrx_word' id='word_1_467' title='bbox 800 3713 1014 3768; x_wconf 89' lang='lat' dir='ltr'>multas</span> <span class='ocrx_word' id='word_1_468' title='bbox 1047 3716 1162 3770; x_wconf 91' lang='lat' dir='ltr'>sibi</span> <span class='ocrx_word' id='word_1_469' title='bbox 1193 3717 1456 3772; x_wconf 89' lang='lat' dir='ltr'>subdidit</span> <span class='ocrx_word' id='word_1_470' title='bbox 1485 3721 1686 3776; x_wconf 90' lang='lat' dir='ltr'>urbes.</span> <span class='ocrx_word' id='word_1_471' title='bbox 1895 3717 2027 3771; x_wconf 91' lang='lat' dir='ltr'>Non</span> <span class='ocrx_word' id='word_1_472' title='bbox 2060 3722 2326 3788; x_wconf 89' lang='lat' dir='ltr'>poterant</span> <span class='ocrx_word' id='word_1_473' title='bbox 2359 3719 2649 3790; x_wconf 87' lang='lat' dir='ltr'><strong>homines,</strong></span> <span class='ocrx_word' id='word_1_474' title='bbox 2675 3701 2936 3776; x_wconf 72' lang='lat' dir='ltr'>defuncti</span> <span class='ocrx_word' id='word_1_475' title='bbox 2968 3723 3124 3777; x_wconf 85' lang='lat' dir='ltr'>ﬁctio</span> <span class='ocrx_word' id='word_1_476' title='bbox 3157 3724 3320 3792; x_wconf 85' lang='lat' dir='ltr'>fallit,</span> 
     </span>
    </p>
   </div>
   <div class='ocr_carea' id='block_1_42' title="bbox 137 3789 3488 3886">
    <p class='ocr_par' dir='ltr' id='par_1_42' title="bbox 137 3789 3488 3886">
     <span class='ocr_line' id='line_1_42' title="bbox 137 3789 3488 3886; baseline 0.007 -40"><span class='ocrx_word' id='word_1_477' title='bbox 137 3789 353 3850; x_wconf 90' lang='lat' dir='ltr'>Solvere</span> <span class='ocrx_word' id='word_1_478' title='bbox 383 3797 626 3869; x_wconf 87' lang='lat' dir='ltr'>Trojani</span> <span class='ocrx_word' id='word_1_479' title='bbox 660 3802 857 3856; x_wconf 91' lang='lat' dir='ltr'>comiti</span> <span class='ocrx_word' id='word_1_480' title='bbox 890 3820 1123 3874; x_wconf 82' lang='lat' dir='ltr'>ccepere</span> <span class='ocrx_word' id='word_1_481' title='bbox 1155 3807 1472 3878; x_wconf 84' lang='lat' dir='ltr'>tributum;</span> <span class='ocrx_word' id='word_1_482' title='bbox 1894 3806 2160 3876; x_wconf 90' lang='lat' dir='ltr'>Dumque</span> <span class='ocrx_word' id='word_1_483' title='bbox 2194 3807 2494 3862; x_wconf 90' lang='lat' dir='ltr'><strong>videretur</strong></span> <span class='ocrx_word' id='word_1_484' title='bbox 2524 3809 2777 3878; x_wconf 89' lang='lat' dir='ltr'>simplex</span> <span class='ocrx_word' id='word_1_485' title='bbox 2802 3812 3012 3865; x_wconf 91' lang='lat' dir='ltr'>modus</span> <span class='ocrx_word' id='word_1_486' title='bbox 3045 3815 3488 3886; x_wconf 84' lang='lat' dir='ltr'>exsequiarum,</span> 
     </span>
    </p>
   </div>
   <div class='ocr_carea' id='block_1_43' title="bbox 138 3879 3284 3972">
    <p class='ocr_par' dir='ltr' id='par_1_43' title="bbox 138 3879 3284 3972">
     <span class='ocr_line' id='line_1_43' title="bbox 138 3879 3284 3972; baseline 0.006 -37"><span class='ocrx_word' id='word_1_487' title='bbox 138 3879 287 3938; x_wconf 86' lang='lat' dir='ltr'>Hunc</span> <span class='ocrx_word' id='word_1_488' title='bbox 327 3889 382 3940; x_wconf 91' lang='lat' dir='ltr'>et</span> <span class='ocrx_word' id='word_1_489' title='bbox 413 3887 637 3957; x_wconf 91' lang='lat' dir='ltr'><strong>Barini,</strong></span> <span class='ocrx_word' id='word_1_490' title='bbox 671 3890 1009 3947; x_wconf 90' lang='lat' dir='ltr'>Tranenses</span> <span class='ocrx_word' id='word_1_491' title='bbox 1041 3894 1175 3964; x_wconf 81' lang='grc'>(51),</span> <span class='ocrx_word' id='word_1_492' title='bbox 1224 3899 1281 3950; x_wconf 90' lang='lat' dir='ltr'>ct</span> <span class='ocrx_word' id='word_1_493' title='bbox 1312 3897 1598 3952; x_wconf 86' lang='lat' dir='ltr'>Venusini</span> <span class='ocrx_word' id='word_1_494' title='bbox 1643 3899 1776 3972; x_wconf 73' lang='lat'>(52),</span> <span class='ocrx_word' id='word_1_495' title='bbox 1893 3894 2155 3966; x_wconf 91' lang='lat' dir='ltr'>Erigitur</span> <span class='ocrx_word' id='word_1_496' title='bbox 2184 3895 2379 3950; x_wconf 88' lang='lat' dir='ltr'>subito</span> <span class='ocrx_word' id='word_1_497' title='bbox 2412 3897 2511 3966; x_wconf 93' lang='lat' dir='ltr'>qui</span> <span class='ocrx_word' id='word_1_498' title='bbox 2543 3897 2900 3953; x_wconf 90' lang='lat' dir='ltr'>credebatur</span> <span class='ocrx_word' id='word_1_499' title='bbox 2929 3879 3284 3957; x_wconf 79' lang='lat' dir='ltr'>humandus.</span> 
     </span>
    </p>
   </div>
   <div class='ocr_carea' id='block_1_44' title="bbox 135 3967 3079 4053">
    <p class='ocr_par' dir='ltr' id='par_1_44' title="bbox 135 3967 3079 4053">
     <span class='ocr_line' id='line_1_44' title="bbox 135 3967 3079 4053; baseline 0.01 -33"><span class='ocrx_word' id='word_1_500' title='bbox 135 3967 289 4025; x_wconf 89' lang='lat' dir='ltr'><strong>Cives</strong></span> <span class='ocrx_word' id='word_1_501' title='bbox 317 3974 609 4046; x_wconf 72' lang='lat' dir='ltr'>Hydronti</span> <span class='ocrx_word' id='word_1_502' title='bbox 639 3978 1012 4049; x_wconf 89' lang='lat' dir='ltr'>famulantur,</span> <span class='ocrx_word' id='word_1_503' title='bbox 1049 3985 1105 4037; x_wconf 93' lang='lat' dir='ltr'>et</span> <span class='ocrx_word' id='word_1_504' title='bbox 1133 3985 1278 4038; x_wconf 90' lang='lat' dir='ltr'>urbs</span> <span class='ocrx_word' id='word_1_505' title='bbox 1312 3987 1608 4041; x_wconf 87' lang='lat' dir='ltr'>Aceronti.</span> <span class='ocrx_word' id='word_1_506' title='bbox 1656 3967 1662 3969; x_wconf 14' lang='grc' dir='ltr'>ξ</span> <span class='ocrx_word' id='word_1_507' title='bbox 1737 3967 1771 3972; x_wconf 36' lang='grc' dir='ltr'><strong>Η</strong></span> <span class='ocrx_word' id='word_1_508' title='bbox 1891 3981 2233 4053; x_wconf 76' lang='lat' dir='ltr'>Evaginatis</span> <span class='ocrx_word' id='word_1_509' title='bbox 2256 3985 2602 4038; x_wconf 70' lang='lat' dir='ltr'>comitantes</span> <span class='ocrx_word' id='word_1_510' title='bbox 2634 3987 2882 4041; x_wconf 77' lang='lat' dir='ltr'>eDSibuS</span> <span class='ocrx_word' id='word_1_511' title='bbox 2915 3989 3079 4042; x_wconf 85' lang='lat' dir='ltr'>illum</span> 
     </span>
    </p>
   </div>
   <div class='ocr_carea' id='block_1_45' title="bbox 138 4057 3071 4142">
    <p class='ocr_par' dir='ltr' id='par_1_45' title="bbox 138 4057 3071 4142">
     <span class='ocr_line' id='line_1_45' title="bbox 138 4057 3071 4142; baseline 0.005 -28"><span class='ocrx_word' id='word_1_512' title='bbox 138 4057 370 4117; x_wconf 77' lang='lat' dir='ltr'>Roberto</span> <span class='ocrx_word' id='word_1_513' title='bbox 403 4065 571 4119; x_wconf 86' lang='lat' dir='ltr'><strong>fratri</strong></span> <span class='ocrx_word' id='word_1_514' title='bbox 601 4067 881 4124; x_wconf 88' lang='lat' dir='ltr'><strong>Calabras</strong></span> <span class='ocrx_word' id='word_1_515' title='bbox 912 4071 1219 4142; x_wconf 89' lang='lat' dir='ltr'>acquirere</span> <span class='ocrx_word' id='word_1_516' title='bbox 1251 4076 1443 4128; x_wconf 90' lang='lat' dir='ltr'>terras</span> <span class='ocrx_word' id='word_1_517' title='bbox 1891 4071 2168 4127; x_wconf 91' lang='lat' dir='ltr'>Invasere</span> <span class='ocrx_word' id='word_1_518' title='bbox 2199 4072 2309 4126; x_wconf 91' lang='lat' dir='ltr'>loci</span> <span class='ocrx_word' id='word_1_519' title='bbox 2345 4074 2624 4141; x_wconf 87' lang='lat' dir='ltr'>deceptos</span> <span class='ocrx_word' id='word_1_520' title='bbox 2659 4079 2781 4128; x_wconf 88' lang='lat' dir='ltr'><strong>arte</strong></span> <span class='ocrx_word' id='word_1_521' title='bbox 2805 4076 3071 4130; x_wconf 92' lang='lat' dir='ltr'>colonos.</span> 
     </span>
    </p>
   </div>
   <div class='ocr_carea' id='block_1_46' title="bbox 135 4146 3485 4238">
    <p class='ocr_par' dir='ltr' id='par_1_46' title="bbox 135 4146 3485 4238">
     <span class='ocr_line' id='line_1_46' title="bbox 135 4146 3485 4238; baseline 0.005 -33"><span class='ocrx_word' id='word_1_522' title='bbox 135 4146 388 4205; x_wconf 88' lang='lat' dir='ltr'>Concedit</span> <span class='ocrx_word' id='word_1_523' title='bbox 415 4153 681 4224; x_wconf 86' lang='lat' dir='ltr'>juvenis,</span> <span class='ocrx_word' id='word_1_524' title='bbox 715 4157 943 4226; x_wconf 89' lang='lat' dir='ltr'>patiens</span> <span class='ocrx_word' id='word_1_525' title='bbox 976 4164 1103 4213; x_wconf 86' lang='lat' dir='ltr'>erat</span> <span class='ocrx_word' id='word_1_526' title='bbox 1138 4161 1248 4215; x_wconf 87' lang='lat' dir='ltr'>iste</span> <span class='ocrx_word' id='word_1_527' title='bbox 1280 4162 1525 4232; x_wconf 83' lang='lat' dir='ltr'>laboris,</span> <span class='ocrx_word' id='word_1_528' title='bbox 1889 4159 2037 4225; x_wconf 87' lang='lat' dir='ltr'>Quid</span> <span class='ocrx_word' id='word_1_529' title='bbox 2061 4161 2321 4216; x_wconf 85' lang='lat' dir='ltr'>facerent</span> <span class='ocrx_word' id='word_1_530' title='bbox 2353 4161 2597 4216; x_wconf 83' lang='lat' dir='ltr'>stolidi?</span> <span class='ocrx_word' id='word_1_531' title='bbox 2625 4178 2734 4217; x_wconf 93' lang='lat' dir='ltr'>nec</span> <span class='ocrx_word' id='word_1_532' title='bbox 2757 4179 2823 4218; x_wconf 90' lang='lat' dir='ltr'>se</span> <span class='ocrx_word' id='word_1_533' title='bbox 2855 4163 3174 4220; x_wconf 91' lang='lat' dir='ltr'>defendere</span> <span class='ocrx_word' id='word_1_534' title='bbox 3212 4171 3485 4238; x_wconf 92' lang='lat' dir='ltr'>possunt,</span> 
     </span>
    </p>
   </div>
   <div class='ocr_carea' id='block_1_47' title="bbox 137 4234 3472 4324">
    <p class='ocr_par' dir='ltr' id='par_1_47' title="bbox 137 4234 3472 4324">
     <span class='ocr_line' id='line_1_47' title="bbox 137 4234 3472 4324; baseline 0.007 -38"><span class='ocrx_word' id='word_1_535' title='bbox 137 4234 227 4289; x_wconf 76' lang='lat' dir='ltr'>Vir</span> <span class='ocrx_word' id='word_1_536' title='bbox 253 4242 531 4313; x_wconf 83' lang='lat' dir='ltr'>prudens,</span> <span class='ocrx_word' id='word_1_537' title='bbox 565 4246 622 4297; x_wconf 89' lang='lat' dir='ltr'>et</span> <span class='ocrx_word' id='word_1_538' title='bbox 653 4244 878 4301; x_wconf 86' lang='lat' dir='ltr'>habens</span> <span class='ocrx_word' id='word_1_539' title='bbox 909 4249 982 4302; x_wconf 85' lang='lat' dir='ltr'>ad</span> <span class='ocrx_word' id='word_1_540' title='bbox 1013 4265 1264 4320; x_wconf 84' lang='lat' dir='ltr'>quaeque</span> <span class='ocrx_word' id='word_1_541' title='bbox 1311 4253 1546 4324; x_wconf 89' lang='lat' dir='ltr'>negotia</span> <span class='ocrx_word' id='word_1_542' title='bbox 1576 4270 1777 4324; x_wconf 89' lang='lat' dir='ltr'>prom-</span> <span class='ocrx_word' id='word_1_543' title='bbox 1888 4248 2012 4313; x_wconf 88' lang='lat' dir='ltr'>Quo</span> <span class='ocrx_word' id='word_1_544' title='bbox 2044 4249 2268 4320; x_wconf 82' lang='lat' dir='ltr'>fugiant</span> <span class='ocrx_word' id='word_1_545' title='bbox 2297 4265 2405 4304; x_wconf 90' lang='lat' dir='ltr'>nec</span> <span class='ocrx_word' id='word_1_546' title='bbox 2437 4250 2670 4319; x_wconf 87' lang='lat' dir='ltr'>habent,</span> <span class='ocrx_word' id='word_1_547' title='bbox 2689 4267 2895 4306; x_wconf 90' lang='lat' dir='ltr'>omnes</span> <span class='ocrx_word' id='word_1_548' title='bbox 2924 4234 3254 4324; x_wconf 77' lang='lat' dir='ltr'>capiuntur;</span> <span class='ocrx_word' id='word_1_549' title='bbox 3281 4255 3472 4310; x_wconf 90' lang='lat' dir='ltr'>etillic</span> 
     </span>
    </p>
   </div>
   <div class='ocr_carea' id='block_1_48' title="bbox 1555 4329 3350 4414">
    <p class='ocr_par' dir='ltr' id='par_1_48' title="bbox 1555 4329 3350 4414">
     <span class='ocr_line' id='line_1_48' title="bbox 1555 4329 3350 4414; baseline 0.005 -26"><span class='ocrx_word' id='word_1_550' title='bbox 1555 4341 1705 4414; x_wconf 76' lang='lat' dir='ltr'>[ptas</span> <span class='ocrx_word' id='word_1_551' title='bbox 1890 4329 2239 4393; x_wconf 76' lang='lat' dir='ltr'>Praesidium</span> <span class='ocrx_word' id='word_1_552' title='bbox 2273 4339 2452 4392; x_wconf 90' lang='lat' dir='ltr'>castri</span> <span class='ocrx_word' id='word_1_553' title='bbox 2483 4339 2754 4409; x_wconf 91' lang='lat' dir='ltr'>primum,</span> <span class='ocrx_word' id='word_1_554' title='bbox 2791 4341 3069 4411; x_wconf 82' lang='lat' dir='ltr'>Roberte,</span> <span class='ocrx_word' id='word_1_555' title='bbox 3104 4342 3350 4409; x_wconf 87' lang='lat' dir='ltr'>locasti;</span> 
     </span>
    </p>
   </div>
   <div class='ocr_carea' id='block_1_49' title="bbox 138 4411 3205 4502">
    <p class='ocr_par' dir='ltr' id='par_1_49' title="bbox 138 4411 3205 4502">
     <span class='ocr_line' id='line_1_49' title="bbox 138 4411 3205 4502; baseline 0.007 -39"><span class='ocrx_word' id='word_1_556' title='bbox 138 4411 453 4474; x_wconf 73' lang='lat' dir='ltr'>Exercenda</span> <span class='ocrx_word' id='word_1_557' title='bbox 488 4437 717 4478; x_wconf 76' lang='lat' dir='ltr'>manus,</span> <span class='ocrx_word' id='word_1_558' title='bbox 755 4425 1052 4480; x_wconf 79' lang='lat' dir='ltr'>Robertus</span> <span class='ocrx_word' id='word_1_559' title='bbox 1086 4431 1140 4482; x_wconf 76' lang='lat' dir='ltr'>et</span> <span class='ocrx_word' id='word_1_560' title='bbox 1173 4428 1523 4499; x_wconf 73' lang='lat' dir='ltr'>ingeniosus</span> <span class='ocrx_word' id='word_1_561' title='bbox 1557 4411 1595 4414; x_wconf 33' lang='grc' dir='ltr'><strong>ᾔ</strong></span> <span class='ocrx_word' id='word_1_562' title='bbox 1890 4428 2022 4482; x_wconf 90' lang='lat' dir='ltr'><strong>Non</strong></span> <span class='ocrx_word' id='word_1_563' title='bbox 2045 4428 2389 4481; x_wconf 76' lang='lat' dir='ltr'>monasterii</span> <span class='ocrx_word' id='word_1_564' title='bbox 2419 4430 2610 4482; x_wconf 91' lang='lat' dir='ltr'>tamen</span> <span class='ocrx_word' id='word_1_565' title='bbox 2642 4432 2732 4482; x_wconf 91' lang='lat' dir='ltr'>est</span> <span class='ocrx_word' id='word_1_566' title='bbox 2765 4430 3001 4485; x_wconf 76' lang='lat' dir='ltr'>eversio</span> <span class='ocrx_word' id='word_1_567' title='bbox 3032 4431 3205 4502; x_wconf 87' lang='lat' dir='ltr'>facta,</span> 
     </span>
    </p>
   </div>
   <div class='ocr_carea' id='block_1_50' title="bbox 135 4499 3275 4588">
    <p class='ocr_par' dir='ltr' id='par_1_50' title="bbox 135 4499 3275 4588">
     <span class='ocr_line' id='line_1_50' title="bbox 135 4499 3275 4588; baseline 0.007 -33"><span class='ocrx_word' id='word_1_568' title='bbox 135 4499 357 4576; x_wconf 88' lang='lat' dir='ltr'><strong>Semper</strong></span> <span class='ocrx_word' id='word_1_569' title='bbox 387 4509 547 4564; x_wconf 90' lang='lat' dir='ltr'>celsa</span> <span class='ocrx_word' id='word_1_570' title='bbox 579 4515 806 4581; x_wconf 88' lang='lat' dir='ltr'>petens,</span> <span class='ocrx_word' id='word_1_571' title='bbox 843 4516 898 4568; x_wconf 90' lang='lat' dir='ltr'>et</span> <span class='ocrx_word' id='word_1_572' title='bbox 920 4514 1112 4569; x_wconf 89' lang='lat' dir='ltr'>laudis</span> <span class='ocrx_word' id='word_1_573' title='bbox 1141 4533 1344 4571; x_wconf 90' lang='lat' dir='ltr'><strong>amans</strong></span> <span class='ocrx_word' id='word_1_574' title='bbox 1377 4521 1432 4573; x_wconf 92' lang='lat' dir='ltr'>et</span> <span class='ocrx_word' id='word_1_575' title='bbox 1461 4519 1706 4574; x_wconf 88' lang='lat' dir='ltr'><strong>honoris</strong></span> <span class='ocrx_word' id='word_1_576' title='bbox 1800 4503 1845 4564; x_wconf 88' lang='lat' dir='ltr'>D</span> <span class='ocrx_word' id='word_1_577' title='bbox 1890 4516 2023 4571; x_wconf 92' lang='lat' dir='ltr'><strong>Non</strong></span> <span class='ocrx_word' id='word_1_578' title='bbox 2052 4516 2412 4586; x_wconf 84' lang='lat' dir='ltr'>exstirpatus</span> <span class='ocrx_word' id='word_1_579' title='bbox 2434 4531 2583 4588; x_wconf 89' lang='lat' dir='ltr'>grex</span> <span class='ocrx_word' id='word_1_580' title='bbox 2613 4520 2704 4572; x_wconf 88' lang='lat' dir='ltr'>est</span> <span class='ocrx_word' id='word_1_581' title='bbox 2731 4520 3097 4574; x_wconf 89' lang='lat' dir='ltr'>monasticus</span> <span class='ocrx_word' id='word_1_582' title='bbox 3120 4521 3275 4576; x_wconf 91' lang='lat' dir='ltr'>inde.</span> 
     </span>
    </p>
   </div>
   <div class='ocr_carea' id='block_1_51' title="bbox 132 4588 3416 4679">
    <p class='ocr_par' dir='ltr' id='par_1_51' title="bbox 132 4588 3416 4679">
     <span class='ocr_line' id='line_1_51' title="bbox 132 4588 3416 4679; baseline 0.007 -38"><span class='ocrx_word' id='word_1_583' title='bbox 132 4588 181 4642; x_wconf 89' lang='lat' dir='ltr'><strong>Si</strong></span> <span class='ocrx_word' id='word_1_584' title='bbox 211 4597 581 4669; x_wconf 87' lang='lat' dir='ltr'>contingebat</span> <span class='ocrx_word' id='word_1_585' title='bbox 614 4601 726 4654; x_wconf 90' lang='lat' dir='ltr'>sibi</span> <span class='ocrx_word' id='word_1_586' title='bbox 761 4603 970 4671; x_wconf 91' lang='lat' dir='ltr'>palma,</span> <span class='ocrx_word' id='word_1_587' title='bbox 1007 4604 1097 4658; x_wconf 90' lang='lat' dir='ltr'>vel</span> <span class='ocrx_word' id='word_1_588' title='bbox 1132 4609 1273 4671; x_wconf 83' lang='lat' dir='ltr'>arte,</span> <span class='ocrx_word' id='word_1_589' title='bbox 1308 4607 1401 4660; x_wconf 87' lang='lat' dir='ltr'>vel</span> <span class='ocrx_word' id='word_1_590' title='bbox 1434 4609 1614 4662; x_wconf 90' lang='lat' dir='ltr'>armis</span> <span class='ocrx_word' id='word_1_591' title='bbox 1888 4606 2137 4676; x_wconf 84' lang='lat' dir='ltr'><strong>Agmina</strong></span> <span class='ocrx_word' id='word_1_592' title='bbox 2169 4621 2381 4675; x_wconf 88' lang='lat' dir='ltr'>magna</span> <span class='ocrx_word' id='word_1_593' title='bbox 2411 4605 2622 4678; x_wconf 89' lang='lat' dir='ltr'>legens</span> <span class='ocrx_word' id='word_1_594' title='bbox 2656 4610 2852 4662; x_wconf 89' lang='lat' dir='ltr'>castro</span> <span class='ocrx_word' id='word_1_595' title='bbox 2887 4609 3185 4664; x_wconf 77' lang='lat' dir='ltr'>Robertus</span> <span class='ocrx_word' id='word_1_596' title='bbox 3209 4610 3266 4662; x_wconf 91' lang='lat' dir='ltr'>in</span> <span class='ocrx_word' id='word_1_597' title='bbox 3297 4609 3416 4679; x_wconf 93' lang='lat' dir='ltr'>illo,</span> 
     </span>
    </p>
   </div>
   <div class='ocr_carea' id='block_1_52' title="bbox 133 4679 3378 4766">
    <p class='ocr_par' dir='ltr' id='par_1_52' title="bbox 133 4679 3378 4766">
     <span class='ocr_line' id='line_1_52' title="bbox 133 4679 3378 4766; baseline 0.006 -35"><span class='ocrx_word' id='word_1_598' title='bbox 133 4679 306 4752; x_wconf 55' lang='lat' dir='ltr'>rlique</span> <span class='ocrx_word' id='word_1_599' title='bbox 338 4686 620 4758; x_wconf 74' lang='lat' dir='ltr'>ducebat;</span> <span class='ocrx_word' id='word_1_600' title='bbox 655 4692 791 4760; x_wconf 80' lang='lat' dir='ltr'>quia</span> <span class='ocrx_word' id='word_1_601' title='bbox 822 4693 977 4762; x_wconf 78' lang='lat' dir='ltr'>quod</span> <span class='ocrx_word' id='word_1_602' title='bbox 1012 4694 1285 4748; x_wconf 78' lang='lat' dir='ltr'>violentia</span> <span class='ocrx_word' id='word_1_603' title='bbox 1318 4712 1478 4765; x_wconf 77' lang='lat' dir='ltr'>saepe</span> <span class='ocrx_word' id='word_1_604' title='bbox 1887 4692 2135 4748; x_wconf 88' lang='lat' dir='ltr'>Cbarior</span> <span class='ocrx_word' id='word_1_605' title='bbox 2165 4709 2302 4748; x_wconf 92' lang='lat' dir='ltr'>esse</span> <span class='ocrx_word' id='word_1_606' title='bbox 2326 4695 2454 4749; x_wconf 91' lang='lat' dir='ltr'>suis</span> <span class='ocrx_word' id='word_1_607' title='bbox 2480 4696 2675 4765; x_wconf 89' lang='lat' dir='ltr'>coepit,</span> <span class='ocrx_word' id='word_1_608' title='bbox 2713 4697 2851 4766; x_wconf 91' lang='lat' dir='ltr'>quia</span> <span class='ocrx_word' id='word_1_609' title='bbox 2884 4702 3165 4752; x_wconf 91' lang='lat' dir='ltr'>strenuus</span> <span class='ocrx_word' id='word_1_610' title='bbox 3195 4699 3378 4752; x_wconf 89' lang='lat' dir='ltr'><strong>armis</strong></span> 
     </span>
    </p>
   </div>
   <div class='ocr_carea' id='block_1_53' title="bbox 134 4765 3412 4857">
    <p class='ocr_par' dir='ltr' id='par_1_53' title="bbox 134 4765 3412 4857">
     <span class='ocr_line' id='line_1_53' title="bbox 134 4765 3412 4857; baseline 0.006 -36"><span class='ocrx_word' id='word_1_611' title='bbox 134 4765 246 4823; x_wconf 88' lang='lat' dir='ltr'>Non</span> <span class='ocrx_word' id='word_1_612' title='bbox 276 4776 511 4844; x_wconf 87' lang='lat' dir='ltr'>explere</span> <span class='ocrx_word' id='word_1_613' title='bbox 543 4779 754 4847; x_wconf 86' lang='lat' dir='ltr'>potest,</span> <span class='ocrx_word' id='word_1_614' title='bbox 789 4780 984 4850; x_wconf 86' lang='lat' dir='ltr'>explet</span> <span class='ocrx_word' id='word_1_615' title='bbox 1013 4783 1276 4836; x_wconf 90' lang='lat' dir='ltr'>versutia</span> <span class='ocrx_word' id='word_1_616' title='bbox 1307 4785 1542 4839; x_wconf 88' lang='lat' dir='ltr'>mentis.</span> <span class='ocrx_word' id='word_1_617' title='bbox 1886 4781 2265 4853; x_wconf 91' lang='lat' dir='ltr'>Consilioque</span> <span class='ocrx_word' id='word_1_618' title='bbox 2299 4799 2488 4854; x_wconf 89' lang='lat' dir='ltr'>sagax</span> <span class='ocrx_word' id='word_1_619' title='bbox 2521 4799 2723 4839; x_wconf 91' lang='lat' dir='ltr'>comes</span> <span class='ocrx_word' id='word_1_620' title='bbox 2749 4785 2857 4838; x_wconf 91' lang='lat' dir='ltr'>hac</span> <span class='ocrx_word' id='word_1_621' title='bbox 2889 4786 3132 4857; x_wconf 89' lang='lat' dir='ltr'><strong>regione</strong></span> <span class='ocrx_word' id='word_1_622' title='bbox 3163 4790 3412 4841; x_wconf 89' lang='lat' dir='ltr'>vocatus</span> 
     </span>
    </p>
   </div>
   <div class='ocr_carea' id='block_1_54' title="bbox 133 4855 3446 4944">
    <p class='ocr_par' dir='ltr' id='par_1_54' title="bbox 133 4855 3446 4944">
     <span class='ocr_line' id='line_1_54' title="bbox 133 4855 3446 4944; baseline 0.005 -33"><span class='ocrx_word' id='word_1_623' title='bbox 133 4855 318 4915; x_wconf 88' lang='lat' dir='ltr'>Clarus</span> <span class='ocrx_word' id='word_1_624' title='bbox 344 4865 402 4917; x_wconf 91' lang='lat' dir='ltr'>in</span> <span class='ocrx_word' id='word_1_625' title='bbox 434 4864 668 4936; x_wconf 88' lang='lat' dir='ltr'>eloquio</span> <span class='ocrx_word' id='word_1_626' title='bbox 700 4867 873 4922; x_wconf 91' lang='lat' dir='ltr'>dabat</span> <span class='ocrx_word' id='word_1_627' title='bbox 904 4869 1000 4922; x_wconf 88' lang='lat' dir='ltr'>hic</span> <span class='ocrx_word' id='word_1_628' title='bbox 1032 4887 1323 4941; x_wconf 90' lang='lat' dir='ltr'>responsa</span> <span class='ocrx_word' id='word_1_629' title='bbox 1356 4879 1596 4942; x_wconf 76' lang='lat' dir='ltr'>repente</span> <span class='ocrx_word' id='word_1_630' title='bbox 1886 4871 2010 4938; x_wconf 89' lang='lat' dir='ltr'>Est,</span> <span class='ocrx_word' id='word_1_631' title='bbox 2044 4874 2100 4926; x_wconf 90' lang='lat' dir='ltr'>et</span> <span class='ocrx_word' id='word_1_632' title='bbox 2123 4871 2194 4925; x_wconf 87' lang='lat' dir='ltr'>ab</span> <span class='ocrx_word' id='word_1_633' title='bbox 2229 4871 2323 4925; x_wconf 87' lang='lat' dir='ltr'><strong>bis</strong></span> <span class='ocrx_word' id='word_1_634' title='bbox 2355 4871 2613 4940; x_wconf 89' lang='lat' dir='ltr'>habitus,</span> <span class='ocrx_word' id='word_1_635' title='bbox 2646 4855 2980 4942; x_wconf 83' lang='lat' dir='ltr'><strong>praesertim</strong></span> <span class='ocrx_word' id='word_1_636' title='bbox 3003 4889 3153 4944; x_wconf 93' lang='lat' dir='ltr'>quos</span> <span class='ocrx_word' id='word_1_637' title='bbox 3187 4875 3446 4930; x_wconf 90' lang='lat' dir='ltr'>comitati</span> 
     </span>
    </p>
   </div>
   <div class='ocr_carea' id='block_1_55' title="bbox 131 4944 3367 5032">
    <p class='ocr_par' dir='ltr' id='par_1_55' title="bbox 131 4944 3367 5032">
     <span class='ocr_line' id='line_1_55' title="bbox 131 4944 3367 5032; baseline 0.005 -31"><span class='ocrx_word' id='word_1_638' title='bbox 131 4944 353 5019; x_wconf 85' lang='lat' dir='ltr'>Optima,</span> <span class='ocrx_word' id='word_1_639' title='bbox 388 4954 700 5010; x_wconf 90' lang='lat' dir='ltr'>consultus</span> <span class='ocrx_word' id='word_1_640' title='bbox 731 4959 783 5010; x_wconf 93' lang='lat' dir='ltr'>si</span> <span class='ocrx_word' id='word_1_641' title='bbox 815 4959 950 5028; x_wconf 90' lang='lat' dir='ltr'><strong>quis</strong></span> <span class='ocrx_word' id='word_1_642' title='bbox 983 4960 1286 5029; x_wconf 72' lang='lat' dir='ltr'>quaerebat</span> <span class='ocrx_word' id='word_1_643' title='bbox 1315 4961 1386 5015; x_wconf 88' lang='lat' dir='ltr'>ab</span> <span class='ocrx_word' id='word_1_644' title='bbox 1413 4961 1511 5016; x_wconf 91' lang='lat' dir='ltr'>illo</span> <span class='ocrx_word' id='word_1_645' title='bbox 1885 4961 2031 5015; x_wconf 92' lang='lat' dir='ltr'>Sunt</span> <span class='ocrx_word' id='word_1_646' title='bbox 2061 4961 2288 5030; x_wconf 88' lang='lat' dir='ltr'>equites</span> <span class='ocrx_word' id='word_1_647' title='bbox 2320 4960 2561 5031; x_wconf 89' lang='lat' dir='ltr'>aliquot,</span> <span class='ocrx_word' id='word_1_648' title='bbox 2598 4961 2924 5015; x_wconf 90' lang='lat' dir='ltr'>Torstenus</span> <span class='ocrx_word' id='word_1_649' title='bbox 2947 4962 3162 5016; x_wconf 89' lang='lat' dir='ltr'>dicitur</span> <span class='ocrx_word' id='word_1_650' title='bbox 3193 4979 3367 5032; x_wconf 91' lang='lat' dir='ltr'><strong>unus,</strong></span> 
     </span>
    </p>
   </div>
   <div class='ocr_carea' id='block_1_56' title="bbox 129 5029 3548 5123">
    <p class='ocr_par' dir='ltr' id='par_1_56' title="bbox 129 5029 3548 5123">
     <span class='ocr_line' id='line_1_56' title="bbox 129 5029 3548 5123; baseline 0.006 -36"><span class='ocrx_word' id='word_1_651' title='bbox 129 5029 453 5109; x_wconf 84' lang='lat' dir='ltr'><strong>Consilium,</strong></span> <span class='ocrx_word' id='word_1_652' title='bbox 486 5043 788 5113; x_wconf 91' lang='lat' dir='ltr'>sapienter</span> <span class='ocrx_word' id='word_1_653' title='bbox 818 5046 870 5098; x_wconf 90' lang='lat' dir='ltr'>ei</span> <span class='ocrx_word' id='word_1_654' title='bbox 901 5046 1041 5101; x_wconf 91' lang='lat' dir='ltr'>dare</span> <span class='ocrx_word' id='word_1_655' title='bbox 1072 5052 1315 5102; x_wconf 92' lang='lat' dir='ltr'>noverat</span> <span class='ocrx_word' id='word_1_656' title='bbox 1346 5049 1507 5103; x_wconf 91' lang='lat' dir='ltr'>illud.</span> <span class='ocrx_word' id='word_1_657' title='bbox 1791 5095 1799 5102; x_wconf 94' lang='lat'>.</span> <span class='ocrx_word' id='word_1_658' title='bbox 1885 5049 2049 5104; x_wconf 86' lang='lat' dir='ltr'>Alter</span> <span class='ocrx_word' id='word_1_659' title='bbox 2069 5029 2325 5120; x_wconf 71' lang='lat' dir='ltr'>Ai‘enga,</span> <span class='ocrx_word' id='word_1_660' title='bbox 2359 5029 2685 5119; x_wconf 76' lang='lat' dir='ltr'>valensque</span> <span class='ocrx_word' id='word_1_661' title='bbox 2707 5051 2964 5121; x_wconf 90' lang='lat' dir='ltr'>gerenda</span> <span class='ocrx_word' id='word_1_662' title='bbox 2985 5051 3056 5104; x_wconf 91' lang='lat' dir='ltr'><strong>ad</strong></span> <span class='ocrx_word' id='word_1_663' title='bbox 3075 5051 3227 5104; x_wconf 91' lang='lat' dir='ltr'>bella</span> <span class='ocrx_word' id='word_1_664' title='bbox 3248 5029 3548 5123; x_wconf 80' lang='lat' dir='ltr'>Rogerus.</span> 
     </span>
    </p>
   </div>
   <div class='ocr_carea' id='block_1_57' title="bbox 132 5119 3440 5209">
    <p class='ocr_par' dir='ltr' id='par_1_57' title="bbox 132 5119 3440 5209">
     <span class='ocr_line' id='line_1_57' title="bbox 132 5119 3440 5209; baseline 0.007 -37"><span class='ocrx_word' id='word_1_665' title='bbox 132 5119 222 5175; x_wconf 84' lang='lat' dir='ltr'>Hic</span> <span class='ocrx_word' id='word_1_666' title='bbox 254 5127 365 5182; x_wconf 87' lang='lat' dir='ltr'><strong>sibi</strong></span> <span class='ocrx_word' id='word_1_667' title='bbox 399 5146 690 5186; x_wconf 90' lang='lat' dir='ltr'>concesso</span> <span class='ocrx_word' id='word_1_668' title='bbox 721 5133 1104 5190; x_wconf 87' lang='lat' dir='ltr'><strong>Calabrorum</strong></span> <span class='ocrx_word' id='word_1_669' title='bbox 1138 5152 1382 5192; x_wconf 90' lang='lat' dir='ltr'>munere</span> <span class='ocrx_word' id='word_1_670' title='bbox 1415 5138 1661 5209; x_wconf 88' lang='lat' dir='ltr'>gaudet;</span> <span class='ocrx_word' id='word_1_671' title='bbox 1887 5138 1995 5191; x_wconf 89' lang='lat' dir='ltr'>Hic</span> <span class='ocrx_word' id='word_1_672' title='bbox 2026 5139 2142 5192; x_wconf 90' lang='lat' dir='ltr'>sibi</span> <span class='ocrx_word' id='word_1_673' title='bbox 2173 5153 2485 5192; x_wconf 83' lang='lat' dir='ltr'>concessae</span> <span class='ocrx_word' id='word_1_674' title='bbox 2517 5139 2787 5208; x_wconf 86' lang='lat' dir='ltr'>quaedam</span> <span class='ocrx_word' id='word_1_675' title='bbox 2815 5138 2973 5192; x_wconf 89' lang='lat' dir='ltr'>dedit</span> <span class='ocrx_word' id='word_1_676' title='bbox 3003 5139 3215 5208; x_wconf 88' lang='lat' dir='ltr'>oppida</span> <span class='ocrx_word' id='word_1_677' title='bbox 3245 5144 3440 5208; x_wconf 87' lang='lat' dir='ltr'>terrae,</span> 
     </span>
    </p>
   </div>
   <div class='ocr_carea' id='block_1_58' title="bbox 128 5206 3544 5297">
    <p class='ocr_par' dir='ltr' id='par_1_58' title="bbox 128 5206 3544 5297">
     <span class='ocr_line' id='line_1_58' title="bbox 128 5206 3544 5297; baseline 0.006 -35"><span class='ocrx_word' id='word_1_678' title='bbox 128 5206 316 5268; x_wconf 88' lang='lat' dir='ltr'>Secum</span> <span class='ocrx_word' id='word_1_679' title='bbox 342 5221 654 5275; x_wconf 89' lang='lat' dir='ltr'>nonnullos</span> <span class='ocrx_word' id='word_1_680' title='bbox 678 5223 909 5292; x_wconf 87' lang='lat' dir='ltr'>equites</span> <span class='ocrx_word' id='word_1_681' title='bbox 944 5224 1263 5295; x_wconf 90' lang='lat' dir='ltr'>collegerat</span> <span class='ocrx_word' id='word_1_682' title='bbox 1292 5206 1445 5295; x_wconf 72' lang='lat' dir='ltr'>ante,</span> <span class='ocrx_word' id='word_1_683' title='bbox 1652 5206 1659 5209; x_wconf 18' lang='lat' dir='ltr'><strong>v</strong></span> <span class='ocrx_word' id='word_1_684' title='bbox 1884 5227 2152 5297; x_wconf 80' lang='lat' dir='ltr'>Appulus</span> <span class='ocrx_word' id='word_1_685' title='bbox 2182 5227 2294 5282; x_wconf 90' lang='lat' dir='ltr'>hoc</span> <span class='ocrx_word' id='word_1_686' title='bbox 2329 5206 2604 5297; x_wconf 76' lang='lat' dir='ltr'>princeps</span> <span class='ocrx_word' id='word_1_687' title='bbox 2639 5227 2947 5282; x_wconf 80' lang='lat' dir='ltr'>inﬁrmans</span> <span class='ocrx_word' id='word_1_688' title='bbox 2977 5206 3240 5297; x_wconf 76' lang='lat' dir='ltr'>tempore</span> <span class='ocrx_word' id='word_1_689' title='bbox 3289 5206 3544 5282; x_wconf 84' lang='lat' dir='ltr'>mandat.</span> 
     </span>
    </p>
   </div>
   <div class='ocr_carea' id='block_1_59' title="bbox 128 5296 3132 5384">
    <p class='ocr_par' dir='ltr' id='par_1_59' title="bbox 128 5296 3132 5384">
     <span class='ocr_line' id='line_1_59' title="bbox 128 5296 3132 5384; baseline 0.003 -23"><span class='ocrx_word' id='word_1_690' title='bbox 128 5296 231 5361; x_wconf 78' lang='lat' dir='ltr'>Qua</span> <span class='ocrx_word' id='word_1_691' title='bbox 255 5309 491 5378; x_wconf 83' lang='lat' dir='ltr'>poterat,</span> <span class='ocrx_word' id='word_1_692' title='bbox 526 5309 634 5364; x_wconf 91' lang='lat' dir='ltr'>sed</span> <span class='ocrx_word' id='word_1_693' title='bbox 660 5312 954 5380; x_wconf 85' lang='lat' dir='ltr'>praecipue</span> <span class='ocrx_word' id='word_1_694' title='bbox 987 5313 1333 5384; x_wconf 88' lang='lat' dir='ltr'>regionibus</span> <span class='ocrx_word' id='word_1_695' title='bbox 1366 5315 1482 5368; x_wconf 90' lang='lat' dir='ltr'>illis</span> <span class='ocrx_word' id='word_1_696' title='bbox 1883 5296 2186 5371; x_wconf 81' lang='lat' dir='ltr'><strong>Unfredus</strong></span> <span class='ocrx_word' id='word_1_697' title='bbox 2219 5315 2383 5370; x_wconf 88' lang='lat' dir='ltr'>fratri</span> <span class='ocrx_word' id='word_1_698' title='bbox 2416 5315 2608 5369; x_wconf 84' lang='lat' dir='ltr'>veniat</span> <span class='ocrx_word' id='word_1_699' title='bbox 2639 5315 2923 5370; x_wconf 90' lang='lat' dir='ltr'>velociter</span> <span class='ocrx_word' id='word_1_700' title='bbox 2950 5316 3023 5370; x_wconf 92' lang='lat' dir='ltr'>ad</span> <span class='ocrx_word' id='word_1_701' title='bbox 3045 5331 3132 5370; x_wconf 90' lang='lat' dir='ltr'><strong>se.</strong></span> 
     </span>
    </p>
   </div>
   <div class='ocr_carea' id='block_1_60' title="bbox 187 5441 3549 5538">
    <p class='ocr_par' dir='ltr' id='par_1_60' title="bbox 187 5441 3549 5538">
     <span class='ocr_line' id='line_1_60' title="bbox 187 5441 3549 5538; baseline 0.003 -39"><span class='ocrx_word' id='word_1_702' title='bbox 187 5441 747 5538; x_wconf 44' lang='lat' dir='ltr'>(‘51)Irannumurbs</span> <span class='ocrx_word' id='word_1_703' title='bbox 782 5456 887 5538; x_wconf 49' lang='lat' dir='ltr'>‘est</span> <span class='ocrx_word' id='word_1_704' title='bbox 922 5455 1187 5538; x_wconf 33' lang='lat' dir='ltr'>apulias,“</span> <span class='ocrx_word' id='word_1_705' title='bbox 1211 5471 1384 5537; x_wconf 91' lang='lat' dir='ltr'>quam</span> <span class='ocrx_word' id='word_1_706' title='bbox 1407 5457 1768 5538; x_wconf 79' lang='lat' dir='ltr'>_Colenutius</span> <span class='ocrx_word' id='word_1_707' title='bbox 1875 5458 2110 5538; x_wconf 74' lang='lat' dir='ltr'><strong>nusinis</strong></span> <span class='ocrx_word' id='word_1_708' title='bbox 2157 5458 2373 5538; x_wconf 63' lang='lat' dir='ltr'>Sabelli</span> <span class='ocrx_word' id='word_1_709' title='bbox 2425 5458 2720 5538; x_wconf 72' lang='lat' dir='ltr'>leguntur,</span> <span class='ocrx_word' id='word_1_710' title='bbox 2769 5458 2904 5538; x_wconf 81' lang='lat' dir='ltr'>quia</span> <span class='ocrx_word' id='word_1_711' title='bbox 2949 5457 3142 5538; x_wconf 66' lang='lat' dir='ltr'>pulsis</span> <span class='ocrx_word' id='word_1_712' title='bbox 3188 5456 3549 5538; x_wconf 52' lang='lat' dir='ltr'>Sabellismin</span> 
     </span>
    </p>
   </div>
   <div class='ocr_carea' id='block_1_61' title="bbox 125 5517 3552 5593">
    <p class='ocr_par' dir='ltr' id='par_1_61' title="bbox 125 5517 3552 5593">
     <span class='ocr_line' id='line_1_61' title="bbox 125 5517 3552 5593; baseline 0.001 -18"><span class='ocrx_word' id='word_1_713' title='bbox 125 5517 420 5593; x_wconf 8' lang='lat' dir='ltr'>Putjifpolim</span> <span class='ocrx_word' id='word_1_714' title='bbox 442 5521 884 5593; x_wconf 89' lang='lat' dir='ltr'>Trajanopolim</span> <span class='ocrx_word' id='word_1_715' title='bbox 915 5517 1128 5580; x_wconf 75' lang='lat' dir='ltr'>dictam</span> <span class='ocrx_word' id='word_1_716' title='bbox 1153 5517 1372 5582; x_wconf 75' lang='lat' dir='ltr'>fuisse.</span> <span class='ocrx_word' id='word_1_717' title='bbox 1407 5528 1619 5582; x_wconf 74' lang='lat' dir='ltr'>TIREM.</span> <span class='ocrx_word' id='word_1_718' title='bbox 1875 5529 2004 5584; x_wconf 91' lang='lat' dir='ltr'>loca</span> <span class='ocrx_word' id='word_1_719' title='bbox 2035 5545 2220 5584; x_wconf 88' lang='lat' dir='ltr'>vacua</span> <span class='ocrx_word' id='word_1_720' title='bbox 2272 5517 2558 5584; x_wconf 77' lang='lat' dir='ltr'>Venusini</span> <span class='ocrx_word' id='word_1_721' title='bbox 2596 5517 2826 5583; x_wconf 75' lang='lat' dir='ltr'>deducii</span> <span class='ocrx_word' id='word_1_722' title='bbox 2859 5517 2997 5586; x_wconf 76' lang='lat' dir='ltr'><strong>sunt</strong></span> <span class='ocrx_word' id='word_1_723' title='bbox 3029 5544 3062 5582; x_wconf 89' lang='lat' dir='ltr'><strong>a</strong></span> <span class='ocrx_word' id='word_1_724' title='bbox 3100 5527 3414 5586; x_wconf 73' lang='lat' dir='ltr'>Romanis.</span> <span class='ocrx_word' id='word_1_725' title='bbox 3449 5527 3552 5582; x_wconf 83' lang='lat' dir='ltr'>Tx-</span> 
     </span>
    </p>
   </div>
   <div class='ocr_carea' id='block_1_62' title="bbox 184 5585 2012 5670">
    <p class='ocr_par' dir='ltr' id='par_1_62' title="bbox 184 5585 2012 5670">
     <span class='ocr_line' id='line_1_62' title="bbox 184 5585 2012 5670; baseline 0.002 -21"><span class='ocrx_word' id='word_1_726' title='bbox 184 5585 285 5652; x_wconf 59' lang='lat'>(52)</span> <span class='ocrx_word' id='word_1_727' title='bbox 316 5585 917 5665; x_wconf 47' lang='lat' dir='ltr'>Venusia‘Apu&#39;lorum</span> <span class='ocrx_word' id='word_1_728' title='bbox 947 5597 1094 5652; x_wconf 88' lang='lat' dir='ltr'><strong>urbs</strong></span> <span class='ocrx_word' id='word_1_729' title='bbox 1116 5601 1228 5668; x_wconf 90' lang='lat' dir='ltr'>est,</span> <span class='ocrx_word' id='word_1_730' title='bbox 1261 5602 1318 5654; x_wconf 93' lang='lat' dir='ltr'>et</span> <span class='ocrx_word' id='word_1_731' title='bbox 1337 5614 1499 5670; x_wconf 69' lang='lat' dir='ltr'>smpe</span> <span class='ocrx_word' id='word_1_732' title='bbox 1529 5614 1635 5670; x_wconf 92' lang='lat' dir='ltr'>pro</span> <span class='ocrx_word' id='word_1_733' title='bbox 1661 5599 1766 5654; x_wconf 85' lang='lat' dir='ltr'>Ve-</span> <span class='ocrx_word' id='word_1_734' title='bbox 1875 5617 2012 5655; x_wconf 71' lang='lat' dir='ltr'>anu.</span> 
     </span>
    </p>
   </div>
  </div>
