3982 6164
397 220 560 287 1047
1735 221 1969 285 GUlLI

2199 278 2200 281 η
2244 222 2504 284 APULI
2872 223 2891 236 ’
3645 228 3771 295 1048

398 421 700 477 Robertus
728 426 1024 493 properat,
1073 422 1312 477 fratrem
1347 422 1482 476 dum
1516 422 1804 492 conspicit
1836 437 2061 493 aegrum
2097 417 2149 472 Α
2170 421 2538 492 Virtutisque
2569 436 2716 489 suae,
2747 420 2977 492 legatos
3010 422 3236 477 mittere
3268 424 3451 492 caspit,

398 511 774 581 Compatiens
806 512 1014 581 plorat,
1040 512 1247 564 solatia
1283 527 1492 581 magna
1525 511 1619 563 dat
1652 527 1817 581 aegro
2167 510 2273 574 Qui
2305 525 2413 562 sua
2445 509 2749 563 deferrent
2774 526 3070 581 generoso
3104 511 3285 566 verba
3312 512 3582 583 Gisulpho

280 622 285 625 η
397 599 704 654 Adventus
735 599 957 667 fratris,
990 600 1258 668 deposcit
1295 603 1351 653 et
1383 600 1809 668 advenientem,
2167 598 2501 668 Guaymarii
2535 598 2752 669 genito,
2786 614 3092 669 germanae
3122 601 3315 655 nobile
3348 618 3592 671 poscens

400 688 620 743 Hector
648 692 938 742 terrarum
970 688 1047 741 sit
1077 704 1146 741 eo
1178 689 1460 742 moriente
1493 704 1755 756 suarum,
2168 686 2545 757 Conjugium,
2579 688 2714 757 quia
2742 687 3022 759 conjugio
3056 693 3191 742 tunc
3226 690 3349 758 ipse
3381 693 3617 757 carebat,

398 775 470 830 Et
502 777 685 847 geniti
710 780 866 830 tutor
896 777 1164 845 puerilis,
1197 792 1372 847 quem
1402 780 1557 830 vetat
1587 779 1729 830 aetas
2172 776 2366 828 Prima
2390 774 2646 847 conjuge
2677 773 2786 845 (58)
2822 793 2927 846 pro
2962 779 3465 849 consanguinitate
3497 783 3722 850 repulsa,

400 865 716 920 Rectorem
748 866 896 935 fieri,
935 866 1113 919 frater
1143 865 1297 918 favet
1325 866 1539 919 anxius
1572 865 1673 932 illi,
2174 863 2255 917 De
2286 880 2400 934 qua
2429 868 2599 918 natus
2624 871 2747 919 erat
2781 866 3181 935 Iluamundus,
3208 870 3445 921 strenua
3468 870 3670 939 proles,
3692 870 3781 939 (59)

397 952 471 1007 Et
500 968 566 1007 se
596 952 885 1008 facturum
916 970 1048 1024 quae
1082 955 1345 1022 praecipit
1376 955 1567 1008 omnia
1601 954 1760 1007 dicit.
2173 952 2433 1024 Insignis
2462 953 2636 1006 nimia
2671 954 2884 1007 virtute
2916 958 3244 1025 potensque
3274 957 3521 1011 futurus.

396 1040 530 1095 Non
554 1042 781 1095 infirma
804 1042 1008 1095 valens
1038 1042 1159 1112 jam
1184 1043 1427 1096 reddere
1454 1043 1713 1096 membra
1745 1042 1919 1096 saluti
2169 1041 2368 1094 Primo
2402 1041 2645 1095 Roberti
2678 1042 2903 1111 sprevit
2932 1042 3200 1096 mandata
3222 1044 3560 1114 Gisulphus,

398 1128 599 1184 Interit
628 1131 931 1185 Unfredus
963 1130 1096 1201 (53),
1130 1131 1463 1201 lacrymans
1497 1133 1741 1201 Appulia
1776 1136 1892 1186 tota
2171 1128 2307 1182 Non
2336 1129 2493 1198 quod
2524 1128 2735 1199 majori
2766 1134 2991 1200 posset,
3026 1130 3117 1185 vel
3151 1132 3423 1186 nobiliori

290 1215 298 1223 ’
396 1217 525 1273 Flet
551 1219 736 1288 patris
756 1219 1074 1284 interitum;
1109 1221 1313 1289 patriae
1344 1224 1506 1290 pater
1536 1221 1632 1273 ille
1655 1221 1949 1291 benignus
2173 1217 2528 1271 Consociare
2559 1219 2689 1272 viro
2722 1235 3085 1288 germanam,
3119 1221 3227 1274 sed
3258 1222 3394 1291 quia
3425 1223 3565 1276 Galli

396 1303 564 1361 Hanc
593 1307 819 1376 placide
842 1308 1013 1376 rexit,
1048 1310 1223 1362 vitam
1256 1310 1558 1363 decoravit
1592 1310 1872 1363 honestas
1906 1327 1917 1363 :
2173 1305 2326 1360 Esse
2368 1306 2719 1360 videbantur
2748 1323 2898 1377 gens
2928 1307 3125 1377 effera,
3151 1309 3423 1378 barbara,
3456 1311 3592 1380 dira,

394 1393 528 1449 Non
560 1396 783 1450 studuit
814 1397 1092 1466 populum
1126 1413 1343 1452 vexare
1376 1399 1682 1468 tyrannide
1713 1399 1860 1467 dira,
2171 1393 2385 1447 Mentis
2415 1393 2753 1448 inhumanae
2784 1394 3093 1465 primoque
3126 1397 3389 1466 repulsio
3419 1398 3563 1452 facta

393 1482 810 1556 Justitiamque
849 1487 1071 1556 colens,
1105 1502 1280 1557 quam
1311 1487 1550 1555 laedere,
1583 1504 1827 1558 parcere
1858 1487 2056 1541 multis
2169 1480 2479 1553 Conjugis,
2512 1482 2756 1536 alterius
2788 1484 3056 1553 producit
3087 1488 3352 1555 tempora
3373 1487 3576 1541 dandaa

392 1571 597 1628 Maluit
626 1573 891 1641 offensis;
927 1575 1140 1630 fratres
1175 1592 1355 1645 prope
1386 1579 1872 1646 praememoratos
2170 1571 2437 1624 Assentit
2460 1572 2693 1625 tandem
2722 1573 3022 1643 princeps,
3056 1579 3313 1646 natuque
3346 1578 3592 1646 priorem

393 1660 502 1716 Est
531 1663 876 1718 monasterii
899 1664 1185 1720 Venusini
1215 1666 1357 1719 sede
1389 1666 1678 1735 sepultus.
2168 1659 2369 1713 Tradit
2397 1660 2456 1713 in
2485 1675 2727 1714 uxorem
2758 1661 2883 1730 tibi,
2916 1663 3036 1715 dux
3070 1663 3352 1733 Roberte,
3387 1680 3658 1719 sororem.

392 1747 646 1806 Funeris
674 1752 982 1822 obsequiis
1014 1754 1308 1809 Robertus
1342 1755 1450 1808 rite
1482 1755 1739 1824 peractis
2096 1783 2141 1843 Β
2168 1746 2499 1843 Eutelel‘ifla
2531 1748 2741 1843 minor,
2778 1749 2907 1843 haee
2944 1749 3283 1824 Sichelgata
3315 1752 3428 1822 (60)
3458 1758 3700 1823 vocatur,

390 1838 483 1892 Ad
511 1838 797 1895 Calabros
829 1842 1023 1910 rediit,
1057 1843 1273 1897 Cariati
1309 1844 1572 1912 protinus
1606 1843 1831 1897 urbem.
2096 1836 2135 1843 ’⁷
2168 1836 2382 1906 Nupsit
2412 1837 2658 1891 Jordani
2686 1841 2821 1908 post
2857 1838 3188 1895 Gatelerina
3220 1842 3443 1911 nepoti,

391 1926 658 1998 Obsidet,
689 1929 801 1983 hac
832 1934 999 2000 capta
1021 1931 1279 2001 reliquas
1312 1937 1369 1985 ut
1403 1936 1614 1986 terreat
1648 1932 1847 1988 urbes.
2167 1922 2277 1988 QUi
2306 1923 2520 1995 Capua?
2551 1927 2828 1996 princeps
2873 1928 3181 1999 utriusque
3214 1929 3504 2000 ducisque
3532 1930 3787 2000 patrisque

392 2014 620 2070 Interea
650 2032 816 2086 papae
850 2018 1078 2072 Nieolai
1107 2018 1219 2089 (54)
1253 2020 1402 2074 forte
1433 2020 1681 2075 secundi
2170 2011 2433 2067 Virtutes
2466 2015 2643 2068 animi
2671 2015 2990 2071 virtutibus
3023 2018 3436 2088 aequiparavit.

393 2102 690 2174 Comperit
720 2107 1052 2177 adventum,
1088 2108 1394 2163 dimittitur
1425 2109 1734 2165 obsidione
2166 2099 2455 2174 Οοιηυείο
2491 2103 2664 2158 δυοίο
2697 2108 2812 2158 tam
2844 2121 3074 2177 magnaa
3106 2107 3459 2177 ΠοδίῙίιθίίεν

392 2191 651 2247 Plurima
682 2211 823 2264 pars
855 2198 1135 2266 equitum,
1160 2199 1467 2252 comitatur
1490 2215 1626 2267 pars
1660 2200 1849 2254 minor
1870 2200 1964 2253 illu

1822 2216 1849 2253 ιι
1870 2200 2051 2253 illum,
2170 2191 2393 2262 Augeri
2423 2192 2600 2261 coepit
2634 2192 2879 2247 Roberti
2906 2196 3105 2249 nobile
3136 2212 3390 2261 nomen;

391 2280 586 2336 Meltia
617 2284 870 2354 suscipit
892 2286 1068 2354 hunc,
1102 2290 1158 2340 et
1188 2286 1265 2340 ibi
1293 2292 1611 2355 susceptus
1637 2288 1859 2342 honore
2168 2278 2238 2332 Et
2269 2295 2419 2351 gens
2451 2296 2583 2351 quae
2614 2282 2907 2351 quondam
2939 2284 3170 2338 servire
3200 2290 3409 2339 coacta
3435 2285 3650 2340 solebat

389 2366 607 2438 Magno
635 2386 782 2440 papa
815 2371 944 2441 fuit;
977 2372 1072 2426 hic
1102 2373 1507 2427 ecclesiastica
1535 2379 1774 2443 propter
2166 2368 2466 2438 Obsequio
2500 2370 2836 2441 solumjam
2869 2372 3063 2426 debita
3089 2372 3247 2444 juris
3278 2375 3441 2443 aviti,

388 2457 480 2511 Ad
510 2461 708 2526 partes
740 2459 871 2513 illas
902 2462 1201 2515 tractanda
1232 2461 1470 2533 negotia
1501 2464 1677 2517 venit.
1803 2494 1819 2503 ο
2166 2456 2313 2509 Nam
2344 2458 2586 2528 proavis
2618 2464 2674 2513 et
2702 2460 2831 2513 avis
2865 2460 3196 2531 subjectam
3229 2463 3513 2534 conjugis
3545 2461 3707 2532 hujus

390 2543 658 2615 Namque
691 2548 1055 2618 sacerdotes,
1086 2549 1297 2616 Ιθνίῑίρ,
1335 2550 1592 2604 clericus
1625 2552 1817 2605 omnis
2168 2544 2427 2599 Noverat
2459 2546 2675 2600 Italiam
2708 2563 2859 2619 gens
2897 2548 3293 2621 Longoharda
3319 2552 3532 2606 fuisse.

391 2631 515 2686 I-lac
550 2635 792 2705 regione
821 2637 1010 2706 palam
1041 2654 1107 2691 se
1140 2639 1419 2710 conjugio
1454 2639 1758 2693 sociabant
1784 2658 1796 2705 ;
2168 2634 2337 2688 Dedit
2365 2635 2494 2689 haec
2524 2652 2744 2706 pueros
2769 2637 2885 2691 sibi
2916 2641 3058 2708 tres,
3086 2642 3140 2694 et
3171 2640 3438 2712 quinque
3468 2641 3679 2711 puellas

387 2720 712 2777 Concilium
749 2724 1058 2780 celebrans
1096 2727 1174 2781 ibi
1219 2744 1366 2797 papa
1413 2730 1547 2798 (55),
1585 2728 1919 2784 faventibus
1970 2729 2054 2784 illi
2167 2722 2487 2795 Egregiam
2518 2725 2787 2779 sobolem
2821 2742 3005 2781 sexus
3036 2728 3350 2799 utriusque
3380 2730 3644 2782 futuram.

386 2811 760 2866 Praesulibus
781 2816 1013 2868 centum
1035 2814 1142 2885 jus
1171 2816 1241 2869 ad
1274 2818 1557 2886 synodale
1588 2818 1834 2886 vocatis,
2164 2811 2358 2865 Gloria
2394 2813 2658 2882 Roberti,
2691 2830 2824 2885 quae
2855 2818 3011 2868 tanta
3041 2818 3363 2887 augmenta
3391 2817 3590 2871 subire

388 2899 574 2955 Ferre
604 2903 948 2957 sacerdotes
981 2909 1174 2959 monet
1206 2906 1525 2976 altarisque
1560 2906 1863 2961 ministros
2162 2900 2451 2970 Coeperat,
2485 2902 2781 2972 invidiam,
2813 2903 2945 2958 laus
2993 2904 3148 2958 unde
3188 2905 3526 2960 adhibenda
3558 2906 3761 2970 fuisset,

385 2988 569 3044 Arma
598 2991 916 3061 pudicitiae;
950 2998 1121 3049 vocat
1152 2993 1285 3064 hos,
1320 2998 1376 3048 et
1406 2996 1671 3065 praecipit
1699 3012 1839 3050 esse
2163 2989 2295 3044 Non
2323 2990 2614 3044 modicam
2644 2992 2915 3062 acquirit,
2964 2993 3097 3063 quia
3140 2993 3277 3047 dum
3308 2995 3627 3050 virtutibus
3655 2993 3766 3065 ejus

387 3077 678 3135 Ecclesiae
710 3096 991 3151 sponsos,
1026 3084 1162 3154 quia
1192 3100 1304 3139 non
1330 3090 1423 3139 est
1446 3084 1583 3155 jure
1613 3085 1898 3140 sacerdos
2088 3144 2132 3155 _
2161 3077 2431 3133 Invidere
2463 3080 2596 3147 viri,
2630 3082 2876 3134 comites
2907 3098 2938 3134 a
2966 3082 3139 3150 plebe
3171 3083 3373 3136 vocati

386 3168 667 3223 Luxuria)
698 3172 906 3242 cultor;
940 3172 1029 3226 sic
1060 3173 1408 3242 exstirpavit
1439 3173 1512 3226 ab
1544 3174 1660 3227 illis
2082 3144 2133 3206 ο
2160 3165 2269 3231 Qui
2300 3183 2545 3223 numero
2575 3168 2671 3222 bis
2703 3185 2813 3223 sex
2843 3169 3092 3239 fuerant,
3140 3172 3537 3227 communiter
3562 3172 3710 3226 illum

384 3257 663 3313 Partibus
696 3275 914 3315 uxores
946 3264 1181 3316 omnino
1214 3264 1715 3332 presbyterorum,
2162 3256 2333 3309 Morti
2366 3257 2709 3311 tradendum
2742 3258 3135 3329 conjuravere
3169 3260 3420 3331 dolose;

383 3344 701 3416 Spretores
734 3349 1010 3404 minitans
1039 3350 1406 3404 anathemate
1439 3350 1877 3420 percutiendos.
2160 3344 2417 3414 Tempus
2450 3346 2519 3400 ad
2553 3346 2663 3400 hoc
2694 3350 2889 3415 aptum
2913 3348 3039 3401 fieri
3072 3364 3204 3402 cum
3238 3349 3391 3404 forte
3414 3350 3703 3405 viderent:

383 3432 573 3488 Finita
604 3437 851 3505 synodo,
888 3439 1197 3491 multorum
1229 3454 1378 3507 papa
1412 3443 1617 3509 rogatu
2162 3434 2385 3488 Horum
2414 3434 2733 3502 Goffridus,
2766 3436 3083 3491 Gocelinus
3115 3439 3171 3490 et
3202 3438 3615 3510 Abagelardus

386 3522 711 3579 Robertum
742 3525 917 3580 donat
949 3526 1230 3580 Nicolaus
1260 3525 1373 3597 (56)
1407 3527 1630 3582 honore
1662 3529 1874 3585 ducali.
2161 3522 2345 3577 Filius
2378 3524 2679 3593 Unfl‘edis,
2713 3524 2826 3578 Sibi
2851 3525 2991 3596 jura
3021 3529 3264 3595 paterna
3297 3544 3622 3597 reposcens

384 3610 496 3666 Hic
526 3614 802 3668 comitum
836 3614 1002 3668 solus
1028 3630 1319 3670 concesso
1347 3615 1481 3686 jure
1514 3617 1763 3672 ducatus
2162 3611 2451 3682 Praecipui
2485 3614 2715 3667 fuerant
2736 3618 2968 3668 actores
3000 3615 3412 3671 consiliorum.

383 3697 491 3754 Est
518 3716 687 3771 papae
717 3702 910 3757 factus
934 3703 1189 3773 jurando
1216 3705 1355 3773 jure
1387 3705 1599 3759 ﬁdelis.
2159 3700 2291 3754 Dux
2313 3701 2494 3772 igitur
2523 3705 2835 3773 postquam
2866 3703 2982 3756 sibi
3013 3703 3349 3774 conjuratio
3376 3709 3514 3760 nota

383 3788 554 3844 Unde
580 3790 697 3845 sibi
726 3790 974 3846 Calaber
1002 3808 1332 3847 concessus
1362 3798 1419 3848 et
1452 3795 1716 3863 Appulus
1747 3796 1940 3850 omnis
2158 3789 2335 3844 Facta
2364 3788 2473 3843 fuit
2503 3791 2802 3859 comitum,
2834 3791 3056 3851 bellum
3092 3792 3355 3862 molitur,
3391 3796 3451 3848 in
3482 3810 3677 3849 omnes

382 3876 491 3932 Est
520 3878 710 3947 locus,
744 3883 800 3934 et
828 3880 995 3935 Latio
1024 3881 1229 3950 patriae
1263 3882 1576 3936 dominatio
1610 3885 1826 3955 gentis.
2159 3880 2391 3934 Acriter
2421 3881 2664 3947 exarsit,
2699 3882 2851 3949 capit
2882 3881 3016 3950 hos,
3050 3885 3103 3934 et
3134 3882 3378 3953 projicit
3408 3883 3576 3952 illos;

382 3967 632 4023 Romam
661 3984 809 4039 papa
843 3969 1009 4037 redit,
1036 3987 1167 4026 cum
1190 3987 1402 4043 magno
1430 3972 1548 4026 dux
1574 3973 1833 4043 equitatu
2159 3968 2386 4022 Aftlixit
2415 3970 2596 4024 variis
2629 3970 3015 4039 quorumdam
3043 3985 3293 4041 corpora
3324 3973 3542 4041 poenis.

379 4056 712 4112 Obsessum
740 4060 952 4129 repetit
975 4059 1288 4129 Cariatum,
1325 4077 1441 4131 quo
1474 4062 1587 4115 sibi
1619 4062 1732 4116 ﬁda
2159 4057 2371 4112 Iratum
2402 4062 2672 4112 metuens
2705 4058 2857 4129 fugit
2886 4058 3203 4113 Gocelinus
3233 4059 3305 4113 ad
3336 4060 3558 4132 Argos.

380 4144 634 4200 Maxima
680 4162 820 4215 pars
868 4149 1128 4219 equitum
1174 4149 1422 4204 dimissa
1452 4155 1817 4206 remanserat
1861 4155 1994 4206 ante
2028 4171 2040 4206 ι
2155 4147 2379 4201 Pelusii
2408 4148 2623 4200 montis
2646 4149 2906 4201 castrum
2935 4147 3279 4217 pavefactus
3313 4149 3478 4203 adire

379 4232 539 4289 Gens
569 4234 953 4305 Cariatensis,
979 4237 1128 4293 duce
1157 4238 1493 4307 perturbata
1525 4244 1791 4309 reverso,
2155 4234 2454 4290 Goffridus
2485 4238 2797 4306 prosperat
2824 4236 2942 4289 dux
2966 4254 2980 4302 ;
3022 4237 3181 4307 quod
3210 4253 3329 4291 non
3362 4237 3552 4292 evalet
3576 4234 3755 4301 armis,

379 4322 515 4378 Non
547 4324 785 4380 obstare
840 4328 1065 4398 valens,
1100 4328 1184 4381 illi
1212 4343 1279 4382 se
1310 4328 1487 4393 dedit,
1521 4333 1577 4382 et
1608 4330 1851 4397 urbem;
2156 4325 2297 4379 Arte
2329 4324 2481 4395 capit
2511 4330 2795 4392 castrum,
2829 4326 3145 4395 promissis
3177 4325 3399 4396 decipit
3434 4324 3610 4397 hujus

376 4411 578 4466 Prima
613 4412 823 4469 ducem
854 4418 1024 4469 vocat
1056 4415 1210 4470 hunc
1246 4432 1397 4488 gens
1438 4416 1554 4471 ista
1581 4417 1910 4488 ducemque
1943 4434 2044 4471 sa-
2156 4414 2474 4468 Custodem
2506 4413 2685 4467 castri
2729 4412 3129 4484 Godefridum,
3183 4414 3335 4468 dans
3377 4415 3496 4469 sibi
3530 4411 3788 4484 quaedam,

1808 4505 1974 4577 [lutat
2069 4501 2120 4562 D
2154 4503 2449 4574 Pluraque
2472 4501 2767 4571 pollicitus
2798 4505 3174 4573 castrumque
3206 4504 3503 4559 valentius
3533 4503 3675 4573 ipso.

377 4590 655 4647 Partibus
685 4592 745 4646 in
788 4592 1075 4659 Calabris,
1110 4592 1248 4648 hinc
1291 4594 1365 4646 ad
1401 4593 1531 4647 loca
1569 4598 1781 4648 caetera
1810 4597 2040 4650 transit.
2154 4591 2377 4646 Pelusii
2408 4592 2623 4646 montis
2654 4591 2971 4644 dominatio
3001 4606 3119 4644 non
3148 4590 3459 4646 Godefridi

379 4678 543 4734 Tunc
559 4682 833 4735 Rossana
852 4683 1085 4750 potens,
1106 4680 1415 4736 Cossentia
1436 4681 1608 4736 fortis
1631 4683 1689 4736 in
1712 4683 2041 4755 armis(5'7),
2155 4680 2243 4734 Ex
2273 4683 2389 4734 toto
2424 4680 2613 4734 fuerat
2639 4696 2653 4749 ;
2685 4678 2935 4734 mediam
2966 4684 3351 4734 concesserat
3383 4680 3468 4733 illi

380 4767 529 4822 Tum
556 4784 790 4841 quoque
823 4768 994 4825 dives
1019 4785 1196 4840 opum
1221 4770 1465 4825 Geracia
1490 4770 1763 4826 subditur
1793 4772 1894 4841 illi,
2153 4766 2451 4823 Gotfridus
2483 4772 2707 4838 partem
2740 4768 2845 4822 sed
2876 4768 3014 4835 dux,
3049 4769 3187 4838 quia
3209 4769 3523 4823 nobilioris

378 4856 451 4911 Et
473 4857 743 4929 subjecta
773 4858 857 4913 illi
888 4858 952 4913 fit
979 4874 1129 4930 pene
1159 4858 1427 4913 Calabria
1457 4861 1572 4913 tota
1597 4875 1611 4914 :
2156 4858 2396 4912 Castelli
2420 4860 2599 4911 totum
2628 4857 2986 4926 promiserat
3016 4856 3153 4909 huic
3183 4857 3566 4926 dominatum,

379 4946 642 5019 Cumque
671 4950 1008 5019 potentatus
1040 4949 1323 5018 coepisset
1355 4963 1627 5003 crescere
1659 4965 1869 5004 nomen
2157 4948 2393 5002 Scilicet
2419 4946 2610 5016 Ojani,
2637 4946 2804 5000 solus
2837 4946 3082 5015 cupiens
3113 4946 3425 5015 dominari,

449 5087 568 5158 (53)
591 5090 840 5145 Unfredi
880 5090 1076 5145 obitus
1109 5090 1343 5145 circiter
1390 5106 1604 5144 annum
1636 5092 1845 5146 salutis
1878 5090 2036 5146 1052.
2225 5090 2337 5160 (56)
2364 5089 2710 5142 Robertusa
2742 5088 2985 5160 Nicolao
3008 5086 3055 5140 Il
3080 5088 3353 5157 pontiﬁce
3384 5088 3504 5142 dux
3534 5078 3786 5139 Calabriae

378 5159 544 5213 L318.
2153 5164 2208 5215 et
2236 5161 2461 5229 Apuliae
2494 5163 2745 5213 creatur.
2782 5159 2989 5213 Tmen.

451 5229 869 5305 (54)__N_icolaus
891 5248 1038 5305 papa
1061 5232 1242 5305 hujus
1264 5233 1520 5287 nominis
1543 5233 1845 5287 secundus
1866 5234 2042 5288 natio-
2221 5228 2333 5305 (5?)
2367 5232 2472 5305 Ha;
2497 5235 2635 5285 sunt
2665 5231 2721 5284 in
2752 5229 3019 5305 Calabria
3044 5229 3227 5305 urbes
3258 5230 3489 5305 vicinae.
3524 5228 3722 5281 Tmen.

379 5315 454 5356 ne
502 5300 985 5374 Allobroxierat;
1011 5300 1310 5359 Gerardus
1350 5307 1518 5374 antea
1550 5308 1794 5359 vocatus
1821 5321 1835 5368 ;
1881 5321 2040 5359 crea-
2224 5302 2335 5374 (58)
2365 5302 2552 5374 Cujus
2585 5317 2795 5355 nomen
2819 5300 3303 5374 Abderadaerat.
3336 5301 3504 5374 Lena.

380 5375 478 5426 tus
510 5371 616 5425 fuit
657 5373 919 5441 pontifex
949 5364 1234 5429 'summus
1283 5390 1434 5429 anno
1484 5373 1702 5429 Christi
1751 5364 1907 5430 1059.
1942 5376 2042 5429 Τι-
2150 5444 2195 5499 Τ
2224 5364 2335 5442 (59)
2367 5364 2653 5427 Ειύχοινθ
2696 5373 2899 5442 priori,
2934 5372 3027 5425 cui
3082 5371 3393 5427 Abderada
3426 5383 3632 5425 nomen
3659 5364 3781 5419 erat.

379 5458 520 5498 anu.
2201 5458 2360 5499 mam.

451 5513 566 5585 (55)
610 5512 1105 5588 _VeriusACalixto
1155 5520 1212 5573 et
1249 5515 1639 5588 Gregorioiid
1679 5516 2034 5571 attribuitur.
2222 5514 2335 5585 (60)
2369 5514 2481 5569 Alii
2502 5515 2899 5587 sengregaita.
2935 5513 3099 5568 LEIB.

380 5602 433 5643 c.
463 5584 801 5669 presbyteri
845 5584 934 5661 27,
968 5586 1191 5644 dist.'c.
1227 5584 1505 5659 Nullum;
1542 5587 1678 5643 dist.
1719 5588 1788 5643 28
1825 5588 2034 5643 Tmen.
