3926 6146
113 353 229 421 1049
470 354 576 414 DE
620 354 886 418 REBUS
930 355 1211 418 GESTIS
1263 348 1663 420 NORMANI‘

1910 360 2195 440 tICtLIA,
2250 362 2422 425 ETC.
2457 398 2532 409 —
2566 364 2715 426 LIB.
2752 362 2825 429 η.
3302 366 3460 434 1050

111 556 290 609 llandat
318 555 555 609 Hoberto
586 553 829 607 desistat
859 556 932 608 ab
964 555 1293 623 obsidione,
1716 541 1775 602 Α
1809 558 1950 612 Fixa
1982 559 2150 614 ducis
2183 560 2433 615 fuerant.
2467 561 2732 633 Objectis
2756 565 3010 620 molibus
3041 583 3250 639 aequor

108 644 433 698 Dissimulans
463 643 703 698 reditum
734 660 747 712 ;
784 644 888 697 sed
915 660 1047 699 mox
1079 648 1140 698 ut
1171 645 1329 699 novit
1360 645 1579 699 abesse
1799 647 1972 701 Parte
2002 648 2242 717 replens
2274 650 2385 704 alia
2412 667 2595 705 naves
2626 652 2861 722 prodire
2890 655 3123 709 vetabat

105 731 395 798 Goll‘redum,
429 732 619 786 redeat
650 736 907 785 castrum
939 748 1192 787 securus
1220 738 1274 788 et
1308 735 1500 800 intret,
1798 735 2064 804 Barinas,
2097 741 2449 807 portumque
2481 741 2611 793 suis
2643 744 2998 811 pontemque
3026 746 3286 813 paravit;

100 822 329 874 ﬂlavibus
359 821 620 890 acceptis,
656 820 904 890 Ojanum
946 821 1210 875 conferat
1241 823 1357 891 illi;
1793 821 1984 892 Atque
2015 838 2197 892 super
2228 827 2460 893 pontem
2488 827 2681 895 posito
2711 829 3030 883 munimine
3062 831 3243 885 terris

105 911 195 962 Hac
220 909 287 961 illi
316 914 556 962 castrum
587 908 960 963 Godefredus
994 910 1228 964 tradidit
1260 915 1406 965 arte.
1794 910 2049 964 Urbanis
2082 927 2372 981 nusquam
2406 914 2644 981 prodire
2676 916 2983 970 licebatab
3012 919 3177 987 urbe,

106 998 280 1065 Accipit
305 996 554 1066 Ojanum,
588 997 694 1051 sed
726 997 861 1068 quis
895 1001 1028 1066 post
1060 999 1331 1053 crederet
1376 1000 1502 1054 illi?
1789 998 2052 1067 Tutaque
2084 1000 2358 1053 servabat
2389 1000 2604 1055 classis
2638 1002 3032 1058 Normannica
3063 1011 3316 1074 portum.

102 1086 310 1139 Traditur
331 1088 412 1139 est
440 1085 583 1139 Latii
612 1086 826 1155 pepulo
862 1087 1151 1141 vocitatus
1183 1088 1254 1141 ab
1289 1090 1466 1142 omni.
1786 1086 1861 1139 At
1890 1087 2054 1140 cives
2086 1088 2295 1140 turrim
2327 1089 2600 1157 capiunt,
2635 1094 2689 1145 et
2723 1093 2971 1145 maxime
3005 1095 3202 1163 pontis

100 1174 171 1227 Sic
191 1173 331 1227 ducis
356 1175 522 1227 astuti
552 1174 857 1242 prudentia
890 1175 1047 1244 quod
1079 1191 1368 1244 superare
1786 1175 2075 1244 ZEquorei
2110 1176 2320 1229 cecidit
2368 1192 2530 1246 pars,
2566 1180 2969 1233 evertentibus
3001 1182 3120 1235 illis
3149 1198 3162 1251 ;

101 1262 194 1315 Non
217 1263 371 1315 armis
391 1262 587 1330 potuit,
622 1263 923 1331 superavit
955 1263 1179 1332 smpius
1211 1267 1357 1318 arte.
1787 1263 2006 1317 Urbem
2038 1263 2332 1318 Barenses
2360 1268 2635 1335 terraque
2676 1268 2939 1337 marique
2969 1272 3223 1325 tu'entur.

100 1351 326 1404 Hostibus
348 1350 605 1404 edomitis
639 1354 694 1403 et
728 1352 914 1419 captis
940 1352 1196 1421 undique
1230 1352 1465 1418 castris,
1783 1351 1928 1404 Post
1960 1351 2059 1405 ubi
2094 1352 2388 1406 Robertus
2418 1352 2694 1422 desperat
2722 1356 2937 1409 moenia
2970 1357 3099 1409 Bari

98 1439 258 1491 Contra
286 1438 587 1493 Barenscm
639 1439 916 1508 populum
950 1443 1114 1508 parat
1147 1440 1537 1495 obsidionem.
1787 1441 1973 1493 Posse
2004 1440 2131 1509 capi
2175 1456 2393 1511 pugna,
2435 1442 2610 1510 coepit
2643 1444 2984 1511 promittere
3014 1448 3193 1500 multa

96 1528 269 1595 Appula
296 1527 437 1579 nulla
468 1533 587 1580 erat
619 1527 763 1580 urbs
795 1543 966 1596 quam
1000 1543 1116 1580 non
1148 1528 1444 1596 opulentia
1478 1530 1611 1583 Bari
1784 1527 2098 1581 Nobilibus
2133 1529 2358 1597 patriae,
2393 1545 2642 1599 quorum
2674 1531 2927 1599 pollebat
2959 1533 3016 1586 in
3048 1534 3195 1587 urbe

99 1614 341 1681 Vincerat;
374 1615 515 1668 hanc
547 1615 760 1684 opibus
793 1616 1029 1669 ditatam
1060 1618 1278 1670 robore
1310 1618 1540 1686 plenam
1783 1614 2074 1669 Nobilitas
2103 1617 2320 1685 potius,
2356 1633 2721 1688 quorumque
2762 1621 3016 1688 potentia
3048 1621 3256 1693 major.

90 1703 292 1764 Obsidet,
324 1707 397 1770 ut,
432 1704 601 1757 victis
634 1706 807 1757 tantae
840 1704 1189 1773 primatibus
1220 1705 1410 1773 urbis,
1782 1703 1852 1757 Et
1881 1705 1970 1757 sic
1999 1704 2264 1759 collectis
2298 1704 2643 1776 majoribus,
2678 1708 3022 1762 alliciendos

92 1791 306 1844 Nondum
333 1792 629 1861 aubjectas
663 1793 886 1861 repleat
914 1795 1139 1846 terrore
1174 1794 1436 1847 minores
1780 1792 2106 1846 Promissis
2138 1793 2323 1847 credit
2352 1794 2478 1848 fore
2526 1796 2991 1866 muneribusque
3024 1797 3284 1853 minores
3312 1815 3326 1868 ;

91 1880 295 1934 Urbibus
322 1881 409 1933 illa
440 1880 695 1950 quidem,
730 1896 877 1951 quas
914 1880 1171 1934 continet
1203 1881 1429 1950 Appula
1476 1882 1672 1952 tellus,
1781 1880 1950 1949 Saepe
1981 1882 2170 1934 minas
2201 1881 2425 1936 faciens
2458 1886 2519 1936 ut
2565 1884 2797 1937 civibus
2829 1884 3192 1941 incuteretur

89 1967 233 2038 Major
259 1968 582 2037 habebatur,
621 1969 740 2022 dux
770 1970 955 2022 munit
993 1969 1170 2022 milite
1205 1974 1421 2037 castra,
1782 1970 2017 2039 Terror,
2055 1974 2111 2023 et
2142 1971 2494 2025 omnimodis
2542 1986 2650 2041 pro
2681 1972 2973 2026 deditione
3005 1974 3230 2029 laborat

87 2057 230 2127 Atque
259 2057 423 2127 replet
453 2058 718 2111 Calabris
750 2057 1014 2111 advectis
1056 2058 1307 2111 navibus
1340 2074 1563 2129 aequor.
1702 2080 1753 2140 Β
1786 2059 1986 2127 Urbis,
2013 2057 2189 2128 cujus
2222 2064 2345 2113 erat
2375 2060 2675 2129 capiendae
2708 2076 2922 2132 magna
2952 2062 3155 2117 libido.

84 2144 264 2213 Imperii
293 2146 468 2200 sancti
499 2146 662 2200 cives
696 2144 978 2217 suffragia
1011 2150 1280 2215 poscunt,
1786 2148 2110 2201 Venturum
2141 2148 2360 2202 auxilio
2392 2147 2734 2203 Gocelinum
2770 2149 2921 2203 fama
2952 2151 3199 2220 ferebat,

83 2232 163 2295 Qui
188 2234 448 2305 conjurati
476 2236 708 2289 fuerant
758 2250 890 2287 cum
923 2234 1154 2289 civibus
1185 2235 1323 2288 illuc
1782 2235 1981 2288 Multis
2015 2235 2243 2305 imperii
2264 2252 2396 2289 eum
2426 2237 2720 2301 navibus;
2753 2237 2829 2290 ad
2860 2239 3208 2307 capiendum

84 2322 286 2393 Legatos
308 2323 546 2393 mittunt,
581 2323 759 2377 simul
793 2322 1390 2393 impcrialejuvamen
1778 2324 2197 2394 Exploratores
2226 2325 2423 2393 posuit
2453 2325 2569 2377 dux
2593 2324 2844 2378 callidus
2862 2326 3044 2379 illum.

81 2408 250 2464 Omnes
276 2412 612 2481 deposcunt,
643 2411 761 2465 dux
804 2411 1038 2464 mandat
1070 2411 1304 2464 civibus
1338 2412 1499 2465 aedes
1776 2413 2006 2465 Praetor
2034 2414 2157 2465 erat
2188 2411 2521 2481 Stephanus
2539 2412 2906 2467 Barensibus
2937 2414 3223 2482 imperiali
3306 2460 3311 2465 .

82 2500 245 2569 ἕως)τὶ
272 2501 375 2554 sibi
405 2501 557 2567 dent,
586 2515 737 2570 quas
769 2502 1013 2553 noverat
1041 2499 1326 2553 editiores
1777 2500 2050 2554 Traditus
2082 2499 2296 2567 edicto,
2326 2516 2656 2571 cognonem
2680 2501 2775 2555 cui
2795 2502 3120 2556 Pateranus
3149 2502 3289 2572 (62),

79 2587 326 2659 Contiguis
357 2589 627 2643 domibus
655 2606 669 2653 ;
719 2604 869 2658 quas
901 2588 989 2641 sic
1022 2588 1368 2642 conscendit
1396 2588 1673 2658 adeptus,
1778 2588 1884 2641 Vir
1912 2588 2134 2657 probus
2166 2590 2222 2642 et
2249 2588 2475 2659 largus,
2512 2588 2707 2642 studio
2739 2589 3052 2643 laudabilis
3083 2590 3262 2657 omni,

81 2676 251 2729 Urbem
282 2678 565 2732 Robertus
598 2680 776 2732 totam
803 2677 916 2731 sibi
950 2678 1207 2731 subdere
1241 2681 1460 2747 sperat.
1775 2676 2158 2746 Praeterquod
2183 2677 2324 2730 tanti
2353 2676 2575 2731 studuit
2606 2677 2775 2731 ducis
2806 2677 2982 2731 edere
3022 2682 3288 2733 mortem.

80 2763 317 2819 Barenses
340 2769 575 2821 austera
607 2766 738 2820 duci
794 2782 1083 2835 responsa
1114 2766 1425 2819 dederunt.
1780 2764 1949 2819 Miles
1984 2761 2109 2819 erat
2137 2765 2292 2833 Bari,
2339 2766 2432 2819 cui
2464 2766 2726 2819 dedecus
2759 2782 2789 2819 a
2820 2766 2969 2820 duce
2998 2767 3293 2837 quondam

78 2852 151 2906 llle
176 2859 546 2925 repugnantes
596 2856 898 2925 oppugnat
928 2854 1157 2907 fortiter
1189 2854 1354 2907 urbis
1780 2853 2006 2906 lllatum
2037 2853 2227 2908 fuerat
2271 2869 2473 2923 grave,
2504 2854 2772 2923 partibus
2805 2871 2879 2908 ex
2907 2854 3119 2909 alienis

77 2940 333 3013 Indigenas
363 2944 612 3011 validos,
652 2960 769 2997 non
800 2943 871 2996 ad
903 2942 1221 2996 certamina
1251 2958 1493 3011 segnes.
1778 2942 2092 3010 Promptus
2111 2942 2183 2994 ad
2209 2958 2379 2996 omne
2398 2942 3142 3010 malum,levis,iracundus
3156 2945 3436 3011 etaudax;

74 3030 135 3082 .td
162 3036 427 3099 portarum
458 3033 655 3086 aditus
687 3037 881 3085 crates
915 3031 1231 3100 prudenter
1251 3031 1525 3096 adorsus,
1652 3049 1659 3057 ·
1777 3028 1983 3083 Castra
2005 3030 2176 3083 ducis
2207 3029 2543 3098 Stephanus
2576 3037 2773 3084 monet
2795 3031 2949 3084 hunc
2971 3032 3232 3086 solenter
3251 3032 3435 3103 adire,

74 3119 163 3171 Sub
188 3122 380 3189 quibus
408 3124 672 3175 armatos
703 3119 1078 3174 obstantibus
1108 3119 1458 3172 insidiantes
1779 3119 2197 3188 lncautumque
2229 3118 2439 3172 ducem
2468 3122 2754 3172 nocturno
2805 3120 3088 3188 tempore,
3121 3120 3292 3173 morti

70 3206 275 3277 Ordinat,
307 3214 360 3263 et
388 3211 595 3264 turrim
623 3208 888 3276 fabricat,
914 3224 1047 3279 quae
1080 3208 1277 3279 lignea
1310 3208 1494 3261 muris
1776 3207 2033 3260 Tradere
2063 3206 2318 3260 lethiferi
2346 3221 2700 3275 percussum
2731 3206 2977 3275 cuspide
3008 3207 3186 3276 conti,

71 3294 327 3366 Prominet,
358 3315 423 3352 ac
446 3299 622 3369 juxta
651 3297 723 3352 de
753 3313 987 3367 quaque
1017 3297 1272 3366 petraria
1295 3296 1406 3364 (61)
1438 3299 1600 3365 parte
1776 3294 2076 3349 Sollicitus
2108 3294 2372 3362 multum,
2402 3294 2456 3348 si
2486 3294 2603 3348 dux
2634 3295 3031 3364 occumberet,
3065 3295 3213 3349 auri.

70 3382 212 3454 Ponit,
240 3392 289 3441 et
316 3387 593 3458 adjuncto
627 3402 831 3440 muros
862 3401 978 3455 quo
1012 3388 1276 3440 evertere
1310 3385 1501 3453 possit
1777 3383 2099 3438 Dedecoris
2131 3398 2354 3436 memor
2380 3383 2553 3451 illati,
2591 3383 2959 3453 cupidusque
2990 3383 3256 3437 lucrandi

69 3472 254 3529 L‘iversi
283 3478 513 3547 generis
544 3478 858 3544 tormento,
890 3489 1000 3528 nec
1034 3474 1227 3528 minus
1260 3473 1466 3527 urbem
1780 3472 1950 3527 Miles
1980 3473 2100 3527 abit
2130 3475 2324 3540 noctu,
2360 3472 2762 3541 circumspicit
2791 3472 3049 3542 undique
3080 3475 3295 3542 castra,

66 3558 201 3616 (lives
229 3564 555 3633 defendunt,
592 3580 707 3618 non
736 3564 889 3616 inter
918 3563 1129 3617 muenia
1161 3562 1345 3615 clausi
1780 3562 1877 3616 Nil
1909 3562 2145 3616 obstare
2178 3562 2354 3629 videt,
2398 3560 2640 3614 lioberti
2670 3561 2940 3630 pervenit
2967 3577 3157 3631 usque

65 3650 334 3715 Cumduce
365 3656 699 3726 pugnantes
730 3656 920 3705 astant
940 3668 1044 3720 pro
1078 3651 1370 3705 moenibus
1403 3650 1593 3720 urbis,
1699 3638 1751 3698 Ο
1779 3651 1869 3705 Ad
1899 3651 2068 3705 ducis
2098 3650 2440 3720 hospitium,
2473 3650 2629 3720 quod
2670 3650 2863 3704 culmo
2892 3652 3120 3704 texerat
3140 3651 3290 3719 ipse,

68 3737 160 3792 Hos
187 3744 479 3813 pugnando
513 3744 740 3812 fugant,
776 3741 1159 3810 prosternunt
1191 3738 1406 3792 ictibus
1441 3740 1593 3806 illos,
1779 3738 2117 3793 Frondibus
2149 3742 2205 3792 et
2235 3737 2444 3807 sepsit,
2472 3738 2636 3792 ﬁeret
2664 3753 2780 3808 quo
2811 3739 3036 3809 frigore
3067 3741 3231 3793 tutus

65 3826 245 3883 L'tmos
273 3835 359 3885 est
387 3832 521 3885 belli
548 3849 561 3893 ;
600 3830 762 3901 fugat
795 3828 988 3883 hosti‘s
1021 3833 1077 3883 et
1110 3828 1279 3882 hoste
1312 3827 1551 3900 fugatur
1583 3846 1593 3881 :
1777 3828 2087 3897 Temporis
2119 3827 2387 3880 hiberni:
2425 3832 2718 3880 comatum
2749 3842 2998 3896 vespere
3031 3829 3183 3882 facto

62 3914 112 3967 Et
140 3919 259 3985 petit
280 3923 333 3973 et
363 3921 595 3987 petitur,
630 3923 904 3988 repetens
937 3917 1070 3970 ferit
1101 3920 1156 3970 et
1189 3932 1251 3971 re
1265 3916 1490 3970 feritur.
1781 3917 2052 3982 Venerat,
2087 3915 2350 3983 explorat
2378 3914 2548 3967 ducis
2582 3914 2676 3968 ille
2702 3914 2887 3969 sedile
2919 3915 3185 3971 sedentis

63 4004 116 4057 [ι
141 4006 238 4060 duo
275 4025 398 4062 cum
431 4010 656 4062 certant
691 4006 993 4076 productis
1039 4006 1314 4059 dentibus
1343 4006 1490 4074 apri,
1782 4003 1869 4056 Ad
1902 4018 2145 4063 omnem,
2184 4000 2393 4054 mediis
2423 4003 2481 4053 et
2512 4004 2747 4054 contum
2776 4001 3088 4056 frondibus
3120 4004 3277 4057 illam

61 4093 188 4147 Alter
212 4096 276 4150 ab
305 4098 542 4152 alterius
569 4095 945 4165 profunditur
976 4110 1076 4148 ore
1108 4094 1294 4151 saliva
1782 4090 1978 4145 Intulit
2006 4090 2062 4142 in
2093 4091 2352 4158 partrem
2384 4103 2498 4158 qua
2528 4088 2765 4142 sederat
2795 4089 2890 4142 ille
2920 4104 2934 4157 ;
2976 4090 3084 4143 sed
3116 4092 3203 4145 ori

63 4179 237 4237 Dentes
266 4201 581 4253 exacuens,
619 4188 680 4237 ut
711 4187 919 4237 acutos
953 4183 1163 4236 inferat
1185 4183 1358 4247 ictus,
1781 4179 2101 4250 Flegmatis
2132 4178 2373 4232 ubertas
2403 4177 2779 4244 superaddita
2811 4177 3032 4231 fecerat
3061 4178 3223 4231 illum

60 4267 237 4325 Ictibus
266 4279 318 4328 et
339 4276 550 4328 validis
584 4273 800 4327 feriunt
831 4288 940 4326 sua
973 4274 1143 4341 terga
1165 4272 1457 4340 vicissim,
1778 4269 1899 4323 Sub
1924 4282 2128 4321 mensa
2147 4280 2394 4319 curvare
2418 4268 2589 4333 caput
2609 4263 2743 4334 (63),
2768 4265 2935 4319 locus
2957 4265 3110 4319 unde
3124 4269 3398 4335 repertus

60 4356 191 4413 Nunc
212 4363 371 4432 pede,
413 4380 569 4417 nunc
603 4361 788 4416 costis
818 4361 1132 4429 laeduntur,
1168 4364 1414 4430 uterque
1448 4359 1674 4415 resistit
1778 4358 1885 4411 Est
1915 4358 2084 4410 conto
2118 4369 2363 4422 vacuus,
2395 4368 2607 4407 cassos
2629 4355 2685 4407 et
2714 4353 2953 4422 protulit
2976 4353 3148 4432 ictus.

62 4447 265 4515 Acriter,
295 4456 350 4505 et
381 4456 595 4505 nenter
626 4451 749 4503 vult
779 4449 1013 4516 cedere,
1039 4449 1241 4501 saucia
1272 4448 1456 4502 donec
1778 4446 1880 4500 llle
1910 4444 2061 4499 redit
2090 4442 2350 4514 fugiens,
2387 4441 2429 4495 it
2458 4444 2637 4496 totam
2668 4441 2820 4495 fama
2851 4456 2957 4512 per
2986 4443 3195 4497 urbem

61 4531 273 4593 Membra
305 4539 609 4611 fatigatum
657 4538 811 4592 fusis
842 4537 1220 4605 clamoribus,
1254 4552 1458 4606 aprum
1777 4533 2147 4588 Occubuisse
2179 4531 2418 4596 ducem;
2452 4532 2615 4585 cives
2635 4532 2916 4585 laetantur
2944 4534 3001 4585 et
3031 4546 3258 4601 omnes,

60 4621 185 4679 Velle
212 4628 406 4683 subire
438 4630 641 4699 fugam
673 4627 898 4693 doceat,
933 4626 1246 4696 victusque
1270 4626 1527 4680 recedat.
1778 4621 2171 4694 (longaudens
2202 4620 2456 4690 populus
2489 4620 2804 4674 clamorem
2830 4619 2979 4674 tollit
3000 4620 3070 4673 ad
3101 4622 3261 4673 astra

60 4711 245 4768 Acriter
270 4717 550 4771 insistunt
581 4714 925 4783 Normanni,
960 4729 1069 4768 nec
1102 4715 1296 4768 minus
1328 4729 1500 4768 acres
1782 4712 1855 4765 Hi
1885 4710 2023 4764 dum
2055 4710 2392 4778 clamarent,
2426 4708 2547 4762 dux
2577 4709 2832 4777 advenit,
2866 4712 3040 4779 atque
3063 4707 3238 4762 saluti

57 4799 316 4858 Ubsistuut
344 4806 531 4873 cives,
568 4804 921 4872 diversaque
951 4802 1221 4855 machina
1272 4802 1458 4855 muris
1779 4801 1913 4870 Ipse
1944 4815 2071 4853 sum
2101 4799 2297 4867 testis,
2331 4798 2625 4852 clamores
2657 4796 2906 4851 fundere
2937 4796 3159 4851 frustra

59 4887 279 4961 Additur,
312 4893 545 4948 eversis
578 4895 639 4945 ut
668 4891 964 4945 mmnibus
1010 4890 1175 4944 urbis
1207 4895 1426 4960 aperta
1777 4888 2024 4942 tlivibus
2047 4887 2365 4950 exclamat;
2400 4886 2706 4940 clamantis
2729 4886 2976 4940 vocibus
3010 4884 3191 4955 hujus

58 4971 367 5035 Normannis
397 4981 593 5035 aditus
623 4982 858 5050 patoat,,
896 4994 1070 5049 quem
1102 4978 1303 5033 clausa
1329 4978 1585 5050 negabat
1780 4976 2034 5045 Auditis,
2068 4975 2291 5030 clamor
2320 4975 2612 5042 cessavit,
2646 4974 2982 5043 laetitiaeque

60 5061 283 5138 L'ndiquc
315 5074 481 5140 septa
514 5070 679 5138 mari,
715 5069 872 5139 quod
900 5083 1016 5121 non
1046 5070 1138 5121 est
1172 5067 1387 5136 insula,
1424 5073 1599 5122 terrae
1784 5064 1947 5119 Finis
1968 5063 2289 5118 verborum
2322 5062 2496 5117 datus
2530 5067 2621 5119 est
2652 5078 2784 5118 cum
2817 5063 2932 5116 ﬁne
2962 5076 3226 5116 suorum.

58 5147 258 5226 Exiguae
279 5159 524 5229 diodus;
554 5174 629 5212 ex
661 5157 770 5211 hac
803 5157 1052 5212 tentoria
1082 5158 1243 5226 parte
1698 5178 1754 5240 Ι)

108 5312 204 5388 (ﬁt)
236 5317 531 5385 Petraria,
558 5317 831 5372 tormenti
863 5332 1077 5388 genus.
1114 5316 1277 5388 Lais.
1343 5385 1349 5388 _
1413 5387 1420 5388 ί
1595 5384 1611 5388 Δ
1788 5311 2495 5388 rum‘appellaut._T_ms‘u.

108 5381 203 5455 (δὲ)
229 5381 557 5460 Stephanus
580 5381 924 5458 Pateranus,
959 5402 1133 5460 quem
1162 5386 1284 5442 alii.
1332 5384 1670 5443 Sebastofo-
1865 5381 2375 5454 (63)"Obdormivit
2413 5381 2704 5452 Appulus,
2737 5381 2947 5437 Tmen.

1354 5734 1622 5809 Explieit
1650 5732 1811 5792 liber
1838 5733 2151 5793 secundus.
