3926 6146
458 336 609 400 1051
850 300 859 308 κ
1588 328 1599 337 ‘
1755 324 2217 390 GUILLELMI
2241 322 2521 388 APULI.
3684 324 3805 389 ηοω

1028 541 1721 696 INCIPIT
1818 532 2364 690 LIBER
2459 535 3306 700 TERTIUS.

530 850 754 902 Interea
786 845 1031 898 Michael
1071 844 1182 913 (64)
1219 840 1461 895 Romani
1486 839 1625 910 jura
1656 838 1900 910 regebat

462 936 697 1006 Imperii
733 951 864 988 cum
896 934 1076 986 fratre
1111 947 1240 997 suo,
1277 929 1376 1000 qui
1407 928 1641 982 nomine
1675 927 1867 980 dictus

463 1023 883 1079 Constantinus
911 1019 1022 1087 (65)
1054 1022 1196 1085 erat,
1230 1032 1478 1087 quorum
1510 1016 1826 1070 dominatio
1857 1014 2082 1068 Graecis

461 1112 805 1167 Perniciosa
839 1109 964 1175 fuit,
998 1108 1133 1178 quia
1171 1107 1345 1160 bellis
1385 1105 1499 1158 otia
1531 1119 1766 1173 semper

462 1199 823 1268 Postpositis
853 1198 1133 1250 studuere
1166 1194 1355 1264 sequi,
1392 1193 1685 1262 luxusque
1718 1192 1906 1245 dolosi

463 1287 767 1341 Illecebris
798 1278 1002 1354 captos
1036 1284 1283 1337 foedaret
1313 1281 1519 1334 inertia
1549 1280 1763 1349 turpis.

463 1375 687 1428 Horum
718 1373 1083 1443 temporibus
1114 1372 1343 1425 Turcos
1373 1370 1627 1424 Orientis
1659 1369 1731 1422 ab
1762 1368 1883 1421 oris

463 1464 784 1534 lngressos
812 1462 962 1533 fugit
993 1476 1144 1531 gens
1175 1461 1377 1514 territa
1416 1457 1921 1524 Christicolarum,

462 1550 573 1615 Qui
604 1551 906 1604 Romaniae
936 1551 1063 1603 loca
1096 1548 1377 1601 deliciosa
1408 1547 1698 1600 colebant.

464 1639 714 1693 Maxima
753 1654 893 1707 pars
923 1638 1135 1691 horum
1163 1637 1276 1690 ruit
1298 1635 1602 1689 interfecta
1635 1633 1907 1687 nefandis

465 1729 790 1782 Turcorum
824 1726 1057 1797 gladiis,
1094 1729 1149 1779 et
1179 1724 1364 1793 captis
1397 1723 1666 1791 urbibus,
1703 1722 1893 1775 omnis

466 1815 751 1870 Subditus
784 1814 878 1866 his
910 1814 1163 1882 populus
1195 1814 1342 1865 dans
1371 1811 1681 1882 vectigalia
1723 1810 1890 1880 fugit.

469 1903 595 1956 Hos
626 1904 827 1955 contra
860 1902 1054 1955 nullos
1086 1901 1315 1970 equites
1347 1899 1583 1971 ignavia
1612 1898 1774 1953 misit

467 1992 807 2059 Rectorum,
840 2004 1021 2060 quare
1049 1990 1288 2042 decreto
1320 1990 1497 2058 nupta
1528 1991 1771 2041 senatus

464 2079 571 2132 Est
600 2078 780 2149 equiti
812 2078 1056 2149 egregio
1098 2079 1361 2131 Romano
1394 2080 1580 2130 mater
1622 2092 1823 2130 eorum
1851 2074 1964 2145 (66)
1997 2093 2010 2139 ;

461 2168 681 2222 Pectus
711 2182 915 2220 amans
944 2167 1257 2235 plusquam
1289 2181 1480 2235 genus
1513 2164 1813 2218 Eudochia
1834 2162 2046 2231 mariti,

462 2256 762 2325 Diogenes
781 2254 893 2323 (67)
914 2270 1240 2324 cognomen
1265 2256 1407 2320 erat,
1430 2253 1563 2323 quia
1578 2253 1757 2305 barba
1777 2251 2043 2305 bifurcis.

461 2344 519 2398 Is
549 2343 814 2414 regimen
856 2342 1103 2396 subiens
1136 2341 1251 2395 sibi
1283 2356 1533 2411 quaeque
1560 2341 1794 2411 negotia
1825 2340 1985 2409 belli,

461 2432 589 2486 Otia
618 2431 935 2502 privignis,
970 2429 1150 2501 elegit
1179 2430 1329 2483 inire
1362 2433 1601 2498 paratus

461 2520 607 2574 Cum
641 2520 847 2573 Persis
877 2520 1098 2573 bellum
1147 2520 1404 2572 miseros
1439 2517 1857 2586 populantibus
1891 2519 2123 2589 Argos;

463 2608 571 2662 Est
598 2608 743 2661 belli
763 2609 946 2661 variis
974 2608 1284 2662 eventibus
1318 2623 1465 2660 usus
1501 2607 1558 2659 in
1591 2607 1746 2660 illos.

463 2696 635 2765 Saepe
665 2696 901 2765 quidem
931 2696 1121 2749 victor
1148 2697 1369 2748 Persas
1409 2694 1682 2748 bellando
1714 2694 1964 2765 fugavit,

463 2783 634 2853 Saape
661 2785 789 2853 pari
822 2784 1073 2853 populus
1106 2784 1337 2837 fortuna
1369 2788 1589 2854 pugnat
1618 2789 1889 2853 uterque.

465 2873 772 2926 Postremo
806 2871 1051 2925 comites
1081 2872 1217 2925 dum
1250 2871 1450 2942 dirigit
1478 2872 1606 2941 ipse
1642 2872 1874 2924 tuendis

464 2960 729 3015 Urbibus
760 2961 1122 3030 innumeros,
1158 2976 1401 3031 quarum
1427 2960 1740 3014 famulatus
1774 2960 1845 3012 ad
1870 2959 2085 3029 ipsuin,

462 3050 801 3104 Transierat
830 3050 982 3102 fama
1017 3049 1324 3117 probitatis
1349 3050 1566 3119 ubique
1600 3048 1880 3117 probatae,

460 3138 688 3193 Castris
720 3155 851 3193 cum
881 3139 1086 3208 paucis
1118 3139 1461 3193 melioribus
1496 3138 1622 3207 ipse
1676 3137 1978 3191 remansit.

462 3227 679 3281 Multus
708 3228 1029 3282 Persarum
1058 3227 1313 3296 populus
1347 3224 1478 3280 cuni
1498 3242 1639 3296 rege
1668 3229 1911 3295 repente

461 3315 630 3370 Illum
659 3316 967 3380 conclusit,
1005 3316 1374 3383 disrumpere
1408 3318 1600 3368 castra
1631 3315 1950 3383 laborans;

459 3403 675 3458 Prmlia
704 3405 1069 3458 committunt
1099 3404 1401 3470 immania,
1435 3404 1571 3456 dum
1605 3403 1907 3472 capiendis

458 3492 691 3561 Imperii
724 3492 940 3545 castris
969 3491 1228 3558 inhiant,
1263 3491 1451 3559 primo
1496 3493 1668 3558 atque
1702 3490 1963 3543 secundo

460 3579 705 3647 Depulsi
736 3579 949 3632 cedunt
980 3578 1153 3632 bello.
1189 3577 1507 3630 Prudentia
1545 3577 1799 3645 tandem,

460 3666 648 3719 Anxia
677 3666 922 3720 Romani
955 3666 1282 3735 desperans
1316 3670 1510 3719 castra
1542 3666 1712 3733 tueri,

458 3753 643 3818 Quam
669 3754 787 3808 sibi
819 3755 948 3822 plus
981 3755 1280 3807 hominum
1311 3755 1445 3808 vitae
1479 3753 1748 3808 studiosa
1780 3770 2026 3810 suorum

459 3844 620 3907 Quos
652 3843 913 3915 graviter
945 3834 1143 3896 fessos
1174 3843 1445 3913 belloque
1477 3842 1746 3913 fameque
1782 3843 2015 3898 videbat

458 3932 735 4002 Praecipit
764 3935 825 3986 ut
854 3932 1135 4002 quidquid
1169 3932 1382 3986 castris
1415 3932 1603 3985 inerat
1632 3933 1982 4000 solidorum,

457 4020 661 4075 Omnis
691 4021 942 4074 vestitus
976 4021 1300 4091 pretiosus,
1326 4024 1382 4075 et
1423 4021 1615 4074 omnia
1648 4037 1791 4074 vasa

456 4109 605 4163 Auri
634 4114 731 4164 aut
759 4110 992 4181 argenti
1028 4110 1242 4163 castris
1275 4110 1610 4180 spargenda
1642 4108 1909 4163 ferantur

456 4197 533 4252 Ut
562 4198 617 4252 si
646 4199 959 4269 contigerit
991 4198 1204 4252 Turcis
1244 4199 1570 4268 irrumpere
1603 4201 1797 4252 castra

453 4286 678 4341 Horum
708 4291 1026 4357 prospectu
1070 4288 1359 4342 desistant
1386 4287 1606 4341 laedere
1637 4286 1901 4340 Graecos.

454 4374 639 4429 Invita
668 4375 940 4447 profugis
964 4376 1209 4431 collecta
1239 4379 1490 4447 pecunia
1520 4376 1737 4442 servis,

452 4464 789 4519 Insomnem
822 4466 1005 4519 Danai
1039 4470 1335 4537 coguntur
1362 4466 1578 4520 ducere
1611 4464 1865 4519 noctem.

454 4551 819 4608 Adveniente
851 4554 943 4609 die
973 4555 1132 4609 venit
1160 4554 1610 4608 innumerabilis
1642 4553 1739 4607 ille

451 4642 769 4696 Persarum
800 4644 1075 4711 populus,
1116 4642 1489 4695 circumdans
1523 4641 1779 4710 undique
1812 4646 2044 4711 castra;

451 4730 728 4801 Undique
758 4731 873 4784 tela
896 4730 1110 4798 volant,
1144 4730 1518 4799 circumtegit
1556 4744 1695 4783 aera
1716 4732 1902 4783 totum

449 4818 685 4874 Grando
717 4818 1098 4890 sagittarum,
1131 4834 1247 4872 non
1277 4818 1432 4872 ferre
1458 4817 1790 4871 valentibus
1825 4817 2004 4888 Argis

450 4908 786 4978 Irrumpunt
808 4909 1004 4973 Turci,
1041 4909 1282 4962 munitio
1316 4909 1604 4977 rumpitur
1636 4906 1827 4960 omnis

449 4996 565 5051 Sed
587 4998 790 5068 plures
818 4998 1035 5068 praeda:
1054 5013 1227 5068 quam
1263 4996 1544 5051 militibus
1576 4995 1859 5050 feriendis

2147 4863 2283 4961 Da;

2142 818 2201 879 Α
2230 837 2439 891 Intenti
2468 838 2670 891 Persae
2711 837 2931 891 faciunt
2962 837 3212 891 evadere
3245 837 3477 891 multos.

2228 925 2465 979 lndiciis
2498 925 2726 995 Aquilae
2758 925 2933 996 (quod
2958 926 3092 994 plus
3125 926 3297 979 dabat
3327 926 3585 979 omnibus
3615 928 3761 979 armis

2226 1014 2420 1067 Aurea
2454 1014 2841 1083 conspicuum
2862 1013 3063 1068 lorica
3094 1014 3297 1068 innixa
3329 1015 3587 1081 nitorem)

2225 1101 2569 1155 Griecorum
2600 1102 2875 1156 dominus
2907 1102 3313 1174 cognoscitur,
3346 1119 3487 1157 ense
3518 1103 3750 1157 recidens

2230 1191 2491 1245 Hostiles
2516 1192 2740 1261 hastas,
2774 1207 2965 1262 neque
2991 1209 3056 1246 se
3088 1192 3407 1246 defendere
3439 1207 3683 1247 cessans.

2227 1279 2401 1333 Forte
2434 1279 2652 1350 sagitta
2671 1281 2880 1334 volans
2911 1281 3124 1335 incauti
3162 1281 3391 1335 sauciat
3418 1284 3591 1335 artus.

2226 1366 2324 1420 Sic
2355 1368 2588 1421 tandem
2620 1369 2847 1438 capitur
2863 1370 3111 1439 quadam
3144 1386 3278 1424 cum
3298 1372 3465 1440 parte
3494 1386 3723 1424 suorum.

2228 1455 2485 1524 Direptis
2524 1456 2738 1510 castris
2776 1458 3103 1511 Romanum
3130 1458 3375 1512 Persica
3406 1458 3559 1511 ducit

2229 1544 2316 1597 Ad
2345 1559 2452 1597 sua
2486 1547 2683 1598 castra
2718 1545 2996 1614 phalanx,
3029 1547 3085 1601 et
3114 1562 3246 1601 eum
3279 1549 3533 1600 statuere
3556 1548 3703 1601 sedili

2230 1631 2509 1703 Egregie,
2537 1631 2708 1702 juxta
2746 1633 3064 1688 Persarum
3095 1650 3239 1706 rege
3271 1635 3531 1689 sedente.

2233 1721 2360 1774 Rex
2388 1723 2784 1789 percontatur,
2820 1722 2875 1773 si
2904 1720 3053 1775 forte
3086 1722 3301 1776 fuisset
3329 1724 3404 1777 ab
3435 1723 3531 1777 illo

2229 1808 2467 1877 Captus,
2502 1809 2640 1878 quid
2672 1809 2910 1863 faceret.
2950 1810 3250 1864 Romanus
3282 1811 3481 1865 retulit
3509 1812 3583 1864 illi
3616 1828 3627 1865 :

2229 1896 2293 1949 Si
2324 1895 2466 1949 mihi
2493 1897 2620 1951 sive
2651 1899 2799 1951 meis
2830 1897 2906 1951 ita
2940 1897 3338 1968 subjicercre,
3368 1899 3631 1969 juberem

2234 1984 2338 2039 Vel
2360 1988 2637 2039 truncare
2669 1989 2860 2055 caput,
2891 1987 2984 2040 vel
3016 1990 3070 2041 te
3103 1988 3474 2056 suspendere
3506 1987 3689 2043 furcis.

2236 2074 2336 2127 Ille
2365 2073 2545 2128 refert
2577 2074 2808 2128 facinus
2840 2091 3136 2145 nunquam
3169 2077 3283 2131 sibi
3314 2078 3431 2131 tale
3452 2079 3770 2147 patrandum,

2152 2155 2204 2217 Β
2235 2162 2350 2216 Sed
2381 2178 2585 2216 secum
2615 2164 2862 2232 posthac
2892 2162 3203 2217 fruiturum
3236 2181 3383 2235 pace
3415 2167 3640 2235 perenni

2232 2251 2416 2315 Quam
2445 2267 2552 2320 per
2582 2252 2810 2323 legatos
2832 2252 2957 2323 jam
2992 2268 3150 2321 saepe
3181 2259 3537 2322 poposcerat
3566 2256 3696 2324 ipse,

2232 2338 2302 2392 Et
2334 2338 2678 2408 baptizatam
2706 2342 2899 2393 natam
2946 2357 3052 2409 pro
3100 2340 3361 2412 conjuge
3394 2347 3581 2395 natam

2231 2427 2307 2480 Se
2337 2442 2786 2496 concessurum,
2820 2444 2935 2498 quo
2968 2429 3058 2483 sic
3088 2446 3201 2500 pax
3239 2430 3471 2484 ﬁrmior
3499 2436 3665 2485 esset.

2232 2514 2581 2569 Fmderibus
2604 2515 2700 2568 tali
2726 2516 2971 2570 firmatis
2991 2518 3327 2573 conditione

2232 2603 2319 2656 Ad
2352 2620 2459 2657 sua
2488 2604 2811 2658 Romanum
2844 2606 2993 2659 dans
3026 2607 3279 2660 maxima
3308 2608 3465 2661 dona
3497 2608 3701 2661 remisit

2234 2692 2547 2746 Persarum
2580 2697 2776 2747 rector
2805 2698 3030 2763 captos,
3067 2699 3123 2749 et
3149 2695 3410 2750 reddidit
3442 2713 3636 2751 omnes

2233 2782 2438 2852 Longo
2470 2786 2758 2836 terrarum
2789 2784 2978 2853 Spatio
3010 2784 3322 2839 comitatus
3370 2788 3574 2840 euntes

2233 2871 2410 2924 Duxit
2442 2871 2785 2941 honoriﬁce,
2820 2872 3057 2926 ductum
3088 2873 3360 2942 permisit
3390 2874 3573 2928 abire.

2232 2959 2349 3013 Sed
2377 2975 2493 3013 non
2525 2960 2817 3029 privignis
2864 2960 3106 3015 ﬁrmatae
3139 2964 3451 3017 commoda
3484 2963 3637 3033 pacis

2230 3048 2495 3102 Conditio
2527 3049 2763 3118 placuit,
2800 3049 2995 3103 minus
3025 3050 3095 3103 ad
3132 3052 3375 3106 tutanda
3409 3052 3607 3122 peritis

2231 3137 2483 3208 Agmina
2511 3136 2872 3206 Gi‘mcorum,
2906 3154 3016 3192 nec
3050 3140 3203 3193 enim
3234 3140 3574 3195 decernitur
3602 3140 3728 3193 ultra

2230 3225 2404 3279 Areis
2435 3225 2506 3278 ad
2529 3228 2801 3296 augusta
2835 3227 3135 3281 Romanus
3159 3228 3299 3297 jura
3334 3230 3549 3284 redire.

2234 3314 2357 3367 Hos
2391 3314 2489 3368 ubi
2515 3313 2812 3385 Diogenes
2842 3315 3031 3370 factos
3063 3316 3180 3370 sibi
3210 3320 3501 3387 comperit
3521 3319 3725 3383 hostes,

2233 3403 2465 3457 Auxilio
2498 3404 2647 3457 fisus
2679 3406 2999 3459 Persarum
3029 3409 3206 3459 tentat
3241 3406 3298 3459 in
3334 3407 3473 3462 illos

2155 3501 2205 3563 ο
2233 3490 2437 3546 Civilis
2468 3492 2604 3546 belli
2635 3492 2834 3546 varios
2872 3493 3095 3564 agitare
3128 3496 3396 3563 paratus.

2234 3581 2496 3653 Privigni
2528 3596 2594 3634 se
2626 3598 2742 3635 non
2776 3581 3070 3636 obsistere
3100 3598 3281 3652 posse
3314 3584 3607 3654 videntes,

2234 3670 2399 3723 Illum
2432 3673 2719 3724 conantur
2749 3670 3034 3725 seducere
3067 3687 3207 3740 pace
3238 3672 3471 3727 dolosa.

2234 3758 2428 3828 Ignari
2459 3757 2684 3812 fraudis
2708 3762 3006 3827 portantes
3038 3761 3238 3813 nuntia
3270 3761 3462 3829 pacis,

2232 3847 2333 3901 Bis
2357 3863 2463 3901 sex
2494 3847 2804 3915 pontifices
2844 3849 3151 3902 mittuntur
3181 3864 3309 3902 cum
3345 3850 3639 3918 Gocelino,

2228 3934 2417 4005 Cujus
2450 3936 2751 3989 Romanus
2780 3937 2955 3990 toties
2989 3942 3270 4007 expertus
3309 3954 3576 3992 amorem

2232 4023 2363 4077 Non
2395 4023 2696 4077 dubitabat
2725 4025 2777 4078 ei
2811 4041 2875 4079 se
2910 4025 3153 4080 credere
3187 4026 3345 4080 sicut
3374 4028 3581 4081 amico.

2229 4112 2426 4166 Credit
2460 4113 2761 4167 Romanus
2806 4114 3150 4182 pastoribus
3181 4118 3237 4168 et
3266 4115 3570 4182 Gocelino,

2230 4201 2492 4254 Securus
2525 4200 2715 4254 factus
2743 4200 2996 4272 jurando
3016 4202 3176 4273 jure,
3210 4204 3469 4274 ﬁdeque,

2232 4289 2309 4343 Ut
2337 4288 2479 4358 petit
2508 4290 2655 4358 ipse,
2690 4289 2842 4359 data,
2874 4291 3095 4345 misero
3132 4292 3325 4361 placet
3356 4292 3667 4363 imperialis

2231 4377 2542 4432 Incassum
2575 4378 2825 4450 reditus,
2855 4380 2991 4448 quia
3020 4396 3157 4433 mox
3187 4381 3285 4433 ubi
3316 4382 3586 4450 pervenit
3612 4380 3697 4434 ille

2233 4465 2601 4535 Heracleam,
2638 4466 2884 4535 capitur,
2919 4468 3182 4537 privatur
3210 4468 3437 4524 lumine
3468 4472 3698 4538 captus;

2226 4554 2414 4625 Cujus
2445 4557 2501 4608 et
2522 4554 2748 4623 imperii
2779 4555 2970 4609 fuerat
2999 4560 3112 4610 tam
3146 4557 3341 4611 nobile
3371 4572 3601 4623 nomen,

2228 4642 2553 4697 Monachus
2585 4643 2832 4697 efﬁcitur
2871 4659 2884 4712 ;
2937 4645 3132 4698 securi
3165 4644 3287 4715 jam
3322 4646 3439 4699 duo
3465 4646 3666 4697 fratres

2228 4731 2417 4801 Regni
2451 4732 2781 4801 tranquillis
2813 4732 3035 4802 agitant
3066 4734 3445 4788 moderamen
3477 4731 3721 4786 habenis.

2233 4819 2363 4873 Non
2394 4825 2585 4873 tamen
2610 4821 2844 4875 omnino
2871 4836 2978 4873 sua
3011 4824 3193 4875 restat
3212 4821 3397 4874 inulta
3426 4820 3692 4891 tyrannis,

2290 4924 2498 4978 amque
2531 4909 2643 4962 sibi
2680 4910 2880 4963 socios
2915 4910 3159 4964 Romani
3194 4909 3350 4963 ﬁlius
3383 4910 3603 4963 addens

2228 4997 2563 5065 Armenios,
2595 4997 2835 5065 Persas,
2869 5000 3059 5052 terras
3091 4997 3346 5052 Orientis
3375 5014 3575 5052 eorum

2295 5165 2542 5219 Michael
2575 5169 2629 5219 et
2658 5166 3078 5220 Constantinus
3097 5166 3191 5220 hic
3215 5166 3616 5237 intelliguntur
3642 5161 3703 5214 ab
3720 5170 3821 5209 auc-

2219 5241 2363 5291 tore.
2402 5238 2563 5289 LEIB.

2290 5306 2402 5371 (66)
2439 5307 2738 5361 Eudochia
2771 5323 2885 5360 una
2908 5324 3040 5361 cum
3063 5308 3269 5362 liberis
3292 5305 3736 5376 imperavitanno
3752 5312 3816 5347 sa-

2218 5379 2357 5432 lutis
2382 5378 2539 5432 1070.
2572 5394 2758 5432 mens.
2791 5379 2843 5431 ’7.
2881 5379 3044 5432 Lam.
3488 5445 3505 5449 Α
3650 5441 3719 5449 -η
3742 5438 3769 5449 ,,

2290 5449 2401 5513 (67)
2440 5450 2738 5503 Romanus
2774 5450 3069 5516 Diogenes
3101 5449 3258 5515 1071,
3286 5449 3459 5502 annis
3481 5445 3531 5513 3,
3553 5462 3619 5499 ex
3650 5438 3816 5516 Bibliac

2220 5522 2423 5573 nudro.
2461 5521 2570 5592 Alii
2604 5526 2795 5592 autem
2830 5512 3051 5573 initium
3088 5512 3308 5589 imperii
3363 5512 3616 5592 referunt
3656 5512 3714 5592 ad
3738 5525 3816 5587 ξηι-

2220 5608 2357 5645 num
2390 5591 2601 5645 salutis
2634 5591 2789 5657 1008,
2824 5591 3072 5657 Diogeni
3104 5592 3408 5646 Constant.
3444 5590 3643 5642 Ducam
3672 5590 3717 5634 in
3738 5592 3813 5629 im-

2218 5663 2441 5735 pcrium
2478 5667 2892 5731 prmpuneutes
2924 5663 3132 5716 TIREM.

523 5166 634 5237 (64)
664 5169 914 5223 Michael
960 5169 1170 5223 Senior
1209 5166 1890 5236 Constantinopolitanus
1922 5167 2109 5236 impe-

451 5238 613 5309 rator
672 5238 826 5307 1058,
884 5245 937 5292 et
994 5258 1060 5294 co
1122 5240 1426 5309 imperium
1482 5238 1787 5292 abdicantc
1848 5239 2111 5292 lsaaciUs

452 5303 1101 5366 Commenusobtinuit.
1138 5303 1299 5365 ΙλέιΒ.

523 5375 634 5449 (65)
677 5377 1082 5436 'Jonslantinus
1108 5383 1299 5437 Ducas
1322 5380 1525 5436 Const.
1552 5381 1689 5449 imp.
1716 5396 1865 5434 anno
1901 5379 2110 5434 salutis

452 5443 729 5516 ‘1063,an.
762 5450 814 5504 Ἳ.
868 5454 1153 5505 regnavit.
1192 5454 1340 5507 Huic
1387 5443 1691 5505 Eudochia
1732 5455 1853 5504 tres
1886 5451 2109 5504 liberos

449 5520 694 5588 peperit,
720 5520 1081 5587 Michaeicm,
1110 5524 1527 5589 Andronicum,
1553 5529 1605 5576 et
1640 5523 2105 5577 (.Zouslantinum.

447 5589 584 5663 illos
618 5595 770 5661 ante,
807 5590 961 5644 hunc
992 5595 1409 5663 postadcptum
1441 5595 1768 5663 imperium.
1804 5593 1883 5646 Ita
1915 5594 1983 5646 de
2008 5594 2112 5645 Mi-

448 5662 654 5788 q‘haele
684 5664 885 5721 Const.
921 5663 1078 5717 Dura
1112 5662 1663 5737 ﬁliointelligrndus
1690 5664 1889 5718 csthic
1915 5664 2106 5718 locus.

497 5752 659 5788 mnu.

497 5752 659 5792 IREH.
