3926 6146
148 299 274 363 1053

144 494 402 552 Subtraliit
422 495 678 563 imperio,
712 494 868 548 ferro
898 495 1209 563 populatus
1241 497 1297 548 et
1326 494 1468 567 igni.

144 586 386 653 Tempore
404 581 713 636 Persarum
736 597 889 653 gens
918 582 1142 651 perfida
1168 584 1341 651 coepit
1371 584 1443 637 ab
1477 583 1572 637 illo

146 673 196 726 In
226 671 535 726 Romaniam
567 686 931 741 consurgere
965 671 1146 739 caede,
1183 671 1403 740 rapinis
1433 688 1447 740 ;

143 760 336 829 lmperii
365 774 466 811 nec
494 759 682 812 adhuc
716 759 905 830 redigi
936 759 1047 813 sub
1068 758 1203 829 jura
1235 760 1453 813 valeret

141 849 289 913 Gens,
319 847 425 899 nisi
454 846 765 913 Gallorum,
797 862 928 916 quae
957 850 1131 917 gente
1154 848 1443 916 potentior
1464 849 1618 900 omni

142 937 344 990 Viribus
369 951 653 989 armorum
686 938 828 989 nutu
859 935 1150 988 stimulata
1182 935 1446 1005 Superno

141 1025 274 1078 Hanc
293 1023 531 1077 libertati
555 1026 830 1093 superato
863 1023 1135 1077 redderet
1165 1024 1353 1087 hoste,

138 1114 251 1177 Quae
272 1111 511 1180 spirante
546 1112 662 1165 Deo
690 1116 926 1165 sanctas
959 1111 1188 1179 aperire
1222 1111 1479 1181 sepulcri

137 1201 219 1253 Est
243 1200 469 1252 animata
491 1200 617 1252 vias
650 1200 826 1269 longo
849 1198 974 1269 jam
1005 1203 1267 1269 tempore
1299 1201 1555 1254 clausas.

136 1287 370 1341 Consiliis
398 1302 645 1356 quorum
679 1285 785 1340 fuit
805 1287 1120 1340 excmcatio
1154 1288 1294 1340 tanti

137 1376 423 1443 Perpetrata
452 1375 582 1443 Viri,
615 1375 816 1428 miseri
849 1376 1177 1444 capiuntur,
1212 1378 1268 1429 et
1293 1376 1423 1428 aula

137 1462 336 1532 Depulsi
366 1463 599 1516 meritas
630 1468 924 1532 coguntur
955 1464 1188 1516 solvere
1218 1478 1424 1532 pinnas
1450 1481 1462 1525 ;

138 1550 194 1602 Hi
212 1551 405 1620 quibus
426 1551 719 1604 insontem
749 1551 940 1619 puniri
974 1551 1398 1604 consuluerunt

136 1637 320 1706 Puniri,
349 1641 548 1693 sontes
580 1639 744 1692 vario
786 1639 1142 1693 cruciamine
1171 1640 1463 1692 mandant.

134 1726 349 1779 Nuntius
378 1726 621 1796 imperio
654 1726 787 1779 Bari
818 1726 1050 1798 legatus
1093 1727 1162 1779 ad
1196 1727 1405 1780 urbem

130 1814 389 1884 Supplicat
418 1819 477 1868 ut
498 1815 739 1868 miseris
762 1814 884 1885 jam
917 1815 1149 1868 civibus
1181 1815 1514 1869 auxilietur.

130 1902 310 1955 Piratis
330 1906 473 1973 aptae
504 1918 688 1956 naves
711 1918 786 1956 ex
806 1918 968 1957 more
1000 1906 1298 1972 parantur,

128 1989 177 2041 In
196 1990 387 2058 quibus
416 1989 611 2043 efferri
643 1990 931 2044 frumenta
956 1990 1241 2060 jubentur
1271 1992 1326 2044 et
1357 2006 1536 2060 arma,

129 2078 305 2131 Classe
332 2078 542 2148 quibus
571 2080 690 2130 tuta
722 2077 961 2131 transiri
991 2078 1183 2147 possit
1212 2077 1283 2130 ad
1309 2077 1534 2141 urbem,

130 2164 531 2235 Nautarumque
564 2170 756 2219 metus
786 2165 1036 2235 pellatur
1067 2170 1121 2218 et
1150 2166 1318 2219 urbis
1347 2169 1609 2236 egestas.

129 2253 359 2308 Navibus
383 2255 474 2307 his
517 2254 701 2324 jussu
735 2255 1096 2324 praeponitur
1126 2253 1436 2323 imperiali,

124 2340 280 2404 Quem
311 2343 471 2397 ducis
495 2342 658 2396 Italia
690 2343 861 2396 timor
882 2343 1203 2411 expulerat,
1236 2342 1574 2412 Gocelinus,

128 2429 340 2484 Exosus
372 2430 582 2499 fuerat,
610 2430 744 2500 quia
767 2429 1111 2500 conjuratus
1132 2430 1190 2481 in
1221 2445 1437 2500 ipsum,

126 2517 360 2572 Navibus
381 2519 623 2572 armatis
654 2518 814 2572 celer
844 2517 1099 2585 advenit,
1131 2521 1194 2586 ut
1225 2518 1649 2572 tremebundos

125 2604 369 2660 Hortetur
391 2606 576 2660 cives.
603 2605 673 2659 Et
700 2608 824 2659 erat
846 2604 970 2674 jam
991 2605 1300 2674 proximus
1328 2605 1482 2674 urbi,

121 2693 434 2764 lngressum
471 2709 725 2763 sperans
760 2697 1047 2747 nocturno
1075 2695 1337 2761 tempore
1368 2695 1574 2760 tutum,

119 2780 241 2834 Cum
269 2783 456 2836 subito
496 2782 764 2836 Danaum
794 2781 976 2835 classi
1007 2781 1160 2835 venit
1194 2780 1366 2835 obvia
1398 2781 1613 2835 classis

124 2869 356 2935 Roberti,
390 2871 569 2942 cujus
592 2885 870 2940 reparare
900 2869 1215 2924 advenerat
1244 2869 1471 2938 hostes,

123 2957 281 3013 Nocte
308 2960 473 3014 ducis
495 2974 756 3029 pugnam
786 2973 969 3012 naves
1000 2958 1188 3011 iniere
1220 2958 1474 3010 libenter

122 3046 251 3101 Esse
280 3048 389 3102 sibi
413 3049 607 3103 levius
639 3047 765 3101 loca
798 3045 1299 3117 cognoscentibus
1330 3045 1483 3115 illis;

117 3136 394 3191 Certamen
425 3136 700 3208 gravius,
726 3135 965 3188 minime
996 3135 1130 3204 quia
1164 3150 1346 3205 gnara
1377 3134 1637 3188 locorum

118 3221 254 3278 Gens
275 3229 395 3279 erat
428 3224 529 3278 illa
554 3228 696 3278 rate.
731 3223 913 3278 Multo
945 3224 1219 3292 superata
1248 3222 1449 3276 labore

118 3311 398 3367 Postremo
432 3313 662 3381 capitur
690 3300 953 3366 Gocelini
976 3310 1166 3378 navis,
1200 3313 1256 3363 et
1277 3310 1405 3379 ipse

118 3401 247 3456 Ante
272 3397 487 3456 ducem
518 3404 724 3469 captus
753 3399 1101 3467 deducitur;
1132 3398 1313 3452 altera
1343 3398 1513 3452 navis

118 3487 289 3544 Mersa
319 3490 425 3544 fuit
456 3490 722 3543 Danaum
756 3506 770 3553 ;
804 3488 905 3540 vix
927 3501 1172 3541 evasere
1204 3490 1546 3556 sequentes.

115 3577 255 3633 Gens
285 3579 757 3633 Normannorum
789 3576 1015 3630 navalis
1048 3575 1250 3628 nescia
1279 3574 1440 3643 belli,

118 3664 392 3722 Hactenus
415 3669 482 3720 ut
502 3666 717 3720 victrix
739 3664 930 3734 rediit,
965 3679 1131 3734 spem
1164 3662 1448 3732 principis
1471 3665 1647 3733 auget
1677 3679 1689 3716 :

116 3752 291 3809 Sensit
312 3756 466 3809 enim
492 3755 725 3808 Danaos
752 3769 867 3807 non
894 3754 1120 3806 tantum
1151 3751 1383 3804 civibus
1405 3751 1573 3805 urbis

117 3841 364 3898 Praesidii
401 3843 631 3898 ratibus
666 3842 907 3896 vexisse
938 3840 1094 3911 quod
1126 3839 1495 3894 obsidionem

118 3928 379 4001 Impediat
411 3933 659 3986 multum
690 3930 865 3984 simul
898 3932 954 3984 et
980 3928 1234 3982 novitate
1267 3928 1543 3998 triumphi

120 4019 391 4090 z’Equorei
426 4021 643 4093 gaudet
678 4035 693 4090 ;
727 4018 1000 4074 securius
1031 4017 1184 4071 unde
1211 4016 1413 4071 subire

119 4107 233 4162 Jam
265 4126 395 4164 cum
427 4109 787 4164 Normannis
808 4107 1033 4161 navalia
1049 4106 1252 4176 prmlia
1283 4109 1499 4175 sperat.

119 4194 378 4252 Inclusus
400 4198 582 4268 longo
614 4197 932 4252 Gocelinus
961 4209 1201 4248 carcere
1232 4193 1459 4265 degens

119 4284 292 4340 V'itam
312 4286 634 4355 infelicem,
660 4285 795 4339 vitae
828 4299 958 4338 cum
989 4284 1103 4336 ﬁne
1135 4281 1404 4336 laborum

120 4372 347 4446 Excepit
369 4376 568 4441 finem,
605 4373 844 4428 diversa
873 4371 1133 4441 pericula
1163 4386 1404 4439 passus.

118 4461 335 4518 Tertius
366 4464 622 4519 obsessa
651 4461 775 4533 jam
806 4462 1047 4515 venerat
1067 4474 1260 4513 annus
1287 4459 1358 4512 ab
1390 4458 1535 4512 urbe

124 4549 415 4622 Multiplici
451 4551 683 4605 tandem
714 4551 1029 4618 superatur
1056 4548 1218 4601 fessa
1248 4546 1449 4600 labore
1479 4562 1494 4615 ;

124 4638 250 4695 Plus
280 4646 476 4695 tamen
507 4640 724 4695 esurie.
759 4639 925 4691 Tunc
955 4634 1284 4707 Argiritius
1313 4634 1482 4688 urbis

122 4727 348 4784 Primus
370 4728 716 4791 habebatur,
755 4741 930 4797 quem
961 4724 1081 4778 dux
1100 4723 1197 4777 ubi
1231 4722 1583 4776 deditionem

122 4815 289 4872 Urbis
321 4818 473 4872 inire
506 4816 663 4885 facit,
697 4815 956 4884 reliquos
988 4828 1103 4867 non
1136 4810 1319 4863 ardua
1350 4810 1513 4864 cives

126 4903 367 4960 Vincere
394 4920 566 4975 poena
598 4904 743 4972 fuit;
776 4901 1036 4972 majores
1068 4913 1317 4968 namque
1346 4898 1635 4951 minorum

121 4994 199 5045 Ad
230 5009 405 5064 quam
438 4993 615 5048 corda
633 4992 836 5046 volunt
861 4991 1087 5061 partem
1110 4987 1420 5042 deﬂectere
1449 4988 1720 5055 possunt.

187 5205 298 5277 (68)
338 5208 421 5261 De
452 5205 748 5277 Stephano
776 5200 1229 5277 Pateranovide
1261 5199 1562 5271 supralib.
1597 5217 1633 5252 ι.

188 5271 298 5349 (ῥ9)
332 5271 574 5349 Regina"
590 5277 735 5349 urbs
771 5276 827 5329 in
857 5274 1145 5349 Cala_br_ia.
1181 5271 1391 5326 TIREM.

189 5340 301 5417 (70)
333 5340 524 5418 Scilla
556 5347 837 5418 proxima
860 5348 952 5399 est
984 5345 1191 5418 Pelgro
1228 5343 1649 5418 promontorio,
1683 5340 1785 5418 tibi

126 5411 396 5486 oppidum
419 5411 692 5490 Seiglum
722 5416 999 5471 Scilaeum
1031 5432 1063 5468 a
1086 5411 1273 5468 Plinio
1295 5412 1666 5483 appellatum.
1692 5411 1786 5464 Τι-

126 5504 259 5543 REM.

192 5558 308 5629 (7t)
341 5560 670 5631 Charybdis
701 5559 1066 5631 verticosum
1095 5552 1587 5631 mareGalofarps
1618 5552 1789 5624 quasi

125 5624 437 5688 Calot‘anos
467 5624 740 5688 a'nostris
770 5630 1203 5701 nuncupatum;
1228 5625 1311 5681 ibi
1329 5626 1483 5682 enim
1507 5624 1669 5680 faces
1692 5639 1789 5682 ne-

604 295 711 356 DE
755 290 1027 358 REBUS
1073 292 1366 357 GESTIS
1412 293 1842 360 NORMANN.
1894 297 1979 361 IN
2026 299 2357 376 SICILIA,
2408 301 2585 363 ETC.
2623 339 2692 347 —
2727 298 2880 365 LIB.
2916 305 3001 364 III

3356 294 3527 371 1054

1786 479 1845 537 λ
1863 494 2106 551 Civibus
2131 497 2395 551 exhibuit
2419 498 2711 568 placidum
2737 502 3030 555 Hobertus
3062 516 3340 573 amorem,

1864 583 1934 638 Et
1964 586 2096 654 quia
2131 586 2380 640 dilectos
2410 588 2524 640 sibi
2554 604 2705 658 quos
2727 589 3007 643 allexerat
3038 606 3244 646 omnes

1863 670 2107 741 Semper
2131 673 2401 741 habebat,
2438 678 2562 728 erat
2583 676 2834 730 dilectus
2864 678 2936 731 ab
2966 680 3238 733 omnibus
3261 682 3410 751 ipse.

1864 759 2139 823 Plurima,
2175 777 2306 831 qua)
2339 762 2567 817 fuerant
2591 765 2679 817 vel
2713 765 2768 816 vi
2801 765 3096 819 subtracta
3121 768 3213 821 vel
3242 773 3392 839 astu,

1865 848 2137 901 Reddidit
2172 849 2411 901 urbanis
2444 851 2562 903 dux
2592 867 2797 921 agros,
2825 854 3064 920 praedia,
3099 854 3313 910 fundos
3340 875 3352 919 ;

1862 935 2096 988 Perdita
2129 940 2382 990 πωπω
2404 920 2429 1004 ’ς
2462 939 2540 990 nil
2564 920 2794 992 civibus
2819 940 3007 993 intulit
3038 943 3185 1011 ipse,

1865 1022 1963 1075 Nil
1991 1024 2139 1076 alios
2170 1024 2438 1093 permisit
2468 1026 2555 1077 eis
2586 1018 2804 1079 inferre
2836 1029 3168 1097 molestum,

1866 1109 1936 1163 Et
1962 1110 2398 1181 circumpositis
2423 1112 2631 1166 solitos
2661 1113 2893 1167 deferre
2923 1116 3203 1169 tributum

1865 1198 2222 1252 Normannis
2245 1200 2553 1270 donatjam
2585 1201 2849 1255 libertate
2881 1204 3093 1273 quieta.
3130 1231 3137 1243 ι

1867 1286 2148 1341 Canitiem
2178 1286 2453 1356 Stephani
2484 1286 2598 1356 (68)
2628 1292 2874 1343 tractare
2907 1290 3206 1359 misertus,
3238 1295 3299 1345 ut
3330 1292 3485 1348 hosti

1868 1374 2087 1442 Noluit,
2120 1374 2235 1428 imo
2260 1391 2384 1428 suae
2407 1375 2476 1428 de
2508 1392 2621 1445 qua
2652 1379 3001 1430 tractaverat
3032 1378 3127 1431 ille

1865 1460 2094 1515 Oblitus
2127 1463 2330 1531 caedis,
2362 1464 2557 1516 studet
2587 1464 2741 1517 hunc
2767 1468 3012 1519 tractare
3038 1465 3312 1536 benigne.

1866 1550 2010 1601 Cum
2035 1550 2183 1602 Baro
2215 1553 2463 1617 captum,
2499 1551 2694 1603 multis
2726 1552 3074 1606 mirantibus
3106 1555 3306 1624 Argis,

1870 1636 2040 1689 Hunc
2071 1637 2417 1706 impunitum
2449 1638 2713 1691 custodia
2743 1639 2922 1693 libera
2947 1645 3162 1694 servat.

1870 1723 2096 1793 Perque
2119 1725 2246 1778 dies
2277 1725 2496 1794 aliquot
2518 1726 2626 1779 hac
2660 1728 2846 1779 victor
2875 1728 2933 1781 in
2965 1730 3111 1783 urbe
3142 1734 3402 1786 moratus

1796 1812 2103 1898 BMondat
2135 1828 2265 1865 cum
2297 1815 2533 1882 sumptu
2565 1815 2927 1868 Barensibus
2957 1832 3118 1870 arma
3148 1820 3361 1888 parari,

1871 1899 1945 1952 Ut
1973 1903 2290 1968 properent
2318 1915 2521 1953 secum
2553 1917 2668 1971 quo
2709 1918 2774 1955 se
2806 1919 3120 1971 properare
3153 1906 3450 1962 videbunt.

1870 1987 1994 2041 Hos
2028 2004 2157 2041 cum
2184 1992 2357 2057 gente
2391 2004 2498 2042 sua
2520 1990 2786 2059 reginam
2809 1990 2919 2059 (69)
2943 1992 3101 2046 ducit
3131 1994 3202 2047 ad
3226 1995 3451 2050 urbem.

1868 2076 2104 2129 Piscem
2139 2076 2288 2129 fama
2320 2076 2503 2130 refert
2533 2092 2565 2128 a
2587 2077 2777 2131 littore
2808 2094 2924 2132 non
2954 2082 3159 2149 procul
3189 2097 3350 2153 esse,

1870 2162 2176 2217 Fluctibus
2208 2163 2480 2217 Adriacis
2512 2164 2804 2219 horrendo
2828 2181 3075 2235 corpore
3099 2185 3397 2240 magnum,

1869 2251 2083 2304 Forma
2105 2251 2456 2320 incredibili,
2490 2254 2721 2321 qualem
2752 2268 2869 2306 non
2898 2255 3277 2311 videratante

1868 2338 2047 2392 Italiae
2071 2338 2325 2407 populus
2358 2356 2371 2402 ;
2408 2354 2581 2407 quem
2606 2340 2771 2393 verni
2799 2343 3082 2409 temporis
3112 2359 3253 2396 aura

1867 2428 2115 2495 Propter
2144 2442 2328 2496 aquas
2350 2426 2554 2480 dulces
2585 2443 2903 2497 properare
2925 2435 3200 2500 coegerat
3221 2430 3378 2486 illuc.

1869 2515 1983 2568 Per
2012 2515 2211 2567 varias
2235 2517 2393 2567 artes
2422 2514 2589 2568 ducis
2632 2514 2787 2569 hunc
2813 2517 3120 2585 prudentia
3151 2519 3345 2589 coepit,

1869 2602 1979 2667 Qui
2010 2618 2141 2656 cum
2172 2602 2455 2656 delabens
2485 2603 2543 2656 in
2574 2604 2720 2657 retia
2742 2604 3072 2660 funiculosa

1875 2692 2123 2746 Relibus
2146 2691 2358 2744 inucxo
2391 2696 2601 2744 cuncto
2634 2707 2765 2745 cum
2794 2693 3052 2761 pondere
3081 2695 3244 2765 ferri,

1869 2780 1972 2834 Ille
1994 2778 2174 2833 maris
2196 2794 2432 2832 mersus
2465 2780 2700 2848 mersis,
2734 2781 2839 2833 sed
2871 2782 3136 2853 adusque
3176 2782 3527 2852 profundum

1870 2869 1919 2921 A
1941 2869 2134 2922 nautis
2159 2867 2388 2920 tandem
2411 2867 2576 2920 vario
2595 2866 2717 2937 jam
2741 2868 2992 2923 culmine
3016 2886 3234 2941 caesus,

1870 2955 2089 3009 Littore
2120 2955 2216 3008 vix
2248 2958 2468 3008 tractus
2500 2954 2712 3023 populo
2743 2958 3063 3024 spectabile
3095 2961 3421 3013 monstrum

1868 3043 2161 3111 Cernitur,
2196 3042 2329 3095 inde
2360 3041 2529 3095 ducis
2552 3049 2735 3112 jussu
2765 3059 2874 3111 per
2898 3045 3082 3097 frusta
3115 3049 3368 3100 secatur.

1871 3131 2039 3185 Unde
2064 3131 2177 3194 sibi
2209 3134 2382 3199 atque
2414 3131 2542 3183 suis
2573 3129 2788 3200 longus
2820 3131 2989 3185 datur
3018 3149 3165 3187 usus
3188 3134 3416 3199 edendi,

1880 3178 2036 3185 νη--
2064 3178 2177 3194 ,.-__
2213 3178 2378 3199 Νη--
2418 3178 2538 3183 η--
2574 3178 2783 3200 --πο-ν
2824 3178 2977 3185 __-_-
3021 3178 3165 3187 ..ην
3190 3178 3404 3198 "mu",

1800 3178 1851 3242 ο
1873 3220 1942 3274 Et
1964 3218 2178 3289 populo
2211 3217 2479 3272 Calabris
2511 3218 2847 3289 quicunque
2877 3221 3149 3275 manebat
3176 3222 3233 3275 in
3263 3222 3404 3292 oris,

1873 3309 2000 3361 Hoc
2031 3307 2203 3361 etiam
2232 3305 2457 3375 passim
2488 3321 2638 3375 gens
2668 3307 2895 3375 Appula
2926 3309 3344 3377 parti'cipatur:

1870 3397 1949 3451 Os
1981 3395 2168 3466 spinae
2202 3398 2426 3447 sectum
2460 3394 2787 3462 palmorum
2819 3400 3068 3464 quatuor
3104 3398 3245 3451 orbe

1873 3485 2212 3538 Mensuram
2244 3482 2526 3545 obtinuit;
2563 3482 2733 3550 paulo
2765 3488 2898 3551 post
2928 3484 3063 3538 inde
3092 3489 3350 3545 moratus

1874 3574 2005 3627 Dux
2037 3572 2119 3625 ibi
2152 3570 2448 3625 Robertus
2480 3571 2744 3641 reginam
2774 3572 2957 3625 tendit
2996 3574 3066 3626 ab
3099 3574 3303 3628 urbem
3337 3591 3349 3630 :

1877 3661 2141 3731 Dumque
2168 3676 2182 3728 ;
2217 3663 2476 3712 moratur
2498 3659 2599 3725 ibi,
2632 3676 2782 3728 pons
2802 3662 3043 3730 estquia
3058 3663 3329 3717 conditus
3353 3680 3526 3719 unus.

1874 3750 2035 3804 Pons
2066 3749 2238 3802 modo
2268 3746 2578 3800 Guiscardi
2610 3750 2765 3801 totus
2788 3750 2952 3803 locus
2975 3750 3070 3803 ille
3102 3755 3361 3806 vocatur.

1878 3839 2026 3891 Actu
2057 3838 2352 3890 Barenses
2374 3835 2556 3905 liu'jus
2587 3842 2878 3906 praecepta
2912 3839 3122 3908 secuti,

1877 3926 2136 3995 Quaeque
2163 3924 2418 3993 paranda
2452 3926 2615 3992 parat
2635 3927 2858 3995 reginae
2881 3927 3175 3980 moenibus
3202 3927 3389 3982 urbis.

1880 4015 2010 4067 Dux
2040 4012 2119 4065 ibi
2151 4011 2436 4064 militibus
2469 4012 2741 4079 sumptis,
2767 4014 3112 4083 ratibusque
3133 4015 3375 4085 paratis,

1879 4099 2307 4154 Transvehitur
2337 4096 2597 4151 Siculum
2629 4099 2826 4152 multis
2861 4101 3272 4155 comitantibus
3307 4116 3530 4171 aequor.

1877 4188 2041 4253 Quod
2072 4187 2289 4241 licetan
2300 4188 2536 4256 gustum
2553 4187 2741 4239 tamen
2758 4188 3042 4256 estgrave
3062 4189 3535 4255 praetereundum

1879 4276 2068 4347 Scylla
2083 4272 2509 4345 ('70),Carybuis
2525 4272 2603 4337 (Ἡ
2617 4273 2736 4341 ).ibi
2750 4274 2985 4327 diversa
2999 4275 3257 4343 pericula
3271 4275 3540 4344 praebent

1880 4366 2010 4419 Uno
2040 4366 2188 4417 rotat
2218 4376 2421 4428 naves,
2455 4360 2622 4413 illidit
2645 4364 2700 4414 et
2730 4362 2912 4415 altera
2942 4362 3126 4416 saxis.

1877 4451 2157 4507 Partibus
2184 4450 2244 4503 in
2274 4448 2491 4503 Siculis
2514 4452 2785 4503 conserta
2812 4448 3116 4519 juvamina
3146 4451 3345 4506 fratris

1805 4523 1860 4585 Ῑ)
1880 4542 2008 4596 Jam
2034 4538 2386 4610 conquisitis
2420 4552 2489 4590 ex
2520 4553 2731 4609 magna
2755 4542 2919 4606 parte
2952 4540 3174 4611 Rogeri

1885 4630 2063 4701 Spem
2086 4628 2255 4682 ducis
2288 4626 2675 4696 accumulant,
2700 4631 2827 4681 erat
2854 4628 2962 4682 hac
2985 4632 3153 4683 aetate
3186 4630 3458 4702 Rogerus

1886 4719 2018 4773 Non
2035 4717 2251 4771 virtute
2282 4716 2496 4783 minor,
2531 4715 2728 4771 nullus
2752 4717 2823 4771 de
2856 4718 3134 4773 fratribus
3166 4716 3297 4785 ejus

1885 4806 2220 4871 Quamlibet
2249 4804 2533 4875 egregius
2564 4804 2691 4857 iniit
2718 4808 2830 4859 tam
2856 4806 3051 4859 nobile
3080 4804 3299 4858 bellum
3320 4804 3451 4873 (7'2).

1888 4895 2037 4948 Nam
2069 4896 2273 4954 contra
2296 4892 2528 4946 Siculos
2560 4893 2740 4946 divini
2762 4894 3015 4946 nominis
3048 4893 3253 4946 hostes

1888 4981 2135 5052 Semper
2154 4980 2457 5052 pugnavit,
2484 4983 2743 5033 sanctam
2776 4997 2889 5050 qua
2920 4980 3172 5033 vivimus
3203 4994 3407 5034 omnes

1892 5203 1986 5255 ctu
2019 5198 2415 5253 accendentur
2444 5190 2638 5249 nautis
2663 5193 2893 5260 portum
2922 5192 3255 5259 petentibus
3309 5188 3546 5259 signum

1890 5275 2206 5337 utrumque
2237 5267 2494 5337 navigiis
2516 5262 2711 5315 exitio.
2746 5262 2975 5337 Tinam;
3174 5332 3212 5337 __
3307 5330 3317 5337 _
3491 5325 3500 5336 .

1960 5340 2073 5408 (72)
2109 5330 2646 5409 llogerus'Bossus
2669 5347 2740 5384 ex
2765 5332 2899 5384 filiis
2932 5332 3215 5409 Tancpedi
3242 5330 3455 5394 minor,
3490 5330 3547 5409 iq

1891 5394 2152 5465 Siciliam
2175 5394 2731 5462 avMessanensibus
2754 5406 3054 5469 evocatus,
3086 5402 3447 5455 Sarracenos
3478 5394 3552 5447 ad

1891 5481 2230 5536 Messanam
2251 5479 2345 5533 bis
2377 5474 2543 5543 fudit,
2569 5476 2623 5527 et
2642 5473 2961 5543 superavit,
2986 5474 3041 5525 et
3070 5472 3282 5524 tantem
3304 5481 3440 5522 eam
3457 5479 3550 5521 ce-

1890 5552 1991 5625 pit.
2018 5553 2180 5607 LEIB.
