3926 6146
406 187 566 267 1055

404 382 678 438 Exaltare
698 380 872 434 fidem
904 378 1171 448 cupiens,
1205 392 1559 447 operamque
1578 375 1869 447 juventus

409 472 576 526 Hane
608 484 714 523 sua
748 468 1045 538 praecipue
1077 467 1275 535 coluit,
1311 466 1443 519 dom
1466 465 1642 536 digna
1671 464 1886 534 quietis

410 557 602 613 Causa
625 573 751 611 suae
782 557 947 609 fieret
978 554 1192 607 Siculae
1226 553 1518 623 subjectio
1550 553 1767 624 gentis.

414 647 543 701 Hoc
566 645 680 699 sibi
712 646 831 697 dux
863 642 1030 695 socio
1063 642 1326 695 confisus
1357 645 1413 693 et
1441 641 1675 711 agmine
1699 640 1878 694 multo

414 734 626 789 Secum
655 732 906 785 deducto
937 746 1055 783 non
1086 729 1394 783 obs’dione
1429 728 1539 796 ('73)
1566 729 1921 782 Panormum

412 821 665 875 Vincere
698 820 990 887 desperat,
1024 817 1241 870 Siculis
1272 832 1442 885 quam
1469 816 1833 869 .nobiliorem

414 908 680 962 Urbibus
711 907 990 960 audierat.
1030 904 1272 958 Roberti
1301 903 1482 956 milite
1510 904 1690 957 multo

416 996 579 1050 Urbs
610 995 817 1048 vallata
850 995 1037 1062 pavet,
1083 1008 1285 1045 muros
1324 996 1636 1061 turresque
1670 990 2008 1054 reformant,

415 1083 590 1136 Arma
623 1083 902 1150 virosque
927 1083 1152 1150 parant,
1191 1080 1413 1133 detecta
1452 1079 1738 1133 foramina
1782 1079 2077 1146 claudunt,

411 1171 657 1225 Ponitur
687 1172 742 1222 et
772 1168 1016 1238 vigilum
1048 1167 1312 1221 custodia
1342 1168 1552 1221 crebra
1581 1183 1689 1237 per
1710 1168 1935 1221 urbem.

418 1257 549 1311 Dux
574 1256 742 1327 jubet
766 1258 1024 1309 armatos
1056 1255 1285 1324 equites
1318 1256 1601 1309 accedere
1634 1256 1818 1325 portis

422 1346 499 1399 Ut
529 1344 615 1398 sic
640 1345 869 1397 incluso
901 1343 971 1396 ad
1006 1360 1259 1413 pugnam
1283 1347 1568 1413 provocet
1598 1344 1803 1397 hostes
1830 1359 1842 1398 :

420 1432 623 1499 Omne,
650 1432 802 1501 quod
836 1431 1078 1484 incutiat
1104 1447 1333 1500 poenam
1364 1431 1697 1501 pariterque
1716 1431 1997 1498 laborem,

421 1520 665 1575 Civibus
699 1519 901 1572 inferri
937 1522 1175 1571 versuta
1206 1519 1460 1587 potentia
1493 1519 1742 1572 mandat.

418 1607 753 1661 Procedunt
781 1607 970 1675 portis
1004 1605 1185 1658 Siculi
1218 1622 1332 1658 non
1363 1610 1520 1659 stare
1555 1606 1834 1676 ferentes,

419 1693 791 1766 Egressique
824 1693 986 1747 foras
1019 1694 1223 1745 audaci
1254 1698 1447 1745 mente
1475 1698 1806 1764 repugnant
1832 1710 1843 1747 :

419 1784 638 1837 Verum
659 1781 1031 1835 Normannos
1064 1784 1360 1850 nequeunt
1389 1780 1643 1834 tolerare
1676 1782 1910 1835 feroces

421 1869 691 1924 Cultores
714 1867 955 1935 Christi,
990 1867 1125 1920 dum
1158 1882 1308 1937 gens
1341 1868 1611 1938 Agarena
1636 1869 1880 1937 resistit,

1741 177 2106 242 GUILLEI.
2121 176 2206 241 \lI
2264 178 2441 241 APU
2453 177 2521 241 LI
3642 180 3770 244 1056

2095 352 2140 421 Ᾰ
2178 374 2389 427 Muniri
2420 374 2645 443 pedites
2677 372 2877 427 fundis
2901 372 3037 427 facit
3060 377 3232 444 atque
3253 373 3479 444 sagittis

2179 460 2455 513 Armatos
2489 461 2718 530 equites
2751 475 2952 513 secum
2986 459 3517 530 procederejussit.

2178 548 2481 601 Accedunt
2514 564 2679 601 muro
2710 548 2960 616 pedites,
2994 553 3050 601 et
3081 548 3293 602 muenia
3323 550 3484 601 saxis

2179 637 2263 687 Ac
2296 635 2427 689 telis
2461 636 2727 704 quatiunt
2760 651 3087 706 ;egressus
3119 637 3355 705 iniquus
3381 635 3450 689 ab
3482 636 3614 689 urbe

2180 722 2383 777 Obstat
2407 723 2493 775 eis
2517 723 2789 793 populus,
2826 739 3000 793 quem
3032 740 3147 777 non
3180 724 3440 792 perferre
3472 725 3705 777 valentes

2187 809 2511 881 Diffugiunt
2541 811 2789 879 pedites,
2825 826 2976 880 quos
3009 812 3127 863 dux
3156 814 3217 864 ut
3240 811 3447 864 cedere
3478 812 3610 864 vidit

2189 897 2447 953 Diffusos
2481 901 2724 967 campis,
2758 900 3027 969 legiones
3059 901 3325 968 protinus
3349 915 3549 953 omnes

2186 986 2347 1039 Bella
2376 988 2507 1039 dato
2540 988 2712 1057 signo
2745 990 2940 1041 mouet
2970 989 3373 1041 incunctanter
3399 988 3572 1056 adire,

2187 1074 2344 1127 Voce
2378 1090 2667 1144 manuque
2696 1090 2840 1127 suos
2871 1075 3023 1129 sicut
3046 1075 3161 1128 dux
3185 1078 3467 1128 strenuus
3495 1075 3734 1135 hortans;

2186 1162 2497 1231 Paulisper
2529 1160 2731 1229 Siculi,
2769 1162 3078 1215 commisto
3111 1163 3297 1215 Marte
3328 1163 3553 1230 morati,

2189 1249 2273 1301 Ad
2309 1249 2478 1302 ducis
2505 1255 2808 1318 aspectum
2831 1250 3155 1303 trcmcfacti
3186 1256 3355 1320 terga
3388 1251 3671 1303 dederunt.

2189 1336 2320 1389 Dux
2345 1335 2497 1403 ferit,
2528 1339 2702 1407 atque
2734 1353 2879 1390 suos
2909 1337 3174 1391 hortatur
3206 1343 3371 1407 terga
3405 1338 3573 1391 ferire-

2187 1425 2499 1477 Perversae
2530 1425 2745 1493 gentis,
2776 1440 2883 1478 nec
2915 1426 3144 1479 caedere
3172 1426 3389 1479 desinit
3412 1425 3625 1493 hostes,

2189 1512 2473 1565 Adversas
2507 1516 2708 1581 portas
2735 1513 2871 1566 dum
2898 1514 3279 1583 perveniatur
3308 1514 3379 1566 ad
3411 1513 3589 1565 urbis.

2185 1600 2343 1653 Gens
2374 1602 2644 1653 comitata
2670 1600 2878 1654 ducem
2911 1601 3167 1655 diversis
3199 1603 3429 1655 sauciat
3461 1601 3668 1654 hostem

2119 1688 2568 1780 BVulneribus,
2602 1690 2891 1759 quosdam
2923 1692 3160 1761 gladiis,
3195 1695 3251 1745 et
3281 1691 3525 1759 cuspide
3542 1689 3788 1760 quosdam.

2190 1776 2403 1831 Multos
2438 1777 2655 1830 fundali
2683 1777 2865 1849 jactu,
2894 1780 3208 1849 plerosque
3242 1780 3516 1849 sagittis;

2192 1864 2358 1918 Unde
2389 1866 2856 1936 supergrediens
2888 1883 3180 1920 caesorum
3207 1883 3479 1937 corpora,
3509 1871 3669 1919 teutat

420 1957 555 2011 Non
580 1955 841 2024 perferre
873 1956 1025 2008 valet
1059 1970 1072 2022 ;
1128 1954 1379 2025 fugiunt,
1417 1956 1723 2025 nostrique
1758 1962 2090 2026 sequuntur
2186 1950 2331 2004 Cum
2364 1951 2581 2006 Siculis
2614 1957 2781 2022 porta
2809 1954 3174 2025 fugientibus
3207 1954 3380 2007 urbis
3406 1954 3580 2019 adire,

425 2043 643 2098 Multos
671 2044 1053 2112 prosternunt
1086 2041 1321 2111 gladiis,
1349 2046 1403 2095 et
1436 2043 1678 2113 cuspide
1709 2045 1945 2114 multos,

426 2129 721 2184 Mcenibus
751 2145 782 2182 e
806 2129 1056 2182 summis
1082 2146 1095 2192 ;
1131 2129 1285 2182 volat
1317 2130 1573 2201 undique
1604 2132 1831 2186 missile
1852 2133 2050 2186 telum.

427 2217 698 2288 Saxaque
724 2232 857 2270 cum
888 2217 1025 2285 pilis
1042 2216 1302 2286 jacentia
1324 2218 1539 2271 laedere
1572 2223 1792 2273 tentant

424 2306 684 2375 Corpora
706 2307 1046 2358 nostrorum
1073 2322 1087 2369 ;
1122 2305 1310 2358 nostri
1328 2305 1385 2357 vi
1415 2307 1710 2361 mcenibus
1742 2309 1909 2363 urbis

425 2393 554 2448 Hos
575 2393 941 2463 impellentes
964 2392 1079 2446 laeti
1110 2408 1218 2446 sua
1249 2396 1440 2446 castra
1472 2394 1797 2465 requirunt.

423 2481 565 2535 Inde
595 2482 1030 2534 Panormenses
1062 2480 1240 2534 Afros
1272 2482 1462 2535 accire
1502 2482 1769 2536 laborant

422 2567 677 2633 Auxilio,
714 2583 960 2636 quorum
990 2567 1105 2620 sibi
1137 2567 1366 2621 viribus
1396 2570 1731 2638 associatis,

422 2654 589 2719 Quod
617 2669 733 2708 non
761 2657 895 2707 sunt
925 2655 1054 2707 ausi
1089 2657 1243 2707 terra
1274 2656 1633 2709 committere
1656 2657 1871 2712 bellum

423 2740 786 2797 Commisere
817 2742 961 2795 mari
995 2757 1009 2810 ;
1042 2742 1398 2796 bellantibus
1423 2743 1534 2797 hoc
1557 2744 1910 2800 elementum

427 2830 805 2886 Commodius
837 2829 1082 2884 credunt
1113 2848 1126 2895 ;
1177 2832 1484 2886 instructis
1516 2849 1658 2904 ergo
1691 2835 1911 2889 carinis

427 2919 617 2991 Erigit
640 2923 698 2972 ut
724 2919 860 2972 belli
894 2919 1120 2971 navalis
1153 2919 1263 2972 rite
1293 2925 1553 2989 paratus,

423 3008 660 3078 Proque
700 3006 1055 3075 repellendis
1088 3023 1366 3062 saxorum
1394 3009 1836 3080 veljaculorum

424 3096 667 3163 Ictibus,
703 3096 951 3150 obtectis
986 3096 1331 3149 rubicundis
1364 3099 1619 3168 undique
1651 3099 1906 3169 philtris,

423 3185 513 3239 Ad
542 3200 796 3256 pugnam
823 3184 1064 3238 veniunt
1094 3184 1207 3237 sub
1231 3186 1563 3240 conditione
1592 3188 1769 3256 virili,

419 3273 498 3328 Ut
526 3272 793 3343 quojure
815 3273 927 3325 viri
959 3272 1050 3325 vel
1084 3274 1283 3325 vivant
1312 3275 1401 3327 vel
1425 3275 1764 3329 moriantur.

422 3360 658 3415 Mandat
686 3359 1065 3427 Normannis,
1093 3360 1378 3429 Calabris,
1414 3362 1796 3431 Barcnsibus,
1822 3365 2003 3435 Argis

422 3450 552 3503 Dux
579 3466 609 3500 a
641 3464 706 3501 se
739 3448 925 3515 captis
963 3446 1177 3499 muniri
1201 3463 1450 3516 corpore
1473 3448 1690 3503 Christi
1722 3469 1736 3517 ;

420 3536 547 3601 Quo
574 3535 743 3605 jubet
765 3536 1005 3601 accepto
1037 3548 1169 3586 cum
1200 3535 1490 3604 sanguine
1519 3536 1670 3590 bella
1704 3540 1925 3594 subire.

425 3622 550 3677 Tali
578 3625 699 3675 tuta
730 3622 860 3674 cibo
901 3622 1168 3690 procedit
1199 3624 1365 3676 turba
1398 3624 1588 3678 fidelis

423 3709 693 3764 Navibus
722 3710 932 3778 aptatis
959 3725 1074 3778 quo
1098 3711 1461 3778 praevaluere
1482 3717 1740 3781 paratus.

423 3798 657 3853 Perfida
689 3812 839 3868 gens
866 3801 1044 3851 totam
1076 3799 1233 3852 lituis
1270 3801 1581 3871 sonituque
1610 3803 1902 3875 tubarum,

425 3886 889 3956 Magnarumque
920 3886 1103 3956 replet
1134 3903 1342 3941 vocum
1365 3890 1721 3946 clamoribus
1748 3910 1970 3964 aequor.

422 3972 792 4029 Christicolae
824 3977 1024 4027 contra
1046 3975 1327 4047 suffragia
1357 3977 1482 4030 sola
1513 3983 1776 4047 petentes

419 4062 716 4133 Principis
743 4062 964 4129 aeterni,
999 4062 1172 4133 cujus
1206 4068 1341 4118 sunt
1372 4082 1547 4121 carne
1569 4068 1794 4139 refecti,

420 4148 596 4204 Nullo
624 4154 925 4205 terruntur
965 4152 1262 4223 clangore,
1298 4156 1405 4209 sed
1434 4157 1651 4210 acriter
1677 4157 1796 4211 illis

415 4238 680 4304 Obstant,
714 4241 769 4292 et
798 4239 1013 4294 feriunt
1046 4246 1447 4313 quassantque
1476 4246 1722 4299 viriliter
1750 4247 1979 4302 hostes.

418 4326 716 4396 Principio
746 4342 929 4380 naves
960 4328 1119 4381 Afrae
1149 4329 1479 4401 Siculaeque
1501 4335 1807 4405 resistunt,

422 4414 581 4468 Nutu
610 4414 807 4467 divino
840 4416 1071 4468 tandem
1104 4432 1344 4471 cessere
1377 4426 1614 4489 coactae,

419 4502 683 4571 Cumque
710 4502 908 4572 fugam
939 4506 1218 4575 peterent,
1252 4506 1469 4576 aliquot
1501 4512 1808 4579 capiuntur
1836 4528 2073 4572 earum:

420 4588 699 4654 Quaedam
731 4591 1059 4644 submersas
1089 4597 1354 4663 pereunt,
1390 4596 1684 4668 pleraeque
1718 4598 2005 4670 frequenti

421 4678 739 4733 Remorum
770 4677 946 4732 ductu
969 4680 1067 4731 vix
1096 4695 1340 4734 evasere
1364 4681 1630 4753 fugaces,

416 4764 568 4819 Dum
597 4768 827 4835 portum
859 4766 1135 4836 subeunt,
1164 4783 1300 4821 mox
1322 4786 1650 4839 opposuere
1675 4776 1932 4843 catenas,

415 4852 560 4908 Cum
591 4854 808 4923 quibus
840 4870 1151 4924 aequoreos
1182 4856 1374 4910 aditus
1405 4860 1718 4928 prohibere
1752 4864 2038 4920 solebant.

412 4941 524 4996 His
546 4943 717 4997 etiam
746 4941 949 4997 fractis
967 4944 1251 5014 quasdam
1282 4946 1352 4999 de
1375 4949 1625 5003 navibus
1659 4951 1865 5005 horum

413 5029 785 5087 Christicolae
816 5034 1071 5102 capiunt,
1114 5034 1364 5089 ﬂammis
1395 5036 1714 5109 plerasque
1740 5048 2025 5111 perurunt
2058 5060 2071 5099 :

420 5116 530 5179 Dat
559 5122 785 5175 validas
816 5124 1008 5177 animo
1041 5123 1210 5177 ducis
1240 5123 1369 5177 haec
1399 5126 1645 5180 victoria
1672 5129 1851 5184 vires.

418 5203 570 5257 Hinc
592 5210 1021 5275 pervadendam
1053 5212 1245 5265 solers
1267 5212 1524 5267 intentus
1554 5215 1625 5268 ad
1657 5217 1862 5272 urbem

415 5289 655 5346 Molitur
690 5296 872 5350 variis
905 5300 1211 5358 conatibus
1242 5306 1303 5357 ut
1335 5304 1611 5372 capiatur.

487 5428 599 5502 (73)
621 5432 931 5503 Panormo,
955 5443 1361 5516 vetustissima
1390 5446 1599 5500 civitas
1630 5446 1689 5500 in
1717 5445 1937 5516 Sicilia,
1969 5448 2068 5503 ubi

412 5516 592 5577 reges
607 5517 857 5560 coronas
871 5521 1080 5565 aureas
1092 5515 1358 5587 accipere
1378 5517 1899 5573 consueverunt-In
1912 5519 2070 5575 illius

2190 2038 2265 2091 Ut
2289 2040 2464 2093 finem
2496 2046 2652 2093 tanto
2686 2041 2975 2108 praeberet
3005 2045 3171 2111 capta
3200 2042 3414 2096 labori.

2188 2126 2301 2179 Sed
2337 2127 2499 2180 cives
2531 2129 2716 2196 portis
2760 2129 3037 2183 adhibent
3071 2130 3207 2183 dum
3241 2130 3503 2183 claustra
3532 2129 3716 2182 seratis

2188 2214 2321 2267 Non
2344 2215 2631 2268 modicam
2663 2221 2887 2284 partem
2920 2217 3068 2270 foris
3099 2218 3415 2272 exclusere
3446 2233 3664 2272 suorum
3694 2232 3703 2268 :

2190 2300 2449 2370 Impetus
2481 2300 2715 2355 hostilis
2747 2304 2924 2356 tantis
2946 2306 3275 2358 terroribus
3295 2305 3505 2359 urbem

2194 2388 2398 2458 Implet
2422 2392 2480 2441 ut
2512 2390 2792 2444 exclusos
2822 2391 2969 2445 caedi
2990 2394 3331 2462 permiserit
3364 2409 3579 2447 omnes.

2198 2477 2494 2531 llobertus
2525 2494 2854 2548 quanquam
2878 2480 3050 2550 longo
3082 2481 3403 2536 certamine
3431 2483 3564 2534 vidit

2198 2565 2443 2618 Diffisos
2490 2566 2738 2635 equites,
2774 2583 2881 2638 cce,
2906 2568 2982 2622 tis
3011 2569 3289 2623 insistere
3323 2571 3515 2640 poscit
3543 2587 3553 2624 :

2194 2652 2396 2705 Virtus
2428 2658 2647 2722 vestra,
2679 2656 2813 2724 viri,
2848 2656 3045 2710 varios
3078 2661 3325 2727 experta
3358 2658 3583 2712 labores

2195 2740 2299 2794 Vel
2322 2742 2495 2795 modo
2528 2741 2739 2811 laudis,
2774 2744 2870 2814 ait,
2904 2746 2997 2798 vel
3027 2746 3137 2798 erit
3169 2747 3346 2800 modo
3378 2746 3546 2818 digna
3567 2745 3784 2816 repulsae.

2194 2828 2354 2882 Urbs
2386 2829 2617 2883 inimica
2653 2832 2790 2897 Deo,
2818 2833 2999 2885 divini
3030 2835 3229 2887 nescia
3264 2836 3482 2905 cultus,

2191 2917 2432 2971 Subdita
2465 2919 2856 2989 daemonibus,
2883 2922 3067 2975 veteri
3099 2923 3353 2992 spoliata
3383 2925 3596 2994 vigore,

2192 3006 2321 3058 Jam
2353 3008 2523 3076 quasi
2553 3007 2734 3061 fracta
2764 3011 2957 3062 tremit
2990 3025 3003 3075 ;
3030 3010 3077 3062 si
3102 3026 3209 3063 vos
3244 3012 3470 3065 instare
3491 3015 3720 3081 potenter

2198 3054 2321 3058 η-
2357 3054 2523 3076 1.-----
2553 3054 2734 3061 ηρ-.-
2991 3054 3003 3075 ,
3030 3054 3077 3062 ν.
3115 3054 3209 3063 ..ω
3244 3054 3609 3081 .--νηηννυη

2126 3054 2434 3163 cViderit,
2469 3095 2739 3148 obstandi
2773 3097 2966 3150 nullos
2998 3098 3377 3152 meditabitur
3406 3115 3612 3153 ausus:

2192 3183 2266 3234 At
2296 3182 2347 3235 si
2386 3182 2657 3251 defleitis,
2692 3200 2824 3237 eras
2855 3184 3083 3238 viribus
3114 3185 3242 3239 haec
3275 3189 3575 3256 reparatis,

2194 3271 2409 3324 Acrius
2443 3272 2697 3325 obstabit
2732 3274 2904 3342 ;dum
2936 3277 3165 3343 tempus
3197 3275 3418 3330 adesse
3446 3277 3655 3343 videtis,

2191 3360 2439 3425 Currite,
2473 3360 2617 3414 dura
2650 3361 2798 3430 capi,
2833 3360 3065 3415 Christo
3098 3362 3438 3434 miserante,
3471 3364 3700 3433 patebit:

2194 3437 2503 3501 Difficilem
2534 3448 2805 3519 quamvis
2837 3448 3066 3503 facilem
3099 3451 3236 3505 facit
3260 3453 3391 3521 ipse
3415 3453 3669 3517 laborem,

2195 3536 2322 3590 Hoc
2345 3537 2493 3590 duce
2525 3537 2736 3607 confisi
2758 3538 2927 3591 bellis
2960 3540 3233 3608 imponite
3266 3540 3462 3610 finem,
3772 3602 3781 3613 ,

2194 3628 2383 3695 Atque
2414 3626 2800 3680 invadendam
2831 3629 3025 3681 cuncti
3054 3645 3447 3697 properemus
3478 3630 3542 3683 ad
3566 3628 3748 3682 urbem.

2194 3714 2302 3767 His
2332 3715 2551 3768 animat
2589 3715 2762 3769 dictis
2796 3715 3091 3770 Robertus
3121 3718 3299 3771 corda
3336 3735 3590 3774 suorum.

2192 3802 2482 3857 Ascensis
2531 3803 2711 3856 scalis
2742 3808 3056 3874 properant
3086 3808 3489 3861 conscendere
3517 3821 3708 3871 muros,

2192 3890 2385 3962 Seque
2415 3891 2696 3946 voluntati
2727 3898 3028 3963 promptos
3058 3894 3225 3948 ducis
3255 3895 3437 3950 affore
3467 3894 3735 3966 spondent.

2191 3979 2289 4035 Sic
2318 3981 2523 4052 auriga
2553 3981 2766 4048 bonus,
2802 3983 3038 4037 veloces
3071 3984 3281 4037 cedere
3316 4001 3494 4039 cursu

2189 4069 2337 4123 Dum
2369 4071 2678 4140 cognoscit
2707 4084 2912 4142 equos,
2936 4074 3139 4141 parcit,
3172 4073 3501 4145 patiturque
3531 4069 3732 4138 morari,

2185 4157 2323 4211 Inde
2356 4157 2705 4212 reformatos
2728 4161 3012 4229 reparatis
3043 4161 3279 4215 ﬂatibus
3302 4163 3390 4217 ire

2185 4244 2451 4314 Cmptum
2483 4247 2639 4318 cogit
2663 4248 2791 4318 iter,
2818 4249 3187 4321 stimulisque
3219 4250 3613 4321 frequentibus
3634 4246 3780 4316 urget,

2186 4334 2335 4387 Dum
2371 4350 2611 4389 cursum
2637 4341 2940 4409 peragant,
2962 4342 3015 4390 et
3038 4354 3143 4392 eos
3172 4340 3509 4409 praecedere
3537 4337 3656 4390 victi

2114 4396 2174 4468 ο
2194 4422 2439 4477 Vincere
2470 4425 2568 4493 qui
2603 4424 2849 4492 soleant,
2884 4429 3051 4479 cauto
3076 4426 3324 4481 ducente
3342 4427 3630 4498 magistro.

2189 4511 2319 4565 Dux
2351 4512 2446 4565 ubi
2476 4515 2773 4580 persensit
2804 4514 3105 4582 capiendis
3135 4516 3430 4569 moenibus
3459 4529 3645 4568 omnes

2186 4600 2470 4654 Insudare
2494 4616 2660 4669 suos,
2686 4601 2919 4655 insudat
2948 4606 3005 4655 et
3033 4603 3161 4673 ipse
3193 4604 3453 4658 ferendis

2186 4688 2485 4743 Sollicitus
2509 4689 2689 4744 scalis
2722 4695 2820 4759 ;ut
2852 4692 3305 4763 progrediantur
3333 4694 3403 4747 ad
3434 4692 3537 4746 alta

2184 4778 2459 4847 Praecipit
2480 4778 2612 4832 inde
2635 4780 2782 4833 suis.
2817 4778 2902 4832 llli
2935 4780 3337 4835 conscendere
3369 4796 3560 4834 muros

2189 4867 2509 4920 Unanimes
2539 4871 2853 4938 properant
2879 4883 2893 4938 ς
2926 4883 2955 4920 c
2978 4872 3177 4923 contra
3202 4873 3316 4923 tota
3336 4867 3591 4923 Panormi

2185 4954 2344 5009 Gens
2367 4959 2517 5009 astat
2548 4957 2735 5010 muris
2767 4972 2872 5025 per
2900 4959 3339 5029 propugnacula
3373 4973 3565 5028 sparsa

2186 5044 2352 5098 Unus
2387 5046 2619 5113 utrique
2650 5045 2816 5099 labor
2845 5046 3079 5115 populo,
3113 5047 3347 5101 diversa
3370 5046 3471 5100 sed
3502 5044 3605 5097 illis

2180 5134 2371 5186 Causa
2394 5133 2502 5185 fuit
2534 5148 2548 5200 ;
2582 5134 2739 5202 cupit
2770 5133 2862 5187 hic
2894 5135 3101 5188 urbem
3127 5150 3355 5204 capere,
3390 5134 3482 5187 ille
3510 5129 3671 5197 tueri;

2180 5221 2376 5274 Altera
2407 5238 2545 5290 pars
2576 5238 2682 5291 pro
2714 5238 2800 5291 se,
2836 5239 2940 5291 pro
2966 5224 3139 5290 natis,
3176 5224 3427 5295 conjuge
3456 5222 3683 5283 constat;

2182 5309 2373 5364 Altera
2406 5314 2572 5381 grata
2602 5310 2737 5363 duci
2768 5311 2897 5365 fieri
2930 5312 3122 5365 studet
3154 5313 3297 5366 urbe
3326 5311 3569 5366 subacta.

2174 5452 2389 5521 templo
2419 5451 2672 5505 maximo
2702 5466 2880 5524 reges
2912 5456 2969 5507 et
2997 5451 3481 5524 episcOpiSicilim
3515 5444 3754 5520 sepeliun-

2175 5525 2268 5576 tur
2290 5540 2305 5589 ;
2338 5524 2697 5597 privatorum
2726 5525 2919 5582 autem
2948 5539 3140 5583 nemo.
3171 5524 3374 5580 Tmen.
