3982 6164
198 275 327 344 1057

196 482 315 533 Dum
342 476 483 527 tanto
510 467 750 538 populus
781 465 1043 535 confligit
1075 466 1320 533 uterque
1352 462 1576 529 labore,

190 570 437 633 Prospera
470 556 711 611 ltoberto
744 554 851 607 fuit
881 558 935 608 et
967 552 1321 605 miserabilis
1346 551 1475 603 urbi

195 652 333 708 Actio
362 650 609 711 fortunae,
644 643 839 696 subito
872 642 1004 711 quia
1032 645 1220 694 coctus
1252 642 1550 708 equestris

194 741 472 811 Egressus,
504 733 679 785 scalis
709 746 1010 783 murorum
1043 730 1178 782 dum
1213 728 1351 795 petit
1381 727 1512 793 alta,

191 826 613 895 Propugnatores
644 819 825 872 Siculi
855 818 994 870 dant
1024 821 1188 887 terga
1232 816 1581 881 frementes,

190 915 322 969 Urbe
349 926 485 963 nova
513 910 670 976 capta
704 907 891 959 veteri
924 905 1277 958 clauduntur
1325 904 1382 954 iu
1418 903 1584 955 urbe.

188 1002 317 1055 Gens
346 1000 596 1067 Agarena
618 995 827 1047 videns
860 1010 933 1047 se
960 994 1187 1046 viribus
1219 991 1494 1045 omnibus
1514 1004 1653 1043 esse

190 1089 414 1149 Exutam,
438 1088 548 1138 tota
574 1098 676 1152 spe
704 1082 1013 1135 deficiente
1045 1080 1277 1145 salutis,

191 1175 498 1244 Suppliciter
526 1171 733 1241 poscit,
769 1170 1024 1224 miseros
1057 1170 1375 1221 miseratus
1409 1171 1467 1220 ut
1500 1166 1634 1235 ejus

186 1263 441 1331 Respiciet
472 1270 666 1325 casas,
700 1274 890 1327 neque
924 1258 1041 1310 dux
1064 1256 1379 1326 icondigua
1412 1254 1689 1323 rependat
1717 1267 1731 1317 ζ

188 1351 370 1404 Cuncta
399 1349 524 1401 duci
556 1348 792 1415 dedunt,
828 1362 893 1399 se
926 1349 1144 1399 tantum
1191 1345 1390 1397 vivere
1422 1346 1694 1411 poscunt.

192 1439 455 1492 Deditione
486 1437 575 1489 sui
609 1435 757 1488 facta
794 1449 1059 1488 meruere
1086 1433 1345 1485 favorem

186 1526 409 1579 Exorare
440 1525 602 1577 ducis
635 1523 867 1593 placidi.
911 1522 1024 1591 (Ἷά)
1076 1520 1436 1574 Promittitur
1479 1518 1594 1569 illis

186 1615 349 1667 Gratis
378 1629 496 1665 eum
529 1612 683 1675 vita;
718 1612 940 1664 nullum
957 1609 1331 1678 proscribere
1366 1609 1565 1668 curat;

184 1700 600 1768 Observansque
632 1698 808 1752 fidem
839 1697 1140 1765 promissi,
1172 1695 1387 1749 laedere
1418 1693 1662 1759 nullum,

185 1788 426 1851 Quamvis
456 1787 709 1858 gentiles
746 1789 970 1854 essent,
1009 1784 1244 1838 molitur
1266 1797 1499 1849 eorum;

179 1875 364 1929 Omnes
394 1874 699 1945 subje-tos
732 1874 845 1927 sibi
878 1874 1043 1926 lance
1065 1872 1353 1925 examinat
1376 1884 1564 1938 aequa,

181 1962 611 2033 Gloriticansque
646 1960 1058 2032 Deumtempli
1083 1959 1370 2013 destruxit
1403 1957 1583 2027 iniqui

177 2050 364 2104 Omnes
393 2054 742 2118 structuras,
777 2052 831 2103 et
862 2065 976 2119 qua
1006 2048 1311 2101 muscheta
1335 2046 1562 2098 solebat

182 2137 311 2191 Esse
338 2140 515 2207 prius,
550 2139 757 2191 matris
790 2136 1099 2190 fabricavit
1130 2134 1394 2205 Virginis
1428 2133 1639 2199 aulam,

177 2225 233 2278 Et
258 2242 378 2296 qua:
408 2226 757 2280 Machamati
779 2225 966 2279 fuerat
998 2241 1127 2277 cum
1160 2224 1423 2276 daemone
1444 2221 1639 2287 sedes,

174 2314 332 2368 Sedes
363 2314 508 2368 facta
536 2315 666 2381 Dei,
700 2314 761 2367 ﬁt
787 2313 985 2384 dignis
1007 2312 1190 2382 janua
1209 2311 1360 2364 coeli.

173 2401 341 2455 Munia
371 2407 704 2456 castrorum
738 2402 871 2455 fecit
902 2403 1147 2454 robusta
1180 2398 1392 2468 parari,

172 2490 296 2542 Tuta
324 2492 535 2560 quibus
559 2494 767 2545 contra
796 2490 1027 2543 Siculos
1062 2504 1168 2541 sua
1214 2487 1384 2540 turba
1416 2487 1680 2538 maneret

176 2577 387 2631 Addidit
444 2584 497 2633 et
546 2587 763 2649 puteos
806 2579 1195 2645 alimentaque
1228 2574 1534 2629 commoda
1567 2571 1812 2624 castris:

176 2665 473 2719 Obsidibus
506 2667 765 2736 sumptis
799 2667 1017 2735 aliquot
1039 2664 1370 2732 rastrisque
1404 2660 1641 2731 paratis,

176 2754 436 2824 Reginam
480 2759 708 2809 remeat
743 2754 1035 2809 Robertus
1061 2753 1245 2805 victor
1275 2751 1344 2803 ad
1378 2749 1603 2813 urbem,

169 2841 415 2895 Nominis
449 2843 728 2913 ejusdem
788 2843 1039 2913 quodam
1070 2842 1407 2894 remanente
1438 2836 1713 2890 Panormi

172 2929 351 2999 Milite,
385 2933 484 3002 qui
517 2932 741 2985 Siculis
774 2932 942 2984 datur
971 2930 1262 2983 amiratus
1292 2926 1530 2981 haberi:

166 3017 361 3073 Omnes
390 3037 524 3073 cum
558 3021 859 3089 Stephano
890 3020 1179 3072 Patcrano
1213 3017 1481 3085 protinus
1516 3018 1714 3084 Argos

166 3105 260 3168 Qui
292 3108 418 3161 Bari
445 3110 689 3162 fuerant
721 3108 873 3177 capti
905 3107 1173 3175 permisit
1203 3105 1397 3157 abire:

163 3194 245 3248 Sic
272 3195 596 3265 impunitos
631 3197 767 3266 quia
800 3196 916 3248 dux
948 3193 1391 3264 placidissimus
1442 3191 1646 3243 hostes

161 3280 498 3353 Dimittebat,
536 3286 631 3339 eis
664 3290 725 3338 ut
755 3284 1086 3337 amantibus
1111 3284 1235 3351 ipse
1268 3281 1571 3350 placebat:

163 3369 392 3441 Barinis,
429 3373 710 3427 Calabris
735 3374 871 3440 dux,
908 3372 1336 3439 obsidibusque
1368 3367 1661 3421 Panormi.

162 3458 426 3514 Militibus
458 3463 597 3515 suis
633 3461 790 3513 vadit
820 3462 1128 3513 comitatus
1160 3458 1231 3510 ad
1265 3458 1432 3510 urbis

165 3545 360 3601 Maenia
387 3549 751 3617 Melfensis;
785 3552 958 3617 caput
989 3548 1116 3600 huic
1149 3550 1275 3600 erat
1318 3545 1564 3598 urbibus
1599 3543 1713 3595 illis

158 3633 451 3705 Omnibus,
489 3644 588 3693 est
624 3642 681 3691 et
711 3638 902 3691 adhuc
925 3652 1074 3706 quas
1093 3636 1350 3688 continet
1382 3633 1605 3702 Appula
1625 3631 1817 3685 tellus.

158 3722 306 3778 lllius
330 3728 587 3781 comites
618 3726 902 3796 regionis,
921 3730 973 3777 et
994 3724 1249 3793 undique
1282 3722 1423 3775 clari

154 3811 496 3869 Conﬂuxere
522 3816 665 3881 viri,
710 3815 831 3867 vult
862 3814 1115 3884 quisque
1147 3813 1413 3865 revisere
1435 3809 1576 3862 tanti

160 3898 441 3973 Principis
473 3908 793 3973 aspectum
820 3918 834 3969 ;
873 3902 1039 3955 Petro
1063 3901 1325 3972 genitore
1351 3902 1584 3952 creatus

154 3987 434 4045 Praedicto
469 3994 653 4046 solus
684 3992 896 4044 Petrus
926 3990 1043 4043 huc
1072 3989 1355 4041 accedere
1379 3986 1624 4057 sprevit.

156 4075 340 4146 Hujus
372 4080 669 4133 defuncto
703 4078 960 4132 Goffrido
997 4078 1170 4130 fratie
1202 4077 1383 4146 priori

151 4164 249 4219 Jus
280 4169 545 4237 patrium
582 4169 858 4221 manibus
891 4169 1288 4229 successerat,
1326 4170 1497 4234 alque
1528 4165 1823 4230 nepotum,

152 4251 335 4308 Donec
369 4260 709 4325 provectus
742 4255 982 4309 soboles
1015 4256 1269 4308 fraterna
1318 4249 1651 4305 llichardus

150 4339 312 4397 Esset
344 4345 420 4398 ad
456 4348 703 4399 aetatem
737 4344 1073 4398 dominandi
1104 4343 1339 4412 legibus
1366 4344 1577 4410 aptam.

152 4429 270 4484 Dux
296 4433 480 4487 Petro
528 4436 857 4502 suspectus
878 4436 1019 4499 erat,
1053 4433 1197 4501 quia.
1217 4445 1471 4498 prorsus
1506 4428 1659 4482 eunti

151 4518 228 4573 Ad
264 4521 417 4576 lines
461 4522 695 4576 Sculos
746 4521 903 4574 viics
935 4519 1215 4572 adhibere
1247 4519 1509 4587 negarat.

154 4605 276 4661 Dux
304 4614 513 4663 tamen
549 4609 749 4661 ablata
782 4608 1088 4661 formidine
1109 4610 1392 4659 convocat
1428 4605 1589 4657 illum

152 4692 213 4747 Et
242 4697 359 4751 sibi
393 4712 773 4751 concessum
808 4697 1012 4749 dicens
1044 4712 1074 4747 a
1110 4696 1286 4749 fratre
1319 4694 1633 4745 Tarentum

150 4781 418 4840 Fraterni
442 4787 677 4855 repetit
704 4785 805 4855 jus
848 4785 1110 4838 muneris
1145 4803 1158 4848 ;
1194 4785 1320 4852 ipse
1352 4782 1588 4851 negavit

153 4869 417 4937 Reddere
442 4891 593 4946 quae
631 4873 862 4927 fuerant
890 4873 1072 4926 armis
1105 4873 1378 4940 superata
1410 4869 1690 4938 paternis.

146 4959 259 5014 Hac
290 4965 511 5033 gravis
548 4965 710 5017 inter
740 4977 845 5015 eos
877 4962 1060 5015 oritur
1080 4959 1380 5013 dissensio
1417 4974 1618 5011 causa.

143 5048 222 5100 Ac
242 5052 503 5105 veniens
541 5050 815 5103 Andrum
852 5050 1051 5102 varios
1076 5048 1146 5100 ad
1178 5047 1333 5099 bella
1358 5049 1596 5113 paratus

142 5135 325 5207 Coepit
360 5140 524 5193 inire
560 5139 820 5201 Petrus;
857 5154 1006 5191 nova
1029 5135 1291 5206 praecipit
1323 5150 1478 5186 arma
1512 5134 1723 5202 parari.

146 5226 335 5296 Auget
364 5228 679 5291 militiam,
715 5225 997 5296 suffragia
1028 5224 1236 5294 poscit,
1263 5223 1481 5292 ubique

143 5309 404 5384 Quaeque
442 5312 732 5383 suijuris
765 5313 991 5366 servari
1027 5316 1144 5363 tuta
1176 5311 1419 5363 laborat.

143 5400 373 5454 Interea
407 5403 688 5455 Tranum
723 5401 989 5469 praeclari
1021 5398 1275 5453 nominis
1308 5399 1513 5452 urbem

208 5579 301 5647 (Ἡ
338 5579 705 5635 Panormus
736 5579 900 5649 capta
931 5592 1083 5633 anno
1106 5575 1317 5631 salutis
1350 5574 1507 5631 lO'll.

631 265 735 329 DE
779 262 1056 327 REBUS
1100 257 1391 324 GESTIS
1440 254 1897 323 NORMAMN.
1945 260 2030 322 IN
2076 257 2399 333 SICILIA,
2444 258 2614 320 ETC.
2663 294 2739 303 —
2785 258 2943 333 LIB,
2991 256 3076 319 III

3412 257 3569 323 1058

1822 441 1877 501 Α
1912 458 2161 523 Divitiis,
2196 458 2397 523 armis,
2433 460 2488 510 et
2522 458 2695 510 multa
2731 462 2903 527 gente
2933 459 3210 527 repletam

1908 548 2228 600 Obsidione
2286 550 2446 615 parat
2503 546 2622 599 dux
2676 547 2951 599 subdere.
3015 549 3225 602 Petrus
3261 549 3332 602 ad
3364 551 3567 604 urbem

1910 635 2143 688 Electus
2176 636 2268 687 bis
2302 651 2407 687 sex
2440 635 2667 704 equites
2700 636 2837 704 agit,
2864 640 2924 688 ut
2953 635 3065 688 sibi
3090 637 3251 691 cives

1909 724 2184 776 Allircret
2216 724 2471 787 monitis,
2507 724 2982 777 conl'ortareutur
3013 724 3216 793 ctejus

1912 817 2169 880 Aspectu
2204 811 2332 863 viso
2366 827 2380 877 ;
2414 811 2646 880 quidam
2683 828 2787 864 sua
2825 814 3001 866 verba
3031 812 3321 882 loquendo

1910 900 2205 953 Protrahit
2236 900 2292 951 in
2318 900 2578 970 longum,
2616 900 2810 953 subito
2847 900 3141 957 Itobertus
3176 905 3231 954 et
3263 901 3395 970 ejus

1913 988 2175 1041 Diffusus
2209 1003 2432 1057 campis
2448 988 2713 1056 apparuit
2745 989 3000 1057 undique
3027 990 3214 1043 miles.

1911 1077 2161 1131 Obsessi
2194 1076 2357 1129 cives
2390 1075 2731 1144 deeiesjam
2764 1078 3019 1146 quinque
3042 1077 3254 1131 diebus

1912 1167 2254 1219 Convenere
2286 1165 2519 1217 Petrum
2556 1165 2730 1217 simul
2764 1166 2911 1217 intra
2940 1166 3152 1218 moenia
3186 1167 3452 1220 clausum
3487 1184 3498 1221 :

1912 1254 2091 1308 Orant
2126 1257 2185 1306 ut
2209 1255 2398 1306 faveat
2430 1269 2630 1306 comes
2670 1253 2836 1305 urbis
2861 1254 3174 1316 deditioni;

1917 1346 2134 1396 Damna
2165 1341 2399 1410 quidem
2430 1343 2726 1409 nequeunt
2757 1341 3021 1408 perferre
3053 1343 3271 1397 diutius
3302 1344 3468 1398 urbis

1918 1431 2025 1484 l-Iie
2066 1431 2252 1499 primo
2286 1428 2619 1504 fierinimio
2649 1444 2902 1482 maerore
2941 1435 3221 1500 gravatus

1918 1519 2019 1572 llle
2062 1520 2255 1587 negat,
2306 1516 2537 1568 tandem
2613 1515 2965 1584 lacrymans,
3029 1519 3378 1589 cogentibus
3436 1520 3577 1589 illis,

1919 1609 2117 1661 Poscit
2146 1622 2277 1658 cum
2309 1605 2492 1657 sociis
2522 1609 2580 1657 ut
2610 1604 2761 1657 liber
2809 1605 2971 1658 abire
3003 1606 3259 1677 sinatur;

1917 1697 2132 1765 Sicque
2153 1694 2285 1746 duci
2321 1694 2444 1746 fieri
2478 1693 2778 1746 concessit
2812 1693 3186 1748 deditionem.

1920 1788 1968 1838 Α
1992 1784 2137 1837 duce
2166 1798 2281 1836 non
2312 1782 2524 1851 patitur
2554 1780 2867 1834 discedens
2902 1782 3045 1836 urbe
3075 1782 3297 1850 videri;

1922 1875 2109 1942 Atque
2133 1872 2341 1923 ducem
2374 1868 2557 1922 voluit
2589 1868 2923 1923 nullatenus
2946 1870 3074 1939 ipse
3108 1871 3328 1935 videre,

1843 1979 1889 2038 Β
1923 1962 2062 2015 Tam
2093 1961 2262 2013 ducis
2288 1958 2647 2012 horrendum
2678 1958 2928 2011 ducebat
2959 1973 3202 2013 cernere
3234 1959 3476 2029 vultum,

1923 2050 2096 2103 Trani
2130 2048 2303 2118 cujus
2335 2052 2455 2101 erat
2478 2047 2607 2100 laus
2640 2047 2850 2099 clarior
2874 2046 3018 2100 urbe
3034 2051 3268 2116 recepta

1921 2141 1995 2192 Se
2027 2139 2472 2191 Juvenacenses
2496 2134 2732 2202 dedunt,
2772 2139 2826 2186 ct
2858 2135 3231 2189 Buxilienses

1923 2226 2166 2280 Buxiliae
2201 2225 2357 2278 Petri
2390 2223 2619 2276 fuerant
2648 2223 2987 2275 Juvenaeus
3019 2223 3226 2289 Amici,

1919 2316 2022 2367 (lui
2056 2318 2333 2383 pataruus
2367 2311 2519 2364 Petri
2553 2313 2718 2379 pater
2746 2310 3000 2378 exstitit;
3052 2310 3227 2376 hunc,
3253 2310 3388 2381 quia
3419 2312 3585 2368 fratri

1920 2403 2174 2456 Contulit
2204 2400 2504 2477 auxilium,
2541 2398 2661 2451 dux
2690 2397 2912 2465 oderat,
2949 2400 3158 2467 etquia
3190 2398 3336 2453 fines

1924 2490 2275 2544 Dalmaticos
2308 2488 2437 2541 sine
2473 2487 2618 2541 velle
2652 2503 2762 2540 suo
2786 2487 3026 2539 tentavit
3056 2488 3237 2543 adire.

1926 2581 2031 2633 His
2063 2580 2178 2633 dux
2209 2578 2493 2646 expertis,
2530 2576 2777 2644 cupiens
2799 2576 2916 2629 sibi
2946 2575 3203 2630 subdere
3248 2579 3481 2632 Petrum

1922 2668 2242 2723 Obsidione
2276 2669 2437 2735 parat
2469 2664 2912 2717 circumvallare
2943 2663 3237 2719 Coretum.

1924 2759 2155 2824 Petrus,
2194 2759 2253 2808 ut
2286 2755 2443 2808 hunc
2483 2754 2644 2807 audit
2676 2757 2933 2807 castrum
2954 2754 3321 2809 circumdare
3352 2754 3590 2826 castris,

1932 2847 2070 2900 Non
2112 2845 2337 2899 audens
2397 2843 2577 2896 armis
2633 2842 3009 2913 contendere,
3060 2845 3353 2899 moenibus
3409 2844 3595 2899 Andri

1926 2934 2435 3003 Excipiturtutus;
2472 2932 2572 3001 qui
2604 2931 2737 2984 dum
2771 2932 3070 3000 prodisset
3101 2933 3173 2986 ab
3198 2934 3419 3001 Andro,

1926 3023 2211 3076 Tranensi
2248 3022 2504 3090 praedam
2537 3020 2769 3074 deferre
2802 3020 3104 3088 profectus
3136 3021 3207 3074 ab
3240 3023 3408 3089 urbe,

1928 3113 2116 3181 Atque
2150 3113 2377 3179 equites
2410 3111 2613 3161 essent
2671 3108 2871 3161 decies
2906 3108 3057 3161 hunc
3092 3111 3351 3179 quinque
3377 3109 3573 3165 secuti

1927 3200 2132 3252 Gundo
2164 3202 2369 3269 quater
2401 3198 2586 3251 denos
2619 3196 3172 3266 cquitesiuduxerat
3208 3198 3357 3252 urbi.

1928 3288 2013 3341 Ex
2035 3287 2203 3341 ducis
2237 3287 2424 3340 edicto
2458 3301 2778 3357 germanus
2803 3285 3080 3355 conjugis
3112 3286 3244 3355 ejus

1935 3376 2252 3447 Egreditur
2274 3375 2467 3428 subito
2500 3373 2715 3429 diffuso
2742 3375 2921 3429 milite
2945 3375 3167 3443 campis
3193 3390 3207 3444 ς

1932 3465 2073 3519 Inde
2102 3465 2335 3517 Petrum
2368 3465 2622 3533 capiunt,
2658 3468 2712 3516 et
2740 3478 2805 3517 se
2827 3465 2991 3532 prius
3016 3463 3333 3516 inliciatum

1855 3526 1904 3585 Ο
1932 3556 2301 3607 Prtesentare
2335 3553 2468 3605 duci
2501 3552 2593 3605 vel
2626 3555 2990 3621 prteseutare
3025 3555 3324 3616 coactum;

1930 3642 2403 3712 Imposuitfiuem
2437 3641 2604 3693 ducis
2637 3640 2764 3694 haec
2783 3643 3020 3709 captura
3052 3640 3259 3693 labori.

1929 3729 2044 3784 Sed
2076 3730 2307 3783 tandem
2341 3729 2478 3782 fidei
2508 3728 2765 3798 jurando
2791 3728 2930 3798 jure
2953 3729 3170 3799 ligatus

1911 3819 2209 3895 .Solvitur,
2246 3822 2301 3871 et
2332 3817 2538 3886 recipit
2569 3833 2701 3886 quia
2755 3817 3003 3886 perdidit
3033 3818 3224 3871 omnia
3255 3817 3485 3873 Petrus:

1932 3907 2113 3960 Liber
2145 3907 2283 3974 abit,
2312 3906 2441 3960 solo
2465 3906 2640 3957 'l‘raui
2675 3906 2937 3973 privatus
2970 3905 3125 3959 hosti
3152 3905 3264 3975 (75)

1936 3997 2159 4049 Interea
2197 3995 2367 4048 ducis
2401 3993 2623 4063 egregii
2657 3993 2944 4062 populosa
2976 3994 3316 4065 frequenter

1934 4084 2133 4138 Poscit
2165 4083 2407 4136 Amalfis
2444 4097 2634 4152 Opem,
2670 4082 2761 4134 cui
2794 4081 3103 4151 vectigalia
3134 4082 3352 4137 dudum

1937 4176 2142 4227 Annua
2175 4172 2462 4225 detulerat
2491 4171 2665 4223 minis
2690 4170 3069 4239 impugnante
3102 4170 3356 4239 Gisull‘o,

1934 4260 2481 4331 Semporturbatam
2515 4264 2782 4328 terraque
2811 4257 3069 4327 marique
3101 4257 3455 4312 reclamans.

1943 4350 2236 4403 ltobertus
2269 4351 2482 4419 questu
2514 4347 2707 4416 pepuli
2742 4346 3078 4400 stimulante
3125 4346 3354 4400 Gisulfo

1941 4438 2171 4491 Mandat
2206 4437 2576 4491 Amalﬁcolas
2610 4439 2808 4489 cesset
2838 4450 3057 4489 vexare
3090 4436 3369 4489 tributum

1944 4528 2119 4580 Ferre
2155 4526 2269 4583 sibi
2300 4525 2532 4594 solitos,
2568 4526 2785 4579 veteris
2820 4539 3200 4594 corrumpere
3224 4524 3369 4579 nolit

1944 4614 2159 4669 Foedus
2191 4615 2481 4681 amicitiae,
2504 4630 2741 4668 cessare
2774 4614 3042 4668 sororius
3076 4613 3235 4666 illum

1942 4704 2125 4774 (legat
2156 4719 2337 4767 amor,
2372 4704 2729 4772 meritasque
2762 4705 2926 4757 vices
2958 4720 3023 4757 se
3055 4703 3303 4757 reddere
3335 4701 3605 4773 spondet.

1948 4793 2087 4846 tlrec
2116 4793 2229 4846 sibi
2262 4794 2471 4863 legatis
2500 4792 2768 4844 mandata
2800 4793 3145 4862 ferentibus,
3182 4792 3277 4844 ille

1950 4882 2109 4935 Dicta
2143 4882 2401 4949 superba
2438 4882 2637 4947 refert,
2672 4883 2848 4950 negat
2880 4896 3016 4933 esse
3050 4897 3155 4934 sua
3191 4880 3506 4935 fruiturum

1948 4972 2098 5023 Pace
2131 4970 2360 5035 ducem,
2387 4969 2501 5020 nisi
2532 4969 2711 5038 digna
2745 4968 2858 5020 sibi
2886 4969 3098 5020 famula
3133 4969 3286 5021 mina
3310 4971 3522 5026 solvat.

1870 5070 1917 5128 D
1953 5058 2083 5111 Non
2116 5058 2378 5125 perferre
2431 5056 2632 5109 valens
2676 5056 2813 5108 tanti
2845 5071 3131 5124 responsa
3157 5057 3402 5110 tumoris

1958 5145 2242 5199 Fervidus
2281 5145 2585 5197 innumera
2607 5145 2916 5198 comitatus
2949 5147 3121 5213 gente
3143 5143 3450 5199 Salernum

1956 5238 2087 5289 Dux
2117 5234 2334 5303 adit,et
2366 5237 2535 5287 terra:
2572 5235 2731 5304 parat
2765 5236 2819 5286 ct
2842 5232 3018 5285 maris
3053 5233 3443 5289 obsidionem.

1957 5325 2208 5388 Quartus
2242 5327 2365 5376 erat
2398 5325 2621 5377 mensis
2654 5321 2980 5390 completus
3000 5321 3070 5375 ab
3105 5322 3416 5378 obsidione
3452 5338 3465 5380 :

1969 5414 2150 5467 'l‘anta
2183 5412 2368 5466 fames
2392 5412 2628 5466 miserae
2663 5412 2823 5466 cives
2842 5412 3144 5465 invaserat
3172 5411 3341 5467 urbis

1972 5501 2047 5556 Ut
2076 5502 2345 5572 canibus,
2376 5500 2471 5555 vel
2503 5501 2694 5572 equis,
2737 5500 2830 5555 vel
2871 5501 3162 5571 muribus,
3196 5504 3293 5558 aut
3323 5501 3625 5559 asinorum

204 5677 325 5755 (75)
363 5678 545 5757 Lege
571 5676 821 5733 honore.
854 5676 936 5732 Ita
963 5678 1120 5734 certe
1151 5674 1304 5733 infra
1334 5674 1600 5733 Gisult‘us
1633 5673 1847 5733 dicitur
1873 5672 2159 5751 spoliatus
2190 5671 2410 5728 honore
2441 5669 2705 5728 Salerni.
2728 5670 2893 5733 Lena.
