3926 6146
425 295 580 359 1059
1775 288 2244 353 GUILLELMI
2287 288 2544 350 APULI
3698 291 3827 356 1060

425 495 623 549 Turba
646 492 1035 548 cadaveribus
1058 490 1159 544 vix
1189 491 1392 544 vivere
1423 492 1629 560 posset
1659 489 1884 543 edendo
2130 467 2180 531 Ᾱ
2216 488 2373 542 Urbs
2406 488 2532 542 hmo
2565 489 2733 542 dives
2764 489 3309 561 epum,populoque
3329 488 3540 543 referta
3571 490 3775 544 videtur

423 582 727 654 Egressus
758 582 995 652 quidam
1028 582 1194 649 patre
1222 580 1374 632 civis
1407 580 1465 632 in
1498 578 1649 632 urbe
1678 578 1883 631 relicto
2213 576 2384 629 Nulla
2420 578 2608 647 magis
2641 578 2904 647 locuples
2937 581 3181 649 argento
3220 579 3511 641 vestibus,
3545 594 3698 644 auro,

427 671 490 725 In
513 672 729 725 castris
761 671 1003 737 aderat;
1037 668 1202 721 canis
1235 668 1391 720 hunc
1416 667 1618 720 rimata
1644 665 1846 737 sagaci
2207 666 2480 719 Partibus
2510 666 2865 735 innumeris;
2893 683 2962 719 ac
3000 668 3291 736 plurimus
3326 667 3472 721 urbe
3503 671 3744 721 moratur

426 760 582 814 Nare
611 760 770 828 petit,
806 758 1030 811 laribus
1062 757 1251 809 fuerat
1279 772 1410 826 quae
1441 755 1558 809 fota
1591 754 1875 825 paternis.
2207 754 2416 823 Nauta,
2443 755 2621 807 maris
2656 754 2904 824 omliquc
2928 755 3054 807 vias
3086 756 3314 824 aperire
3347 757 3568 824 peritus
3590 755 3689 821 ('77.

426 847 579 900 Huic
608 846 781 899 debat
802 846 896 898 ille
928 845 1116 912 cibos,
1166 849 1222 897 et
1252 847 1562 914 postquam
1597 841 1915 897 sufficienti
2208 842 2334 895 Huc
2357 846 2411 896 et
2442 842 2757 896 Alexandri
2788 843 3026 897 diversa
3061 844 3319 898 ferentur
3347 844 3419 897 ab
3455 844 3597 897 urbe

429 934 603 988 Pasta
640 934 771 988 cibo
802 934 1009 1002 fuerat,
1043 925 1197 986 circa
1239 932 1561 1001 praecordia
1592 932 1879 1001 quosdam
2208 932 2392 1001 Regis
2415 934 2470 985 et
2496 932 2766 984 Antiochi
2790 947 2803 998 ;
2827 932 2956 985 haec
2989 932 3134 985 freta
3164 933 3411 1002 plurima
3455 936 3677 985 transut.

427 1024 711 1097 Apppsite
742 1037 915 1075 sacco
939 1037 1121 1090 panes
1153 1020 1371 1074 inferre
1402 1020 1650 1087 solebat,
2207 1020 2313 1072 Hic
2338 1021 2585 1087 Arabes,
2622 1020 2765 1087 Indi,
2801 1020 3328 1074 Siculinoscuntur
3356 1025 3411 1074 et
3442 1020 3569 1073 Afri
3595 1037 3606 1073 :

424 1108 683 1175 Quorum
714 1109 1095 1163 commoditas
1126 1109 1256 1163 vitae
1290 1108 1443 1162 foret
1469 1111 1601 1177 apta
1631 1109 1877 1162 diurnis.
2208 1109 2345 1161 Haec
2382 1124 2531 1179 gens
2563 1113 2654 1162 est
2674 1112 2857 1161 totum
2880 1124 3061 1178 prope
3091 1110 3388 1163 nobilitata
3420 1124 3527 1178 per
3557 1109 3744 1162 orbem

427 1198 552 1253 Hos
582 1198 759 1252 celeri
791 1213 970 1251 cursu
1001 1198 1245 1251 rediens
1267 1197 1556 1265 (mirabile
1596 1196 1750 1250 dictu
1780 1195 1817 1265 l)
2203 1197 2272 1250 Et
2297 1196 2609 1250 mercanda
2640 1196 2837 1251 ferens
2868 1201 2923 1250 et
2952 1213 3155 1250 amans
3185 1200 3443 1251 mercata
3474 1196 3707 1250 referre.

426 1288 495 1343 Et
527 1302 820 1357 nusquam
866 1301 1171 1340 remorans
1201 1285 1366 1338 canis
1421 1285 1492 1337 ad
1527 1300 1633 1337 sua
1667 1287 1815 1338 tecta
1846 1283 2091 1351 ferebat,
2204 1285 2312 1338 His
2336 1285 2448 1338 sibi
2480 1283 2793 1355 subjectis,
2825 1301 2958 1354 quae
2989 1285 3351 1355 disponenda
3384 1284 3548 1339 fuere

430 1377 528 1430 Sic
560 1375 831 1429 alimenta
863 1390 1049 1445 sagax
1080 1374 1433 1443 dominoque
1463 1373 1696 1443 sibique
1727 1373 1985 1442 parabat.
2200 1371 2404 1425 Omnia
2428 1373 2706 1442 disponit,
2741 1373 2981 1442 Trojam
3013 1373 3123 1440 ('78)
3147 1373 3265 1427 dux
3295 1375 3423 1440 ipse
3455 1373 3657 1427 revisit

427 1464 698 1518 Esuriem
731 1467 945 1517 tantam
982 1462 1218 1532 quidam
1252 1478 1366 1515 non
1413 1461 1567 1515 ferre
1617 1461 1880 1514 valentes
2141 1473 2148 1479 '
2204 1460 2467 1530 Dumque
2492 1464 2817 1514 moraretur
2842 1460 3114 1531 Trojanaa
3146 1461 3443 1515 mauiibus
3475 1461 3658 1528 urbis,

426 1552 676 1625 Egressi
707 1552 870 1604 cives
903 1551 1093 1604 octavi
1125 1552 1393 1619 tempore
1421 1550 1648 1604 mensis
2202 1548 2434 1602 Nob'ilis
2465 1548 2700 1602 advenit
2732 1548 3101 1602 Lombardus
3134 1549 3395 1603 marchio
3427 1549 3676 1619 quidam,

425 1642 745 1710 lnterrupta
777 1639 910 1693 duci
948 1639 1204 1692 Roberto
1235 1640 1446 1693 moenia
1479 1639 1759 1709 pandunt,
2200 1636 2517 1691 Nobilibus
2548 1637 2748 1706 patriae
2782 1638 2981 1691 multis
3012 1639 3427 1691 comitantibus
3460 1637 3617 1691 illum

423 1730 630 1799 Aptior
651 1729 968 1799 ingressus
1004 1728 1190 1797 potuit
1213 1743 1324 1797 qua
1348 1731 1514 1797 parte
1544 1728 1749 1781 videri.
2199 1726 2327 1779 Axo
2358 1722 2470 1793 ('79)
2504 1728 2750 1779 vocatus
2786 1729 2929 1791 erat,
2985 1742 3187 1781 secum
3218 1726 3457 1781 deduxit
3490 1726 3770 1795 Hugonem

423 1817 657 1871 Terruit
678 1817 823 1869 urbs
853 1815 1115 1868 animum
1150 1815 1406 1868 Roberto
1439 1818 1604 1884 capta
1634 1815 1903 1885 Gisulphi
1932 1831 1946 1884 ;
2123 1805 2166 1865 Β
2197 1813 2489 1867 lllustrem
2521 1815 2716 1865 natum
2743 1830 2756 1882 ;
2779 1814 2948 1869 ducis
2978 1815 3112 1869 huic
3137 1820 3195 1868 ut
3251 1815 3367 1869 filia
3397 1815 3583 1869 detur.

428 1904 787 1958 Conscendit
809 1904 1036 1969 turrim,
1071 1918 1204 1972 quae
1236 1902 1389 1957 facta
1422 1905 1723 1958 cacumine
1757 1904 1970 1958 montis
2198 1901 2395 1973 Exigit
2417 1902 2473 1955 in
2494 1917 2813 1970 sponsam;
2858 1904 3104 1957 comites
3136 1919 3535 1974 proceresque
3566 1906 3765 1967 vocari,

425 1992 744 2046 Praeminet
766 1992 1040 2059 urbanis;
1074 1993 1276 2044 natura
1345 1992 1520 2062 cujus
1550 1996 1605 2046 et
1651 1996 1774 2047 arte
2194 1988 2433 2060 Quaque
2466 1990 2599 2043 facit
2630 2006 2805 2059 super
2837 1990 2929 2044 his
2963 1992 3081 2044 dux
3104 1992 3483 2046 consulturus
3517 1995 3588 2047 ab
3608 1996 3756 2049 urbe.

426 2079 530 2135 Est
564 2080 765 2152 gravis
788 2095 1079 2133 accessus
1105 2102 1116 2141 ι
1142 2095 1254 2132 non
1289 2080 1395 2132 hac
1426 2082 1704 2135 munitior
1730 2098 1862 2135 arce
2202 2078 2424 2132 Horum
2456 2078 2723 2131 consiliis
2758 2079 3001 2133 Roberti
3033 2080 3147 2133 lilia
3172 2085 3303 2134 nato

423 2167 710 2223 Omnibus
734 2168 913 2222 Italiae
948 2167 1299 2237 regionibus
1341 2168 1453 2222 ulla
1488 2169 1738 2224 videtur.
2202 2166 2473 2220 Traditur
2505 2167 2929 2222 Axonistaedas
2962 2184 3032 2222 ex
3057 2185 3217 2223 more
3239 2170 3505 2241 jugales.

425 2256 736 2328 Expugnat
768 2256 978 2309 validis
1010 2256 1305 2310 ltobertus
1338 2256 1564 2311 viribus
1595 2274 1810 2313 arcem.
2204 2254 2274 2307 Ει
2303 2255 2670 2309 convivando
2704 2255 3005 2310 Celebrant
3036 2260 3091 2311 et
3113 2258 3293 2311 multo
3322 2257 3585 2313 ferendo.

424 2348 499 2399 At
527 2345 718 2400 valido
751 2360 882 2397 cum
912 2343 1067 2398 forte
1099 2343 1268 2397 ducis
1301 2346 1549 2414 petraria
1581 2347 1709 2399 saxi
2204 2344 2466 2410 Cunctis,
2500 2345 2763 2415 conjugii
2794 2361 2924 2414 quae
2958 2346 3211 2415 postulat
3251 2347 3417 2413 ordo,
3451 2349 3715 2416 peractis,

428 2433 551 2488 Ictu
585 2433 818 2486 dimissi
849 2432 1131 2502 perculsa
1157 2432 1370 2487 fuisset
1391 2434 1462 2487 ab
1486 2433 1622 2502 alto,
2205 2432 2489 2487 Sollicitat
2521 2434 2765 2487 comites
2788 2434 2908 2487 dux
2951 2437 3007 2487 et
3038 2450 3425 2506 quoscunque
3451 2441 3711 2506 potentes

423 2521 713 2576 Avulsum
745 2520 970 2592 lignum
1006 2522 1245 2575 Roberti
1287 2522 1481 2577 nobile
1510 2528 1718 2593 pectus
2208 2522 2369 2574 Dona
2398 2525 2624 2590 petens,
2660 2522 2773 2575 laeti
2806 2522 3021 2592 quibus
3067 2527 3123 2577 et
3151 2524 3241 2576 vir
3271 2527 3326 2577 et
3354 2541 3504 2580 uxor
3533 2527 3688 2580 abire

424 2609 660 2664 Sauciat
692 2609 928 2677 incauti,
965 2608 1070 2661 sed
1104 2624 1220 2663 non
1253 2614 1383 2677 post
1417 2614 1677 2681 tempore
1710 2613 1888 2671 multo
2210 2611 2415 2665 Donati
2448 2610 2705 2679 valeant;
2736 2625 2843 2664 nec
2862 2611 3015 2664 enim
3054 2628 3219 2680 prius
3250 2613 3587 2683 imperiales

425 2697 761 2751 Auxiliante
794 2697 913 2751 Deo
944 2696 1154 2765 recipit
1185 2714 1319 2752 caro
1339 2700 1482 2753 lmsa
1516 2701 1784 2755 salutem.
2208 2701 2372 2754 Alter
2401 2713 2534 2752 cum
2551 2700 2748 2768 proles
2778 2698 3066 2753 thalamos
3098 2700 3403 2754 Michaelis
3436 2703 3657 2757 adisset
3682 2702 3780 2769 (80)

427 2785 1041 2875 Hedditusincolumis
1060 2790 1249 2859 magis
1266 2789 2101 2875 expugnareGisulphum(7C)
2208 2787 2519 2854 Quodlibet
2542 2787 2824 2840 auxilium
2864 2788 3177 2858 dederant;
3210 2792 3598 2845 communiter
3625 2791 3702 2844 illi

424 2873 686 2943 Nititur;
719 2874 816 2928 ille
849 2892 1016 2931 suam
1049 2878 1343 2932 fortunam
1366 2877 1503 2931 dum
1534 2877 1694 2932 videt
1724 2894 1862 2933 esse
2083 2873 2089 2875 ⁷
2207 2878 2426 2932 Omnes
2458 2876 2781 2943 tristantur,
2815 2876 2985 2946 quasi
3006 2877 3316 2947 vestigalia
3345 2881 3514 2948 posci

423 2963 679 3017 Casibus
710 2968 991 3021 extremis
1026 2967 1299 3037 positam,
1327 2966 1464 3037 quia
1496 2967 1675 3021 multa
1708 2968 1885 3022 saluti
2208 2967 2259 3019 A
2288 2965 2436 3019 duce
2456 2964 2759 3033 mirantes,
2793 2964 2899 3017 sed
2931 2980 3047 3018 non
3070 2965 3307 3019 obstare
3338 2966 3621 3035 valentes,

420 3051 571 3121 Spes
604 3057 748 3120 erat,
782 3054 1033 3111 arbitrio
1067 3072 1206 3111 sese
1238 3056 1408 3110 ducis
1434 3059 1490 3110 et
1520 3072 1626 3111 sua
1662 3056 1837 3111 dedit.
2208 3054 2279 3108 Et
2307 3054 2520 3121 mulos,
2555 3056 2611 3107 et
2641 3067 2845 3122 equos,
2869 3052 3223 3122 diversaque
3258 3070 3503 3109 munera
3552 3055 3807 3126 praebent,

418 3139 558 3195 Orat
576 3141 701 3195 sola
724 3143 839 3197 sibi
872 3144 1116 3200 libertas
1151 3146 1323 3200 detur
1353 3146 1548 3214 eundi,
2133 3146 2177 3204 C
2209 3144 2291 3197 lis
2339 3157 2560 3214 genero
2592 3139 2701 3209 (81)
2734 3141 2963 3195 donans
2993 3141 3216 3195 addens
3248 3159 3378 3207 sua,
3421 3144 3619 3199 classe
3660 3146 3825 3214 parata

420 3229 649 3300 Jusque
672 3230 808 3285 duci
838 3234 1139 3302 proprium
1161 3234 1458 3288 dimittens
1500 3234 1651 3289 liber
1682 3236 1881 3290 abivit.
2207 3232 2296 3285 Ad
2328 3247 2436 3284 sua
2468 3247 2599 3283 eum
2633 3244 2845 3301 magno
2878 3234 3218 3300 patremque
3250 3233 3479 3285 remigit
3503 3233 3733 3287 honore.

418 3317 771 3389 Gregorium
802 3336 1009 3391 papam
1037 3322 1583 3394 spoliatus.honore
1621 3322 1850 3377 Salerni
2207 3318 2530 3374 Normanni
2560 3318 2805 3373 comites
2839 3318 3147 3388 conquesti
3179 3335 3339 3389 saepe
3372 3321 3637 3375 vicissim

419 3407 675 3477 Appetiit
703 3408 975 3477 primum,
1005 3412 1344 3464 venientem
1376 3426 1523 3480 papa
1556 3412 1813 3482 benigne
2207 3410 2258 3462 A
2289 3409 2438 3462 duce
2469 3407 2707 3462 tractari
2739 3423 2804 3461 se
2834 3410 2948 3461 tam
2983 3408 3131 3462 male
3156 3411 3391 3479 tamque
3424 3410 3683 3464 moleste.

420 3494 698 3564 Suscipit,
736 3498 791 3548 et
822 3497 986 3567 regio
1024 3497 1373 3567 Campanica
1402 3500 1651 3553 traditur
1681 3500 1784 3553 illi.
2206 3498 2532 3551 Occuluere
2592 3497 2689 3550 diu
2723 3496 2975 3549 maleﬁdi
3007 3498 3265 3565 pectoris
3297 3497 3441 3550 iram
3475 3499 3587 3565 (8-2)

423 3582 583 3637 Urbe
606 3583 957 3653 triumphata
992 3586 1209 3655 gaudet
1251 3587 1547 3641 Robertus
1581 3591 1638 3642 et
1667 3604 1826 3659 arce,
2206 3586 2465 3639 Tandem
2498 3585 2765 3638 consiliis
2798 3584 3109 3638 Jordanem
3140 3590 3302 3655 patre
3337 3586 3629 3641 Richardo

422 3670 493 3723 Et
520 3686 594 3724 ne
624 3672 925 3740 posterius
959 3673 1072 3727 sibi
1109 3690 1259 3745 gens
1291 3675 1466 3728 infida
1501 3681 1809 3748 repugnet,
2207 3674 2563 3744 Participant
2596 3678 2813 3743 natum,
2849 3676 3053 3743 patruo
3086 3674 3260 3728 simul
3291 3674 3487 3728 omnia
3509 3676 3751 3745 pandunt

422 3758 671 3812 Munivit
700 3774 987 3814 summam
1020 3761 1154 3815 fidis
1210 3764 1560 3819 custodibus
1591 3782 1810 3821 arcem.
2208 3762 2503 3817 Rannulfo
2536 3762 2751 3829 comiti,
2785 3777 3035 3831 quorum
3067 3763 3179 3815 sibi
3213 3765 3572 3818 consociatis

420 3844 703 3900 Inferiore
736 3847 851 3900 situ
881 3848 942 3901 ﬁt
992 3849 1449 3921 inexpugnabile
1478 3857 1759 3923 castrum,
2207 3851 2316 3905 His
2348 3851 2407 3903 hi
2438 3850 2736 3921 praesidiis
2768 3850 2978 3903 Petrus
3011 3854 3065 3903 et
3096 3850 3408 3905 Gofl‘redus
3437 3855 3636 3923 aperta

420 3932 547 3997 Quo
569 3934 681 3987 sibi
715 3934 969 4005 subjecti
1002 3937 1232 3992 valeant
1265 3940 1598 3995 consistere
1628 3943 1756 3996 tuti.
2205 3939 2419 3993 Mentis
2452 3939 2655 3993 fraude
2679 3939 2885 3991 ducem
2914 3954 3147 4008 coepere
3179 3941 3478 3994 lacessere
3512 3941 3699 3995 bellis.

424 4020 585 4075 Urbs
616 4021 762 4076 Latii
792 4036 909 4077 non
944 4029 1036 4079 est
1065 4026 1174 4079 hac
1197 4028 1543 4083 deliciosior
1569 4032 1735 4101 urbe,
2202 4028 2579 4099 Amisszeque
2610 4043 2795 4097 nepos
2826 4030 3005 4081 terrae
3038 4042 3262 4081 memor
3304 4028 3708 4099 Abagelardus
3738 4026 3827 4093 (R3!

423 4109 745 4183 Frugibus,
770 4112 1107 4185 arboribus,
1141 4115 1395 4188 vinoque
1426 4120 1731 4189 redundat,
1766 4124 1822 4175 et
1868 4120 2024 4175 unde
2206 4115 2393 4170 Filius
2428 4116 2822 4170 Unfredi'tolo
2858 4116 3162 4169 conanime
3193 4120 3374 4170 leniat

423 4199 553 4255 Non
612 4200 717 4255 tibi
760 4217 972 4273 poma,
1025 4219 1242 4274 nuces,
1301 4222 1418 4262 non
1468 4208 1714 4278 pulchra
1755 4210 1967 4279 palatia
1996 4211 2094 4265 de-
2203 4204 2489 4281 Infestarc
2523 4205 2752 4273 ducem,
2795 4205 2960 4258 socio
2991 4204 3322 4275 Guidilone,
3357 4222 3623 4261 sororem

1815 4302 1981 4353 sunt:
2202 4292 2310 4347 Cui
2341 4293 2497 4347 dedit
2528 4308 2791 4361 uxorem,
2827 4307 2935 4347 nec
2963 4293 3285 4348 Balduinus
3317 4310 3526 4349 eorum

420 4378 553 4434 Non
601 4380 837 4449 species
893 4380 1200 4438 muliebris
1259 4385 1446 4455 abest,
1509 4388 1888 4458 probitasque
1939 4389 2091 4444 viro-
2204 4382 2399 4436 Defuit
2428 4381 2683 4450 auxiliiS,
2722 4385 2774 4435 et
2803 4382 3005 4454 lingua
3038 4383 3248 4436 doctus
3273 4386 3561 4438 etal‘miS-

1850 4494 2018 4533 rum:
2123 4469 2173 4529 D
2206 4470 2314 4525 His
2347 4486 2546 4525 comes
2580 4471 2872 4525 Henricus
2906 4486 3128 4539 comes,
3163 4476 3217 4525 et
3249 4474 3515 4527 sociatus
3560 4473 3777 4526 Amicus

424 4557 626 4611 Altera
648 4556 947 4626 planitiem
973 4573 1112 4628 pars
1145 4558 1388 4629 obtinet,
1424 4563 1605 4617 altera
1637 4570 1912 4636 montem,
2205 4561 2440 4615 Doctior
2468 4560 2561 4613 his
2588 4560 2787 4614 aderat
2819 4560 3112 4613 Robertus
3144 4561 3215 4614 de
3246 4561 3535 4616 Scabioso
3567 4562 3668 4630 (Si)

419 4644 493 4699 Et
522 4645 917 4715 quodcunque
964 4646 1113 4701 velis
1146 4651 1378 4702 terrave
1424 4651 1643 4707 marive
1677 4634 1984 4709 ministrat.
2204 4649 2398 4703 Monte
2432 4664 2630 4703 comes
2663 4648 2877 4718 dictus,
2910 4648 3170 4703 Goﬂ‘redi
3199 4649 3402 4718 frater,
3439 4654 3495 4704 et
3519 4652 3678 4704 ambo
3718 4634 3727 4647 ’

426 4733 555 4787 Hac
582 4732 873 4803 acquisita
905 4734 1079 4787 simul
1112 4735 1430 4805 acquisivit
1459 4739 1746 4811 Amalﬁn;
2206 4738 2460 4792 Deduxit
2491 4737 2727 4791 rediens
2759 4737 2828 4790 ad
2860 4736 3012 4791 bella
3045 4737 3339 4806 pedestria
3374 4742 3669 4810 promptos
3701 4752 3711 4790 :

634 4944 1888 5039 ΞὶεςξιξέΡ-οδρξιξιὲξῼξρξνὲμενενο,ι;,Τιηκιξε
2016 5031 2025 5039 _
2275 4966 2391 5037 (80)
2438 4965 2746 5022 Michaelis
2791 4966 3019 5022 scilicet
3055 4966 3243 5039 cluere,
3279 4969 3381 5039 qui
3431 4985 3563 5023 cum
3604 4966 3722 5039 tO‘it
3750 4977 3825 5039 re:

492 5014 1411 5111 Rg’eﬂuﬁ:ﬁﬂﬁlphifflﬂi§
1444 5025 1693 5111 7PY§idis
1732 5030 1981 5085 nautica:
2012 5031 2098 5084 in-
2205 5014 2390 5111 85.11%
2439 5014 3018 5107 cmpei'it-Tetﬂanno
3599 5014 3825 5091 amiserit

419 5088 1137 5180 veglgglgffl‘lgfLDi‘gfs‘t’a
1167 5088 1519 5180 .l-u‘stin'ian'i.‘
1541 5095 1731 5180 Lam.‘
2205 5088 2398 5180 aea;
2430 5088 2829 5178 {65561131165
2853 5088 3678 5180 53a;gagaoggaaaiiaa

494 5156 903 5246 $79.11???“
932 5156 1144 5246 ἔιξιιιίει
1178 5162 1322 5246 "ras
1354 5164 1481 5246 fait,
1516 5181 1649 5246 qtae
1682 5169 1837 5246 circa
1877 5189 2096 5246 annum
2207 5156 2395 5246 “Egi;
2417 5156 3175 5235 ἀνέέίξξίιῑη··ι;έιξ,ῖ··υο-ντ-

424 5226 632 5280 salutis
661 5226 819 5295 1016,
852 5245 883 5282 a
931 5226 1222 5301 Gatapano
1258 5226 1552 5290 Basilii'et‘
1578 5238 1953 5296 Constantini

420 5300 576 5349 trum
605 5296 907 5353 Constant.
943 5300 1152 5354 lmner.
1189 5309 1454 5354 extructa
1486 5310 1595 5354 est-
1631 5313 1686 5354 at
1716 5316 1919 5354 ηηςιρη
1954 5316 1970 5354 Α

2272 5226 2388 5354 ςὸξί
2413 5251 2893 5354 praesentis
2910 5256 3100 5305 status
3122 5251 3377 5323 Respub.
3404 5244 3822 5317 mutantur,scri-

451 5309 1152 5384 i‘um_Constant.ntmper.
1189 5309 1454 5360 extructa
1486 5310 1596 5377 est,
1631 5313 1686 5363 et
1716 5316 1922 5380 postea
1946 5316 2100 5384 Apu-
2203 5309 2293 5377 bit
2317 5309 2498 5375 Tacit.
2524 5309 2732 5375 Tim-zu.

422 5366 1126 5463 “azﬁﬁl’liﬂf‘iiLTfﬁ—ﬁiy-
1158 5445 1223 5463 ,η
1248 5461 1259 5463 Α
1582 5366 1594 5377 1
1718 5366 1771 5463 ⁸,
1868 5366 1873 5367 ν
1963 5366 2015 5463 ,ι
2048 5366 2075 5369 ᾖ
2418 5366 2936 5446 ﬁer-tuouflnfredo
2967 5392 3354 5463 Bagelardum
3379 5393 3462 5447 illi
3485 5387 3815 5447 successisse

500 5434 610 5504 (79)
668 5438 1084 5520 Azouemyult
1140 5445 1357 5515 dicere,
1420 5464 1691 5521 magnam
1752 5454 2096 5526 Longobar-
2246 5434 3462 5533 15%;;satiari,"Et“3;x;“§“g;i;;{g;a‘£f
3485 5434 3758 5531 112322;}...
3793 5470 3815 5505 ε

500 5521 559 5575 θ’
593 5509 712 5588 .θί,
754 5508 1013 5588 Ῑλῧυνέθθ
1085 5519 1311 5588 Ρένίθῐη
1377 5521 1692 5588 tenentem.
1742 5540 1775 5578 θ
1821 5542 1938 5588 (tuo
2001 5528 2099 5581 de-
2205 5481 2360 5588 Rob.
2391 5533 2718 5588 Guiseardo
2748 5536 2956 5588 natruo
2985 5533 3195 5587 fuisse.
3230 5534 3394 5588 LEIB.

422 5506 717 5603 9191,33,
754 5508 1063 5603 1113113338“
1085 5519 1311 5603 partem
1344 5506 1692 5600 ’ςθηοῆῑθηιι
1723 5506 1938 5603 _a_qii’o
2001 5528 2099 5581 de-
2206 5506 3394 5603 ἷὶξῦἷὶῑῖιῖὲὲὶἷὲἱὲρᾘιιιῖιῖἐιιῖεεῖξῖέἷεῖ.

422 5577 719 5675 ξείῖιξάυηι
767 5577 1633 5663 Principes'Brunsvicenses,
1678 5577 2096 5655 ἒιθΕὲῐὸηεέἐ.
2210 5577 2719 5674 "tertiam;
2749 5577 3398 5675 ’ἱῑέῑῆὂιίἴέἐέὲδῖὅέὖζ
3458 5607 3508 5659 et
3545 5596 3813 5657 Goffredus

421 5649 596 5711 LEIB.
1621 5649 1632 5663 ’
2210 5649 2456 5736 Hebe/rh
2483 5649 2556 5734 ei:
2584 5691 2795 5737 sorore
2825 5679 3093 5750 nepotes.
3127 5674 3335 5733 Tmen.
