3926 6146
159 319 271 381 1061

153 524 245 578 Orti
272 534 519 593 germana
547 517 769 574 fuerant
801 517 970 571 ducis
994 534 1006 579 ;
1034 517 1120 570 ira
1152 520 1394 587 nepotes

156 608 470 665 Aceendebat
499 606 552 659 in
578 605 732 660 hunc
765 606 994 659 cunctis
1027 610 1316 676 praestare
1351 607 1661 675 volentem,

150 702 325 753 Omnes
354 697 406 750 lii
434 696 652 765 privare
684 694 892 748 ducem
926 698 1211 748 conantur
1241 694 1500 764 honore;

151 787 255 840 llzec
274 783 540 838 dissensio
569 799 682 835 non
712 782 841 835 loca
873 783 1129 835 concutit
1162 781 1387 851 Appula
1418 784 1660 851 tantum,

148 874 236 928 Sed
263 871 498 927 Calabris
526 871 694 925 etiam
717 885 784 923 ac
817 870 1073 923 Lucanis
1106 874 1313 941 regnat
1342 870 1400 922 in
1433 871 1575 934 oris,

152 962 246 1017 Nec
270 976 368 1014 non
385 960 701 1029 Campanis,
737 962 928 1012 metus
958 963 1049 1011 est
1080 959 1314 1012 hostilis
1347 959 1569 1028 ubique

147 1051 410 1103 Lati-onum
436 1046 624 1100 rabies
656 1046 883 1116 passim
913 1046 1253 1114 bacchatur,
1293 1048 1350 1100 et
1378 1062 1585 1100 omnes

148 1140 235 1192 Per
256 1141 428 1207 partes
455 1135 641 1202 Italas,
674 1138 971 1205 raptorum
1005 1135 1171 1204 copia
1203 1135 1410 1204 crevit,

148 1226 194 1278 In
216 1228 384 1293 partes
414 1224 599 1277 varias
633 1224 1023 1277 Normannica
1056 1222 1266 1277 concio
1300 1223 1481 1278 tendit
1513 1240 1524 1277 ε

144 1313 232 1367 Sed
256 1313 495 1383 quamvis
514 1312 715 1366 hostes
746 1316 953 1366 essent
983 1312 1153 1366 ducis
1183 1313 1418 1384 agmine
1450 1314 1674 1384 plures,

145 1401 260 1455 Pars
286 1401 419 1455 bello
448 1401 648 1455 melior
681 1401 940 1456 Roberto
974 1412 1211 1470 semper
1239 1401 1522 1455 adhaeret.

144 1489 378 1543 Redditur
405 1489 540 1543 urbs
573 1491 742 1544 Petro
776 1490 1100 1544 Tranensis
1132 1493 1188 1544 et
1217 1490 1590 1561 Abagelardo
1625 1506 1637 1544 :

140 1576 377 1649 Conjuge,
408 1578 561 1646 prole
592 1578 745 1647 data,
781 1578 939 1632 dedit
965 1579 1319 1649 Argyricius
1353 1578 1562 1632 urbem

139 1665 403 1737 Egregiam
434 1667 580 1735 Bari,
616 1683 793 1738 quam
824 1667 945 1720 dux
975 1667 1350 1721 commiserat
1372 1666 1487 1737 ipsi
1522 1682 1534 1722 :

140 1754 244 1807 Non
270 1758 442 1808 tamen
469 1755 717 1809 urbibns
753 1755 847 1809 his
876 1755 987 1809 hac
1020 1758 1365 1825 tempestate
1397 1755 1639 1810 remotis

135 1843 260 1896 Gens
299 1843 364 1897 ab
409 1859 602 1898 amore
632 1843 803 1897 ducis
842 1844 1126 1898 Juvenaci
1158 1844 1273 1897 fida
1294 1844 1515 1898 recedit
1546 1860 1557 1897 ε

136 1931 401 1986 Unaaimes
432 1936 626 2001 cptant
654 1947 862 2003 parere
891 1932 1143 1987 ﬁdeliter
1171 1932 1272 1986 illi.

132 2019 428 2091 Argyricius
457 2021 563 2075 hos
598 2024 813 2087 monet,
851 2024 910 2075 ut
940 2021 1218 2076 reddatur
1250 2021 1454 2075 Amico

133 2106 260 2161 Urbs
287 2125 383 2162 sua
405 2125 530 2179 quae
551 2108 765 2175 fuerit;
800 2125 976 2180 quam
1005 2110 1058 2163 si
1090 2126 1206 2164 non
1239 2109 1487 2163 reddere
1520 2109 1738 2164 vellent

130 2194 401 2251 Obsidibus
426 2198 574 2251 natis
611 2197 767 2252 hunc
799 2214 865 2252 se
897 2198 1116 2252 donare
1148 2199 1402 2252 minatur

124 2284 162 2335 Α
190 2284 316 2339 duce
344 2286 678 2340 commissis
711 2286 932 2340 dudum
962 2287 1105 2351 sibi;
1138 2302 1255 2340 non
1288 2289 1480 2341 tamen
1511 2286 1594 2340 illi

131 2372 474 2442 Postposuere
505 2375 703 2443 fidem,
738 2379 1068 2444 contempto
1098 2375 1309 2445 prolis,
1343 2390 1562 2445 amore,
1684 2357 1690 2363 ’

127 2460 284 2532 Seque
306 2462 430 2517 duci
457 2464 671 2520 dicunt.
691 2479 934 2518 servare
958 2463 1297 2533 perenniter
1325 2463 1504 2517 illam.

128 2548 260 2604 lianc
287 2551 715 2622 adipiscendam
746 2552 945 2606 multis
975 2553 1226 2621 stipatus
1261 2553 1331 2605 ad
1355 2554 1560 2607 urbem

122 2636 238 2692 Cum
266 2640 410 2694 Petri
443 2641 676 2695 comitis
701 2642 975 2695 comitatu
1011 2641 1168 2694 vadit
1195 2641 1460 2696 Amicus.

122 2725 267 2781 Aﬂ‘uit
293 2729 553 2784 obsessae
587 2730 763 2783 simul
795 2730 1149 2801 Argyricius
1181 2729 1313 2783 urbi

118 2813 233 2867 Cum
258 2818 458 2887 populo
491 2819 647 2886 Bari,
673 2818 871 2885 Traui,
906 2819 1240 2888 pariterque
1272 2818 1508 2872 Glioreti
1541 2820 1654 2890 (85)
1684 2835 1695 2873 :

116 2903 413 2960 Audi-enses
445 2908 619 2961 etiam
652 2922 783 2960 cum
819 2906 1262 2961 Buxiliensibus
1286 2906 1520 2960 adsunt.

118 2990 249 3047 Gens
277 2995 704 3050 Juvenacensis
737 3011 854 3050 non
887 2995 1196 3049 obsidione
1230 2995 1322 3049 vel
1355 2996 1538 3050 armis

115 3079 303 3136 Territa
333 3087 443 3138 stat
466 3085 678 3153 fortis;
711 3084 1028 3139 defendere
1061 3085 1275 3137 mmnia
1307 3087 1490 3152 curat,

116 3167 168 3223 Et
192 3173 336 3241 ponit
364 3174 603 3245 vigiles,
638 3173 876 3228 obsistit
909 3176 965 3228 et
992 3173 1205 3226 acriter
1230 3172 1369 3238 illis,

111 3256 198 3319 Qui
224 3258 358 3314 foris
391 3261 709 3326 insistunt;
734 3260 795 3313 hi
823 3264 1105 3332 pugnant,
1140 3260 1235 3313 illa
1266 3263 1572 3331 repugnat,

104 3343 399 3418 lmpuguata
428 3350 568 3404 licet
598 3351 755 3404 terra
787 3350 1048 3419 marique
1082 3348 1316 3415 fuisset,

104 3434 217 3488 Arte
244 3440 364 3507 capi
390 3439 552 3493 nulla
583 3439 781 3492 valuit.
814 3438 1072 3509 Legatus
1106 3437 1178 3491 ab
1210 3437 1355 3492 urbe

108 3520 250 3579 Forte
277 3526 582 3582 Betontina
612 3528 782 3581 ﬁctos
816 3526 1048 3580 deferre
1073 3524 1318 3596 jubetur

109 3611 402 3680 llumores;
434 3620 627 3685 caute,
661 3614 1028 3669 Guillielmus
1060 3618 1116 3668 at
1146 3613 1519 3668 invenitillos

104 3696 262 3755 Filius
289 3704 534 3774 Yvonis,
571 3704 666 3758 cui
697 3704 812 3757 dux
844 3706 1226 3757 concesserat
1256 3702 1481 3756 urbem.

103 3786 228 3845 Ecce
254 3792 523 3865 Hogerus
556 3793 724 3847 adest
750 3793 991 3846 Roberti
1025 3792 1202 3861 ﬁlius,
1228 3791 1414 3862 inquit

101 3876 345 3948 Nuntius,
380 3886 437 3937 et
461 3882 679 3936 multas
712 3881 973 3951 equitum
1003 3880 1379 3950 peditumque
1409 3882 1678 3934 catervas

98 3962 208 4021 Dux
236 3968 346 4023 sibi
376 3970 684 4024 ducendas
715 3969 1065 4038 dedit;huuc
1082 3982 1437 4038 preparasse
1459 3970 1731 4038 putantes

96 4052 388 4127 Dill‘ugiunt
417 4059 618 4113 cuncti
648 4073 799 4129 quos
834 4058 999 4111 urbis
1031 4056 1104 4110 ad
1133 4056 1502 4110 obsidionem

97 4142 343 4216 Duxerat,
378 4151 439 4202 ut
472 4151 702 4217 captam
734 4147 850 4201 sibi
879 4146 1137 4200 subdere
1170 4147 1361 4215 possit
1393 4144 1656 4199 Amicus.

96 4231 202 4287 Dux
232 4235 360 4290 licet
392 4236 647 4290 audierit
678 4239 757 4290 tot
788 4235 1149 4289 convenisse
1176 4234 1431 4288 rebelles

93 4318 245 4377 Nullo
275 4326 610 4379 concutitur
639 4328 885 4391 terrore,
920 4324 1023 4378 sed
1056 4325 1180 4377 arte
1212 4322 1304 4376 vel
1338 4322 1518 4376 armis

88 4410 279 4466 Omnes
312 4417 654 4484 exsuperat,
691 4413 926 4467 monitis
958 4428 1131 4482 quam
1172 4411 1447 4465 dulcibus
1487 4411 1621 4465 illos

89 4498 287 4567 Allicit;
321 4502 437 4557 hos
470 4503 627 4557 bello
652 4501 912 4568 domitat,
939 4503 1218 4555 versutus
1252 4503 1307 4553 et
1337 4500 1528 4554 audax

573 309 678 371 DE
720 308 1000 373 BEBUS
1045 307 1337 370 GESTIS
1379 306 1821 371 NORMANN.
1869 292 1957 371 IN;
1993 306 2323 382 SICILIA,
2367 308 2547 371 ETC.
2596 341 2674 354 —
2720 307 2879 369 LIB.
2926 309 3015 369 111

1769 3231 1823 3295 G

1767 503 1822 568 Α
1854 518 1962 573 His
1995 520 2305 574 comitatus
2333 520 2471 589 abit,
2507 522 2700 574 tamen
2733 522 2939 590 erogat
2968 521 3099 574 ante
3123 519 3385 590 sequaci,

1851 607 2017 672 Quod
2040 610 2242 678 potuit,
2278 610 2521 678 populo;
2554 612 2828 679 properat
2859 608 3178 679 confligere
3210 610 3411 661 contra

1852 696 2071 751 Omnes
2101 697 2316 752 infidos
2334 717 2346 762 ;
2381 699 2720 751 Juvenacus
2742 696 2857 750 ﬁda
2887 697 3127 765 recepit.

1856 785 2008 840 Hinc
2039 786 2269 857 equites
2302 787 2536 857 aliquot,
2575 803 2687 857 qua
2721 789 2963 839 noverat
2994 783 3431 856 Abagelardum

1852 876 2020 943 Esse,
2055 875 2196 944 petit
2227 875 2477 943 primum
2510 875 2766 928 violento
2798 873 3011 927 robore
3046 874 3282 926 Barum.

1855 963 2137 1018 Barcnsis
2168 964 2422 1033 populus
2454 978 2700 1017 numero
2725 962 3012 1031 conﬁsus,
3045 963 3103 1015 et
3130 960 3264 1031 ejus

1855 1052 2037 1117 Quem
2085 1052 2355 1123 sequitur
2394 1052 2592 1118 ductu,
2641 1050 2810 1105 ducis
2858 1052 3052 1120 utpote
3101 1049 3285 1104 Marte
3320 1049 3516 1102 valen-

3392 1136 3510 1208 [tis,

1850 1231 1992 1285 Cum
2027 1231 2172 1284 duce
2197 1231 2613 1302 congreditur;
2647 1229 2829 1283 lorica
2860 1228 2965 1281 sed
2995 1226 3351 1297 Abagelardi

1850 1319 2107 1390 Cuspide
2136 1319 2478 1389 perfoditur.
2513 1318 2742 1387 Corpus
2773 1316 3047 1387 perfossa
3077 1316 3229 1370 tueri

1852 1408 1983 1462 Non
2012 1409 2164 1462 valet
2196 1408 2430 1477 armati;
2461 1407 2749 1461 bellorum
2775 1404 3016 1459 saucius
3051 1404 3200 1458 ultra

1852 1497 1983 1550 Vim
2014 1497 2278 1567 perferre
2310 1496 2532 1567 nequit,
2566 1512 2671 1549 sua
2696 1510 2846 1562 gens
2880 1493 3032 1564 fugit
3055 1492 3222 1546 urbis
3244 1492 3512 1561 adusque

1848 1585 2082 1655 Moenia,
2121 1585 2419 1639 Roberlus
2452 1584 2815 1639 Juvenacum
2849 1582 3039 1636 victor
3061 1581 3226 1634 adire

1847 1674 1985 1728 Mox
2015 1677 2208 1744 parat;
2261 1674 2397 1727 huic
2441 1675 2713 1743 properat
2743 1670 3066 1741 procedere
3111 1669 3283 1722 turba
3316 1666 3509 1721 fidelis

1845 1763 2050 1817 Obvia.
2080 1760 2224 1826 Quis
2256 1766 2463 1831 posset
2494 1763 2685 1814 tantas
2732 1760 3061 1828 exprimere
3096 1760 3320 1828 grates,

1775 1850 2102 1942 BQuantas
2152 1851 2363 1922 cuique
2409 1850 2647 1904 refert?
2696 1847 2892 1901 laudat
2939 1845 3326 1901 communiter
3380 1859 3508 1898 om-

3357 1930 3510 2003 [nes,

1845 2028 2207 2101 I’ignoribus
2238 2027 2436 2081 charis
2466 2026 2602 2097 quia
2635 2040 3016 2096 praeposuere
3052 2026 3315 2077 tenorem

1851 2118 2172 2173 Promissae
2204 2116 2370 2185 ﬁdei;
2403 2119 2539 2169 tunc
2571 2115 2847 2168 omnibus
2879 2113 3085 2166 oscula
3116 2112 3394 2180 praebens

1851 2207 1937 2260 Ne
1970 2205 2242 2273 timeatis,
2277 2204 2374 2268 ait,
2410 2219 2525 2256 nou
2559 2201 2913 2256 deformabit
2944 2200 3188 2253 Amicus

1849 2293 2176 2359 Quemlibet
2206 2308 2279 2346 ex
2309 2291 2542 2362 pueris;
2576 2290 2731 2343 omni
2763 2289 2899 2359 quia
2930 2287 3187 2358 postulat
3202 2289 3329 2340 arte

1852 2384 1928 2437 Ut
1960 2398 2083 2435 mea
2116 2381 2395 2435 reddatur
2424 2378 2539 2432 sibi
2571 2377 2779 2449 gratia.
2814 2376 3033 2430 Taliter
3064 2374 3144 2426 illi

1854 2471 2194 2541 Respondet
2226 2468 2509 2539 populus;
2540 2470 2635 2520 tua
2661 2480 2770 2520 nos
2796 2468 3086 2534 praecepta
3117 2464 3354 2534 paratos

1849 2560 2035 2614 Crede
2064 2558 2454 2629 sequi;totam
2488 2554 2731 2610 Domino
2763 2553 3125 2608 committere
3158 2566 3359 2605 curam

1851 2649 2155 2716 Natorum,
2192 2646 2326 2717 quia
2358 2645 2552 2698 nullus
2585 2659 2749 2697 amor
2777 2656 3083 2696 removere
3114 2638 3331 2693 valebit

1852 2738 1978 2791 Nos
2010 2737 2081 2791 ab
2104 2736 2310 2789 'amorc
2343 2738 2460 2787 tuo.
2486 2732 2733 2786 Tantum
2765 2734 3034 2785 servator
3062 2727 3282 2782 amoris

1851 2827 1948 2880 Sis
1978 2826 2252 2895 petimus,
2283 2823 2469 2877 nostri
2501 2821 2830 2875 dominator
2859 2822 2914 2874 et
2936 2822 3063 2873 esto
3095 2817 3416 2888 benignus.

1852 2914 2083 2968 Auditis
2116 2913 2316 2983 populi
2343 2911 2621 2981 precibus
2653 2910 2809 2963 favet
2838 2910 2933 2961 ille
2966 2905 3283 2977 precantis.

1853 3004 2039 3057 Annis
2066 3006 2180 3055 tota
2214 3001 2305 3054 sui
2336 3000 2528 3054 tribus
2561 3002 2670 3067 cst,
2694 2996 2978 3052 solvenda
2997 2994 3221 3061 tributi,

1851 3092 2050 3146 Pactio
2082 3090 2303 3145 dimidii
2338 3102 2625 3142 concessa
2656 3085 2993 3156 perenniter
3020 3082 3171 3148 illis;

1855 3180 1961 3233 l-Iis
1992 3180 2068 3232 ita
2098 3176 2365 3231 dimissis
2395 3176 2674 3245 properat
2695 3187 2957 3226 remeare
2989 3169 3334 3235 Salernum;

1851 3269 2000 3321 Dum
2031 3267 2201 3334 redit,
2234 3264 2485 3319 hostiles
2508 3263 2676 3315 vicos
2708 3263 2764 3315 et
2795 3262 2987 3314 castra
3023 3257 3266 3311 subacta

1851 3358 2038 3411 Donat
2070 3353 2374 3418 militibus,
2408 3350 2660 3405 faciebat
2692 3346 2895 3417 praelio
2927 3360 3088 3415 saepe

1851 3444 2118 3499 Diversis
2150 3443 2389 3496 diversa
2420 3440 2590 3493 locis.
2625 3438 2881 3491 Fortuna
2914 3433 3138 3488 favoris

1848 3533 2147 3588 Auxilium
2168 3530 2469 3600 prasbebat
2492 3528 2565 3596 ei,
2596 3526 2710 3595 cui,
2747 3526 2883 3579 dum
2916 3522 3065 3576 male
3098 3520 3212 3575 ﬁda

1850 3621 1960 3691 (87)
1994 3620 2251 3675 Ascolus
2272 3618 2583 3688 appetitur,
2617 3613 2935 3669 certamine
2969 3613 3175 3680 captus
3204 3606 3470 3679 equestri

1851 3711 1956 3765 Est
1984 3709 2329 3773 Balduinus,
2366 3704 2674 3759 castellum
2696 3703 2932 3756 nomine
2959 3700 3167 3753 Vicum

1850 3799 1921 3852 Vi
1953 3799 2137 3868 capit;
2174 3797 2266 3849 hic
2291 3795 2528 3848 Gradilo
2562 3794 2827 3861 privatur
2855 3790 3072 3844 lumine
3101 3790 3329 3857 captus,

1849 3888 2128 3942 Testibus
2159 3885 2424 3946 exuitur;
2458 3882 2563 3936 sed
2596 3880 2921 3933 Balduinus
2953 3878 3172 3931 habere

1848 3975 2080 4029 lllaasos
2101 3976 2265 4026 artus
2287 3969 2659 4040 permittitur,
2693 3967 2852 4020 hunc
2883 3969 3079 4019 tamen
3108 3964 3310 4017 arcent

1849 4061 2100 4115 Carcere
2130 4058 2429 4126 custodes,
2463 4056 2601 4126 quia
2633 4055 2858 4108 faverat
2886 4051 3283 4123 Abagelardo.

1851 4148 2235 4205 Pervenithis
2259 4145 2468 4218 gestis,
2502 4159 2617 4213 quo
2651 4143 2905 4211 caeperat
2934 4142 3040 4206 ire,
3072 4139 3404 4192 Salernum.

1850 4241 1898 4293 A
1927 4238 2181 4294 Jordane
2203 4235 2336 4289 duci
2366 4234 2681 4304 poscentes
2708 4228 2932 4284 foedera
2958 4227 3123 4297 pacis

1848 4327 2080 4381 Adsunt
2106 4323 2323 4395 legati;
2355 4322 2490 4383 dux,
2525 4318 2585 4372 ni
2615 4315 2913 4371 discordia
2945 4312 3184 4381 cesseti,

1848 4415 2157 4484 Dilapsura
2183 4410 2370 4480 brevi,
2406 4423 2537 4479 quae
2570 4405 2817 4476 plurima
2848 4401 3311 4474 praemeditatus,

1844 4501 2179 4569 Commoda,
2214 4499 2425 4571 legatis
2446 4494 2675 4566 placido
2706 4491 3025 4562 respondet
3055 4503 3255 4543 amore
3289 4504 3300 4541 :

88 4585 242 4644 Novit
272 4595 563 4663 utrosque
596 4591 825 4659 modos,
872 4590 1071 4644 adimit
1112 4604 1220 4642 sua
1252 4592 1447 4642 castra
1477 4588 1727 4659 quibus-
1767 4582 1824 4646 D
1846 4592 2120 4645 Inducias
2148 4588 2345 4659 ponit;
2377 4586 2439 4640 ﬁt
2465 4583 2713 4655 sponsio
2746 4580 3179 4651 colloquiorum

1544 4676 1697 4748 [dam
1714 4693 1728 4747 ;

79 4765 355 4828 Quosdam
379 4768 684 4825 blanditiis
718 4769 1033 4822 verborum
1067 4770 1399 4822 commonet
1432 4767 1586 4820 ultro

84 4852 319 4912 Tradere
352 4875 491 4929 quae
522 4861 821 4928 nequeunt
850 4857 1105 4911 violento
1124 4856 1305 4909 Marte
1339 4854 1534 4924 parari

80 4944 169 4996 Six
194 4945 360 5016 juxta
386 4948 641 5001 Bradam
671 4946 920 5001 dimissa
946 4946 1162 4999 flumen
1194 4944 1455 5014 equestri

79 5033 243 5089 tiente
275 5053 387 5089 sua
421 5036 708 5091 Calabras
742 5051 872 5089 cum
905 5037 1067 5104 parte
1096 5033 1398 5102 profectus
1430 5031 1503 5086 ad
1532 5046 1690 5099 oras,

77 5118 137 5176 Et
164 5122 524 5180 Cusentinos
554 5126 665 5195 (86)
697 5124 809 5178 sibi
844 5121 1193 5193 paciﬁcavit,
1218 5124 1274 5176 et
1305 5121 1440 5175 illos

128 5356 235 5423 (80')
266 5355 552 5411 Choritus
584 5356 819 5411 Tusciae
851 5357 942 5409 est
962 5353 1240 5424 Oppidum
1271 5371 1304 5407 a
1334 5353 1571 5408 Goritho
1587 5368 1728 5425 rege

72 5427 339 5491 positum.
375 5428 590 5482 Tmen.

131 5496 240 5569 €786)
301 5500 483 5565 Cosa,
563 5515 668 5569 per
727 5516 777 5551 s.
837 5498 1087 5567 simplex
1160 5500 1257 5549 aut
1314 5497 1670 5569 geminatum
1706 5534 1719 5561 ,

70 5568 204 5622 urbs
271 5574 368 5624 est
438 5571 497 5624 in
560 5569 848 5639 Calabria,
908 5584 1040 5640 quae
1090 5569 1270 5640 hodie,
1328 5568 1557 5640 Cosano
1619 5581 1727 5640 vo-

70 5641 244 5694 catur.
303 5641 523 5697 Cons-.e
571 5637 872 5712 municipii
916 5637 1197 5710 meminit,
1231 5637 1376 5709 (110.,
1410 5637 1514 5694 lib.
1568 5654 1624 5693 ν.
1669 5638 1728 5693 in

1845 4678 2279 4747 Conslituitque
2310 4675 2484 4728 diem.
2519 4670 2728 4741 Legati
2759 4684 2877 4723 non
2907 4667 3037 4722 sine
3069 4681 3282 4736 magna

1846 4768 2072 4821 Laetitia
2106 4766 2369 4832 redeunt,
2404 4761 2538 4832 quia
2560 4763 2677 4814 tam
2709 4759 3013 4829 gratanter
3041 4755 3113 4808 ab
3137 4754 3266 4823 ipso

1844 4855 2117 4926 Suscepti
2144 4855 2393 4921 fuerant,
2428 4853 2483 4904 et
2511 4848 2712 4903 nuntia
2741 4847 2873 4901 laeta
2905 4844 3221 4913 reportant.

1845 4944 1874 4998 J
1885 4943 2092 4998 ordani
2119 4943 2394 5012 placuere
2416 4938 2563 4993 satis
2583 4948 2953 5007 quaecunque
2976 4933 3293 4985 recensent

1846 5033 1999 5086 Hinc
2023 5032 2173 5085 intra
2202 5033 2434 5098 tempus
2456 5027 2822 5081 Juvenacum
2853 5021 3078 5074 mittere
3111 5018 3401 5088 quosdam

1852 5122 1982 5175 Dux
2013 5119 2244 5191 equites
2278 5119 2463 5171 lectos
2494 5126 2845 5185 procurans,
2880 5107 3143 5178 praecipit
3176 5105 3294 5161 illis

1860 5351 2029 5407 Verr.
2056 5351 2265 5403 Tuum.

1914 5406 2031 5489 (87)
2092 5419 2375 5474 Asculum
2436 5414 2761 5489 Ptolomaeo
2803 5410 3015 5489 dicitur
3059 5408 3262 5489 hodie‘
3293 5406 3509 5489 Asculo

1844 5498 1897 5548 et
1920 5478 2059 5547 ‘hm'c
2090 5495 2181 5546 est
2222 5505 2353 5563 quae
2394 5487 2678 5543 Asculum
2726 5482 3058 5537 Satrianum
3102 5480 3361 5536 vocatur.
3414 5478 3505 5532 Τι-

1843 5582 1980 5621 ΚΕΗ.

3359 306 3513 371 4062
3620 286 3625 289 ’
