3926 6146
399 341 556 407 4063

398 541 529 597 Non
551 543 772 600 tantum
799 547 1090 615 prodesse
1111 548 1262 612 suis,
1299 550 1404 603 sed
1434 551 1650 606 obesse
1683 555 1948 609 laborent

397 629 711 704 Hostibus,
746 634 975 706 hosque
1009 637 1177 690 modo
1213 640 1466 707 poterint
1497 657 1850 713 quocunque
1886 646 2058 699 mole-

1858 733 2056 801 (stent.

399 808 510 863 His
540 815 853 882 postquam
876 813 1050 885 longo
1083 817 1213 882 (nec
1245 817 1396 870 enim
1431 818 1522 871 fas
1555 834 1806 890 pergere
1838 825 1997 875 recte

401 898 514 950 His
547 902 690 967 erat)
723 901 1038 954 adveniunt
1064 903 1426 959 Juvenacum
1460 908 1688 960 tramite
1715 909 1868 962 ducti

397 983 660 1040 Callibus
691 988 968 1058 obliquis,
1005 991 1201 1044 aderat
1231 994 1364 1063 quia
1397 995 1684 1063 plurimus
1720 997 1930 1066 hostis,

399 1073 686 1128 Infestare
709 1075 876 1130 ducis
911 1095 1140 1146 coepere
1166 1079 1412 1136 viriliter
1446 1083 1649 1137 hostes
1680 1101 1690 1138 :

395 1159 622 1232 Quique
653 1163 817 1232 prius
849 1165 1006 1218 soliti
1032 1167 1260 1222 fuerant
1293 1170 1514 1225 inferre
1551 1173 1808 1242 rapinas,

396 1247 474 1303 Se
503 1249 742 1304 doluere
772 1253 917 1321 pati;
949 1261 1244 1325 nequeunt
1274 1259 1550 1312 incedere
1580 1263 1706 1314 tuti.

394 1337 675 1392 Jordanis
705 1340 981 1412 princeps
1011 1347 1068 1398 et
1099 1347 1218 1398 dux
1249 1349 1529 1402 studucre
1561 1354 1780 1404 statuto

393 1424 487 1481 Ire
515 1426 608 1481 die
639 1427 924 1499 Samum;
958 1449 1070 1502 pax
1101 1435 1265 1488 firma
1295 1437 1357 1490 lit
1389 1439 1539 1491 inter
1573 1441 1910 1510 utrumque,

395 1513 505 1568 Est
531 1531 664 1570 cum
696 1519 990 1574 Rannulfo
1023 1522 1199 1576 simili
1233 1524 1459 1578 firmata
1491 1530 1725 1596 tenore;

394 1603 562 1659 Alter
590 1608 714 1659 erat
741 1609 986 1676 patruus
1020 1610 1317 1680 Jordanis,
1351 1616 1681 1669 avunculus
1711 1618 1878 1672 alter.

397 1690 508 1746 His
537 1692 616 1747 ita
645 1695 868 1750 sedatis
899 1698 1016 1752 dux
1048 1700 1276 1770 Appula
1306 1708 1499 1757 castra
1528 1706 1792 1775 requirit,

400 1778 473 1834 Et
501 1780 898 1851 Spinaeiolum
929 1786 1062 1856 (88),
1091 1804 1259 1844 muro
1289 1792 1442 1860 quod
1476 1794 1718 1847 Amicus
1741 1799 1796 1848 et
1827 1796 2008 1849 armis

398 1868 688 1924 Munierat
719 1876 1002 1941 castrum,
1035 1891 1151 1946 quo
1174 1892 1291 1931 non
1321 1895 1452 1932 cum
1486 1881 1664 1935 milite
1697 1899 1882 1950 pauco

393 1956 582 2012 Filius
604 1958 738 2029 ejus
771 1967 913 2030 erat,
941 1965 1170 2033 equites
1203 1970 1566 2036 comprendit
1599 1975 1652 2024 et
1673 1987 1898 2040 omnes,

395 2043 586 2099 Filius
617 2050 708 2100 est
735 2049 902 2104 solus
935 2051 1171 2122 fugiens
1200 2055 1438 2125 elapsus
1473 2058 1682 2112 Amici.

394 2132 654 2188 Perdere
683 2136 850 2205 plura
883 2139 1094 2194 timens
1125 2158 1327 2211 pacem
1360 2145 1628 2215 deposcit
1657 2148 1921 2218 Amicus,

397 2220 531 2275 Dux
551 2223 631 2276 illi
663 2225 931 2294 placidus
963 2227 1138 2298 favet,
1174 2231 1604 2306 obsidibusque
1633 2239 1886 2306 receptis

394 2309 680 2365 Laetiﬁcat
711 2320 957 2370 maestos
989 2319 1287 2375 reddendo
1318 2322 1564 2393 pignora
1598 2329 1814 2393 patres,

395 2397 468 2452 Et
496 2399 942 2458 Juvenacenses
977 2405 1272 2462 desistunt
1301 2410 1579 2482 plangere
1623 2418 1874 2468 matres:

398 2486 733 2544 Perterrent
763 2493 1021 2547 tumidos
1054 2495 1434 2561 haectmdera
1461 2500 1610 2554 facta
1638 2509 1886 2573 nepotes

397 2575 641 2630 Roberti
673 2581 926 2650 comitis,
959 2583 1076 2637 dux
1105 2583 1470 2658 Gofi‘ridique
1493 2593 1788 2662 nepotum,

395 2662 530 2718 Non
557 2665 707 2720 mala
739 2671 1000 2737 respexit
1030 2672 1294 2743 tolerata,
1331 2677 1436 2729 sed
1469 2677 1774 2734 immemor
1805 2681 1928 2750 iraa,

395 2753 544 2808 Dum
577 2757 806 2809 veniam
837 2767 1111 2828 poscunt,
1149 2764 1414 2836 indulget
1443 2770 1774 2822 avunculus
1803 2771 1945 2824 illis.

397 2841 508 2896 His
529 2843 680 2898 fisus
710 2847 896 2901 sociis
927 2853 1238 2907 comitatus
1269 2855 1447 2907 milite
1480 2857 1657 2910 multo

394 2929 638 2986 Obsedit
668 2934 882 2989 Barum
912 2955 1090 2992 socer
1111 2942 1457 3012 Argyricius
1483 2944 1664 3016 hujus

393 3016 502 3082 Qui
533 3021 700 3075 solus
730 3039 933 3092 pacem
970 3029 1254 3083 vitaverat
1286 3033 1640 3104 Abagelardi
1676 3051 1687 3089 :

397 3106 553 3162 Urbe
582 3110 789 3168 ducem
818 3117 1042 3188 recipit,
1077 3135 1297 3190 genero
1331 3124 1426 3194 qui
1461 3125 1624 3194 pacis
1659 3130 1712 3179 et
1747 3125 1911 3180 urbis

1737 356 2194 420 GUILLELMI
2236 365 2495 430 APULI

3628 381 3756 444 1064

2093 543 2141 595 Α
2177 561 2407 616 Extorri
2439 564 2592 619 facto
2625 566 2796 621 ducis
2827 570 2919 622 est
2947 571 3252 637 reparatus
3282 572 3480 625 amori.

2173 649 2270 703 Sic
2293 652 2428 721 quia
2461 669 2602 722 pace
2634 655 2804 708 ducis
2838 673 2955 710 non
2985 656 3251 728 fungitur
3279 659 3666 730 Abagelardus

2175 738 2242 790 Et
2275 741 2440 808 patrii
2467 742 2622 810 juris
2645 744 2772 797 loca
2805 744 3048 813 deserit,
3085 749 3141 800 et
3171 746 3500 802 Danaorum

2177 826 2358 880 Exsul
2389 829 2506 882 adit
2538 833 2746 898 terras,
2781 849 2912 885 cum
2945 837 3144 888 rector
3175 835 3374 889 Ateius
3406 835 3515 905 (89)
3544 842 3689 892 esset

2173 914 2432 983 Imperii.
2466 916 2727 971 clemens
2761 919 2914 972 hunc
2947 922 3200 990 suscipit
3229 922 3323 976 ille
3355 923 3619 996 benigne,

2173 1001 2404 1056 Tractat
2434 1003 2777 1074 honoriﬁce,
2813 1009 2908 1062 dat
2942 1009 3150 1074 multa;
3184 1011 3289 1064 sed
3323 1011 3536 1079 invida,
3569 1015 3694 1067 nulli

2173 1091 2424 1146 Parcere
2452 1109 2582 1163 quae
2616 1101 2800 1164 curat,
2832 1096 3132 1166 juveniles
3167 1114 3327 1152 mors
3360 1099 3517 1154 subit
3543 1105 3708 1156 artus.

2171 1179 2396 1250 Quique
2431 1197 2851 1253 regressurum
2884 1201 2950 1238 se
2984 1187 3230 1240 credidit
3261 1203 3398 1241 esse
3431 1193 3721 1258 potentem,

2173 1267 2416 1340 Diversi
2441 1271 2684 1338 generis
2719 1287 2850 1324 cum
2880 1272 3147 1326 fascibus
3181 1279 3354 1344 atque
3388 1275 3702 1346 triumphis,

2174 1354 2354 1408 Exsul
2386 1357 2536 1424 apud
2573 1357 2824 1426 Danaos,
2859 1363 2914 1412 et
2945 1366 3210 1414 mortuus
3243 1366 3334 1416 est
3367 1367 3422 1416 et
3455 1363 3722 1418 humatus.

2171 1443 2300 1496 Dux
2323 1443 2438 1497 sibi
2469 1445 2808 1515 conjunctis
2843 1449 3206 1503 Bai-ensibus
3229 1451 3464 1504 obsidet
3493 1456 3668 1506 auctis

2169 1531 2523 1602 Agminibus
2557 1534 2810 1588 Tranum
2842 1537 3016 1591 Petro
3049 1539 3387 1592 stimulante
3413 1539 3652 1610 rebelle;

2171 1620 2293 1674 Hae
2325 1621 2443 1674 dux
2472 1638 2717 1676 uxorem
2749 1624 2982 1679 dimittit
3013 1628 3072 1678 in
3106 1627 3451 1692 obsidione;

2169 1708 2300 1762 Non
2329 1697 2459 1762 sine
2491 1711 2776 1766 militibus
2809 1713 3008 1766 multis
3043 1715 3184 1782 petit
3216 1715 3346 1784 ipse
3378 1716 3696 1785 Tarentum,

2167 1797 2440 1851 Protinus
2475 1799 2794 1854 obsessum
2825 1805 3094 1872 terraque
3130 1805 3393 1874 marique
3425 1807 3652 1875 recepit.

2083 1927 2138 1978 ,Β
2172 1885 2339 1939 Hunc
2369 1886 2579 1978 positis
2603 1888 2822 1943 castris
2855 1891 3162 1945 castellum
3200 1892 3392 1946 victor
3424 1894 3606 1964 Aneti,

2166 1975 2428 2028 Obsidet.
2463 1976 2602 2029 Inde
2635 1977 2873 2030 Petrum
2907 1979 3179 2033 comitem
3213 1981 3576 2036 miserabilis
3598 1983 3737 2054 angit

2169 2063 2469 2132 Anxietas,
2506 2065 2646 2134 quia
2677 2067 2803 2119 visa
2835 2067 2971 2120 duci
3002 2067 3230 2122 fortuna
3267 2069 3472 2126 favere

2169 2150 2274 2204 Est
2305 2151 2538 2206 inimica
2573 2154 2710 2221 sibi,
2743 2171 2948 2224 pacem
2981 2157 3334 2228 veniamque
3367 2159 3642 2230 requirit:

2171 2240 2298 2292 Dux
2329 2254 2434 2308 per
2463 2240 2714 2312 legatos,
2749 2257 2900 2312 quos
2932 2244 3194 2314 miserat,
3225 2245 3324 2299 ille
3359 2248 3600 2318 relegat,

2171 2328 2244 2382 Ut
2275 2327 2393 2381 sibi
2423 2344 2556 2382 cum
2588 2329 2778 2384 Trano
2811 2332 3117 2386 castellum
3151 2333 3328 2388 donet
3360 2337 3548 2397 Aneti,

2168 2415 2240 2469 Ni
2273 2417 2432 2470 dabit
2461 2417 2575 2470 ista
2608 2417 2722 2472 frui
2754 2435 2870 2473 non
2903 2435 3046 2489 pace
3081 2421 3408 2476 merebitur
3433 2421 3582 2494 ejus.

2174 2504 2452 2559 Vestibus
2482 2505 2720 2562 incultis
2751 2509 2963 2562 Petrus
2997 2512 3088 2562 est
3111 2509 3181 2562 ad
3213 2514 3416 2565 castra
3449 2511 3742 2582 profectus,

2172 2594 2473 2649 Subintrat
2505 2596 2735 2649 veniam
2767 2597 2930 2666 pacis
2963 2613 3095 2652 cum
3126 2597 3354 2653 foedere
3389 2615 3655 2669 poscens,

2167 2683 2458 2738 Custodes
2491 2685 2673 2738 castri
2706 2692 2872 2740 vocat
2903 2688 2955 2738 et
2988 2687 3356 2742 descendere
3381 2687 3567 2759 jussit

2169 2772 2480 2841 Turribus,
2516 2773 2775 2843 liijussi,
2815 2774 3073 2828 Roberto
3109 2775 3325 2830 muenia
3359 2777 3603 2844 tradunt,

2165 2859 2428 2914 Tradidit
2455 2865 2512 2916 et
2541 2863 2818 2931 Tranum,
2855 2862 3025 2915 ducis
3059 2866 3118 2915 ut
3144 2864 3258 2918 sibi
3291 2866 3488 2935 gratia
3511 2865 3686 2934 detur,

2167 2949 2556 3019 Efﬁciturque
2589 2965 2740 3004 suus
2764 2949 3179 3021 jurandojure
3212 2952 3432 3006 fidelis.

2165 3038 2444 3092 Cervices
2479 3038 2704 3108 rigidas
2736 3039 2824 3091 sic
2855 3037 2975 3092 dux
3007 3043 3240 3094 astutus
3263 3044 3322 3094 et
3351 3042 3542 3096 audax

2167 3127 2448 3195 Flectere,
2485 3127 2574 3180 sic
2603 3126 2778 3180 finem
2806 3127 2982 3182 belis
3015 3129 3320 3198 imponere
3347 3132 3530 3185 novit.

1734 3246 1999 3317 Explicit
2041 3246 2200 3301 liber
2239 3247 2475 3302 tertius.

1228 3430 1754 3544 meumr
1827 3437 2231 3547 LIBER
2313 3435 2974 3578 QUARTUS

393 3659 502 3713 His
537 3658 781 3711 Michael
813 3660 922 3729 (90)
957 3660 1090 3714 solii
1122 3661 1386 3732 dejectus
1421 3663 1490 3716 ab
1525 3679 1656 3716 arce
1688 3665 1918 3734 diebus,

391 3747 579 3818 Cujus
612 3749 670 3801 in
699 3749 992 3803 insontem
1026 3751 1352 3805 Romanum
1385 3752 1506 3805 dira
1533 3753 1803 3807 voluntas

393 3837 637 3890 Arserat
663 3837 922 3909 indigne,
959 3840 1123 3893 socio
1155 3841 1268 3894 sibi
1303 3841 1480 3895 fratre
1513 3843 1771 3910 repulso,

393 3924 718 3979 Monachus
751 3929 1025 3982 et'ticitur.
1057 3930 1292 3983 lloberti
1327 3931 1441 3983 tilia
1476 3936 1679 3985 moeret

392 4014 618 4084 Deponi
649 4017 896 4086 socium,
933 4018 1114 4072 miser
1145 4019 1372 4072 cxsulet
1405 4020 1500 4072 illc
1534 4025 1806 4088 coactus;

393 4101 658 4158 Urbibus
690 4107 744 4158 et
774 4107 990 4159 castris
1023 4107 1137 4160 sibi
1171 4108 1629 4178 circumquaque
1654 4109 1939 4174 subactis,

389 4193 619 4262 Appula
649 4194 946 4250 dimittens
977 4196 1104 4250 loca
1127 4196 1245 4250 dux
1277 4203 1441 4266 parat
1474 4199 1564 4250 ire
1595 4199 1926 4252 Salernum.

389 4282 665 4336 Partibus
699 4284 1024 4354 Hesperias,
1059 4301 1232 4355 quem
1267 4287 1575 4339 Bareilena
1605 4289 1911 4354 tremebat,

387 4369 642 4425 Venerat
659 4373 913 4443 insignis
929 4391 1127 4428 comes
1145 4376 1293 4428 hanc
1313 4377 1656 4444 llaymundu
1723 4377 1794 4429 ad
1815 4377 2047 4431 urbem.

390 4459 470 4516 Ut
495 4464 746 4531 nuptura
777 4462 946 4514 ducis
975 4463 1144 4516 detur
1169 4463 1284 4516 sibi
1317 4466 1430 4517 tilia
1464 4481 1722 4534 poscens

390 4549 543 4604 Huic
565 4549 756 4621 major
787 4553 921 4603 natu
941 4555 1182 4620 nuptum
1215 4552 1412 4621 datur;
1447 4554 1624 4607 altera
1660 4554 1859 4622 nupsit

391 4639 654 4713 Egregie
688 4639 884 4694 comiti
907 4640 1268 4694 Francorum
1303 4645 1610 4695 stemmate
1640 4642 1798 4695 claro
1833 4659 1843 4696 :

390 4729 614 4786 Ebalus
649 4729 747 4784 hic
779 4729 991 4791 dictus,
1021 4730 1412 4784 succumbere
1448 4731 1688 4783 nescius
1720 4731 1896 4797 hosti,

390 4819 722 4891 Belligeras
753 4819 915 4872 acies
947 4819 1016 4872 ad
1050 4819 1254 4888 praelia
1286 4819 1503 4872 ducere
1536 4819 1768 4886 doctus,

391 4907 464 4964 Et
493 4909 786 4964 facundus
816 4909 958 4973 erat,
979 4906 1299 4978 linguaque
1333 4923 1625 4977 manuque
1648 4908 1909 4978 vigebat.

393 4997 516 5052 Illis
545 4997 878 5070 Gregorius
909 4997 1020 5067 (91)
1057 4997 1453 5050 Beneventum
1489 5012 1634 5064 papa
1667 4996 1880 5050 diebus

393 5085 679 5152 Advenit;
715 5088 860 5140 urbs
890 5090 1015 5140 erat
1044 5086 1172 5140 haec
1195 5086 1459 5140 Romano
1490 5084 1727 5138 subdita
1745 5101 1931 5154 papa}.

395 5174 584 5242 Atque
617 5175 709 5228 sui
731 5174 924 5245 juris;
956 5175 1092 5246 quia
1123 5175 1242 5228 dux
1271 5173 1586 5227 obsederat
1615 5173 1841 5241 urbem,

467 5330 578 5404 (ἓξ)
607 5331 786 5404 Spina
807 5336 950 5389 urbs
981 5337 1039 5389 in
1071 5335 1265 5404 Italia;
1298 5333 1453 5388 unde
1482 5333 1774 5402 Spinates.
1806 5333 2016 5387 Tmen.

467 5398 582 5475 ea
612 5398 873 5475 ἂῖθξίρεέ

467 5470 579 5540 (90)
612 5471 720 5546 Hic
743 5472 987 5546 Michael
1017 5470 1473 5546 Pa'i-apinaczeus
1509 5475 1849 5542 vocabatur,
1903 5473 2052 5528 Con-

396 5548 572 5618 stant,
606 5543 774 5618 dueae
796 5545 1126 5618 ﬁliuserat,
1157 5543 1257 5618 qui
1289 5547 1532 5616 imperio
1565 5546 1970 5618 dejectusest,
1997 5551 2052 5600 et

391 5617 453 5672 in
489 5616 653 5688 illius
696 5615 1332 5688 locum,Nieeplforus
1371 5615 1712 5673 Botoniates
1762 5615 2050 5670 suffectus

391 5704 546 5745 anno
577 5687 790 5744 salutis
813 5687 968 5741 1081.
996 5687 1160 5742 Line.

461 5761 575 5833 (91)
605 5758 934 5834 Gregorius
965 5758 1068 5813 VII
1089 5773 1358 5814 summus
1379 5760 1444 5816 P.
1469 5759 1662 5817 factus
1683 5763 1776 5816 est
1794 5774 1948 5816 anno
1961 5774 2050 5814 sa-

2091 3675 2135 3728 ω
2165 3667 2353 3738 ίΕὲςιοθ
2385 3681 2532 3735 papa
2560 3665 2720 3734 tulit;
2753 3665 2978 3720 veniam
3015 3665 3311 3720 Robertus
3345 3671 3408 3720 ut
3441 3667 3615 3736 hujus

2164 3755 2439 3826 Impetret
2468 3753 2734 3822 offensae,
2769 3770 2934 3824 papae
2965 3755 3301 3824 properavit
3332 3756 3408 3808 ad
3443 3755 3657 3816 urbem,

2161 3844 2464 3914 Supplieat
2493 3847 2550 3898 et
2576 3843 2827 3913 pedibus
2861 3843 2972 3912 (92)
3003 3843 3151 3897 dans
3183 3845 3390 3897 oscula
3425 3843 3612 3896 Patris

2157 3932 2516 4003 Suscipitur;
2545 3933 2688 3986 tanti
2726 3947 2977 4000 persona
3020 3931 3249 4004 vigoris
3280 3931 3511 3986 honore

2163 4021 2351 4090 Digna
2383 4021 2714 4088 videbatur,
2750 4020 3064 4074 considere
3094 4035 3242 4090 papa
3273 4021 3491 4091 coegit.

2163 4109 2531 4178 Soliloquum
2555 4108 2786 4162 cunctis
2818 4108 3150 4162 astantibus
3183 4107 3318 4160 inde
3346 4106 3588 4162 remotis

2161 4197 2484 4250 Consilium
2516 4200 2759 4250 tenuere
2791 4196 2919 4260 diu;
2945 4199 3066 4250 tum
3099 4211 3246 4265 papa
3275 4196 3489 4250 ﬁdeles

2161 4287 2480 4339 Convocat.
2517 4285 2605 4338 Ex
2661 4301 2826 4354 papae
2859 4288 3153 4338 secretum
3179 4284 3466 4355 jussibus
3498 4283 3692 4336 horum

2162 4375 2472 4442 Panditur;
2505 4374 2716 4427 allatus
2749 4374 2899 4427 liber
2927 4377 3018 4426 est
3049 4373 3531 4444 Evangeliorum.

2167 4463 2293 4516 Dux
2324 4479 2490 4532 papae
2515 4462 2697 4532 jurat,
2733 4462 2908 4515 fuerit
2939 4461 3077 4514 dum
3106 4461 3222 4514 vita
3254 4464 3554 4532 supestes,

2163 4551 2625 4605 Obscrvaturum
2655 4550 2788 4604 fidei
2818 4565 2884 4604 se
2911 4551 3052 4620 jura
3080 4551 3362 4619 perennis

2163 4639 2452 4694 Ecclesiae
2483 4641 2723 4707 sancta),
2759 4641 2916 4692 totus
2940 4639 3035 4692 cui
3065 4637 3338 4709 subjacet
3369 4637 3533 4692 orbis
3565 4652 3576 4690 :

2170 4729 2416 4782 Romani
2446 4727 2617 4799 regni
2645 4727 2762 4781 sibi
2791 4728 3143 4797 promisisse
3177 4743 3456 4781 coronam

2170 4817 2322 4886 Papa
2355 4817 2670 4886 ferebatur,
2703 4817 2837 4887 quia
2868 4832 2970 4870 rex
3007 4816 3304 4870 Henricus
3335 4813 3449 4885 (93)
3481 4815 3550 4868 ab
3581 4812 3669 4866 illo

2169 4906 2488 4959 Damnatus
2518 4905 2709 4959 fuerat
2737 4909 2977 4975 propter
3007 4906 3326 4959 commissa
3354 4901 3618 4958 nefandis

2089 4993 2139 5048 D
2173 4993 2549 5048 Accumulata
2581 4994 2802 5063 modis;
2836 5009 2941 5047 nee
2970 4994 3126 5048 enim
3163 4993 3502 5047 venundare
3532 4989 3740 5043 sanctas

2170 5083 2509 5155 Ecclesiae;
2512 5083 2758 5152 veritus,
2793 5097 3142 5152 perversum
3176 5082 3388 5153 dogma
3421 5078 3638 5134 colebat

2167 5172 2425 5227 Simonis
2456 5175 2512 5227 et
2542 5172 2764 5227 nullum
2787 5170 3038 5225 donabat
3067 5170 3384 5240 pontiﬁcali
3416 5167 3527 5237 (94)

2165 5333 2266 5386 lut.
2308 5333 2460 5386 1073.
2494 5333 2706 5387 TIREM.

2235 5404 2346 5471 (9'2)
2387 5404 2563 5456 Deest
2585 5403 2796 5456 sancti.
2831 5403 2992 5455 Lam.

2234 5470 2346 5550 (ἓᾷ)
2389 5475 2683 5550 Henricus
2706 5474 2779 5526 lV'
2815 5474 3217 5550 ltoman,_rex.
3240 5470 3461 5550 Titinii.

2234 5540 2348 5615 (94)
2386 5545 2649 5600 Simonia
2667 5561 2906 5598 causam
2925 5540 3370 5615 deditdissidiis
3394 5553 3530 5615 quae
3557 5540 3769 5615 pinnata

2160 5599 2682 5689 irnt‘erCregorium
2715 5631 2924 5686 papam
2957 5617 3015 5669 et
3044 5612 3363 5668 Henricum
3389 5599 3525 5679 imp.
3553 5599 3764 5660 fuerunt.

2159 5688 2371 5742 TIREM.
