3926 6146
160 224 297 291 1065
639 222 749 282 DE
770 222 1049 287 REBUS
1095 222 1385 284 GESTIS
1421 223 1856 297 NORMANN.
1890 224 1977 291 1N
2007 224 2337 303 SICILIA,
2364 227 2543 290 ETC.
2581 264 2654 274 —
2689 232 2845 294 LIB.
2881 235 2991 294 IV.
3360 240 3519 317 ιοεβ

136 418 386 484 Culmina,
419 420 628 486 preter
659 433 761 471 eos
801 419 900 488 qui
923 420 1176 473 maxima
1208 420 1358 473 dona
1380 420 1677 474 tulissent.
1778 408 1835 470 Ᾱ
1868 421 2087 475 Hostes
2117 422 2365 493 imperii,
2398 425 2767 480 Basilachius
2798 431 2970 498 atque
3014 431 3265 487 Brienus
3297 433 3444 506 (100)

135 508 370 560 Incestus
407 506 575 558 etiam
604 508 829 574 turpes,
859 509 913 560 et
958 510 1126 577 turpe
1160 509 1361 561 subire
1541 581 1547 587 ἡ
1864 509 2139 580 Insignes
2165 510 2379 581 Graeci,
2413 511 2586 567 bellis
2626 516 2955 587 Opibusque
2986 522 3273 590 potentes,

133 597 306 648 Ausus
332 593 671 647 adulterium
701 593 833 663 (95),
872 595 1048 647 vitam
1080 595 1331 649 ducebat
1362 581 1641 667 iniquam,
1867 596 1994 650 Hoc
2026 598 2174 651 duce
2205 603 2343 653 sunt
2372 599 2528 671 victi,
2563 581 2772 658 victori
2802 581 3271 677 cessit-uterque,
3296 625 3308 663 :

132 681 453 752 Sacrilegus,
488 681 777 750 moechus,
813 683 1111 736 consortia
1136 684 1291 737 nulla
1325 685 1661 754 proborum,
1864 685 2013 739 Nam
2043 687 2157 740 sibi
2188 703 2303 740 non
2331 688 2507 759 longe
2528 690 2667 743 dum
2690 693 3149 763 congrederetur
3166 696 3238 750 ab
3261 698 3408 753 urbe

130 769 225 823 Sed
252 769 472 839 reprobi
501 771 690 822 enatus
721 769 967 839 collegia
1001 785 1238 840 semper
1267 772 1514 826 amabat.
1864 773 2143 828 Bellando
2175 775 2367 829 victus
2415 778 2585 848 cedit,
2623 780 2967 851 capiturque
2995 781 3266 838 Brienus.

130 855 221 909 His
247 856 392 910 vitiis
422 856 608 909 virtus
641 858 827 910 sancti
850 858 1143 911 contraria
1170 874 1337 928 papse
1864 860 2069 915 Victus
2100 863 2347 916 Alexina
2380 866 2564 919 cessit
2592 866 2966 922 Basilachius
2997 886 3132 923 arce
3157 886 3171 940 ;

127 944 383 1014 Gregorii,
414 959 598 1015 regno
629 944 1086 1016 deponijudicat
1113 946 1277 1000 illum
1310 962 1322 1001 :
1860 949 2027 1002 Alter
2055 950 2113 1002 in
2145 950 2385 1005 alterius
2417 968 2808 1024 congressum
2840 957 2977 1009 dum
3006 967 3369 1029 prepararet,

127 1030 420 1085 Saxonibus
451 1033 683 1086 mandat
720 1034 1019 1101 perhiberi
1049 1051 1156 1089 rex
1177 1035 1331 1103 apud
1364 1035 1530 1105 ipsos
1859 1035 2132 1089 Proxima
2164 1041 2357 1092 castra
2397 1039 2489 1093 die
2535 1042 2777 1095 cedente
2808 1043 3078 1098 locantur
3108 1047 3403 1119 utrinque,

128 1120 333 1173 Desinat
360 1120 626 1187 ulterius,
651 1121 791 1175 totis
824 1124 879 1175 et
898 1123 1130 1176 viribus
1154 1124 1422 1177 obstent:
1860 1124 2045 1178 Nocte
2067 1124 2268 1196 fugam
2287 1127 2549 1196 prudens
2564 1130 2862 1184 simulavit
2884 1131 3132 1186 Alexius
3163 1134 3262 1189 illa

125 1207 440 1278 Accitosque
482 1207 666 1262 duces
717 1208 1107 1281 Guelfumque
1158 1211 1484 1281 ducemque
1518 1211 1743 1265 Rodul-
1856 1211 2383 1284 Castrisdimissis,
2407 1231 2598 1286 neque
2620 1222 2737 1271 tota
2757 1222 2977 1273 remota
2996 1221 3265 1290 supellex

1469 1298 1669 1371 [phum
1858 1300 2007 1371 Ejus
2035 1304 2176 1370 erat,
2193 1303 2459 1371 quaedam
2481 1306 2726 1358 tentoria
2745 1306 2858 1359 ﬁxa
2891 1307 3220 1362 manebant.

120 1384 391 1451 Admonet,
427 1385 686 1440 Henrico
715 1387 874 1441 Petri
913 1403 1019 1456 pro
1048 1390 1211 1457 parte
1244 1388 1527 1442 resistant
1858 1388 2000 1442 Haec
2031 1388 2278 1443 dimissa
2308 1389 2485 1461 fugae,
2506 1391 2910 1463 jumentaque,
2942 1395 3072 1449 luce
3104 1398 3375 1467 sequenti

120 1470 177 1524 Et
203 1472 365 1540 Pauli,
398 1473 599 1528 Simon
630 1474 848 1544 quibus
880 1475 1288 1530 insurrexerat
1321 1477 1488 1530 alter.
1852 1475 2115 1531 Eﬂ‘ecere
2134 1477 2328 1545 ﬁdem,
2355 1479 2688 1549 castrisque
2710 1481 2917 1534 relicta
2947 1483 3261 1552 suppellex

119 1558 245 1614 Esse
272 1562 571 1630 putabatur
604 1578 895 1617 concessa
925 1580 1143 1618 corona
1180 1564 1432 1618 Rodulfo
1466 1564 1599 1633 (96).
1848 1563 2064 1618 Contra
2095 1580 2162 1619 se
2191 1565 2383 1619 nullos
2408 1566 2508 1620 ubi
2536 1567 2912 1622 viditadesse
2941 1575 3181 1638 paratus

117 1647 163 1701 Is
189 1649 289 1701 sibi
319 1649 649 1705 Saxonibus
684 1652 863 1705 multo
887 1667 1018 1706 eum
1053 1652 1235 1706 milite
1261 1652 1487 1723 junctis
1849 1652 2096 1707 Hostilis
2122 1652 2281 1721 belli,
2319 1655 2533 1709 castris
2552 1656 2681 1709 sine
2709 1659 2882 1725 gente
2922 1658 3147 1712 relictis

117 1735 296 1789 Indixit
320 1738 530 1792 bellum
562 1755 729 1810 papae
769 1740 1127 1793 venerabilis
1160 1740 1337 1830 hosti,
1766 1766 1820 1830 Β
1845 1740 2317 1830 Circumquaque
2349 1743 2478 1795 suis
2512 1743 2881 1797 Basilachius
2904 1745 3148 1814 imperat
3178 1748 3285 1817 ire,

118 1824 172 1879 Et
197 1827 430 1896 populus
460 1829 587 1898 regi
622 1828 892 1883 damnato
926 1830 1141 1883 multus
1191 1829 1453 1882 adhaeret
1766 1824 1815 1830 ”
1844 1829 1904 1883 Si
1936 1845 2086 1899 quos
2108 1830 2408 1897 excipiunt
2428 1830 2500 1883 ab
2524 1831 2695 1900 equis
2720 1832 2812 1884 vel
2847 1838 3022 1903 gente
3045 1836 3351 1906 tumultus,

112 1913 203 1965 Jus
228 1916 438 1983 patrum
471 1916 749 1968 recolens
781 1916 1074 1987 aliumque
1104 1918 1382 1971 inducere
1415 1916 1626 1970 nolens
1843 1918 1920 1971 Ut
1945 1917 2061 1970 sibi
2102 1917 2421 1970 notitieent.
2461 1918 2786 1971 Mussantis
2827 1921 2990 1974 nullo
3023 1923 3287 1978 cohortis

113 1999 382 2055 Haeredem
413 2017 597 2073 regno
626 2019 639 2071 ;
672 2019 857 2073 grave
890 2005 951 2057 ﬁt
981 2008 1278 2059 certamen
1311 2006 1588 2075 utrinque
1841 2005 1991 2074 Vox,
2028 2006 2224 2059 nullus
2250 2006 2433 2073 potuit
2464 2021 2651 2059 sonus
2682 2010 2780 2060 aut
2809 2007 3072 2063 hinnitus
3105 2026 3396 2083 equorum

112 2088 240 2141 Dura
268 2091 490 2160 quidem
522 2107 677 2161 gens
708 2095 826 2155 est,
864 2096 920 2145 et
949 2092 1158 2146 cedere
1189 2093 1392 2145 nescia
1423 2092 1657 2163 magnis
1838 2092 2088 2161 Audiri;
2119 2098 2319 2163 sperat
2341 2093 2714 2149 Basilachius
2737 2097 2927 2148 omnia
2953 2100 3075 2151 tuta

107 2176 292 2230 Ictibus
321 2178 466 2232 inter
496 2194 564 2233 se
592 2198 604 2244 ;
641 2179 778 2233 hinc
825 2180 1187 2251 Lotharingi,
1222 2180 1488 2234 Saxones
1519 2180 1655 2234 inde
1837 2181 2028 2252 Atque
2058 2182 2186 2235 suis
2218 2181 2447 2235 hostem
2476 2198 2581 2252 pro
2613 2184 2842 2237 viribus
2873 2187 3320 2254 expavefactum

106 2263 345 2319 Certatim
374 2266 611 2335 feriunt,
642 2268 885 2322 alternis
917 2268 1161 2322 vulnera
1192 2269 1443 2322 reddunt
1836 2267 2033 2321 Credit
2063 2268 2266 2321 inesse
2296 2268 2495 2339 fugam
2522 2285 2535 2325 :
2583 2273 2906 2324 caenantem
2939 2275 3176 2342 crapula
3215 2291 3424 2335 somno

106 2349 426 2406 Vulneribus
449 2371 460 2408 :
489 2358 606 2407 stat
628 2356 880 2425 quisque
908 2356 1153 2409 studens
1177 2355 1413 2410 obstare
1431 2355 1718 2427 vicissim,
1845 2356 2167 2427 Aggravat,
2194 2359 2249 2409 et
2272 2356 2485 2409 castris
2505 2372 2656 2427 gens
2678 2360 2793 2411 tota
2810 2359 3251 2429 quietajacebat
3274 2380 3286 2425 ;

104 2436 161 2491 Et
184 2440 546 2507 perhibentur
577 2442 657 2497 ibi
687 2443 926 2514 triginta
956 2460 1112 2497 caesa
1136 2445 1400 2498 virorum
1834 2443 2099 2498 Callibus
2129 2444 2377 2497 occultis
2405 2444 2689 2498 advectus
2724 2445 2971 2500 Alexius
3002 2447 3206 2503 hostes

103 2524 271 2595 Millia,
298 2529 397 2583 sed
437 2534 646 2585 neutro
677 2532 891 2601 populo
918 2532 1161 2585 cedente
1194 2532 1543 2602 Rodulphus
1834 2531 2174 2600 Irrumpens
2202 2532 2397 2585 subito
2428 2533 2743 2602 perterruit
2769 2550 2782 2602 ;
2830 2534 2945 2604 his,
2980 2536 3113 2606 quia
3156 2538 3350 2591 noctis

100 2612 308 2687 Occidit,
340 2621 393 2670 et
423 2617 629 2673 fessus
660 2620 912 2689 populus
944 2619 1159 2673 defecit
1190 2624 1455 2691 uterque.
1832 2618 2156 2674 Obstabant
2186 2621 2464 2687 tenebrae,
2506 2636 2799 2691 nusquam
2830 2623 2960 2676 loca
2984 2626 3103 2677 tuta
3133 2625 3409 2694 patebant
3436 2641 3449 2681 :

99 2699 160 2755 Se
182 2706 334 2772 quasi
361 2707 647 2761 victorem
679 2711 953 2777 percepta
984 2712 1169 2762 morte
1202 2709 1495 2777 Rodulpbi
1832 2708 1983 2776 Spes
2019 2709 2110 2781 est
2135 2706 2295 2760 nulla
2328 2707 2484 2780 fugae
2511 2727 2525 2774 ;
2559 2709 2868 2779 capiuntur
2895 2713 2952 2764 et
2981 2712 3414 2769 interimuntur.

97 2786 334 2846 Gaudeas
364 2794 682 2863 Henricus,
710 2811 886 2865 quem
919 2797 1087 2867 regni
1117 2797 1514 2868 depositorem
1830 2795 1939 2848 His
1970 2811 2152 2864 sopor
2178 2798 2235 2849 et
2264 2796 2386 2849 vini
2417 2797 2657 2850 dederat
2688 2798 2965 2853 violentia
2997 2800 3175 2854 multa

94 2876 313 2933 Noverat
339 2897 474 2936 esse
505 2883 624 2951 sui,
664 2900 872 2954 papam
905 2885 1184 2939 infestare
1219 2886 1460 2947 laborat,
1825 2883 2183 2953 Segnitiem;
2217 2898 2325 2937 nec
2355 2885 2517 2939 abire
2548 2885 2741 2940 valent
2770 2903 2878 2941 nec
2918 2888 2990 2942 ad
3020 2904 3179 2942 arma
3212 2890 3447 2945 reverti.

93 2965 298 3021 Romam
330 2970 695 3026 obsessurus
728 2988 940 3043 magna
974 2989 1106 3026 cum
1138 2978 1313 3045 gente
1347 2976 1555 3030 venire
1824 2971 2072 3025 Lumine
2102 2971 2368 3041 privatus
2402 2973 2774 3027 Basilachius
2806 2977 2862 3027 et
2893 2975 2995 3031 tibi
3027 2980 3234 3045 captus

92 3052 299 3122 Nititur;
333 3058 442 3112 hoc
471 3060 740 3137 prudens
773 3064 1069 3129 comperto
1101 3077 1249 3131 papa
1284 3063 1547 3118 favorem
1738 3102 1792 3171 ο
1825 3059 2100 3129 Legatur,
2128 3058 2272 3111 nihil
2305 3059 2433 3129 ipse
2463 3059 2673 3114 videns
2704 3060 3066 3131 Nicophore,
3095 3063 3407 3135 videndus,

92 3140 228 3171 Γήπνιι
258 3143 464 3171 ιηιη..-
493 3148 659 3171 .ι.-..;-
718 3153 1023 3171 -.---.-....-ι
1056 3152 1114 3171 --ι
1145 3149 1269 3171 :_._--
1302 3150 1387 3171 1_L
1410 3167 1427 3171 Α
1459 3152 1485 3171 .2
1825 3146 2072 3171 1..--..:-
2110 3147 2278 3171 ...-:.-..
2311 3151 2770 3171 ........,..-...........-ι
2803 3164 2933 3171 ----
2965 3150 3204 3171 ..-ι-ιι;-

88 3140 232 3196 Curat
258 3143 466 3201 habere
488 3148 682 3217 ducis,
716 3153 1026 3203 succurrat
1056 3152 1117 3202 ut
1145 3149 1272 3218 ipse
1302 3150 1489 3205 labori
1738 3140 1792 3171 ν
1823 3146 2075 3216 Imperio
2106 3147 2280 3217 cujus
2311 3151 2774 3217 praesumpserat
2798 3164 2936 3203 esse
2965 3150 3226 3204 rebellis.

89 3227 441 3302 Promptusad
464 3251 626 3289 arma
649 3251 759 3289 suo
782 3235 1091 3306 (9'7),vires
1115 3242 1171 3291 et
1188 3238 1698 3312 deprimathostis,
1818 3236 2096 3306 Impiger,
2124 3240 2179 3290 et
2210 3238 2416 3288 cautus
2447 3236 2534 3289 sic
2564 3237 2752 3289 victor
2778 3236 3025 3291 Alexius
3052 3237 3257 3293 hostes

87 3315 229 3372 Pacis
256 3326 548 3392 perpetua
583 3324 900 3379 Beneventi
928 3325 1150 3379 fuadere
1178 3330 1348 3395 pacto
1816 3324 2051 3394 Imperii
2081 3323 2298 3377 multos
2329 3322 2510 3377 armis
2561 3326 2863 3394 superavit
2891 3327 2949 3378 et
2976 3330 3119 3379 arte.

86 3401 371 3475 Gregorius
404 3411 650 3466 Romam
683 3414 985 3482 remeavit,
1020 3413 1255 3483 duxque
1288 3412 1596 3470 Salernum
1819 3413 1952 3466 Dux
1977 3412 2233 3465 transire
2264 3410 2472 3465 volens
2520 3426 2703 3481 mare,
2736 3413 3003 3483 praecipit
3033 3430 3189 3467 arma
3218 3415 3435 3488 parari,

88 3488 205 3560 Hac,
234 3496 515 3569 Matthiae,
550 3499 656 3553 tibi
685 3501 1014 3555 construxit
1052 3501 1112 3555 in
1141 3502 1293 3555 urbe
1324 3502 1558 3558 decoris
1817 3500 2218 3571 Militibusque
2252 3499 2380 3553 suis
2411 3514 2478 3553 se
2506 3500 2920 3568 praestolentur
2949 3500 3237 3571 Hydronti

87 3576 371 3640 Ecclesium
404 3588 558 3657 miri,
593 3588 707 3643 sibi
748 3590 967 3644 nobilis
996 3590 1129 3644 aula
1157 3593 1415 3660 paratur.
1815 3589 2087 3659 Imperat,
2124 3588 2307 3657 aptari
2356 3603 2540 3642 naves
2572 3588 2730 3656 facit,
2765 3588 2893 3659 ipse
2924 3588 3155 3644 Salerni

86 3666 317 3727 Dedecus
339 3674 560 3730 illatum
592 3692 812 3748 genero
833 3676 943 3748 (98)
970 3678 1236 3748 prolique
1269 3679 1524 3748 repulsae
1816 3677 2092 3748 Undique
2123 3676 2276 3730 dona
2306 3678 2515 3746 petens
2545 3680 2602 3730 et
2632 3676 3039 3748 supplementa
3083 3682 3364 3741 moratur.

83 3754 300 3816 Sedibus
338 3766 631 3837 augustis,
668 3782 785 3820 non
816 3765 1207 3820 sollicitudine
1238 3782 1417 3836 parva
1814 3765 1945 3818 Huc
1975 3764 2115 3818 illuc
2146 3765 2346 3834 apices
2378 3780 2495 3818 non
2524 3780 2774 3819 cessans
2804 3767 3055 3836 mittere,
3089 3783 3295 3825 secum

82 3843 177 3899 Cor
199 3848 355 3905 ducis
384 3854 687 3919 accendit;
717 3856 922 3926 gravis
954 3856 1082 3909 haec
1103 3855 1321 3927 injuria
1354 3859 1555 3915 multis
1815 3852 2083 3907 Νανίδιιε
2116 3852 2356 3904 armatis
2387 3851 2536 3905 ﬁdas
2575 3856 2772 3907 monet
2802 3853 2887 3907 ire
2919 3855 3236 3926 οοὶιονιθε;

83 3929 208 4018 Esse
235 3938 539 3997 videbatur
566 3943 754 4011 ducis,
796 3944 946 3998 hanc
975 3943 1274 3999 desiderat
1303 3947 1487 4002 ultum
1815 3940 2117 3993 Insolitum
2150 3939 2348 3991 multis
2378 3936 2491 3992 iter
2535 3939 2676 3993 illud
2708 3943 2765 3993 et
2793 3956 2930 3994 arce
2960 3940 3117 4012 [aere
3138 3943 3186 4015 ‘3]
3217 3944 3467 4018 videtur,

84 4017 364 4081 Ire.Senex
394 4030 634 4100 quidam
657 4032 826 4103 regni
852 4032 1229 4102 Nicophorus
1253 4034 1370 4103 (99)
1401 4035 1665 4094 habenas
1811 4027 2121 4096 Ριδεθοὶριιθ
2152 4025 2370 4096 quibus
2401 4040 2621 4079 uxores
2652 4030 2708 4091 et
2726 4028 2978 4099 pignora
3008 4030 3183 4084 Chara

82 4106 385 4181 Sumpserat
413 4118 668 4190 ignavus
700 4120 852 4175 bello
879 4136 893 4190 ;
925 4124 1118 4175 tamen
1150 4123 1462 4193 ingeniosa
1814 4115 2077 4169 Militiam
2126 4115 2317 4181 talem,
2363 4113 2469 4166 sed
2503 4114 2684 4167 verba
2715 4115 2992 4168 minantia
3022 4117 3256 4183 blandis

84 4194 242 4254 Mente
279 4219 480 4275 sagax,
517 4212 720 4261 contra
754 4208 966 4263 furtiva
998 4211 1258 4279 pericula
1290 4216 1521 4284 cautus,
1812 4206 1875 4259 In
1896 4203 2167 4258 domibus
2196 4202 2461 4270 fuerant;
2488 4217 2603 4255 non
2632 4217 2910 4256 exercere
2940 4204 3221 4259 volebant

82 4280 306 4371 Imbellis
336 4298 603 4348 metuens
634 4295 947 4366 plusquam
977 4298 1327 4353 metuendus
1358 4280 1624 4357 habetur.
1813 4295 1945 4349 Dux
1974 4292 2219 4360 addens,
2253 4290 2532 4359 precibus
2561 4292 2779 4345 multos
2808 4306 3129 4361 properare
3159 4294 3375 4371 coegit,

83 4370 268 4431 Militiae
296 4380 571 4453 princeps
600 4387 894 4438 sustentat
918 4385 1163 4442 Alexius
1194 4387 1377 4456 illum,
1732 4438 1787 4456 _
1811 4381 2179 4437 Conveniunt
2225 4393 2461 4448 omnes,
2495 4378 2650 4431 sicut
2678 4378 2983 4434 mandatur
3016 4380 3322 4453 Hydronti,

83 4461 254 4519 Astuta
276 4438 519 4525 ratione.
536 4471 746 4542 vigens
777 4477 832 4527 et
862 4477 1142 4530 strenuus
1172 4438 1377 4545 armis:
1731 4438 1792 4509 ι)
1814 4469 2166 4525 Dalmaticas
2194 4483 2378 4521 naves
2411 4467 2573 4521 oneri
2606 4466 2724 4520 dux
2754 4467 2919 4538 eligit
2939 4472 3126 4539 aptas,

81 4546 290 4610 Pectore
319 4557 517 4612 clarus
548 4563 692 4629 erat,
725 4561 1021 4633 clarisque
1055 4566 1403 4633 parentibus
1434 4569 1621 4624 ortus.
1814 4559 2047 4614 Auxilio
2080 4558 2196 4612 sibi
2226 4572 2375 4628 quas
2408 4571 2559 4628 gens
2576 4556 2817 4610 miserat
2845 4557 2942 4611 illa
2972 4559 3184 4628 petitas
3212 4574 3225 4614 :

82 4637 252 4695 Annos
280 4645 388 4699 iste
418 4663 546 4701 suae
575 4649 779 4717 plures
811 4651 1000 4705 aetatis
1030 4652 1102 4706 ab
1130 4653 1261 4722 ipso
1811 4648 1935 4701 Has
1967 4647 2147 4701 armis
2180 4651 2234 4700 et
2264 4644 2434 4718 equis
2466 4646 2821 4716 sumptuque
2853 4645 3118 4719 virisque
3138 4649 3394 4718 repletas

83 4722 223 4783 Flore
242 4732 567 4802 juventutis
598 4738 880 4808 primaevo
912 4739 1075 4794 duxit
1098 4741 1159 4794 in
1189 4742 1390 4797 armis.
1817 4736 1905 4789 Ad
1952 4734 2214 4790 Corifum
2260 4733 2407 4804 (101)
2451 4733 2642 4803 mittit,
2694 4734 2821 4789 haec
2852 4734 3045 4791 insnla
3088 4751 3204 4791 non
3258 4737 3466 4806 procul

82 4810 130 4865 Si
154 4819 278 4886 quid
306 4824 610 4893 Oportebat
640 4825 768 4879 tieri
797 4841 998 4896 grave,
1033 4843 1152 4882 non
1182 4828 1483 4886 dubitabat
3230 4823 3397 4897 [ω’Ῐ)ο

82 4897 298 4972 Imperio
324 4915 528 4967 sancto
561 4912 677 4966 sibi
707 4914 1085 4986 praecipiente
1115 4917 1339 4971 subire.
1820 4913 2006 4968 Distat
2037 4911 2401 4984 Hydrontina
2430 4912 2607 4982 (102),
2632 4912 2879 4982 placidis
2910 4913 3271 4984 spirantibus
3302 4913 3467 4970 auris

102 5155 109 5164 '
136 5086 235 5169 (95)
252 5093 539 5172 Henricus
562 5098 850 5168 Agnetcm
863 5099 1272 5172 admonentem
1293 5102 1431 5172 quid
1454 5117 1585 5157 cum
1609 5118 1652 5157 r4

654 5100 850 5153 ’netcm
863 5099 1272 5172 admonentem
1293 5102 1431 5172 quid
1454 5117 1585 5157 cum
1609 5118 1700 5158 re-
1812 5100 1969 5158 1084.
1994 5100 2204 5172 Tmen.

83 5154 420 5252 [igjeuehﬁeri
452 5154 679 5252 oport‘e‘t
720 5170 878 5252 omni
912 5154 1429 5252 administratione:
1452 5154 1696 5252 depulit,
2022 5168 2293 5252 L‘i'ichaeli
2324 5168 2756 5252 Duc'aa..LinaN.
3036 5240 3048 5252 ι
3120 5239 3195 5252 η.

81 5239 237 5312 Catiline
265 5236 507 5312 Bomam
529 5239 793 5312 profecta
828 5256 944 5312 non
978 5242 1074 5294 diu
1108 5244 1453 5312 supervixit.
1488 5236 1697 5298 Tinam.
1879 5236 1993 5311 (99)
2033 5240 2408 5312 Nigcepborus
2441 5240 2795 5312 Botoniates
2826 5252 2940 5312 qua
2964 5240 3089 5293 arte
3120 5239 3468 5296 Michaelem

137 5300 235 5382 (96)
265 5300 549 5382 Rodult'us
581 5309 812 5382 S_u_eviae
835 5311 953 5364 dux
976 5300 1275 5368 consensu
1306 5314 1520 5369 ducum
1537 5317 1595 5369 et
1624 5316 1703 5369 le-
1808 5300 2156 5382 ab‘im'perio
2186 5300 2503 5379 dejecerat,
2538 5310 2610 5364 ab
2640 5300 3155 5365 Alerio'Comneno
3183 5312 3469 5380 depulsus

82 5375 345 5488 galerum,
378 5380 476 5448 qui
510 5380 569 5434 in
618 5379 907 5434 Forchein
957 5390 1380 5453 convenerant,
1416 5387 1473 5440 in
1504 5386 1698 5440 locum
1810 5387 1919 5439 est.
1952 5375 2161 5437 Tinam.
2259 5375 2276 5379 ⁷
2493 5375 2497 5377 ν

126 5445 310 5488 emt-ini
355 5451 518 5488 τις»υηί
556 5451 717 5488 tihvln
748 5452 979 5488 cnnlinH
1014 5453 1296 5488 summum
1339 5460 1426 5488 nat
1484 5456 1673 5488 Τπ-υ..
1881 5454 2027 5488 IAN“
2056 5449 2535 5488 Dninnnauirhﬂn
2573 5449 2754 5488 Διρνίἰ
2788 5451 2843 5488 vi

126 5449 311 5525 agri-ci
333 5451 521 5525 _regni
556 5451 717 5525 titulo
748 5452 983 5525 spoliati
1013 5453 1298 5510 suﬂ'ectus
1339 5449 1449 5511 est.
1484 5456 1693 5511 Tmen.
1881 5454 2027 5525 (100)
2056 5449 2535 5525 ΒιδὶθΑιιιιε-νίιςιῄιιιθ
2564 5449 2759 5525 ᾼΙθιξί
2788 5451 2981 5508 victus
3011 5455 3123 5509 est.
3145 5453 3357 5510 Tim.

136 5512 1701 5598 (9.7,).Robei7tusGuiseﬁomamingressusGrcgorium
1879 5512 2026 5598 (101)
2057 5522 2275 5598 Corfou
2304 5520 2500 5598 hodie,
2533 5520 2979 5598 olim__Cor_cyra.
3010 5525 3176 5598 Lina.

136 5528 1701 5598 t8!)HobertusGuise.RomamingressusGrcgorium
1902 5528 2026 5595 101)
2057 5528 2275 5579 Corfou
2305 5528 2500 5592 hodie,
2533 5528 2671 5575 olim
2700 5528 2979 5595 Corcyra.
3010 5528 3176 5581 LIEB.

80 5583 254 5644 Dontif.
290 5603 422 5647 arce
451 5592 725 5649 eductum
756 5593 1046 5649 Laterano
1074 5598 1330 5653 restituit
1357 5612 1509 5652 anno
1540 5597 1694 5655 salut
1878 5528 2026 5672 (102)
2056 5593 2425 5667 Hydruntum
2444 5634 2461 5666 ,
2492 5607 2603 5651 seu
2633 5593 2766 5653 aliis
2804 5595 3045 5669 Hydrus
3091 5596 3241 5654 urbs
3279 5597 3375 5655 est
3403 5594 3465 5652 in

675 5681 913 5742 PATROL
941 5682 1193 5743 CXLIX.
3152 5684 3225 5742 34
