3926 6146
421 223 578 289 1067

398 425 528 479 Huc
555 424 669 477 cito
702 421 1017 485 transitur;
1042 419 1313 475 dimissis
1343 420 1596 473 navibus
1617 419 1775 472 illam

397 513 630 567 Acriter
669 509 954 563 invadunt
983 510 1213 579 equites
1245 508 1437 577 ducis,
1475 512 1649 577 atque
1682 507 1952 560 timorem

398 600 687 655 Omnibus
719 597 1007 651 incutiunt
1037 597 1136 666 qui
1168 597 1625 665 circumquaque
1669 595 1988 648 morantur.

406 687 605 759 Regni
636 685 778 739 sede
812 700 996 736 senex
1028 685 1133 736 hac
1169 686 1513 753 tempestate
1546 682 1825 750 repulsus

400 775 734 829 Praedictus
768 773 975 836 fuerat,
1009 772 1256 825 bellator
1286 771 1531 823 Alexius
1564 768 1710 838 (103)
1741 769 1906 822 illum

404 862 642 932 Expulit
670 862 880 926 iratus,
916 860 1052 928 quia
1082 875 1196 912 non
1229 858 1445 929 injuria
1477 856 1676 910 fratris

406 951 661 1020 Propter
691 963 823 1001 eum
853 946 1099 999 dimissa
1133 946 1256 1009 fuit,
1293 947 1393 1017 qui
1424 945 1651 998 viribus
1682 944 1845 997 auxit

412 1035 727 1106 Imperium
761 1035 928 1102 totis,
963 1037 1043 1086 tot
1075 1037 1281 1087 nactus
1315 1034 1385 1086 ab
1418 1034 1588 1086 hoste
1620 1031 1950 1101 trimnphos
1987 1047 1998 1084 :

416 1124 700 1178 Omnibus
732 1121 963 1190 imperii
985 1121 1323 1191 legionibus
1347 1122 1484 1173 huic
1526 1121 1798 1173 comitato

415 1210 724 1266 Praasidiis
758 1224 943 1262 vacua
975 1210 1165 1263 facilis
1197 1210 1364 1262 labor
1393 1210 1540 1263 urbe
1572 1213 1802 1277 reperta

417 1299 526 1353 Est
555 1314 840 1367 superare
881 1312 1105 1365 senem,
1140 1298 1200 1350 ﬁt
1230 1298 1557 1350 monachus
1591 1297 1686 1349 ille
1718 1298 1957 1349 coactus
1992 1310 2006 1361 ;

411 1386 817 1457 Depraedanda
848 1386 1039 1439 tribus
1064 1386 1235 1438 datur
1253 1386 1399 1438 urbs
1424 1386 1631 1438 invasa
1665 1384 1876 1438 diebus
1900 1382 2068 1451 (104),

411 1476 541 1529 Dux
577 1474 793 1544 quibus
824 1475 1164 1543 exstiterat;
1197 1474 1470 1527 manibus
1487 1488 1723 1543 quoque
1756 1474 1960 1526 sancta
1974 1486 2072 1525 ne-

1787 1557 2003 1630 [fandis

415 1651 666 1706 Atroces
696 1667 804 1719 per
834 1665 900 1703 se
931 1650 1060 1703 loca
1100 1665 1217 1703 non
1248 1650 1469 1702 violare
1502 1652 1781 1703 verentur
1812 1664 1823 1701 :

414 1738 588 1792 Ducit
614 1737 859 1791 Alexius
891 1738 1025 1805 hos,
1064 1738 1253 1807 magis
1279 1742 1340 1790 ut
1367 1738 1641 1790 timeatur
1671 1738 1741 1791 ad
1776 1738 2001 1803 urbem,

419 1825 655 1895 Imperii
684 1826 950 1895 regimen
981 1824 1155 1877 bellis
1184 1824 1434 1878 bellator
1465 1825 1712 1893 adeptus
1750 1840 1762 1878 :

424 1913 668 1967 Roberti
699 1912 913 1983 genitae
944 1927 1061 1965 non
1095 1928 1337 1979 parvum
1368 1912 1622 1965 blandus
1654 1912 1938 1966 honorem

423 1999 694 2066 Exhibet,
730 2000 993 2053 audierat
1015 2015 1189 2069 quem
1222 2000 1372 2053 velle
1404 2000 1627 2068 venire,
1663 2000 1939 2053 laborans

424 2088 743 2142 Pacificare
774 2087 1004 2156 ducem,
1041 2103 1155 2157 quo
1189 2087 1277 2140 sic
1317 2092 1585 2141 avertere
1616 2091 1870 2141 mentem

422 2177 638 2230 Posset
668 2175 741 2228 ab
774 2175 1082 2244 incoeptis;
1132 2175 1237 2228 sed
1268 2191 1437 2229 mens
1478 2176 1647 2229 ducis
1679 2176 1860 2229 ardua
1893 2174 2085 2229 nescit

425 2262 650 2317 Cedere
681 2264 1005 2332 proposito,
1040 2263 1272 2316 modico
1302 2266 1628 2317 remoratus
1663 2262 1948 2332 Hydronti

425 2351 736 2419 Tempore,
769 2351 1121 2418 praestolans
1150 2351 1463 2404 adventum
1494 2352 1771 2423 conjugis
1804 2353 1974 2420 atque

425 2437 742 2491 Multorum
765 2438 1060 2506 comitum,
1094 2454 1245 2508 quos
1277 2443 1519 2492 noverat
1548 2440 1676 2508 ipse
1708 2438 1940 2492 futuros

428 2524 583 2579 Esse
615 2525 728 2579 vim
758 2525 978 2579 socios.
1014 2526 1292 2580 Mentitus
1325 2542 1391 2579 se
1422 2526 1765 2580 Michaelem

429 2613 689 2666 Venerat
718 2628 752 2665 a
774 2613 991 2666 Danais
1034 2614 1269 2684 quidam
1302 2615 1580 2668 seductor
1609 2614 1679 2668 ad
1710 2614 1873 2668 illum

431 2700 727 2755 Immerito
756 2704 985 2771 raptum
1011 2702 1115 2772 jus
1147 2702 1448 2772 imperiale
1488 2718 1834 2772 reposcens,

430 2786 506 2844 Se
536 2788 855 2861 profugum
882 2790 1254 2861 lacrymans:
1288 2791 1702 2861 laerymantem
1740 2791 1862 2844 dux
1890 2792 1946 2842 et
1974 2788 2084 2842 ho-

1825 2877 2015 2950 [neste

430 2963 690 3035 Suscipit
721 2968 777 3018 et
804 2967 1035 3035 tractat,
1068 2965 1417 3037 placidoque
1450 2964 1654 3021 favore
1693 2965 2016 3037 benignum

1739 219 2192 285 GUILLELMI
2222 217 2500 282 APULI.

3615 220 3743 283 1%8

2086 405 2131 467 Α
2166 416 2298 486 Ipse
2329 414 2545 484 quibus
2572 416 2852 483 praelatus
2886 416 3028 483 erat,
3064 415 3450 485 dignissimus
3486 417 3695 485 hmres,’

2168 503 2286 556 Iste
2316 503 2501 571 patris
2533 503 2675 556 tanti
2714 504 3082 572 patruelibus
3111 506 3283 573 atque
3317 505 3561 573 paternis

2171 590 2440 643 Moribus
2474 594 2737 658 ornatus,
2773 594 3005 660 quantae
3040 592 3188 645 foret
3218 591 3451 657 indolis,
3483 592 3600 661 ipso

2178 678 2485 731 Primaevae
2520 679 2678 731 cultu
2706 679 2945 732 virtutis
2976 679 3369 751 signiﬁcabat.

2177 766 2286 819 Jus
2318 767 2621 835 proprium
2654 767 2800 819 Latii
2831 767 3031 835 totius,
3066 770 3119 819 et
3148 767 3375 836 Appula
3406 784 3633 838 quaeque

2176 854 2321 907 Cum
2338 854 2606 907 Calabris
2637 854 2854 908 Siculis
2884 853 3154 908 loca'dux
3167 855 3261 909 dat
3288 856 3547 909 habenda
3560 856 3773 927 Rogero.

2180 942 2440 995 Roberto
2474 943 2669 996 comiti
2701 942 3081 996 committitur
3118 946 3291 1013 atque
3332 942 3607 1007 Girardo;

2178 1027 2342 1081 Alter
2371 1027 2550 1084 fratre
2582 1034 2769 1099 satus,
2804 1030 3133 1083 fidissimus
3163 1031 3311 1083 alter
3341 1034 3556 1085 amator

2177 1115 2252 1169 Et
2281 1116 2517 1171 virtutis
2548 1134 2751 1172 amans
2784 1121 2909 1173 erat
2938 1121 2996 1171 et
3025 1118 3334 1187 probitatis
3358 1120 3610 1188 uterque.

2179 1202 2306 1257 Hos
2338 1208 2507 1275 rogat
2532 1210 2593 1259 ut
2622 1223 2790 1276 papae
2823 1206 3051 1274 solatia,
3085 1207 3135 1259 si
3158 1221 3271 1275 qua
3301 1205 3589 1273 valebunt,

2181 1290 2314 1344 Non
2344 1292 2623 1347 adhibere
2654 1296 2890 1365 negent.
2922 1294 3089 1358 Quod
3120 1297 3379 1363 coeperat
3401 1294 3526 1363 ipse
3557 1292 3729 1347 subire

2184 1380 2554 1434 Acceleravit
2584 1382 2713 1451 iter,
2746 1382 2947 1436 decies
2971 1384 3027 1435 et
3059 1382 3317 1452 quinque
3350 1380 3619 1434 Liburnis

2187 1467 2364 1521 Adria
2395 1468 2680 1539 sulcatur,
2712 1470 2888 1524 Coriti
2920 1469 3112 1523 tremit
3131 1469 3325 1522 insula
3344 1468 3489 1522 tanti

2186 1556 2480 1626 Principis
2513 1573 2801 1612 accessus
2832 1558 3021 1613 electo
3055 1559 3235 1611 milite
3267 1556 3418 1610 fulti.

2186 1643 2309 1712 Illa,
2344 1646 2764 1715 Botrontinam,
2795 1663 2965 1717 gens,
2996 1664 3128 1718 qum
3176 1647 3599 1716 praecesserat,
3630 1643 3793 1697 urbem

2112 1735 2133 1793 ξ
2189 1732 2469 1803 Ceperat;
2504 1734 2639 1788 hinc
2675 1735 2851 1789 Coriﬁ
2886 1735 3220 1807 genialibus
3249 1734 3395 1788 urbs
3419 1746 3745 1803 operumque

2190 1822 2444 1876 Praedita
2474 1823 2795 1893 praesidiis,
2830 1824 2888 1876 in
2922 1823 3215 1876 deditione
3251 1822 3493 1891 recepit,

2190 1910 2635 1980 Obsidibusque
2666 1910 2838 1975 datis,
2874 1910 3031 1964 vehit
3056 1911 3245 1964 insula
3295 1912 3414 1964 tota
3442 1908 3703 1961 tributum

2192 1997 2525 2051 Bunditiam
2555 2001 2746 2051 nautae
2778 1999 2833 2050 vi
2867 2004 3093 2067 captam
3123 1999 3552 2068 depopulantur
3583 2012 3593 2048 :

2193 2086 2423 2156 Magnae
2456 2086 2669 2140 mentis
2700 2101 2884 2157 eques
2910 2087 3285 2140 Boamundus
3311 2086 3477 2138 filius
3498 2084 3637 2136 alter

2193 2173 2303 2238 Qui
2328 2172 2544 2239 fuerat,
2577 2174 2762 2244 prima
2795 2179 2965 2228 natus
2998 2176 3068 2228 de
3100 2174 3376 2245 conjuge,
3413 2171 3636 2226 cunctis

2195 2263 2243 2318 Α
2274 2263 2422 2316 duce
2455 2263 2723 2316 deductis
2754 2263 3013 2333 equitum
3050 2263 3428 2333 peditumque
3460 2256 3700 2313 catervis

2195 2350 2415 2404 Militiae
2445 2350 2721 2420 princeps
2742 2352 3125 2421 praeponitur,
3150 2350 3398 2420 imperat
3428 2351 3579 2418 ipse,

2196 2438 2272 2491 Ut
2300 2438 2551 2506 populus
2581 2441 2737 2493 totus
2763 2439 2959 2508 jussis
2993 2440 3354 2509 obtemperet
3384 2436 3605 2507 hujus;

2197 2526 2583 2596 Dyrrachium
2601 2526 2748 2596 (106)
2770 2531 2935 2596 pater
2964 2528 3120 2595 hinc,
3142 2530 3199 2580 et
3229 2526 3385 2579 filius
3418 2523 3652 2578 obsidet
3669 2519 3812 2583 illinc;

2196 2614 2526 2669 Obsessum
2559 2630 2843 2683 superare
2876 2616 3021 2669 mari
3050 2618 3321 2684 terraque
3351 2612 3639 2667 laborant.

2200 2703 2483 2757 Hortatus
2516 2702 2704 2757 fuerat
2726 2703 2853 2774 jam
2882 2719 3042 2773 saepe
3072 2704 3367 2773 Georgius
3399 2702 3543 2755 illuc

2199 2791 2551 2844 Accelerare
2584 2791 2814 2859 ducem,
2840 2791 2977 2862 quia
3006 2791 3106 2862 qui
3150 2790 3537 2844 commiserat
3566 2787 3768 2839 urbem.

2198 2878 2479 2931 Audierat
2510 2877 2643 2931 solii
2674 2878 3078 2948 Nicophorum
3108 2878 3250 2931 sede
3289 2875 3621 2945 repulsum.

2199 2964 2315 3019 Sed
2346 2965 2516 3019 ducis
2547 2965 2756 3019 aestivo
2789 2981 3091 3035 perpessaa
3129 2968 3395 3035 tempore
3425 2978 3616 3017 naves

430 3052 683 3107 Exhibet
700 3053 1579 3127 obsequium,populusquoque
1603 3053 1879 3108 credulus
1894 3053 2086 3107 omnis
2116 3074 2165 3135 ο
2200 3052 2589 3124 Naufragium
2636 3054 2957 3123 impediere
2990 3054 3163 3121 viam,
3198 3053 3454 3122 navique
3490 3046 3773 3122 procellis,

429 3141 805 3213 Assurgebat
834 3141 889 3195 ei
921 3141 1067 3195 flexa
1098 3142 1328 3197 cervice
1360 3142 1626 3197 salutans
1652 3160 1666 3208 ;

432 3228 602 3283 Hunc
643 3229 933 3282 adhibens
967 3230 1195 3284 socium
1225 3231 1343 3284 sibi
1386 3232 1524 3299 dux,
1558 3233 1619 3285 ut
1640 3231 1861 3301 justior
1890 3233 2052 3283 esset

428 3315 623 3371 Causa
651 3316 785 3386 viae,
821 3332 1025 3371 secum
1066 3318 1201 3370 dum
1250 3317 1610 3385 transfretat,
1645 3318 1772 3386 ipse
1802 3317 2049 3386 reducit,

430 3404 583 3459 Ante
613 3406 807 3458 tamen
835 3405 1009 3473 paulo
1040 3420 1214 3474 quam
1244 3408 1525 3474 transeat,
1577 3405 1910 3459 accelerare

430 3492 602 3545 Hunc
632 3491 795 3561 regis
828 3492 1095 3544 mandata
1127 3495 1380 3561 monent,
1405 3508 1579 3564 quem
1609 3509 1756 3563 papa
1786 3496 2016 3547 notarat

432 3579 641 3649 Regno
672 3578 892 3648 privari
922 3594 1197 3649 censens,
1232 3584 1293 3635 ut
1324 3580 1589 3635 conferat
1619 3582 1701 3635 illi

430 3665 732 3719 Auxilium
761 3668 962 3719 contra
991 3684 1199 3737 papam
1230 3670 1602 3741 tumidosque
1633 3670 1907 3740 quirites,

428 3753 540 3819 Qui
569 3752 708 3807 facti
739 3752 969 3808 fuerant
1000 3771 1116 3809 non
1147 3772 1279 3810 cum
1308 3758 1532 3812 ratione
1563 3757 1822 3811 rebelles
1857 3773 1869 3810 :

432 3842 719 3910 Tempore
751 3857 855 3894 rex
900 3843 1146 3896 Romam
1175 3845 1421 3899 veniens
1452 3845 1601 3915 (105)
1643 3844 1959 3900 obsederat
1989 3842 2088 3896 illo

431 3928 565 3982 Dux
594 3944 927 3999 quanquam
957 3930 1169 4001 placidi
1200 3932 1432 3987 dederit
1461 3948 1752 4002 responsa
1782 3931 2003 3985 favoris
2036 3945 2048 3984 :

430 4017 639 4088 Legati
668 4018 914 4072 redeunt
942 4019 1071 4073 sine
1102 4020 1363 4090 quolibet
1396 4020 1812 4075 emolumento.

432 4104 719 4177 Gregorio
758 4122 925 4175 papae
949 4107 1041 4160 cui
1072 4123 1219 4177 pura
1248 4112 1441 4162 mente
1474 4109 1709 4162 favebat

430 4194 633 4248 Omnia
665 4194 942 4263 notificat,
969 4195 1448 4249 damnatinuntia
1479 4196 1661 4268 regis,

429 4281 624 4353 Seque
653 4281 866 4337 fatetur
897 4284 1009 4335 iter
1036 4283 1369 4337 nullatenus
1403 4283 1543 4337 illud
1585 4284 1794 4353 inisse,

427 4369 759 4424 Adventum
786 4370 1063 4423 hostilem
1092 4386 1467 4439 praenoscere
1514 4372 1565 4425 si
1599 4372 1893 4426 valuisset
1931 4390 1941 4428 :

427 4456 545 4511 Sed
567 4458 703 4527 quia
733 4457 857 4526 jam
885 4460 1077 4511 tantos
1109 4460 1503 4527 compleverat
1556 4460 1686 4528 ipse
1718 4464 1980 4531 paratus,

428 4546 480 4599 A
510 4546 686 4599 tantis
725 4560 792 4599 se
822 4560 1005 4613 posse
1037 4548 1213 4615 negat
1243 4545 1536 4600 desistere
1568 4549 1797 4617 emptis.

429 4633 681 4687 Advenit
709 4634 932 4686 interea
963 4633 1198 4704 conjux,
1236 4635 1599 4705 comitesque
1631 4638 1821 4707 rogati

430 4721 753 4793 Egregiam
786 4721 1053 4775 sobolem
1076 4722 1254 4776 multo
1287 4726 1587 4792 spectante
1620 4726 1921 4796 Rogerum

430 4809 706 4865 Accersit
734 4808 971 4880 populo,
1005 4810 1352 4880 cunctisque
1380 4811 1719 4867 videntibus
1748 4814 1911 4867 illum

432 4898 746 4954 Haaredem
779 4897 1002 4966 statuit,
1052 4899 1340 4967 praeponit
1380 4901 1435 4953 et
1458 4901 1730 4955 omnibus
1763 4901 1945 4972 illum,

429 5066 697 5187 Calabria
715 5067 787 5121 ad
809 5066 1036 5121 Ionium
1057 5081 1381 5138 mare,quae
1402 5066 1578 5124 hodie
1599 5068 1814 5123 dicitur
1829 5072 2087 5126 Otranto.

481 5152 641 5187 IREH.

481 5152 641 5192 IREH.

502 5206 647 5277 ς103)
681 5208 925 5262 Alexius
956 5208 1355 5277 Nicephorum
1385 5213 1440 5261 et
1470 5209 1738 5266 libertate
1770 5214 1826 5267 et
1857 5213 2091 5266 civitate

432 5274 793 5350 privavit,_et
823 5295 948 5330 eam
984 5274 1174 5333 triduo
1209 5279 1451 5333 Alexius
1487 5298 1557 5335 ex
1606 5286 1775 5350 pacto
1807 5283 2090 5335 militibus

444 5342 830 5404 diripiendam
863 5352 1182 5403 concessit.
1216 5351 1425 5404 Tmen.

504 5411 651 5492 (104)
708 5415 949 5492 Alexius
997 5420 1354 5492 Commenus
1412 5422 1722 5492 imperium
1782 5424 2084 5478 Constant.

435 5483 683 5554 adeptus
715 5488 807 5537 est
840 5502 989 5540 anno
1014 5490 1222 5543 salutis
1258 5490 1411 5545 1085.
1451 5483 1610 5546 Lixus.

501 5554 650 5628 (105)
685 5554 1066 5610 HenricusIV
1084 5561 1325 5617 Roman.
1350 5578 1455 5619 rex
1483 5565 1555 5619 de
1583 5580 1700 5636 quo
1733 5579 1890 5635 sup.,
1922 5580 2090 5635 supe-

2198 3142 2258 3194 In
2290 3157 2405 3211 qua
2434 3141 2552 3195 dux
2583 3142 2801 3205 aderat,
2834 3141 3285 3196 vehementibus
3316 3141 3587 3212 undique
3619 3138 3795 3199 fracta,

2201 3229 2313 3283 Vix
2342 3230 2627 3284 evadendi
2657 3229 2764 3283 fuit
2788 3231 3083 3299 impertita
3113 3231 3382 3283 facultas.

2202 3318 2388 3371 Delati
2417 3334 2602 3387 panes
2632 3333 2739 3387 pro
2771 3318 3126 3388 corporibus
3157 3317 3505 3372 recreandis

2199 3405 2438 3460 Perfusi
2465 3405 2685 3476 pluviis
2717 3406 2777 3459 in
2808 3406 2995 3461 frusta
3025 3408 3312 3474 teruntur,
3346 3409 3404 3459 et
3434 3404 3618 3459 undis

2202 3494 2420 3547 Littore
2434 3493 2716 3563 projectis
2747 3494 2887 3548 olidi
2910 3494 3279 3549 cumulantur
3309 3494 3533 3547 acervi.

2202 3582 2332 3636 Dux
2362 3582 2629 3635 tristatur
2660 3582 2770 3635 iter
2796 3582 3006 3653 peragi
3037 3598 3153 3636 non
3181 3596 3365 3652 posse
3395 3585 3687 3651 paratum.

2203 3669 2376 3724 Aeris
2397 3672 2570 3739 atque
2596 3670 2776 3723 maris
2808 3686 2926 3724 non
2957 3670 3139 3724 fracto
3173 3670 3426 3739 turbine,
3474 3670 3691 3740 longas

2204 3758 2332 3813 Hoc
2362 3758 2616 3829 agitante
2648 3774 2865 3825 moras,
2900 3758 3116 3812 multos
3147 3758 3490 3830 Palialogus
3521 3757 3718 3828 Argos

2205 3846 2593 3916 Dyrrachium
2621 3846 2806 3916 duxit,
2845 3847 3172 3918 pulsusque
3202 3846 3500 3916 Georgius
3541 3845 3694 3899 urbe

2205 3933 2437 3988 Fraude
2467 3933 2590 3998 fuit,
2625 3935 2874 3989 missum
2906 3935 3020 3989 sibi
3046 3934 3258 4006 gaudet
3288 3934 3540 3988 Alexius
3574 3934 3805 3987 hostem.

2206 4022 2339 4075 Dux
2367 4024 2559 4076 tamen
2589 4038 2620 4075 a
2651 4024 2879 4092 emptis,
2916 4023 3017 4077 ubi
3048 4023 3329 4092 comperit
3347 4020 3533 4076 affore
3565 4024 3786 4090 tempus

2205 4110 2406 4164 Noluit
2434 4110 2626 4178 avelli,
2660 4110 2836 4164 (loriﬁ
2868 4112 3032 4180 prior
3063 4112 3257 4166 insula
3284 4112 3490 4164 cessit.

2204 4198 2355 4252 Hinc
2386 4198 2646 4252 Avelona
2676 4198 2872 4268 simul,
2909 4200 3159 4253 urbibus
3202 4203 3374 4269 atque
3408 4198 3760 4268 quibusdam

2205 4286 2484 4340 Littoreis
2514 4286 2719 4355 captis,
2753 4288 3033 4341 munitius
3078 4303 3215 4341 esse
3247 4287 3403 4356 quod
3442 4287 3629 4354 audit,

2204 4373 2595 4442 Dyrrachivm
2626 4373 2898 4443 obsedit;
2943 4374 3234 4444 quondam
3276 4373 3385 4426 fuit
3414 4374 3563 4427 urbs
3598 4370 3839 4442 opulenta

2204 4461 2535 4531 Magnaque
2566 4461 2866 4530 praecipue
2886 4463 3184 4533 tegulosis
3225 4462 3414 4515 obsita
3446 4462 3660 4527 muris,

2208 4550 2336 4603 Rex
2358 4548 2727 4618 Epirotarum
2760 4549 2943 4603 dicier
2964 4549 3116 4603 hanc
3136 4550 3282 4618 (107)
3298 4549 3661 4618 Epiduarum

2206 4636 2471 4707 Pyrrhus
2502 4637 2803 4707 praecepit,
2836 4637 2971 4707 quia
3001 4637 3176 4692 fortia
3196 4637 3349 4691 ferre
3374 4638 3658 4708 quiritum

2208 4725 2369 4778 Bella
2401 4724 2734 4779 Tarentinis
2765 4725 3030 4779 sociatus
3070 4741 3187 4780 non
3218 4727 3501 4779 dubitavit
3531 4741 3544 4780 :

2213 4813 2352 4867 Inde
2382 4813 2662 4883 frequens
2692 4814 2911 4868 bellum
2932 4815 3132 4868 varios
3162 4817 3218 4869 et
3246 4829 3429 4884 passa
3457 4814 3694 4868 labores

2211 4900 2507 4955 Evacuata
2542 4902 2688 4956 viris
2718 4901 2844 4970 fuit,
2881 4903 2950 4956 ad
2983 4904 3351 4973 nihilumque
3384 4902 3655 4956 redacta:

2207 5072 2332 5124 rata
2363 5069 2514 5139 apud
2546 5068 2815 5123 Parmam
2856 5069 3141 5135 Mathildi,
3172 5070 3420 5124 Romam
3446 5066 3644 5139 hostili
3677 5063 3842 5139 animo

2208 5136 2598 5210 proficiscens
2644 5140 2702 5193 in
2745 5141 2930 5209 pratis
2982 5141 3336 5195 Neronianis
3387 5144 3575 5193 castra
3628 5136 3839 5189 locavit.

2206 5212 2423 5350 Τιῗὶῗῶ
2447 5281 2834 5350 Dyrrachium
2866 5281 3012 5335 urbs
3037 5284 3129 5335 est
3149 5281 3206 5335 in
3229 5280 3594 5350 Macedonia,
3613 5290 3744 5345 qua
3764 5285 3841 5322 an°

2277 5298 2423 5350 (IUO)
2449 5298 2494 5334 υ
2542 5298 2834 5334 rracmum
2866 5298 3012 5335 urns
3037 5298 3129 5335 es:
3149 5298 3206 5335 in
3233 5298 3585 5343 macedonia,
3613 5298 3744 5345 quae
3764 5298 3840 5322 uu-

2202 5355 2450 5423 tiquitus
2499 5298 2889 5421 Epidamnum
2942 5354 3304 5421 vocabatur;
3358 5351 3529 5405 hodie
3577 5349 3840 5402 Duraxzo.

2202 5425 2423 5563 Τιῗῖῐῗβῖί)
2446 5493 2610 5548 Hanc
2643 5494 2836 5547 dicier
2853 5493 3241 5567 Epiduarum.
3277 5494 3441 5547 Lam.
