3926 6146
114 353 238 416 1069
567 344 673 406 DE
714 341 986 406 REBUS
1034 342 1326 404 GENTIS
1359 343 1792 406 NORMANN.
1824 343 1919 404 IN
1946 341 2265 417 SICILIA,
2299 341 2478 404 ETC.
2514 377 2588 391 —
2612 345 2771 409 LIB.
2804 348 2911 408 ιν.
3299 343 3454 410 1070

110 548 417 603 Destructam
447 543 623 613 spatio
653 548 786 612 post
819 557 1208 612 composuere
1239 544 1445 597 minori

113 635 286 688 Zethus
315 636 363 684 et
391 629 684 699 Amphion,
720 633 775 682 et
804 644 1143 698 praecepere
1173 631 1372 682 vocari

109 719 465 791 Dyrrachium;
498 717 660 769 ducis
691 716 802 770 hoc
831 717 1228 770 circumdatur
1251 718 1579 772 obsidione.

106 810 175 861 Fit
201 823 356 875 pavor
384 805 638 858 obsessae
669 820 784 856 non
816 820 1034 873 parvus
1066 805 1297 859 civibus
1324 806 1511 874 urbis,

108 896 158 947 Et
182 894 363 964 vigiles
394 895 657 954 statuunt,
696 892 961 944 custodia
991 892 1101 944 fida
1135 908 1239 960 per
1272 893 1477 946 urbem

103 983 314 1047 Ponitur,
341 979 569 1047 imperio
604 979 810 1031 factam
834 979 1002 1032 ducis
1037 979 1405 1033 odsidionem

103 1069 376 1135 Notiticant,
407 1070 458 1119 et
488 1082 652 1135 opem
684 1066 897 1136 legatis
930 1082 1178 1136 poscere
1207 1070 1434 1120 curant.

99 1157 389 1225 Oppugnare
418 1154 600 1207 modis
633 1155 750 1208 dux
783 1154 982 1207 nititur
1013 1156 1286 1208 omnibus
1317 1155 1543 1224 urbem,

100 1244 246 1312 Atque
276 1243 452 1310 operis
483 1242 609 1294 miri
641 1242 960 1295 fabricatur
988 1243 1180 1314 lignea
1213 1243 1417 1296 turris.

101 1330 228 1382 Hanc
255 1345 416 1398 super
444 1334 530 1382 est
559 1332 771 1400 ingens
795 1333 985 1382 erecta
1019 1331 1269 1399 petraria
1296 1347 1542 1401 magnos

98 1417 371 1486 Projiciens
393 1417 582 1487 jactus
611 1423 673 1470 ut
702 1418 915 1471 moenia
956 1419 1144 1471 diruat
1175 1419 1360 1472 urbis.

95 1504 300 1558 Assidue
321 1506 471 1558 cives
509 1507 715 1574 augeri
747 1508 941 1558 castra
967 1506 1256 1573 videntes,

93 1590 252 1644 Omnia
279 1594 500 1661 vastari,
533 1595 769 1662 praedas
800 1595 1082 1648 accedere
1114 1609 1381 1664 magnes,

95 1679 406 1749 Hybernique
432 1681 634 1735 domos
662 1698 766 1750 pro
801 1682 1045 1752 frigoris
1078 1682 1356 1736 aedificari

90 1766 305 1834 Incursu,
335 1784 473 1822 vana
503 1785 629 1838 spe,
656 1786 787 1840 quae
821 1770 1131 1840 deceperat
1155 1770 1288 1823 illos

93 1852 290 1906 Hostilis
320 1857 550 1925 reditus,
587 1873 820 1925 coepere
853 1873 1056 1911 carere
1089 1857 1294 1911 coacti.

87 1939 214 1994 Stare
242 1943 426 1997 ducem
458 1947 720 2011 credunt,
755 1949 810 1998 et
843 1961 954 1998 non
993 1945 1314 1999 abscedere
1347 1947 1519 2014 velle,

88 2026 200 2079 Dum
227 2029 325 2082 sibi
349 2032 561 2084 subdat
591 2037 648 2086 et
671 2032 818 2084 hanc
853 2032 998 2084 alias
1030 2033 1128 2102 qui
1174 2033 1432 2086 subdidit
1472 2032 1674 2088 urbes.

84 2113 288 2184 Legatos
309 2119 560 2187 mittunt;
595 2136 702 2173 cur
731 2121 956 2172 venerit
987 2122 1115 2188 ipse
1145 2121 1470 2189 requirunt.

85 2201 183 2254 Dux
208 2206 420 2260 venisse
445 2209 622 2262 refert
653 2223 719 2260 se
751 2209 919 2278 regni
945 2208 1085 2260 sede
1109 2209 1386 2277 repulsus

85 2288 320 2346 Immerito
350 2295 610 2364 Michael,
640 2300 701 2349 ut
732 2297 1070 2349 restituatur
1101 2295 1331 2351 honori.

80 2375 144 2428 llli
170 2381 474 2446 promittunt
505 2385 675 2436 urbis
709 2399 859 2453 quos
891 2385 1016 2451 ipse
1050 2385 1284 2453 petebat

79 2463 361 2536 lngrcssus,
393 2487 690 2541 nunquam
718 2473 851 2524 viso
885 2471 1168 2525 Michaele
1208 2472 1532 2542 negandos.

77 2549 392 2609 Cornicinum
419 2562 614 2612 sonitu
651 2559 1050 2612 circumdatus
1081 2563 1252 2628 atque
1284 2560 1554 2612 tubarum

77 2637 127 2690 Et
151 2641 378 2713 plectris,
412 2649 507 2716 qui
537 2664 603 2700 se
638 2648 980 2701 Michaelem
1012 2648 1257 2700 finxerat
1289 2662 1447 2715 esse,

75 2725 200 2782 More
223 2739 516 2787 coronatus
573 2736 883 2788 deducitur
913 2735 1218 2803 imperiali,

72 2815 496 2875 (lircumvallatus
518 2823 894 2875 cantantibus
928 2823 1184 2892 undique
1217 2822 1428 2875 turbis.

73 2901 292 2959 Unanimi
321 2909 476 2963 cives
510 2911 670 2963 hunc
704 2913 762 2963 ut
793 2911 1012 2978 videre,
1039 2911 1325 2964 cachinno

71 2987 230 3045 Visum
259 2995 512 3052 derident
551 2999 834 3051 dicentes.
875 2997 990 3051 Istc
1021 2997 1249 3050 solebat

66 3074 290 3134 Crateras
321 3086 542 3138 mensis
576 3086 783 3154 plenos
812 3086 1042 3138 deferre
1076 3085 1276 3154 Lyaeo,

69 3163 194 3220 Etde
222 3171 504 3237 pincernis
541 3177 667 3226 erat
695 3173 1077 3226 inferioribus
1111 3189 1286 3225 unus.

65 3251 329 3326 Postquam
365 3261 687 3314 Robertum
721 3249 998 3332 cognovit
1031 3260 1271 3314 Alexius
1304 3260 1483 3313 urbes

65 3338 314 3399 lnvasisse
345 3363 506 3416 suas,
545 3349 770 3402 veritus
802 3363 872 3401 ne
898 3348 1110 3401 subdat
1141 3351 1196 3400 et
1227 3347 1454 3414 urbem,

64 3426 162 3482 Dux
191 3433 292 3486 sibi
314 3436 623 3506 Dyrrachii
655 3452 864 3506 magna
897 3451 1028 3488 cum
1057 3438 1229 3506 gente
1253 3434 1476 3505 paravit

59 3515 336 3576 Occursare
370 3525 536 3589 duci;
583 3525 755 3578 bellis
787 3523 1096 3576 navalibus
1128 3523 1210 3575 illi

59 3605 366 3666 l’raemonuit
387 3614 616 3668 sociam
647 3612 962 3684 pugnando
994 3611 1274 3664 resistere
1305 3612 1559 3681 gentem.

57 3693 158 3749 Non
187 3699 374 3770 ignara
407 3703 646 3772 quidem
673 3701 811 3754 belli
844 3700 1069 3753 navalis
1095 3703 1149 3753 et
1178 3701 1366 3753 audax

54 3781 180 3837 Gens
206 3792 317 3840 erat
339 3789 462 3843 haec
491 3807 504 3857 ;
546 3789 700 3842 illam
733 3788 1017 3857 populosa
1051 3788 1299 3841 Venetia
1332 3788 1490 3841 misit

53 3869 240 3938 Imperii
271 3893 462 3945 prece,
489 3878 660 3930 dives
688 3893 883 3945 opum,
910 3876 1194 3945 divesque
1227 3877 1511 3944 virorum,

50 3957 146 4019 Qua
172 3963 328 4017 sinus
361 3966 638 4018 Adriacis
669 3965 960 4017 interlitus
1001 3965 1241 4017 ultimus
1283 3964 1456 4018 undis

46 4047 285 4118 Subjacet
312 4053 594 4122 Arcturo,
638 4055 776 4105 sunt
806 4051 987 4121 hujus
1020 4053 1232 4105 mmnia
1261 4052 1456 4121 gentis

47 4135 406 4210 (lircumsepta
438 4142 609 4209 mari,
651 4155 759 4194 nec
790 4141 861 4194 ab
895 4141 1122 4194 aedibus
1155 4141 1300 4193 alter
1331 4140 1402 4193 ad
1435 4139 1596 4194 aedes

45 4222 264 4282 Alterius
296 4231 553 4283 transire
576 4231 770 4298 potest
800 4229 914 4282 nisi
945 4229 1118 4281 lintre
1157 4228 1426 4282 vehatur.

45 4311 250 4384 Semper
278 4321 448 4390 aquis
481 4319 764 4385 habitant,
801 4333 950 4388 gens
984 4317 1140 4370 nulla
1175 4317 1424 4370 valentia
1452 4315 1563 4370 ista

43 4398 327 4471 :‘Equoreis
358 4407 562 4474 bellis,
595 4407 923 4476 ratiumque
953 4421 1060 4474 per
1091 4419 1329 4474 aequora
1358 4404 1557 4457 ductu.

42 4491 245 4546 tiivibus
275 4495 556 4549 obsessis
579 4494 842 4547 hortatur
866 4493 1108 4546 Alexius
1137 4493 1276 4545 illos

43 4577 295 4636 Auxilium
329 4584 627 4651 conferre,
663 4598 805 4634 suas
840 4584 896 4635 et
924 4582 1139 4634 ducere
1169 4595 1374 4633 naves.

41 4665 93 4718 Et
116 4686 360 4741 pugnare
391 4672 569 4725 ducis
601 4686 732 4723 cum
764 4670 1035 4736 navibus,
1071 4671 1132 4721 ut
1163 4667 1458 4736 superatis

43 4753 293 4812 Hostibus
324 4760 420 4813 his
455 4759 634 4823 bello,
677 4757 866 4810 facilis
890 4757 1058 4811 labor
1088 4759 1250 4810 esset
1283 4756 1430 4809 inire

39 4840 85 4893 ln
112 4848 270 4900 terris
303 4848 548 4900 bellum.
585 4847 808 4915 Populo
839 4846 1008 4899 ducis
1041 4848 1350 4898 extenuato

41 4928 252 4999 lmperio
283 4939 519 5004 parent,
545 4935 714 4987 ducis
747 4937 803 4988 et
830 4950 961 4987 cum
995 4934 1245 4986 navibus
1273 4933 1356 4985 ire

36 5016 329 5090 Pugnatum
353 5027 716 5092 properant;
749 5023 870 5093 jam
904 5037 1120 5091 vesper
1148 5021 1363 5074 adesse
1390 5020 1503 5073 diei

32 5105 289 5178 “ceperat,
325 5115 652 5165 occurrunt
683 5127 864 5164 naves
896 5110 1100 5178 nucis;
1132 5114 1188 5162 at
1211 5109 1345 5178 quia
1368 5107 1558 5161 noctis

32 5193 160 5250 Hora
190 5199 644 5269 prepinquabat,
687 5198 904 5252 bellum
937 5198 1201 5252 differtur
1229 5197 1521 5266 utrinque.

29 5282 269 5340 Crastina
299 5288 698 5358 progrediens
729 5303 938 5340 aurora
971 5287 1276 5357 fugaverat
1307 5285 1568 5352 umbras,

28 5372 96 5426 Ad
127 5375 343 5430 bellum
373 5376 632 5446 populus
662 5375 867 5428 navale
889 5379 1128 5445 paratur
1157 5375 1426 5444 uterque.

1717 522 1773 581 Α
1803 542 2070 612 Amplius
2102 542 2281 612 hujus
2313 548 2436 596 erat
2464 545 2597 614 quia
2628 560 2813 614 gnara
2844 546 3122 600 Venetiea
3149 547 3289 601 belli

1799 629 1958 684 Gens
1988 631 2104 683 ruit
2133 632 2406 684 audacter
2436 631 2606 701 (108);
2628 633 2841 685 classis
2863 633 3030 688 ducis
3052 636 3450 703 expavefacta.

1800 718 1888 770 Ad
1919 722 2148 786 portum
2183 719 2426 788 fugitiva
2458 720 2604 772 redit
2632 721 2719 773 sic
2752 737 2947 790 pugna
2980 725 3259 777 remansit

1797 805 1912 858 Ter
1942 806 2218 858 redeunte
2250 805 2363 870 die,
2399 822 2547 875 gens
2576 808 2754 860 multa
2788 809 3061 862 Venetica
3079 814 3309 878 portum

1795 893 2046 961 Appetit,
2073 899 2128 946 et
2162 909 2343 946 naves
2377 894 2619 946 Boberti
2652 898 2834 948 marte
2865 897 3106 950 lacessit

1794 981 1951 1033 Gens
1983 981 2252 1033 comitata
2283 981 2489 1034 ducem
2511 998 2640 1034 cum
2675 983 3010 1037 Dalmaticis
3037 986 3312 1056 Ragusea

1794 1066 2067 1121 Telorum
2099 1068 2302 1120 densis
2335 1069 2656 1122 consternit
2678 1069 2939 1139 jactibus
2963 1089 3167 1142 aequor

1794 1155 1924 1208 Non
1957 1158 2147 1209 tamen
2179 1172 2209 1208 a
2239 1159 2408 1224 portu
2440 1158 2644 1225 procul
2674 1159 2887 1212 audent
2913 1160 3130 1216 ducere
3160 1177 3344 1220 naves

1792 1241 2131 1296 Castrorum
2155 1243 2393 1297 dederat
2423 1247 2607 1298 tutum
2637 1246 2850 1298 vicinia
2871 1252 3123 1315 portum.

1792 1331 2058 1384 Funibus
2091 1331 2298 1383 incisis
2330 1332 2611 1400 quasdam
2653 1333 2937 1387 violenter
2965 1336 3036 1388 ab
3067 1337 3198 1404 ipso

1791 1418 2010 1471 Littore
2040 1417 2342 1486 propulsat
2367 1419 2420 1469 vi
2443 1419 2611 1471 turba
2646 1419 2919 1473 Venetiea
2938 1421 3126 1489 ducit;

1790 1507 1922 1560 Non
1955 1505 2066 1560 hoc
2098 1509 2350 1558 terretur
2380 1506 2547 1558 ducis
2579 1507 2967 1575 imperterrita
2999 1525 3142 1564 casu

1791 1594 1957 1647 Mens
1989 1593 2144 1646 aliud
2176 1593 2484 1660 meditans,
2519 1596 2574 1646 et
2604 1593 2794 1647 adhuc
2821 1599 3046 1650 certare
3074 1603 3272 1667 parata

1789 1683 1999 1753 Majori
2031 1685 2316 1750 statuens,
2352 1682 2612 1751 aliasque
2635 1683 2924 1737 adducere
2953 1701 3158 1756 naves,

1788 1769 1930 1834 Quae
1960 1769 2094 1839 plus
2127 1769 2280 1822 ferre
2303 1772 2536 1838 queant,
2567 1771 2622 1822 et
2650 1770 2783 1838 plus
2817 1770 3032 1826 inferre
3058 1775 3283 1831 laboris

1707 1874 1760 1935 Β
1789 1856 1964 1910 Facta
1997 1857 2188 1909 libens
2219 1855 2408 1908 turbae
2447 1856 2708 1908 victricis
2731 1857 2974 1910 Alexius
3005 1860 3164 1914 audit

1792 1945 2049 1998 Roberto
2092 1943 2268 2011 soliti,
2299 1958 2448 2012 quos
2476 1943 2670 1995 insula
2699 1959 2947 2014 quaeque
2981 1946 3235 2018 fovebat,

1790 2032 1969 2085 Ferre
2001 2031 2234 2096 tributa,
2270 2031 2450 2082 maris
2482 2045 2664 2083 naves
2697 2031 2886 2102 magis
2919 2047 3056 2088 esse
3083 2038 3347 2094 valentes

1790 2121 1937 2172 Dum
1964 2119 2134 2172 ducis
2166 2119 2488 2187 accipiunt;
2521 2134 2688 2186 aqua
2720 2118 2944 2174 feritate
2975 2123 3228 2179 rebelles

1788 2209 2128 2277 Proponunt
2159 2205 2304 2259 ﬁeri.
2340 2205 2497 2258 Laus
2525 2206 2672 2275 (109)
2698 2213 2976 2274 personat
3003 2209 3322 2281 imperialis

1788 2296 2019 2365 Imperii
2047 2293 2246 2363 jussu,
2281 2307 2351 2344 ne
2381 2293 2518 2345 belli
2550 2292 2839 2360 praescius
2869 2295 3059 2350 hostis

1788 2383 2059 2438 Cautelas
2092 2381 2379 2433 adhibens
2408 2383 2652 2433 ventura
2683 2381 2942 2448 pericula
2963 2383 3120 2451 vitet,

1785 2470 2083 2525 Montibus
2113 2473 2168 2521 et
2199 2467 2354 2519 fluvii
2388 2467 2644 2520 munitur
2672 2469 2957 2522 transitus
2984 2471 3196 2526 omnis.

1785 2560 2014 2612 lrruere
2046 2556 2276 2608 incauto
2309 2555 2398 2607 sic
2421 2557 2620 2623 sperat
2649 2554 2891 2609 Alexius
2924 2557 3115 2626 hoste,

1783 2645 2186 2712 Invictumque
2217 2643 2424 2696 ducem
2456 2641 2684 2694 assultu
2711 2657 2995 2712 superare
3027 2647 3226 2703 latenti

1782 2734 2126 2787 Innumeras
2159 2729 2317 2782 ducit
2348 2728 2509 2781 varia
2538 2729 2608 2782 de
2640 2733 2815 2800 gente
2847 2736 3117 2788 catervas

1781 2821 2030 2874 Maxima
2061 2819 2386 2872 barbaricae
2410 2833 2541 2870 cum
2571 2816 2798 2870 Graecis
2822 2819 2989 2887 copia
3011 2823 3215 2891 gentis

1785 2910 1951 2962 Hunc
1983 2906 2402 2968 comitabatur;
2434 2907 2626 2958 tamen
2677 2905 2766 2958 ire
2813 2906 3068 2961 Basilius
3101 2913 3233 2966 ante

1779 2996 2114 3051 Electorum
2147 2993 2406 3063 equitum
2441 3007 2642 3045 secum
2675 2993 2788 3045 duo
2811 2993 2988 3046 millia
3019 2995 3246 3052 ducens

1777 3085 2098 3152 Castraque
2146 3080 2386 3134 Roberti
2420 3079 2588 3132 ducis
2619 3079 2927 3148 explorare
2952 3080 3223 3150 jubetur.

1779 3169 2257 3240 Mesopotamites
2289 3170 2412 3220 erat
2444 3165 2560 3234 hic,
2593 3166 2848 3235 bellique
2881 3167 3115 3222 labores

1781 3259 2072 3327 Expertus
2103 3255 2301 3308 varios
2349 3253 2614 3322 sequitur
2644 3257 2935 3322 praecepta
2970 3255 3256 3324 jubentis.

1777 3345 2040 3415 Cumque
2066 3342 2423 3396 Botrontinae
2447 3340 2611 3393 fieret
2629 3339 2750 3409 jam
2776 3341 3081 3409 proximus
3111 3345 3261 3412 urbi,

1779 3435 2003 3487 Rumor
2034 3432 2200 3484 adest
2227 3429 2456 3499 equites
2475 3427 2644 3480 ducis
2671 3428 2823 3481 haud
2847 3430 3049 3498 procul
3071 3431 3158 3486 ire
3176 3431 3436 3490 ferentes

1779 3519 1910 3574 Non
1933 3517 2217 3572 modicam
2252 3514 2534 3585 praedam,
2555 3529 2686 3567 cum
2708 3530 2847 3582 pars
2868 3513 2993 3583 jam
3021 3517 3198 3571 multa
3221 3518 3438 3578 fuisset

1699 3593 1752 3655 C
1777 3607 2006 3676 Saucia,
2041 3606 2388 3671 Turcorum,
2421 3617 2572 3672 quos
2605 3602 2852 3655 duxerat
2883 3602 3000 3671 ille,
3035 3605 3308 3676 sagittis:

1777 3696 1960 3748 Marte
1991 3693 2139 3745 mori
2170 3691 2368 3760 potius
2397 3705 2568 3759 quam
2603 3688 2812 3742 cedere
2842 3690 3090 3757 turpiter
3121 3691 3304 3762 Argis

1778 3780 2100 3836 Unanimes
2133 3779 2412 3842 statuunt,
2448 3781 2503 3830 et
2533 3779 2954 3829 convertuntur
2984 3776 3045 3829 in
3076 3777 3283 3834 hostes

1775 3868 1958 3924 Gente
1991 3869 2301 3933 coarctata,
2336 3879 2451 3933 quo
2482 3863 2848 3931 praevaluere
2877 3867 3102 3932 paratu.

1775 3956 1950 4011 Turci
1975 3956 2272 4008 terrentur
2293 3951 2602 4004 conversis
2634 3949 2909 4003 hostibus
2943 3950 3078 4003 illos

1774 4047 2006 4101 Acriter
2038 4039 2241 4108 obniti,
2275 4037 2651 4108 graviterque
2685 4035 2862 4088 ferire
2891 4036 3162 4092 videntes

1774 4133 2024 4207 Agmine
2057 4132 2212 4183 stare
2242 4125 2444 4194 nequit
2475 4123 2736 4192 fugiente
2768 4121 3026 4174 Basilius
3058 4123 3268 4180 horum

1775 4225 1843 4278 Et
1876 4221 2102 4289 capitur
2133 4215 2370 4286 fugiens
2398 4228 2412 4280 ;
2454 4211 2616 4263 acies
2635 4209 3032 4263 Normannica
3058 4216 3288 4280 captum

1777 4309 2154 4366 Praesentare
2185 4303 2317 4358 duci
2350 4302 2658 4370 properat;
2689 4296 2986 4350 Robertus
3015 4298 3088 4351 ab
3122 4297 3219 4352 illo

1773 4398 1978 4454 Omnia
2009 4391 2295 4464 perquirit
2320 4387 2458 4458 quid
2488 4388 2666 4439 tentet
2692 4383 2935 4436 Alexius
2969 4383 3027 4436 in
3058 4400 3145 4452 se,

1775 4487 1880 4541 Vel
1911 4484 2052 4555 quid
2083 4480 2232 4534 inire
2262 4476 2419 4542 velit,
2455 4477 2702 4544 quantas
2733 4471 2804 4524 ad
2833 4470 2986 4524 bella
3017 4472 3294 4529 cohortes

1776 4573 2055 4629 Moverit?
2083 4568 2412 4621 Adventum
2426 4564 2735 4632 postquam
2758 4559 2874 4613 dux
2887 4574 3024 4613 esse
3041 4563 3435 4635 propinquum

1776 4661 2064 4716 Hostilem
2091 4654 2310 4720 didicit,
2346 4650 2582 4722 quantis
2614 4651 2669 4702 et
2690 4647 2933 4702 Alexius
2954 4647 3114 4702 illum

1777 4751 2018 4818 Impetat
2048 4742 2416 4816 agminibus,
2449 4751 2730 4807 proceres
2761 4751 2913 4806 quos
2953 4736 3198 4792 duxerat
3227 4754 3434 4796 omnes

1775 4838 2102 4902 Convocat;
2135 4831 2338 4885 accitis
2367 4843 2498 4898 quae
2528 4827 2770 4879 noverat
2804 4825 2994 4877 omnia
3024 4827 3223 4892 pandit

1778 4927 1848 4980 Et
1877 4924 2015 4995 quid
2050 4936 2199 4991 opus
2232 4919 2379 4971 facto
2413 4915 2490 4968 sit
2520 4912 2794 4967 consulit.
2829 4910 3018 4964 Effera
3058 4928 3311 4982 quorum

1778 5015 1947 5067 Mens
1977 5014 2120 5077 erat,
2145 5005 2352 5062 audaci
2379 5003 2669 5057 dimittere
2701 5003 2892 5051 castra
2923 4999 3278 5068 quibusdam

1696 5111 1751 5173 ι)
1780 5101 2038 5158 Consilio
2070 5095 2306 5168 placuit,
2341 5089 2713 5144 venientibus
2743 5087 3138 5142 indubitanter

1783 5188 2069 5244 Hostibus
2104 5194 2449 5244 occurrens,
2484 5179 2546 5229 ut
2575 5176 2793 5228 terreat
2820 5174 3073 5242 impetus
3108 5175 3264 5231 illos.

1780 5278 1932 5332 Esse
1955 5275 2137 5329 refert
2170 5269 2380 5323 melius
2412 5267 2529 5318 dux
2558 5277 2670 5315 non
2703 5260 3030 5316 abscedere
3061 5265 3274 5320 castris

1779 5366 1957 5436 Cepia
1988 5363 2125 5417 dum
2158 5356 2432 5428 proprius
2463 5352 2780 5418 conspecta
2811 5348 2889 5402 sit
2918 5349 3262 5422 imperialis,

78 5616 215 5686 (l08)
248 5619 614 5674 Venetorum
645 5618 766 5672 dux
795 5622 921 5673 erat
943 5615 1287 5672 Dominicus
1305 5612 1563 5683 Sylvius.
1591 5611 1820 5664 Tinam.

78 5687 216 5756 (109)
247 5690 545 5745 Edictum.
578 5691 721 5743 LEIB
