3926 6146
450 297 606 361 1071
1788 272 2254 342 GUILLELMI
2282 272 2531 336 APULI
3664 272 3789 334 1m

451 495 524 549 Et
550 493 773 548 frustra
802 489 993 561 quaeri
1030 485 1302 540 vincendi
1331 480 1612 552 praedicat
1634 479 1836 544 artem,

450 581 598 637 Cum
627 578 745 633 nisi
774 578 845 631 de
876 576 1025 630 coelo
1058 573 1196 627 nulli
1230 570 1470 624 victoria
1503 569 1687 621 detur.

450 670 509 724 Is
540 669 677 722 licet
707 665 989 737 egregios
1014 662 1241 731 equites
1275 658 1389 712 sibi
1424 657 1602 709 sciret
1629 651 1865 717 adesse,

453 757 551 811 Nil
571 753 826 809 ineundo
849 756 1040 805 tamen
1070 746 1416 802 temerarius
1449 756 1585 795 esse
1617 738 1847 792 volebat
1877 752 1889 790 :

452 843 868 913 Congressura
899 838 1133 908 quidem
1164 848 1312 903 gens
1343 826 1787 883 innumerabilis
1815 839 1951 878 esse

451 929 771 983 Dicebatur
802 927 875 993 ei,
908 940 1017 978 nec
1047 922 1234 975 adhuc
1257 922 1460 972 natura
1491 917 1755 968 virorum

453 1015 605 1070 Nota
638 1015 752 1068 sibi
774 1013 979 1066 fuerat.
1014 1010 1190 1062 Catus
1220 1007 1373 1060 unde
1404 1004 1696 1074 sagaciter
1719 1014 1922 1054 omnes

454 1102 694 1158 Ordinat
721 1104 853 1153 ante
885 1113 1050 1164 suos,
1082 1099 1137 1148 et
1158 1109 1407 1164 quaeque
1429 1090 1685 1160 paranda
1717 1088 1963 1156 coaptat,

455 1191 588 1243 Non
619 1205 651 1241 a
678 1185 1001 1255 Dyrrachio
1034 1182 1239 1252 procul
1270 1182 1617 1248 exspectare
1647 1175 1881 1229 volebat

456 1272 721 1327 Hostiles
752 1284 996 1336 cuneos,
1030 1268 1227 1321 subito
1250 1263 1620 1317 venientibus
1653 1261 1790 1328 illis,

454 1360 618 1414 More
651 1359 1035 1425 locustarum,
1075 1361 1303 1407 montes
1334 1354 1390 1405 et
1417 1351 1590 1420 plana
1616 1349 1912 1418 teguntur.

455 1446 771 1501 Proximus
792 1443 1023 1497 Oceano
1046 1440 1171 1511 jam
1202 1439 1292 1494 sol
1323 1441 1479 1505 erat;
1510 1436 1664 1490 unde
1704 1451 1811 1487 nec
1842 1433 1959 1486 illis

456 1532 621 1588 Bella
654 1530 876 1599 subire,
910 1545 1019 1582 nec
1048 1528 1143 1581 his
1175 1526 1390 1595 placuit
1418 1540 1429 1578 :
1455 1524 1591 1577 dant
1621 1522 1882 1575 membra
1911 1519 2111 1589 quieti,

462 1619 772 1692 Dyrrachii
800 1619 1015 1689 p0pulo
1038 1616 1338 1669 mandarat
1354 1613 1600 1667 Alexius
1633 1610 1807 1663 omni.

458 1708 666 1763 Hostis
697 1705 1013 1777 congressi
1035 1706 1170 1772 post
1190 1706 1357 1771 terga
1388 1699 1591 1752 venire
1621 1698 1903 1764 studeret,

458 1797 535 1850 Ut
555 1796 716 1849 tutus
748 1793 878 1846 fieri
906 1807 1014 1845 nec
1043 1794 1198 1843 retro
1228 1804 1337 1841 nec
1364 1789 1494 1840 ante
1517 1785 1759 1838 valeret.

457 1883 669 1937 Castra
698 1884 917 1934 cremat
964 1878 1235 1930 veniente
1277 1875 1368 1928 die
1409 1875 1525 1927 dux
1568 1872 1854 1941 providus
1886 1871 2115 1939 horum,

459 1971 539 2025 Ut
568 1969 716 2021 duce
746 1966 1026 2036 digresso
1060 1964 1136 2015 sit
1165 1962 1256 2015 fas
1278 1962 1604 2028 irrumpere
1634 1959 1797 2012 nulli.

422 2084 438 2095 α
458 2054 787 2111 Commovit
816 2053 982 2121 prior
1010 2052 1137 2119 ipse
1168 2064 1310 2103 suas
1340 2048 1413 2101 ad
1440 2047 1593 2101 bella
1620 2046 1900 2099 cohortes
1934 2060 1945 2098 :

459 2142 712 2214 Agmina
741 2139 912 2210 plura
942 2154 1187 2192 movens
1221 2136 1478 2190 occurrit
1506 2134 1753 2188 Alexius
1783 2133 1885 2185 illi.

459 2230 606 2286 Cum
627 2227 1036 2299 Langobardis
1060 2225 1291 2278 Calabri
1313 2226 1609 2277 terrentur
1639 2224 1692 2274 et
1715 2219 1908 2273 omnis

458 2320 618 2373 Pene
649 2316 850 2386 fugam
874 2314 1057 2384 petiit,
1092 2312 1283 2365 fuerat
1314 2310 1413 2380 qui
1444 2310 1555 2363 sub
1588 2310 1733 2362 duce
1767 2311 1958 2375 nauta,

461 2406 717 2476 Ipsaque
750 2417 1047 2456 concursu
1075 2401 1265 2469 primo
1296 2400 1550 2451 terretur
1578 2396 1874 2465 equestris

464 2491 627 2547 Gens
657 2489 849 2556 ducis,
884 2487 1121 2540 hostilis
1153 2486 1291 2538 dum
1327 2486 1661 2553 praegravat
1689 2483 1942 2550 impetus
1965 2481 2122 2534 illam

468 2576 648 2631 Venit
675 2574 748 2627 ad
780 2576 1068 2643 angustos
1098 2573 1479 2640 transgresso
1503 2568 1737 2621 ﬂumine
1768 2568 2055 2638 quosdam

469 2664 617 2717 Haac
643 2661 876 2714 incauta
906 2659 1072 2712 locos
1099 2674 1109 2709 :
1136 2658 1285 2725 Dux,
1318 2671 1390 2709 ne
1422 2656 1556 2726 quis
1578 2656 1650 2708 ab
1686 2656 1831 2708 urbe
1854 2656 2055 2709 venire

469 2751 688 2806 Contra
718 2763 785 2802 se
812 2749 1037 2815 posset,
1061 2745 1156 2798 vel
1185 2745 1258 2797 ad
1286 2744 1493 2797 urbem
1523 2758 1796 2813 pergere,
1821 2746 2056 2812 pontem

470 2836 721 2893 Fecerat
750 2833 963 2888 everti.
993 2833 1148 2886 Loca
1180 2832 1317 2885 dum
1348 2832 1436 2884 sic
1456 2834 1614 2883 arcta
1645 2846 1889 2884 suorum

469 2923 799 2993 Impediunt
828 2921 1039 2988 aditus,
1071 2919 1406 2973 vehementi
1436 2919 1589 2972 nube
1621 2923 1898 2990 teguntur

470 3012 749 3081 Undique
774 3009 1046 3075 telorum,
1081 3022 1189 3061 nec
1222 3005 1412 3076 major
1440 3006 1569 3060 visa
1600 3006 1855 3061 refertur

472 3098 708 3155 Grando
737 3096 1103 3168 sagittarum,
1127 3094 1297 3148 locus
1329 3099 1383 3149 et
1414 3095 1550 3165 quia
1580 3098 1740 3148 tutus
1774 3096 1988 3149 abesse

473 3186 764 3255 Cmperat.
801 3185 1049 3252 Interea,
1082 3199 1214 3236 cum
1251 3199 1359 3236 nec
1385 3198 1649 3254 pugnare
1680 3182 1963 3251 valerent,

472 3272 696 3328 Cedere
725 3287 835 3325 nec
864 3274 1023 3325 retro
1056 3286 1122 3324 se
1152 3271 1412 3337 dilatare,
1438 3271 1707 3324 laborant

2127 455 2181 519 Ᾱ
2216 468 2472 521 Matthmi
2503 467 2714 535 fidens,
2748 482 2862 520 non
2904 465 3236 520 difﬁdenter
3268 467 3325 519 in
3352 465 3565 520 hostem

2218 556 2412 623 Irruit,
2446 558 2617 625 atque
2654 555 2819 607 ferox
2849 553 3101 607 obsessa
3132 569 3248 606 non
3278 554 3474 621 procul
3500 554 3626 608 urbe

2216 644 2520 697 Commisit
2551 642 2787 695 bellum.
2822 641 3143 710 Superatur
3170 640 3432 707 Alexius,
3464 644 3618 711 atque

2219 732 2411 800 Terga
2441 730 2655 784 dedere
2687 731 2801 797 sui,
2826 729 2961 798 quia
2986 728 3301 797 plusquam
3330 729 3501 781 millia
3527 729 3747 800 quinque

2220 818 2513 889 Argolicae
2545 818 2738 888 gentis
2771 818 2908 869 sunt
2934 817 3044 869 hoc
3075 815 3387 869 certamine
3417 832 3580 883 caesa,

2218 907 2365 959 Pars
2395 920 2628 975 quoque
2659 905 2984 958 Turcorum
3006 919 3137 957 cum
3159 903 3384 957 Grmcis
3411 904 3590 957 interit
3616 904 3803 975 ingens,

2221 994 2437 1062 Captus
2469 996 2524 1046 et
2554 1008 2849 1046 armorum
2878 992 3084 1045 varius
3123 991 3278 1045 nitor
3299 995 3391 1045 est
3411 994 3465 1045 et
3489 1007 3752 1060 equorum.

2222 1080 2516 1150 Captaque
2544 1084 2681 1134 sunt
2709 1080 2970 1133 Danaum
3001 1079 3225 1133 diversi
3253 1079 3425 1149 signa
3454 1080 3666 1133 decoris
3695 1096 3705 1133 :

2224 1168 2337 1220 Vix
2369 1168 2597 1236 equites
2620 1167 2690 1220 de
2722 1170 2898 1237 gente
2929 1166 3099 1219 ducis
3129 1169 3370 1234 potuere
3401 1166 3661 1235 perempti

2222 1256 2398 1311 Cerni
2428 1256 2683 1325 triginta.
2719 1255 3103 1324 Lacrymatur
3133 1254 3379 1307 Alexius
3410 1253 3623 1307 hostem

2225 1344 2620 1397 Praevaluisse
2653 1343 2789 1410 sibi,
2821 1343 2916 1395 cui
2946 1357 3052 1395 nec
3082 1358 3187 1410 par
3218 1342 3384 1411 ecpia
3415 1342 3615 1412 gentis,

2223 1432 2348 1485 Nec
2385 1446 2492 1498 par
2511 1445 2729 1483 census
2761 1432 2916 1497 erat;
2941 1428 3192 1482 discedit
3221 1428 3462 1481 saucius
3492 1427 3628 1497 ipse.

2223 1518 2466 1589 Cogitur
2482 1520 2538 1570 et
2567 1516 2899 1587 lacrymans
2922 1516 3213 1586 inglorius
3245 1514 3339 1569 ille
3363 1515 3594 1584 reverti,

2223 1604 2421 1659 Gloria
2452 1604 2551 1674 qui
2577 1602 2764 1657 fuerat
2796 1604 3013 1656 frustra
3037 1605 3270 1671 sperata
3287 1602 3580 1671 triumphi.

2226 1692 2389 1746 Uxor
2419 1691 2478 1745 in
2510 1691 2621 1744 hoc
2650 1691 2803 1744 bello
2836 1690 3080 1744 Roberti
3111 1690 3261 1743 forte
3279 1691 3494 1760 sagitta

2149 1807 2201 1871 Β
2224 1780 2482 1845 Quadam
2512 1779 2657 1832 laesa
2670 1779 2807 1847 fuit;
2838 1794 2954 1848 quo
2986 1778 3229 1831 vulnere
3258 1779 3461 1831 territa
3492 1777 3687 1830 nullam

2228 1869 2378 1921 Dum
2408 1866 2681 1935 sperabat
2712 1881 2903 1934 opem,
2946 1880 3011 1919 se
3042 1881 3189 1935 pene
3235 1866 3552 1936 subegerat
3589 1865 3723 1933 hosti

2227 1953 2481 2024 Navigio
2514 1954 2691 2023 cujus
2724 1969 2789 2006 se
2821 1953 3231 2007 commendare
3260 1954 3494 2007 volebat

2228 2042 2509 2096 Instantis
2542 2044 2806 2095 metuens
2837 2042 3027 2095 vicina
3053 2041 3317 2110 pericula
3346 2040 3509 2093 lethi.

2230 2130 2396 2183 Hanc
2428 2130 2587 2183 Deus
2621 2128 2849 2197 eripuit,
2876 2128 3005 2182 fieri
3036 2128 3288 2182 ludibria
3320 2128 3529 2182 nolens

2230 2217 2510 2271 Matronae
2540 2219 2715 2269 tantae
2748 2219 2865 2269 tam
2896 2215 3112 2270 nobilis
3145 2220 3201 2269 et
3230 2215 3598 2269 venerandae.

2230 2304 2455 2359 Occidit
2484 2303 2598 2357 hoc
2629 2303 2785 2357 bello
2817 2304 2990 2374 regni
3020 2304 3306 2372 spoliatus
3348 2304 3569 2357 honore

2232 2391 2669 2457 Constantinus,
2701 2394 2755 2445 et
2799 2394 2893 2444 est
2928 2391 3320 2445 subhumatus
3362 2391 3580 2445 honore
3607 2386 3822 2442 decenti:

2235 2479 2541 2550 Dyrrachii
2572 2494 2855 2548 proceres
2882 2480 3083 2532 amisit
3119 2478 3352 2533 Graecia
3386 2478 3617 2545 multos,

2234 2566 2493 2631 Quorum
2526 2582 2632 2635 per
2661 2582 2899 2636 campos
2931 2566 3225 2620 inhumata
3252 2567 3544 2620 cadavera
3567 2564 3752 2618 tabent.

2236 2655 2368 2708 Dux
2397 2656 2454 2707 in
2485 2655 2753 2709 Alexinis
2785 2655 3073 2708 remorari
3101 2656 3364 2723 tempore
3390 2654 3623 2707 castris.

2236 2742 2370 2797 Non
2399 2743 2579 2797 multo
2610 2746 2853 2811 propter
2890 2742 3215 2811 putrefacta
3245 2742 3537 2795 cadavera
3567 2742 3725 2795 curat.

2238 2830 2470 2899 Imperii
2498 2829 2693 2900 jussis
2723 2846 2875 2901 gens
2906 2830 3018 2883 fida
3050 2830 3330 2884 Venetica
3362 2831 3565 2883 servat

2237 2918 2459 2973 Urbem
2494 2918 2835 2988 Dyrrachii;
2872 2919 2989 2971 dux
3018 2918 3128 2972 hac
3158 2918 3478 2989 digressus
3510 2919 3579 2971 ab
3609 2917 3732 2970 urbe

2238 3006 2514 3060 Pervenit
2544 3006 2614 3059 ad
2644 3006 3315 3076 quemdam,cuinomen
3340 3006 3603 3067 Divalus.
3625 3017 3830 3056 amnem;

2239 3094 2348 3148 Hic
2380 3094 2496 3147 sibi
2518 3093 2824 3147 castellum
2846 3093 3145 3148 fabricans
3174 3094 3300 3147 loca
3323 3110 3394 3148 se
3430 3094 3719 3148 comitatos

2168 3139 2221 3203 Ο
2242 3182 2356 3236 Per
2384 3182 2638 3249 diversa,
2674 3181 2844 3249 locat,
2889 3182 3108 3251 quibus
3139 3182 3518 3236 incumbente
3546 3181 3732 3252 pruina

2239 3269 2549 3338 Temporis
2581 3269 2811 3322 hiberni
2834 3270 3029 3324 securi
3059 3271 3259 3324 vivere
3292 3273 3567 3339 possent.

473 3359 904 3429 Prmeipitando
943 3359 1110 3427 mari,
1162 3359 1297 3428 quia
1329 3373 1444 3411 non
1476 3358 1671 3411 minus
1698 3358 1972 3412 hostibus
2002 3358 2132 3427 ipsa
2239 3358 2398 3413 Gens
2429 3358 2649 3411 cruciat
2680 3358 2861 3412 variis
2893 3358 3205 3428 plerosque
3236 3359 3523 3413 Venetica
3550 3357 3723 3428 poenis

475 3447 673 3502 Turba
707 3445 1017 3499 coarctatis
1049 3445 1165 3498 sibi
1194 3444 1467 3514 plebibus
1500 3445 1813 3499 ofﬁciebat.

474 3535 709 3603 Aspera
737 3533 1098 3585 Normannis
1130 3534 1404 3603 angustia
1431 3535 1588 3586 tanta
1616 3533 1865 3588 videtur.

474 3620 803 3691 Imperialis
835 3635 940 3673 eos
971 3620 1265 3673 exercitus
1298 3622 1689 3690 exsuperatos

477 3707 788 3763 Defecisse
808 3709 1042 3776 putans,
1067 3708 1400 3777 classisque
1429 3708 1709 3763 Venetica
1730 3708 1922 3764 victos

478 3795 647 3862 Quod
677 3799 913 3866 caperet
942 3810 1213 3865 sperans,
1255 3811 1387 3866 quae
1425 3796 1690 3866 proxima
1730 3798 1903 3852 nabat
1931 3799 1993 3852 in
2032 3815 2132 3853 un-

1947 3888 2040 3943 dis

478 3971 844 4043 Aggreditur
873 3971 1083 4041 spoliis
1106 3970 1339 4025 inhians
1361 3972 1582 4043 agitare
1612 3974 1851 4042 rapinas
1926 3886 2063 3961 [dis,

478 4058 863 4127 Arripiuntur
891 4058 1024 4128 equi
1054 4058 1407 4137 diversaque
1439 4060 1671 4114 sarcina
1702 4076 1919 4130 rerum,

477 4146 637 4210 Quas
669 4146 838 4200 ducis
869 4147 1209 4200 accelerans
1235 4148 1307 4200 ad
1332 4147 1533 4217 praelia
1568 4152 1873 4217 spreverat
1903 4167 2133 4223 agmen.

478 4234 706 4288 Interea
737 4234 1032 4305 digressa,
1058 4235 1205 4287 mari
1236 4236 1335 4286 vix
1361 4251 1427 4289 se
1459 4236 1688 4289 sociare

479 4322 677 4376 Turba
695 4321 829 4375 duci
860 4322 1060 4391 valuit,
1086 4322 1185 4392 qui
1205 4326 1674 4393 praetergressus
1708 4324 1892 4396 iniqui

478 4408 727 4463 Exitiale
748 4409 865 4463 loci
894 4410 1075 4463 multo
1106 4410 1322 4464 sudore
1352 4411 1658 4481 periclum,

476 4497 543 4552 In
570 4496 777 4566 primis
800 4497 1017 4566 aderat,
1039 4513 1209 4567 quem
1228 4497 1495 4567 jusserat
1526 4499 1619 4551 hic
1650 4501 1907 4555 acierum

477 4584 638 4639 Ordo
658 4586 822 4655 prior
844 4587 1096 4638 mutatus
1119 4588 1260 4652 erat,
1294 4586 1628 4640 miseranda
1660 4587 1925 4643 locorum

475 4672 684 4728 Omnia
704 4673 915 4726 mutari
946 4674 1035 4726 sic
1051 4676 1341 4726 arctatura
1372 4675 1583 4745 coegit.

476 4760 704 4816 Gaudet
730 4760 944 4814 adesse
978 4775 1143 4827 suos,
1168 4763 1223 4813 et
1261 4760 1463 4829 paucis
1482 4763 1729 4816 vocibus
1762 4763 1898 4818 illos

476 4850 611 4906 Dux
641 4850 803 4920 prior
819 4849 1104 4917 hortatur,
1129 4849 1341 4902 solium
1372 4852 1631 4904 tutamen
1662 4851 1719 4904 in
1742 4853 1923 4907 armis

474 4938 676 4994 Aﬂ'ore
716 4937 1113 5005 conclamans,
1149 4939 1203 4990 et
1241 4937 1295 4991 si
1324 4936 1461 4993 dant
1493 4941 1657 5010 terga
1701 4940 1990 5013 Pelasgis,

474 5026 778 5098 Quemque
808 5026 1216 5081 trucidandum
1251 5027 1527 5095 pecorino
1560 5043 1722 5081 more
1756 5030 2026 5098 minatur,

474 5115 734 5186 Captivis
752 5116 929 5169 vitam
960 5114 1131 5167 morti
1163 5114 1516 5183 praenuntiat
1548 5131 1797 5185 aequam.

476 5202 588 5257 His
627 5203 1015 5257 hortamentis
1046 5201 1312 5256 accendit
1343 5203 1519 5255 corda
1548 5219 1813 5272 suorum,

476 5288 549 5343 Et
576 5288 714 5342 licet
741 5291 1082 5344 innumeras
1112 5291 1308 5343 videat
1341 5306 1657 5359 properare
1689 5294 1959 5346 catervas

477 5376 679 5430 Partis
711 5377 994 5445 Alexinac,
1031 5380 1125 5430 vi):
1160 5378 1276 5443 illo,
1303 5379 1457 5448 quod
1491 5379 1603 5431 sibi
1634 5394 1779 5447 papa

473 5464 566 5521 Ad
587 5462 745 5516 Petri
778 5464 1015 5518 dederat
1045 5469 1255 5520 summi
1280 5468 1536 5536 pastoris
1569 5468 1872 5536 honorem,

471 5553 546 5611 Et
576 5550 805 5607 meritis
837 5552 1044 5622 sancti,
1078 5555 1251 5626 cujus
1281 5555 1669 5612 fabricaverat
1699 5556 1880 5611 aedes.

2240 3446 2384 3501 Cum
2435 3445 2582 3499 duce
2638 3449 3050 3516 trangressos,
3079 3446 3215 3517 gnon
3244 3446 3407 3501 hunc
3429 3447 3504 3501 ad
3534 3446 3680 3500 bella
3704 3458 3832 3497 secu-

3682 3532 3789 3599 (ιοεν

2241 3621 2351 3687 Qui
2378 3619 2618 3692 profugi
2645 3620 2895 3689 fuerant,
2924 3621 3138 3676 studiis
3170 3622 3498 3677 servilibus
3530 3622 3657 3675 illos

2244 3710 2569 3773 Addicunt;
2605 3708 2754 3762 alios
2786 3709 3085 3780 ergastula
3115 3710 3378 3763 carceris
3410 3711 3634 3764 arctant

2248 3798 2339 3852 Ad
2364 3797 2612 3867 patriam
2642 3797 2885 3865 missos,
2918 3797 3016 3851 alii
3045 3798 3351 3852 traduntur
3383 3797 3649 3852 Achivis.

2248 3885 2553 3956 Dyrrachii
2583 3884 2839 3954 quidam,
2871 3900 3045 3955 quem
3071 3887 3227 3938 terra
3255 3884 3540 3940 Venetica
3569 3882 3710 3937 misit

2247 3974 2352 4028 Vir
2373 3974 2700 4042 praeclarus
2730 3975 2854 4026 erat
2885 3988 3215 4042 nomenque
3246 3972 3593 4026 Dominicus
3615 3970 3707 4024 illi.

2246 4063 2460 4117 Oderat
2489 4062 2585 4115 hic
2614 4061 2944 4131 quemdam,
2976 4061 3108 4131 quia
3142 4076 3258 4114 non
3285 4075 3351 4114 se
3383 4059 3742 4129 participabat

2245 4149 2525 4218 Consilio,
2562 4149 2746 4203 sociis
2776 4148 2933 4218 quod
2964 4148 3235 4218 pluribus
3268 4149 3606 4202 insinuabat
3640 4162 3650 4199 :

2248 4239 2419 4293 Hunc
2451 4238 2621 4308 quasi
2648 4237 2956 4306 primatem
2992 4251 3143 4307 gens
3174 4236 3271 4289 illa
3316 4237 3590 4290 studebat
3635 4231 3837 4287 habere:

2248 4328 2377 4380 Dux
2408 4326 2713 4380 dicebatur
2740 4325 3027 4396 genuisse
3060 4324 3377 4378 Veneticus
3412 4325 3573 4377 illum

2244 4415 2509 4468 Primatu
2539 4416 2720 4467 tentat
2750 4413 2985 4482 privare
3017 4411 3360 4465 Dominicus
3389 4412 3574 4464 illum.

2169 4478 2227 4541 Β
2245 4500 2564 4566 Quemdam
2592 4500 2664 4554 de
2696 4478 2970 4571 profugis
3002 4499 3279 4552 Barinum
3311 4502 3597 4552 convocat
3626 4495 3689 4549 ad
3714 4507 3766 4546 se

2244 4589 2354 4654 Qui
2384 4589 2499 4643 sibi
2531 4588 2747 4642 charus
2779 4591 2903 4641 erat
2931 4587 3184 4656 ﬁdeique
3224 4590 3429 4640 tenore
3456 4586 3737 4656 probatus.

2247 4677 2418 4731 Hunc
2449 4679 2646 4730 monet
2676 4679 2735 4729 ut
2765 4680 2941 4729 noctu
2975 4674 3213 4729 Roberti
3245 4677 3438 4727 castra
3464 4672 3724 4743 requirat,

2246 4765 2317 4818 Et
2363 4780 2430 4819 se
2461 4764 2611 4818 velle
2642 4763 2775 4818 duci
2807 4778 2915 4818 sua
2946 4762 3249 4817 commoda
3283 4762 3540 4831 pandere
3570 4759 3723 4814 dicat.

2248 4853 2318 4907 Et
2342 4866 2662 4922 properare
2693 4853 2821 4905 loco
2857 4855 3086 4905 moneat
3117 4851 3216 4921 qui
3250 4850 3420 4903 Petra
3451 4851 3714 4902 vocatur:

2248 4941 2534 4995 Ecclesia
2555 4940 2751 4994 Sancti
2780 4939 3005 4993 Nicolai
3028 4938 3331 5008 proximus
3364 4939 3479 4992 iste

2249 5030 2354 5085 Est
2381 5030 2570 5096 locus,
2607 5028 2763 5082 hunc
2798 5027 3094 5081 Bobertus
3143 5027 3260 5079 adit
3289 5042 3421 5079 cum
3464 5024 3635 5078 milite
3680 5027 3835 5090 pauco,

2247 5118 2510 5185 Accitus,
2542 5116 2795 5187 profugo
2824 5115 3124 5179 redeunte,
3158 5114 3478 5168 V'eneticus
3510 5111 3657 5164 illum

2245 5206 2547 5269 Convenit,
2582 5208 2638 5258 et
2668 5203 2898 5258 facilem
2930 5203 3206 5272 promittit
3236 5201 3588 5254 deditionem

2244 5293 2573 5363 Dyrrachii,
2615 5292 2731 5345 nisi
2769 5291 2888 5344 dux
2918 5290 3052 5359 sibi,
3086 5289 3243 5359 quod
3270 5289 3432 5358 petit,
3467 5300 3599 5340 esse
3627 5282 3833 5334 daturum

2245 5382 2534 5451 Abneget.
2569 5380 2669 5433 Ille
2699 5379 2891 5433 libens
2920 5377 3337 5448 jurejurando
3370 5371 3670 5445 sp0pondit

2240 5469 2403 5535 Quod
2435 5470 2575 5539 petit
2623 5467 2997 5537 explendum,
3057 5465 3276 5534 neptim
3318 5479 3420 5534 pro
3465 5458 3701 5529 conjuge
3732 5451 3826 5503 dan-

3623 5544 3766 5613 (dam.
