3926 6146
117 443 237 506 1073
556 436 661 500 DE
704 438 983 503 REBUS
1020 438 1312 504 GESTIS
1352 440 1798 506 NORMANN.
1844 440 1925 508 IN
1964 442 2295 525 SICILlA,
2342 449 2503 512 ETC
2536 486 2592 497 —
2648 451 2804 515 LIB.
2853 452 2959 515 IV.
3313 458 3466 524 1074

114 640 369 710 Colloquio
398 637 541 691 facto
574 637 853 690 remeavit
883 640 1129 709 uterque
1160 639 1425 692 latenter.
1549 687 1554 692 .
1732 623 1792 683 Α
1815 638 1956 704 Quae
1980 642 2033 695 si
2063 642 2213 697 forte
2244 645 2395 699 valet
2424 648 2612 715 ruptis
2634 650 2920 703 excedere
2951 651 3226 707 claustris

113 727 430 780 Constituere
458 724 639 794 prius,
672 739 790 793 quo
824 726 1083 792 tempore
1112 725 1466 779 deditionem
1814 728 1977 792 Quod
2010 730 2167 784 videt
2187 747 2357 787 omne
2382 726 3183 809 vorat,rapit,insolitumque
3204 740 3465 795 furorem

113 814 160 867 Is
184 814 311 866 foret
336 815 583 876 acturus,
618 827 732 880 quo
763 814 1024 880 tempore
1056 812 1174 865 dux
1204 812 1523 867 rediturus.
1814 816 2051 885 Exerit;
2086 834 2375 873 occursus
2407 822 2497 876 leo
2520 823 2779 894 perfugit
2809 825 2935 894 ipse
2968 826 3240 896 furentis,

113 900 315 970 Jamque
340 899 460 953 dies
487 899 682 951 aderat
711 914 1013 952 consensu
1045 900 1351 970 utriusque
1384 901 1618 955 statuta.
1810 902 2089 967 Quamvis
2120 907 2231 960 ista
2264 908 2456 962 minor
2486 911 2562 963 sit
2593 926 2859 980 corpore,
2896 913 3101 967 fortior
3136 915 3254 970 ille.

114 989 216 1040 Dux
241 986 568 1040 Cusentiuos
600 986 908 1056 quosdam,
941 1002 1092 1055 quos
1119 988 1373 1055 praefore
1405 1002 1586 1041 cursu
1816 991 2112 1045 Robertus
2146 995 2396 1059 geminis
2428 1000 2631 1050 exacto
2662 999 2912 1052 navibus
2944 1016 3096 1055 anno

112 1075 341 1141 Noverat,
373 1074 577 1144 elegit;
613 1075 899 1143 quosdam
932 1075 1108 1128 simul
1140 1075 1235 1128 his
1267 1075 1513 1129 sociavit
1814 1080 2085 1132 Αάμωυιο
2122 1082 2292 1135 undis
2321 1083 2451 1136 loca
2482 1101 2697 1138 rursus
2730 1086 2799 1139 ad
2840 1088 3067 1156 Appula
3095 1089 3324 1144 transit.

111 1161 302 1216 Electos
331 1163 566 1231 equites,
601 1164 657 1215 et
688 1162 757 1215 ad
790 1162 998 1215 urbem
1028 1166 1197 1216 nocte
1230 1164 1426 1233 quieta
1813 1165 1869 1220 Is
1899 1168 2290 1237 primogenito
2323 1171 2600 1239 populum
2630 1174 3003 1228 commiserat
3037 1192 3290 1246 omnem,

112 1249 430 1311 Accelerans,
468 1253 631 1302 caute
661 1249 982 1319 profugum
1013 1250 1369 1319 praemittere
1404 1253 1588 1319 curat,
1812 1252 1919 1307 Cui
1948 1270 2162 1309 nomen
2191 1255 2568 1312 Boamundus
2599 1264 2742 1328 erat,
2774 1263 3107 1333 pariterque
3132 1265 3367 1319 Brieno.

112 1336 168 1389 Ut
186 1336 319 1406 quod
347 1352 488 1406 opus
519 1335 671 1390 facto
702 1337 781 1390 sit
812 1337 883 1389 ab
914 1337 1063 1391 urbe
1094 1338 1385 1391 renuntiet
1412 1337 1546 1406 ipsi.
1815 1341 1943 1395 Dux
1974 1348 2284 1413 postquam
2313 1346 2544 1399 Cannas
2578 1348 2691 1401 sibi
2723 1351 3004 1418 comperit
3044 1367 3182 1406 esse
3212 1354 3469 1409 rebelles

110 1424 215 1477 Non
241 1424 447 1477 modica
474 1424 664 1477 noctis
687 1422 809 1493 jam
838 1428 1001 1493 parte
1026 1424 1343 1477 Veneticus
1372 1425 1535 1479 illum
1813 1425 2076 1492 Obsidet,
2109 1430 2397 1485 obsessas
2428 1433 2637 1485 evertit
2667 1433 3020 1489 humotenus
3052 1438 3205 1491 illas.

109 1511 438 1565 Praestolatus
467 1513 593 1565 erat
628 1526 837 1565 somno
881 1514 1230 1581 correptus;
1264 1514 1322 1565 at
1350 1512 1514 1567 illum
1817 1514 1944 1568 Rex
1985 1515 2132 1584 (110)
2176 1520 2318 1586 erat,
2372 1517 2468 1571 his
2514 1519 2749 1589 genitus
2800 1522 3085 1590 genitrice
3135 1524 3470 1581 Hermanus

107 1599 319 1669 Perfuga
350 1599 594 1653 Bai-inus
615 1614 755 1652 mox
786 1599 1070 1669 evigilare
1102 1600 1318 1669 coegit,
3148 1610 3397 1683 [eadem.

105 1685 284 1738 Iudicat
311 1685 613 1740 adventum
648 1686 838 1751 ducis,
873 1686 1117 1754 imperat
1146 1686 1241 1740 ille
1274 1686 1481 1741 fideles
1814 1690 2056 1746 ()nfredi
2086 1692 2295 1760 fuerat,
2330 1709 2442 1763 qua
2476 1694 2632 1748 filius
2666 1696 3094 1769 Abagelardus,

105 1773 305 1843 Absque
333 1774 524 1828 favore
556 1790 703 1829 suos
736 1774 893 1827 celer
922 1774 1253 1828 introducat
1284 1776 1342 1828 in
1374 1776 1600 1842 urbem,
1816 1780 1947 1833 Non
1978 1783 2169 1834 tamen
2200 1796 2354 1834 unus
2380 1783 2468 1834 eis
2498 1785 2662 1849 pater
2691 1785 2931 1852 exstitit,
2966 1786 3060 1838 illa
3090 1786 3323 1843 duobus

104 1859 185 1914 Ille
213 1861 363 1929 redit,
387 1862 729 1932 peditesque
760 1861 931 1916 ducis
958 1862 1096 1915 facit
1124 1863 1212 1915 ire
1241 1864 1494 1931 priores,
1819 1867 1925 1921 Est
1955 1868 2176 1922 sociata
2203 1869 2386 1937 viris;
2417 1869 2587 1922 miles
2617 1871 2940 1939 praeclarus
2972 1873 3030 1926 in
3060 1875 3242 1929 armis

103 1948 263 2002 Munia
288 1950 509 2004 tradidit
538 1950 634 2003 his
665 1948 909 2003 custode
941 1951 1198 2003 carentia
1221 1950 1422 2004 terris.
1740 1970 1792 2031 Β
1820 1956 2024 2011 Frater
2055 1959 2299 2026 uterque
2330 1956 2459 2025 fuit,
2491 1958 2597 2011 sed
2628 1959 2813 2012 cessit
2842 1963 3091 2031 uterque
3121 1963 3342 2032 potenti

102 2035 343 2106 Tempore
369 2042 653 2092 nocturno
684 2037 879 2091 nullos
904 2036 1099 2091 fecere
1130 2039 1439 2106 tumultus,
1822 2045 2079 2098 Roberto
2111 2046 2206 2097 cui
2235 2043 2338 2097 vix
2363 2059 2472 2113 par
2501 2045 2644 2099 orbe
2673 2048 2928 2115 potentia
2955 2050 3099 2103 toto.

102 2124 407 2179 Albescente
436 2126 527 2179 die
552 2126 738 2179 variis
771 2125 1152 2196 clangoribus
1183 2125 1390 2179 hostes
1817 2130 2035 2186 Cannis
2066 2132 2388 2186 destructis
2420 2133 2666 2187 Romam
2696 2134 2931 2188 molitur
2960 2136 3121 2191 adire

101 2210 312 2281 Percipit
338 2214 647 2284 ingressos
677 2212 823 2267 urbs
856 2216 992 2278 tota,
1026 2212 1345 2267 Veneticus
1375 2214 1566 2267 omnis
1816 2219 2029 2274 Contra
2059 2218 2310 2290 Gregori
2341 2221 2586 2273 Romani
2618 2222 2896 2289 praesulis
2926 2223 3161 2278 hostem

100 2301 244 2353 Arma
271 2302 428 2371 capit,
462 2304 681 2371 praeter
701 2317 853 2372 quos
884 2302 980 2355 ille
1014 2300 1377 2355 domesticus
1407 2301 1602 2357 hostis
1818 2307 2160 2375 Henricum,
2195 2306 2371 2377 cujus
2406 2306 2751 2377 jamdudum
2783 2311 3097 2364 obsederat
3124 2312 3331 2367 urbem

101 2388 316 2442 Roberto
343 2391 575 2444 monitis
606 2389 905 2458 allexerat,
940 2389 1132 2443 incola
1162 2389 1417 2460 quisque
1814 2395 2075 2448 Plurima
2106 2394 2412 2449 barbaries
2443 2395 2613 2449 annis
2642 2400 2932 2450 remorata
2966 2398 3220 2468 duobus,

98 2476 248 2531 Hoste
276 2493 692 2550 supergresso,
718 2477 863 2531 fodit
890 2477 1042 2530 intra
1071 2477 1269 2530 munia
1299 2477 1536 2546 vallum,
1816 2484 2063 2553 Altaque
2094 2484 2402 2537 tormentis
2435 2499 2736 2537 murorum
2768 2485 2984 2539 mwnia
3013 2485 3212 2557 fregit,

98 2564 345 2620 Hostibus
372 2572 431 2622 ut
460 2567 656 2620 facilis
687 2581 804 2619 non
835 2565 911 2619 sit
940 2564 1272 2619 descensus
1302 2565 1375 2618 ad
1404 2564 1633 2619 urbem.
1816 2572 1888 2626 Et
1911 2575 2109 2625 turres
2140 2571 2353 2624 multas
2385 2572 2618 2626 invictae
2648 2572 2825 2626 diruit
2861 2574 3028 2628 urbis

92 2652 325 2707 iusserat
349 2671 380 2709 a
411 2657 631 2710 castris
662 2654 783 2708 dux
812 2653 909 2706 illa
939 2657 1108 2707 nocte
1148 2653 1425 2707 cohortes
1816 2662 2063 2731 Jamque
2096 2660 2212 2714 sibi
2241 2660 2429 2713 fuerat
2455 2676 2594 2729 pars
2625 2660 2860 2715 subdita
2885 2663 3349 2736 Transtiberino,

95 2742 397 2797 Accelerare
423 2759 590 2811 suas,
626 2742 840 2795 auditis
863 2742 976 2795 iste
1007 2756 1250 2794 suorum
1815 2750 2143 2821 Gregorius
2192 2748 2443 2819 quadam
2487 2748 2675 2801 fuerat
2714 2751 3035 2805 conclusus
3065 2752 3123 2805 in
3161 2769 3296 2808 arce
3325 2753 3474 2825 (111)

97 2828 318 2884 Vocibus
344 2847 653 2899 accurens,
686 2830 796 2883 has
827 2832 995 2899 porta
1024 2829 1194 2882 mittit
1225 2829 1296 2883 ab
1328 2828 1503 2883 omni.
1814 2838 1957 2903 Quae
1988 2837 2207 2891 munita
2239 2837 2406 2905 satis,
2439 2852 2556 2890 non
2587 2839 3001 2908 expugnabilis
3032 2840 3137 2894 ulli

92 2916 169 2970 Sic
196 2919 538 2974 habitatores
570 2920 847 2989 intusque
876 2918 1143 2987 forisque
1172 2917 1442 2970 videntes
1817 2927 1969 2981 Esse
2000 2926 2308 2979 videbatur
2335 2924 2468 2976 miri
2503 2927 2795 2978 structura
2822 2926 3067 2997 laboris,

89 3004 209 3060 Sese
234 3007 581 3079 impugnari,
615 3006 882 3060 maleﬁda
912 3005 1187 3058 Venetica
1220 3004 1428 3058 clamat
1817 3016 1981 3069 Hanc
2013 3018 2070 3067 et
2098 3013 2385 3066 munierat
2414 3012 2546 3065 ﬁdae
2577 3014 2843 3066 custodia
2874 3015 3091 3084 gentis.

91 3095 303 3164 Agmina
328 3097 623 3163 turbatus,
656 3094 806 3164 fugit
836 3093 970 3148 inde
1001 3093 1320 3147 Veneticus
1356 3093 1567 3146 omnis.
1818 3103 2141 3156 Robertum
2171 3102 2363 3153 tantos
2396 3100 2492 3153 ubi
2526 3101 2687 3152 novit
2718 3100 2903 3155 inisse
2932 3105 3195 3174 paratus,

87 3179 295 3244 QUidam
325 3184 652 3252 caeduntur,
687 3181 921 3252 quidam
953 3181 1274 3251 capiuntur,
1310 3181 1381 3234 εὶίῖ
1413 3195 1615 3250 εθίΙιιοι*
1816 3191 1886 3244 Et
1917 3190 2031 3244 sibi
2063 3205 2195 3242 cum
2218 3187 2393 3241 tantis
2426 3187 2642 3241 inferre
2672 3189 2972 3256 paratibus
3005 3206 3185 3261 arma,

85 3270 209 3325 Pars
235 3272 375 3345 fugit
405 3272 745 3339 Adriacum,
785 3270 873 3323 sic
905 3284 1149 3324 evasere
1180 3268 1427 3339 fugaces
1820 3280 1944 3334 Rex
1977 3278 2127 3348 fugit
2152 3275 2446 3329 Henricus
2472 3292 2484 3333 :
2519 3275 2687 3328 ducis
2719 3276 2875 3329 hunc
2907 3278 3150 3332 audacia
3177 3281 3360 3335 terret

87 3356 318 3414 Navibus
348 3360 645 3431 impulsis.
678 3357 1020 3427 Quicunque
1050 3357 1368 3411 Veneticus
1396 3355 1579 3409 armis
1741 3408 1789 3433 η
1817 3367 1889 3420 Et
1918 3368 2108 3420 virtus
2143 3367 2324 3418 totum
2347 3362 2473 3433 jam
2503 3363 2794 3416 notiﬁcata
2824 3381 2930 3433 per
2960 3367 3183 3421 orbem.

83 3446 387 3518 Obstiterat,
416 3464 650 3503 necnon
673 3446 842 3500 ducis
876 3446 1083 3499 horum
1115 3445 1292 3513 ﬁlius,
1327 3445 1473 3499 urbe
1743 3445 1791 3468 ν
1818 3455 2141 3525 Expectare
2173 3468 2389 3506 verens
2420 3451 2595 3521 hunc,
2627 3453 2699 3505 ad
2731 3453 2859 3505 loca
2885 3456 3004 3507 tuta
3034 3456 3305 3511 recessit.

84 3537 207 3589 Sunt
234 3538 378 3607 capti
410 3541 602 3606 capta,
644 3534 976 3604 dimotaque
1006 3534 1198 3587 littore
1231 3532 1447 3586 classis
1484 3547 1497 3585 :
1819 3544 2117 3597 Roberlus
2152 3542 2394 3593 Romam
2427 3554 2750 3608 properans
2781 3542 2840 3593 vi
2860 3542 3120 3610 perforat
3148 3544 3316 3599 urbis

82 3622 162 3678 Sic
178 3626 283 3680 sibi
306 3625 698 3697 Dyrrachium
720 3623 840 3676 dux
862 3621 1139 3689 subdidit,
1160 3624 1332 3691 atque
1355 3620 1511 3691 quod
1533 3620 1712 3674 armis
1818 3631 2094 3703 Egi-asiae
2129 3644 2331 3682 muros
2362 3626 2526 3696 (112).
2564 3629 2782 3682 Tamen
2811 3631 3231 3687 auxiliantibus
3261 3633 3377 3703 ipsi

84 3711 304 3769 Vincere
333 3731 446 3769 non
480 3712 689 3784 potuit,
722 3709 966 3764 Victoria
997 3708 1282 3779 subjugat
1305 3710 1470 3776 θνίίεν
1816 3720 2030 3774 Paucis
2063 3717 2333 3788 Gregorii
2366 3716 2715 3784 fautoribus,
2749 3718 2883 3772 inde
2915 3720 3270 3788 quibusdam

83 3799 140 3854 Et
168 3818 289 3872 quae
315 3803 616 3874 pollicitus
648 3800 857 3867 fuerat,
891 3801 1027 3867 post
1058 3797 1411 3851 deditionem

1818 3808 2078 3861 Aﬁdibus
2108 3806 2358 3874 exustis,
2393 3805 2678 3857 violenter
2706 3806 2778 3859 ab
2809 3806 3118 3862 obsidione

80 3888 276 3945 Cuncta
304 3892 421 3946 sibi
451 3889 671 3963 gaudet
704 3887 990 3957 completa
1022 3885 1341 3939 Veneticus
1379 3899 1538 3940 esse.
1818 3896 2055 3948 Liberet
2083 3894 2401 3947 obsessum
2428 3892 2549 3962 jam
2582 3895 2738 3946 tanto
2773 3896 3035 3963 tempore
3064 3912 3295 3965 papam.

80 3976 281 4034 Interea
309 3980 565 4050 populus
594 3975 892 4046 Trojanus
921 3977 978 4027 et
1008 3973 1406 4041 ASCOlitanuS,
1821 3983 1991 4035 Hunc
2012 3996 2214 4035 secum
2232 3995 2447 4048 magno
2478 3980 2711 4032 deducit
2734 3980 2955 4034 honore
2977 3982 3284 4039 Salernum
3304 3982 3475 4056 (113).

79 4066 224 4121 Alter
246 4067 347 4138 jus
380 4066 541 4121 soliti
570 4064 779 4119 nolens
810 4063 1073 4131 expleret
1098 4061 1302 4114 tributi
1823 4070 2077 4124 Henrico
2109 4082 2325 4121 rursus
2352 4067 2549 4135 cupidi
2578 4081 2823 4120 cessere
2854 4069 3121 4137 quirites.

79 4155 345 4226 Amplius:
379 4159 555 4225 atque
587 4152 794 4206 (101⁸118
824 4150 1054 4204 “emis
1082 4148 1376 4203 moenibus
1408 4147 1573 4216 alter,
1821 4160 1965 4213 Post
1995 4157 2163 4210 ducis
2195 4156 2531 4220 abcessum,
2560 4170 2769 4222 papam
2798 4161 3177 4211 concesserat
3206 4159 3325 4213 illis

80 4241 376 4298 Unanimes
410 4240 810 4297 studio—ducis
840 4240 1113 4292 invasere
1146 4238 1448 4308 3086mm
1823 4248 1954 4316 Ipse
1988 4246 2386 4299 Ravennatem
2414 4240 2756 4295 Guibertum
2788 4242 2956 4311 (114),
2989 4244 3090 4312 qui
3121 4245 3410 4299 scelerata

81 4330 368 4387 Haeredem
401 4330 733 4403 egregium,
766 4328 867 4399 qui
897 4342 1082 4381 sensu
1111 4326 1309 4379 clarus
1345 4328 1402 4379 et
1431 4324 1612 4379 armis
1823 4336 2015 4389 Mente
2045 4332 2169 4403 pari
2200 4331 2523 4401 insurgens
2556 4343 2805 4399 regnum
2835 4331 3221 4399 praesumpsit
3247 4332 3409 4387 adire

78 4419 205 4473 Cum
233 4420 468 4490 quantis
500 4418 726 4487 poterat
755 4413 1010 4485 Trojana
1040 4413 1282 4466 clausus
1312 4411 1372 4465 in
1405 4427 1542 4466 arce
1825 4423 1997 4477 sedis
2027 4420 2386 4490 apostolicae,
2420 4417 2693 4471 Clemens
2725 4432 2757 4469 a
2796 4416 2965 4485 plebe
2997 4420 3265 4474 vocatus,

86 4504 301 4563 Viribus
332 4506 647 4572 οὺείδϋειις
680 4504 913 4558 “inde!”
941 4500 1396 4571 Properanubus
1425 4500 1509 4553 illi
1828 4511 2076 4582 Agmina
2110 4507 2393 4562 Romulea
2422 4505 2541 4559 dux
2571 4505 2716 4558 urbe
2747 4506 2986 4559 reducta
3015 4505 3246 4562 Salerni

82 4594 292 4651 Auxilio
322 4595 536 4663 sociis,
567 4592 890 4661 patrisque,
928 4589 1173 4658 suisque
1201 4587 1554 4658 quibusdam
1828 4599 2081 4667 Dimisit,
2114 4611 2411 4665 nunquam
2443 4609 2548 4664 par
2576 4593 2712 4647 huic
2746 4595 3044 4649 exercitus
3076 4594 3270 4650 haesit.

78 4682 311 4739 Dimissa
344 4684 463 4737 ruit
495 4696 629 4735 arce
666 4680 891 4747 furens,
939 4677 1335 4747 populumque
1366 4674 1647 4729 rebellem
1746 4688 1800 4747 D
1833 4688 2009 4741 milia
2042 4701 2146 4740 sex
2169 4684 2449 4755 equitum,
2480 4682 2720 4753 triginta
2750 4682 2926 4736 millia
2960 4684 3206 4738 Romam

78 4770 329 4828 Diversis
360 4770 532 4843 punit
562 4768 941 4823 cruciatibus.
982 4766 1133 4819 Huic
1164 4779 1394 4833 manus,
1425 4764 1511 4817 illi
1833 4777 2088 4831 Duxerat
2118 4775 2213 4827 hic
2241 4772 2499 4842 peditum
2528 4790 2539 4836 ;
2576 4771 2664 4824 sic
2696 4787 2810 4825 uno
2838 4774 3101 4840 tempore
3139 4771 3278 4825 victi

79 4859 186 4913 P98
215 4865 337 4915 erat
369 4859 706 4926 abSCiSSUS:
739 4857 897 4909 hunc
927 4870 1094 4921 naso:
1130 4853 1382 4907 ίθείίδυε
1413 4852 1576 4906 illum
1831 4865 1979 4919 Sunt
2007 4866 2181 4917 terra:
2213 4860 2431 4913 domini
2461 4860 2597 4927 duo,
2630 4875 2736 4913 rex
2767 4859 3143 4912 Alemanicus
3173 4859 3306 4929 iste,

78 4946 278 5018 Privat,
314 4948 594 5003 dentibus
626 4946 737 4999 hos
768 4944 1073 5011 deformat,
1101 4944 1156 4996 et
1186 4941 1430 4995 auribus
1461 4940 1615 4994 illos.
1830 4952 2063 5022 ιωρθι-ίί
2094 4952 2289 5003 rector
2322 4947 2563 5002 Romani
2593 4947 2885 4999 maximus
2915 4947 3011 4999 ille
3043 4946 3211 5013 (115),

74 5034 211 5105 sepe
238 5037 393 5092 δοιοί
426 5038 611 5105 capta3
642 5035 731 5088 Sic
759 5031 996 5103 tigridis
1028 5030 1113 5083 ira
1143 5030 1389 5082 Ῑθίθηῑθν
1832 5040 1995 5092 Alter
2024 5038 2096 5091 ad
2126 5051 2289 5089 arma
2318 5051 2500 5089 ruens
2532 5034 2713 5087 armis
2745 5036 3079 5103 superatur,
3112 5035 3169 5086 et
3198 5031 3347 5087 alter

76 5122 211 5179 Dum
240 5126 441 5180 11111108
472 5124 694 5195 agitare
725 5123 919 5190 Ροίθεῐ
951 5118 1179 5172 ineius“
1209 5116 1466 5185 furores;
1834 5126 2103 5180 Nominis
2126 5123 2307 5177 auditi
2337 5123 2464 5176 sola
2497 5121 2806 5175 formidine
2837 5120 3039 5173 cessit.

136 5268 293 5340 (110)
315 5269 448 5322 Rex
477 5267 573 5320 hic
606 5280 711 5335 pro
741 5264 992 5329 rectore,
1037 5260 1164 5314 sive
1194 5258 1589 5331 gubernatore
1621 5269 1728 5325 po-
1905 5267 2053 5340 (με)
2085 5266 2170 5340 iiii
2198 5263 2524 5340 Gregorius
2548 5261 2785 5340 interiit.
2820 5260 3029 5340 TIREM:
3105 5330 3129 5340 _
3195 5332 3205 5340 ι
3480 5327 3492 5339 ο

136 5270 282 5337 (UO)
315 5270 448 5322 Rex
477 5270 573 5320 hic
606 5280 711 5335 pro
741 5270 992 5329 rectore,
1037 5276 1164 5314 sxve
1194 5270 1589 5331 gubernatore
1621 5270 1728 5325 po-
1931 5270 2053 5335 “3)
2085 5270 2170 5318 ibi
2198 5270 2524 5344 Gregorius
2548 5270 2785 5314 interm,
2820 5270 3029 5340 'i'mmi:
3480 5327 3492 5339 O

74 5339 236 5393 nitur.
271 5339 440 5393 Lam.
695 5406 708 5407 ί
756 5405 764 5407 _
853 5403 863 5407 _
993 5402 1008 5407 _
1136 5401 1161 5407 _
1905 5270 2053 5407 EH4)
2086 5337 2256 5390 Ilunc
2287 5334 2643 5407 Guibertum
2675 5331 2968 5407 Henricus
3005 5346 3074 5407 in
3105 5330 3496 5407 LateranenSi

138 5410 283 5482 (111)
318 5410 465 5482 Haec
490 5408 598 5461 fuit
626 5403 867 5459 Adriani
896 5402 1104 5482 moles.
1136 5401 1301 5453 LEIB.
1355 5471 1366 5482 Δ
1583 5468 1593 5478 θ
1835 5400 2082 5482 basilica
2108 5421 2344 5482 ‘corona
2369 5402 2683 5482 .pon'ti‘ficia
2723 5400 2956 5481 publice
2990 5400 3245 5482 donavit.
3272 5401 3495 5482 .TiREfl.

137 5471 283 5549 (“3)
318 5479 579 5552 Βοὺθνιρ
602 5474 1019 5552 08_Pt}!‘5“1‘_bi_3
1045 5486 1257 5552 eversa
1281 5471 1390 5552 23*:
1426 5484 1558 5538 quae
1581 5471 1734 5521 inter
1909 5479 2057 5548 (115)
2099 5471 2408 5552 Guiscardi
2461 5473 2733 5525 virtutem
2776 5471 3044 5542 insignes
3084 5471 3177 5526 hae
3232 5471 3499 5526 victoriae

68 5540 426 5609 Lateranum
457 5554 514 5606 et
538 5540 887 5619 Capiiolium
918 5542 1245 5615 interjacet.
1281 5540 1491 5595 Tmen.
1837 5540 2146 5604 tes‘iantup,
2181 5546 2390 5600 Tmen,

1410 5702 1678 5779 Explicit
1706 5700 1869 5760 liber
1898 5701 2160 5777 quartus.
