  <div class='ocr_page' id='page_1' title='image "/cluster/home/n/w/nwhite01/storage/ocr_20150623/149/hvd.32044054760079/543.png"; bbox 0 0 3926 6146; ppageno 0'>
   <div class='ocr_carea' id='block_1_1' title="bbox 422 368 3770 443">
    <p class='ocr_par' dir='ltr' id='par_1_1' title="bbox 422 368 3770 443">
     <span class='ocr_line' id='line_1_1' title="bbox 422 368 3770 443; baseline 0.002 -7"><span class='ocrx_word' id='word_1_1' title='bbox 422 368 579 440; x_wconf 84' lang='lat'>1075</span> <span class='ocrx_word' id='word_1_2' title='bbox 1741 372 2197 435; x_wconf 88' lang='lat' dir='ltr'>GUILLELMI</span> <span class='ocrx_word' id='word_1_3' title='bbox 2236 371 2512 435; x_wconf 84' lang='lat' dir='ltr'>APULI.</span> <span class='ocrx_word' id='word_1_4' title='bbox 3644 381 3770 443; x_wconf 81' lang='lat'>1076</span> 
     </span>
    </p>
   </div>
   <div class='ocr_carea' id='block_1_2' title="bbox 1197 591 3104 758">
    <p class='ocr_par' dir='ltr' id='par_1_2' title="bbox 1197 591 3104 758">
     <span class='ocr_line' id='line_1_2' title="bbox 1197 591 3104 758; baseline 0.002 -24"><span class='ocrx_word' id='word_1_5' title='bbox 1197 592 1789 736; x_wconf 85' lang='lat' dir='ltr'>INCIPIT</span> <span class='ocrx_word' id='word_1_6' title='bbox 1830 591 2305 734; x_wconf 82' lang='lat' dir='ltr'>LIBER</span> <span class='ocrx_word' id='word_1_7' title='bbox 2350 593 3104 758; x_wconf 82' lang='lat' dir='ltr'>QUINTUS.</span> 
     </span>
    </p>
   </div>
   <div class='ocr_carea' id='block_1_3' title="bbox 434 903 3671 994">
    <p class='ocr_par' dir='ltr' id='par_1_3' title="bbox 434 903 3671 994">
     <span class='ocr_line' id='line_1_3' title="bbox 434 903 3671 994; baseline -0.001 -14"><span class='ocrx_word' id='word_1_8' title='bbox 434 927 580 981; x_wconf 89' lang='lat' dir='ltr'>Post</span> <span class='ocrx_word' id='word_1_9' title='bbox 601 923 702 981; x_wconf 91' lang='lat' dir='ltr'>ubi</span> <span class='ocrx_word' id='word_1_10' title='bbox 737 922 1056 980; x_wconf 82' lang='lat' dir='ltr'>Robertum</span> <span class='ocrx_word' id='word_1_11' title='bbox 1089 920 1369 992; x_wconf 83' lang='lat' dir='ltr'>cognovit</span> <span class='ocrx_word' id='word_1_12' title='bbox 1393 919 1640 974; x_wconf 82' lang='lat' dir='ltr'>Alexius</span> <span class='ocrx_word' id='word_1_13' title='bbox 1671 935 1808 974; x_wconf 90' lang='lat' dir='ltr'>esse</span> <span class='ocrx_word' id='word_1_14' title='bbox 2119 903 2178 962; x_wconf 91' lang='grc' dir='ltr'><strong>Α</strong></span> <span class='ocrx_word' id='word_1_15' title='bbox 2207 920 2528 990; x_wconf 81' lang='lat' dir='ltr'>Victorem,</span> <span class='ocrx_word' id='word_1_16' title='bbox 2562 921 2773 975; x_wconf 85' lang='lat' dir='ltr'>victam</span> <span class='ocrx_word' id='word_1_17' title='bbox 2805 925 3028 991; x_wconf 85' lang='lat' dir='ltr'>partem</span> <span class='ocrx_word' id='word_1_18' title='bbox 3056 922 3215 976; x_wconf 86' lang='lat' dir='ltr'>dolet</span> <span class='ocrx_word' id='word_1_19' title='bbox 3243 938 3380 978; x_wconf 90' lang='lat' dir='ltr'>esse</span> <span class='ocrx_word' id='word_1_20' title='bbox 3411 939 3671 994; x_wconf 88' lang='lat' dir='ltr'>suorum;</span> 
     </span>
    </p>
   </div>
   <div class='ocr_carea' id='block_1_4' title="bbox 435 1008 3737 1094">
    <p class='ocr_par' dir='ltr' id='par_1_4' title="bbox 435 1008 3737 1094">
     <span class='ocr_line' id='line_1_4' title="bbox 435 1008 3737 1094; baseline -0.003 -18"><span class='ocrx_word' id='word_1_21' title='bbox 435 1023 707 1094; x_wconf 64' lang='lat' dir='ltr'>Equore</span> <span class='ocrx_word' id='word_1_22' title='bbox 735 1013 1156 1077; x_wconf 89' lang='lat' dir='ltr'>transvectum,</span> <span class='ocrx_word' id='word_1_23' title='bbox 1191 1011 1351 1062; x_wconf 85' lang='lat' dir='ltr'>vires</span> <span class='ocrx_word' id='word_1_24' title='bbox 1383 1023 1662 1077; x_wconf 88' lang='lat' dir='ltr'>reparare</span> <span class='ocrx_word' id='word_1_25' title='bbox 1697 1008 1952 1060; x_wconf 83' lang='lat' dir='ltr'>minutas</span> <span class='ocrx_word' id='word_1_26' title='bbox 2208 1009 2302 1064; x_wconf 90' lang='lat' dir='ltr'>Nil</span> <span class='ocrx_word' id='word_1_27' title='bbox 2336 1013 2528 1072; x_wconf 87' lang='lat' dir='ltr'>tamen</span> <span class='ocrx_word' id='word_1_28' title='bbox 2560 1009 2686 1078; x_wconf 88' lang='lat' dir='ltr'>ipse</span> <span class='ocrx_word' id='word_1_29' title='bbox 2717 1025 2961 1078; x_wconf 87' lang='lat' dir='ltr'>pavens,</span> <span class='ocrx_word' id='word_1_30' title='bbox 2999 1012 3246 1064; x_wconf 79' lang='lat' dir='ltr'>comites</span> <span class='ocrx_word' id='word_1_31' title='bbox 3278 1012 3390 1065; x_wconf 86' lang='lat' dir='ltr'>sibi</span> <span class='ocrx_word' id='word_1_32' title='bbox 3421 1012 3737 1066; x_wconf 79' lang='lat' dir='ltr'>dissociatos</span> 
     </span>
    </p>
   </div>
   <div class='ocr_carea' id='block_1_5' title="bbox 437 1095 3799 1177">
    <p class='ocr_par' dir='ltr' id='par_1_5' title="bbox 437 1095 3799 1177">
     <span class='ocr_line' id='line_1_5' title="bbox 437 1095 3799 1177; baseline -0.004 -10"><span class='ocrx_word' id='word_1_33' title='bbox 437 1110 675 1177; x_wconf 80' lang='lat' dir='ltr'>Nititur,</span> <span class='ocrx_word' id='word_1_34' title='bbox 709 1103 1091 1170; x_wconf 82' lang='lat' dir='ltr'>absentisque</span> <span class='ocrx_word' id='word_1_35' title='bbox 1127 1097 1296 1150; x_wconf 89' lang='lat' dir='ltr'>ducis</span> <span class='ocrx_word' id='word_1_36' title='bbox 1328 1095 1696 1166; x_wconf 78' lang='lat' dir='ltr'>perfringere</span> <span class='ocrx_word' id='word_1_37' title='bbox 1734 1098 1948 1149; x_wconf 89' lang='lat' dir='ltr'>castra.</span> <span class='ocrx_word' id='word_1_38' title='bbox 2206 1098 2527 1152; x_wconf 88' lang='lat' dir='ltr'>Associare</span> <span class='ocrx_word' id='word_1_39' title='bbox 2574 1097 2806 1165; x_wconf 84' lang='lat' dir='ltr'>studet;</span> <span class='ocrx_word' id='word_1_40' title='bbox 2851 1101 3146 1168; x_wconf 83' lang='lat' dir='ltr'>nequeant</span> <span class='ocrx_word' id='word_1_41' title='bbox 3193 1099 3549 1153; x_wconf 89' lang='lat' dir='ltr'>incommoda</span> <span class='ocrx_word' id='word_1_42' title='bbox 3595 1105 3799 1155; x_wconf 78' lang='lat' dir='ltr'>mentem</span> 
     </span>
    </p>
   </div>
   <div class='ocr_carea' id='block_1_6' title="bbox 436 1184 3547 1256">
    <p class='ocr_par' dir='ltr' id='par_1_6' title="bbox 436 1184 3547 1256">
     <span class='ocr_line' id='line_1_6' title="bbox 436 1184 3547 1256; baseline -0.004 -3"><span class='ocrx_word' id='word_1_43' title='bbox 436 1199 581 1253; x_wconf 63' lang='lat' dir='ltr'>Hinc</span> <span class='ocrx_word' id='word_1_44' title='bbox 611 1197 727 1249; x_wconf 93' lang='lat' dir='ltr'>duo</span> <span class='ocrx_word' id='word_1_45' title='bbox 759 1189 1077 1246; x_wconf 80' lang='lat' dir='ltr'>servabant</span> <span class='ocrx_word' id='word_1_46' title='bbox 1103 1187 1159 1238; x_wconf 92' lang='lat' dir='ltr'>vi</span> <span class='ocrx_word' id='word_1_47' title='bbox 1191 1184 1559 1252; x_wconf 90' lang='lat' dir='ltr'>consilioque</span> <span class='ocrx_word' id='word_1_48' title='bbox 1589 1187 1878 1252; x_wconf 91' lang='lat' dir='ltr'>potentes,</span> <span class='ocrx_word' id='word_1_49' title='bbox 2205 1186 2547 1238; x_wconf 88' lang='lat' dir='ltr'>Perterrere</span> <span class='ocrx_word' id='word_1_50' title='bbox 2577 1184 2708 1249; x_wconf 88' lang='lat' dir='ltr'>viri,</span> <span class='ocrx_word' id='word_1_51' title='bbox 2746 1187 2938 1256; x_wconf 89' lang='lat' dir='ltr'>magis</span> <span class='ocrx_word' id='word_1_52' title='bbox 2969 1185 3276 1239; x_wconf 83' lang='lat' dir='ltr'>obsidione</span> <span class='ocrx_word' id='word_1_53' title='bbox 3303 1188 3547 1240; x_wconf 75' lang='lat' dir='ltr'>solutam</span> 
     </span>
    </p>
   </div>
   <div class='ocr_carea' id='block_1_7' title="bbox 438 1271 3800 1344">
    <p class='ocr_par' dir='ltr' id='par_1_7' title="bbox 438 1271 3800 1344">
     <span class='ocr_line' id='line_1_7' title="bbox 438 1271 3800 1344; baseline -0.004 -2"><span class='ocrx_word' id='word_1_54' title='bbox 438 1286 628 1342; x_wconf 87' lang='lat' dir='ltr'>Filius</span> <span class='ocrx_word' id='word_1_55' title='bbox 658 1282 756 1336; x_wconf 91' lang='lat' dir='ltr'>ille</span> <span class='ocrx_word' id='word_1_56' title='bbox 786 1278 956 1332; x_wconf 90' lang='lat' dir='ltr'>ducis</span> <span class='ocrx_word' id='word_1_57' title='bbox 987 1273 1384 1338; x_wconf 89' lang='lat' dir='ltr'>Boamundus,</span> <span class='ocrx_word' id='word_1_58' title='bbox 1418 1274 1475 1325; x_wconf 92' lang='lat' dir='ltr'>et</span> <span class='ocrx_word' id='word_1_59' title='bbox 1505 1272 1615 1324; x_wconf 87' lang='lat' dir='ltr'>iste</span> <span class='ocrx_word' id='word_1_60' title='bbox 1645 1271 1915 1325; x_wconf 90' lang='lat' dir='ltr'>Brienus.</span> <span class='ocrx_word' id='word_1_61' title='bbox 2207 1272 2426 1325; x_wconf 82' lang='lat' dir='ltr'>Urbem</span> <span class='ocrx_word' id='word_1_62' title='bbox 2461 1273 2844 1341; x_wconf 85' lang='lat' dir='ltr'>conqueritur</span> <span class='ocrx_word' id='word_1_63' title='bbox 2868 1272 2992 1342; x_wconf 88' lang='lat' dir='ltr'>jam</span> <span class='ocrx_word' id='word_1_64' title='bbox 3013 1273 3500 1344; x_wconf 88' lang='lat' dir='ltr'>victam,jamque</span> <span class='ocrx_word' id='word_1_65' title='bbox 3528 1274 3800 1329; x_wconf 81' lang='lat' dir='ltr'>subactam.</span> 
     </span>
    </p>
   </div>
   <div class='ocr_carea' id='block_1_8' title="bbox 436 1359 3458 1442">
    <p class='ocr_par' dir='ltr' id='par_1_8' title="bbox 436 1359 3458 1442">
     <span class='ocr_line' id='line_1_8' title="bbox 436 1359 3458 1442; baseline -0.005 -13"><span class='ocrx_word' id='word_1_66' title='bbox 436 1373 609 1429; x_wconf 89' lang='lat' dir='ltr'>Haud</span> <span class='ocrx_word' id='word_1_67' title='bbox 635 1369 842 1442; x_wconf 80' lang='lat' dir='ltr'>procul</span> <span class='ocrx_word' id='word_1_68' title='bbox 877 1382 908 1418; x_wconf 86' lang='lat' dir='ltr'>a</span> <span class='ocrx_word' id='word_1_69' title='bbox 938 1365 1165 1428; x_wconf 80' lang='lat' dir='ltr'>Jamna,</span> <span class='ocrx_word' id='word_1_70' title='bbox 1199 1377 1316 1414; x_wconf 89' lang='lat' dir='ltr'>non</span> <span class='ocrx_word' id='word_1_71' title='bbox 1344 1360 1508 1428; x_wconf 90' lang='lat' dir='ltr'>parvi</span> <span class='ocrx_word' id='word_1_72' title='bbox 1538 1359 1792 1412; x_wconf 91' lang='lat' dir='ltr'>nominis</span> <span class='ocrx_word' id='word_1_73' title='bbox 1825 1359 1992 1427; x_wconf 87' lang='lat' dir='ltr'>urbe,</span> <span class='ocrx_word' id='word_1_74' title='bbox 2205 1359 2386 1412; x_wconf 88' lang='lat' dir='ltr'>Marte</span> <span class='ocrx_word' id='word_1_75' title='bbox 2421 1360 2697 1430; x_wconf 87' lang='lat' dir='ltr'>fatigatos</span> <span class='ocrx_word' id='word_1_76' title='bbox 2721 1360 2845 1430; x_wconf 90' lang='lat' dir='ltr'>jam</span> <span class='ocrx_word' id='word_1_77' title='bbox 2877 1377 2994 1414; x_wconf 89' lang='lat' dir='ltr'>nox</span> <span class='ocrx_word' id='word_1_78' title='bbox 3016 1361 3246 1414; x_wconf 90' lang='lat' dir='ltr'>admota</span> <span class='ocrx_word' id='word_1_79' title='bbox 3279 1362 3458 1431; x_wconf 87' lang='lat' dir='ltr'>quieti</span> 
     </span>
    </p>
   </div>
   <div class='ocr_carea' id='block_1_9' title="bbox 434 1445 3806 1521">
    <p class='ocr_par' dir='ltr' id='par_1_9' title="bbox 434 1445 3806 1521">
     <span class='ocr_line' id='line_1_9' title="bbox 434 1445 3806 1521; baseline 0.002 -25"><span class='ocrx_word' id='word_1_80' title='bbox 434 1462 634 1518; x_wconf 56' lang='lat' dir='ltr'>partis</span> <span class='ocrx_word' id='word_1_81' title='bbox 665 1455 930 1512; x_wconf 69' lang='grc' dir='ltr'>Αιθχίῃεθ</span> <span class='ocrx_word' id='word_1_82' title='bbox 962 1451 1214 1521; x_wconf 85' lang='lat' dir='ltr'>populus</span> <span class='ocrx_word' id='word_1_83' title='bbox 1257 1463 1364 1501; x_wconf 90' lang='lat' dir='ltr'>sua</span> <span class='ocrx_word' id='word_1_84' title='bbox 1396 1451 1588 1500; x_wconf 87' lang='lat' dir='ltr'>castra</span> <span class='ocrx_word' id='word_1_85' title='bbox 1620 1448 1859 1500; x_wconf 88' lang='lat' dir='ltr'>locarat.</span> <span class='ocrx_word' id='word_1_86' title='bbox 2204 1445 2463 1500; x_wconf 83' lang='lat' dir='ltr'>Tradere</span> <span class='ocrx_word' id='word_1_87' title='bbox 2502 1448 2764 1501; x_wconf 86' lang='lat' dir='ltr'>membra</span> <span class='ocrx_word' id='word_1_88' title='bbox 2803 1452 3015 1517; x_wconf 91' lang='lat' dir='ltr'>mouet,</span> <span class='ocrx_word' id='word_1_89' title='bbox 3067 1449 3278 1502; x_wconf 90' lang='lat' dir='ltr'>vallem</span> <span class='ocrx_word' id='word_1_90' title='bbox 3323 1449 3678 1503; x_wconf 89' lang='lat' dir='ltr'>Boamundus</span> <span class='ocrx_word' id='word_1_91' title='bbox 3705 1466 3806 1520; x_wconf 84' lang='lat' dir='ltr'>opa-</span> 
     </span>
    </p>
   </div>
   <div class='ocr_carea' id='block_1_10' title="bbox 435 1534 3750 1619">
    <p class='ocr_par' dir='ltr' id='par_1_10' title="bbox 435 1534 3750 1619">
     <span class='ocr_line' id='line_1_10' title="bbox 435 1534 3750 1619; baseline -0.008 -13"><span class='ocrx_word' id='word_1_92' title='bbox 435 1546 743 1619; x_wconf 87' lang='lat' dir='ltr'>Multiplici</span> <span class='ocrx_word' id='word_1_93' title='bbox 770 1545 996 1614; x_wconf 89' lang='lat' dir='ltr'>partem</span> <span class='ocrx_word' id='word_1_94' title='bbox 1027 1537 1339 1608; x_wconf 84' lang='lat' dir='ltr'>praemunit</span> <span class='ocrx_word' id='word_1_95' title='bbox 1375 1535 1620 1588; x_wconf 90' lang='lat' dir='ltr'>Alexius</span> <span class='ocrx_word' id='word_1_96' title='bbox 1652 1534 1810 1587; x_wconf 87' lang='lat' dir='ltr'>illam</span> <span class='ocrx_word' id='word_1_97' title='bbox 3626 1539 3750 1604; x_wconf 67' lang='lat' dir='ltr'>(cam</span> 
     </span>
    </p>
   </div>
   <div class='ocr_carea' id='block_1_11' title="bbox 434 1620 3803 1705">
    <p class='ocr_par' dir='ltr' id='par_1_11' title="bbox 434 1620 3803 1705">
     <span class='ocr_line' id='line_1_11' title="bbox 434 1620 3803 1705; baseline -0.005 -10"><span class='ocrx_word' id='word_1_98' title='bbox 434 1639 615 1695; x_wconf 89' lang='lat' dir='ltr'>Obice</span> <span class='ocrx_word' id='word_1_99' title='bbox 645 1633 1062 1705; x_wconf 88' lang='lat' dir='ltr'>plaustrorum,</span> <span class='ocrx_word' id='word_1_100' title='bbox 1097 1640 1270 1695; x_wconf 90' lang='lat' dir='ltr'>quam</span> <span class='ocrx_word' id='word_1_101' title='bbox 1301 1623 1504 1692; x_wconf 91' lang='lat' dir='ltr'>pervia</span> <span class='ocrx_word' id='word_1_102' title='bbox 1536 1622 1793 1691; x_wconf 91' lang='lat' dir='ltr'>planitiei</span> <span class='ocrx_word' id='word_1_103' title='bbox 2207 1620 2371 1675; x_wconf 90' lang='lat' dir='ltr'>Haud</span> <span class='ocrx_word' id='word_1_104' title='bbox 2429 1623 2632 1690; x_wconf 84' lang='lat' dir='ltr'>procul</span> <span class='ocrx_word' id='word_1_105' title='bbox 2702 1623 2834 1678; x_wconf 88' lang='lat' dir='ltr'>inde</span> <span class='ocrx_word' id='word_1_106' title='bbox 2889 1625 3066 1694; x_wconf 88' lang='lat' dir='ltr'>petit,</span> <span class='ocrx_word' id='word_1_107' title='bbox 3144 1640 3276 1694; x_wconf 70' lang='lat' dir='ltr'>quae</span> <span class='ocrx_word' id='word_1_108' title='bbox 3346 1627 3550 1678; x_wconf 88' lang='lat' dir='ltr'>cuncta</span> <span class='ocrx_word' id='word_1_109' title='bbox 3617 1625 3803 1694; x_wconf 87' lang='lat' dir='ltr'>sibique</span> 
     </span>
    </p>
   </div>
   <div class='ocr_carea' id='block_1_12' title="bbox 437 1711 3749 1796">
    <p class='ocr_par' dir='ltr' id='par_1_12' title="bbox 437 1711 3749 1796">
     <span class='ocr_line' id='line_1_12' title="bbox 437 1711 3749 1796; baseline -0.017 -14"><span class='ocrx_word' id='word_1_110' title='bbox 437 1727 524 1782; x_wconf 87' lang='lat' dir='ltr'>Ad</span> <span class='ocrx_word' id='word_1_111' title='bbox 553 1718 985 1796; x_wconf 88' lang='lat' dir='ltr'>pervadendam</span> <span class='ocrx_word' id='word_1_112' title='bbox 1017 1713 1248 1767; x_wconf 85' lang='lat' dir='ltr'>facilem</span> <span class='ocrx_word' id='word_1_113' title='bbox 1281 1712 1494 1764; x_wconf 88' lang='lat' dir='ltr'>vicinia</span> <span class='ocrx_word' id='word_1_114' title='bbox 1527 1711 1735 1778; x_wconf 86' lang='lat' dir='ltr'>reddit,</span> <span class='ocrx_word' id='word_1_115' title='bbox 3495 1715 3749 1782; x_wconf 52' lang='lat' dir='ltr'>(suisque,</span> 
     </span>
    </p>
   </div>
   <div class='ocr_carea' id='block_1_13' title="bbox 435 1798 3694 1870">
    <p class='ocr_par' dir='ltr' id='par_1_13' title="bbox 435 1798 3694 1870">
     <span class='ocr_line' id='line_1_13' title="bbox 435 1798 3694 1870; baseline -0.005 0"><span class='ocrx_word' id='word_1_116' title='bbox 435 1814 654 1870; x_wconf 86' lang='lat' dir='ltr'>Ferrea</span> <span class='ocrx_word' id='word_1_117' title='bbox 685 1824 818 1862; x_wconf 91' lang='lat' dir='ltr'>cum</span> <span class='ocrx_word' id='word_1_118' title='bbox 851 1803 1084 1858; x_wconf 89' lang='lat' dir='ltr'>tribulis</span> <span class='ocrx_word' id='word_1_119' title='bbox 1117 1815 1322 1854; x_wconf 90' lang='lat' dir='ltr'>omnes</span> <span class='ocrx_word' id='word_1_120' title='bbox 1356 1799 1619 1852; x_wconf 89' lang='lat' dir='ltr'>saliunca</span> <span class='ocrx_word' id='word_1_121' title='bbox 1654 1799 1881 1851; x_wconf 85' lang='lat' dir='ltr'>viarum</span> <span class='ocrx_word' id='word_1_122' title='bbox 2204 1798 2351 1867; x_wconf 89' lang='lat' dir='ltr'>Apta</span> <span class='ocrx_word' id='word_1_123' title='bbox 2383 1800 2772 1867; x_wconf 85' lang='lat' dir='ltr'>ministrabat,</span> <span class='ocrx_word' id='word_1_124' title='bbox 2807 1815 2913 1852; x_wconf 90' lang='lat' dir='ltr'>sua</span> <span class='ocrx_word' id='word_1_125' title='bbox 2943 1801 3079 1853; x_wconf 88' lang='lat' dir='ltr'>dant</span> <span class='ocrx_word' id='word_1_126' title='bbox 3109 1801 3187 1854; x_wconf 91' lang='lat' dir='ltr'>ibi</span> <span class='ocrx_word' id='word_1_127' title='bbox 3214 1801 3476 1855; x_wconf 86' lang='lat' dir='ltr'>membra</span> <span class='ocrx_word' id='word_1_128' title='bbox 3498 1803 3694 1870; x_wconf 85' lang='lat' dir='ltr'>scpori.</span> 
     </span>
    </p>
   </div>
   <div class='ocr_carea' id='block_1_14' title="bbox 435 1886 3699 1970">
    <p class='ocr_par' dir='ltr' id='par_1_14' title="bbox 435 1886 3699 1970">
     <span class='ocr_line' id='line_1_14' title="bbox 435 1886 3699 1970; baseline -0.003 -16"><span class='ocrx_word' id='word_1_129' title='bbox 435 1898 731 1970; x_wconf 70' lang='lat' dir='ltr'>Prmpedit</span> <span class='ocrx_word' id='word_1_130' title='bbox 759 1905 1067 1958; x_wconf 85' lang='lat' dir='ltr'>accessus,</span> <span class='ocrx_word' id='word_1_131' title='bbox 1101 1892 1162 1941; x_wconf 89' lang='lat' dir='ltr'>ut</span> <span class='ocrx_word' id='word_1_132' title='bbox 1199 1887 1353 1940; x_wconf 85' lang='lat' dir='ltr'>laxis</span> <span class='ocrx_word' id='word_1_133' title='bbox 1385 1887 1577 1940; x_wconf 88' lang='lat' dir='ltr'>hostis</span> <span class='ocrx_word' id='word_1_134' title='bbox 1607 1886 1876 1952; x_wconf 89' lang='lat' dir='ltr'>habenis,</span> <span class='ocrx_word' id='word_1_135' title='bbox 2203 1887 2457 1940; x_wconf 88' lang='lat' dir='ltr'>Plurima</span> <span class='ocrx_word' id='word_1_136' title='bbox 2490 1893 2623 1956; x_wconf 89' lang='lat' dir='ltr'>post</span> <span class='ocrx_word' id='word_1_137' title='bbox 2654 1888 2904 1940; x_wconf 84' lang='lat' dir='ltr'>triduum</span> <span class='ocrx_word' id='word_1_138' title='bbox 2940 1888 3054 1941; x_wconf 91' lang='lat' dir='ltr'>duo</span> <span class='ocrx_word' id='word_1_139' title='bbox 3086 1888 3426 1943; x_wconf 83' lang='lat' dir='ltr'>conduxere</span> <span class='ocrx_word' id='word_1_140' title='bbox 3456 1892 3699 1958; x_wconf 84' lang='lat' dir='ltr'>potentes</span> 
     </span>
    </p>
   </div>
   <div class='ocr_carea' id='block_1_15' title="bbox 436 1975 3704 2048">
    <p class='ocr_par' dir='ltr' id='par_1_15' title="bbox 436 1975 3704 2048">
     <span class='ocr_line' id='line_1_15' title="bbox 436 1975 3704 2048; baseline -0.004 -4"><span class='ocrx_word' id='word_1_141' title='bbox 436 1991 591 2045; x_wconf 86' lang='lat' dir='ltr'>Dum</span> <span class='ocrx_word' id='word_1_142' title='bbox 622 1984 866 2039; x_wconf 88' lang='lat' dir='ltr'>dimittet</span> <span class='ocrx_word' id='word_1_143' title='bbox 897 1993 1102 2048; x_wconf 90' lang='lat' dir='ltr'>equos,</span> <span class='ocrx_word' id='word_1_144' title='bbox 1138 1977 1388 2044; x_wconf 87' lang='lat' dir='ltr'>pedibus</span> <span class='ocrx_word' id='word_1_145' title='bbox 1421 1975 1637 2044; x_wconf 85' lang='lat' dir='ltr'>ﬁgatur</span> <span class='ocrx_word' id='word_1_146' title='bbox 1667 1990 1970 2043; x_wconf 91' lang='lat' dir='ltr'>equorum.</span> <span class='ocrx_word' id='word_1_147' title='bbox 2204 1975 2456 2044; x_wconf 81' lang='lat' dir='ltr'>Agmina</span> <span class='ocrx_word' id='word_1_148' title='bbox 2486 1975 2826 2029; x_wconf 85' lang='lat' dir='ltr'>Graecorum</span> <span class='ocrx_word' id='word_1_149' title='bbox 2863 1976 3200 2029; x_wconf 86' lang='lat' dir='ltr'>Boamundo</span> <span class='ocrx_word' id='word_1_150' title='bbox 3230 1977 3387 2030; x_wconf 90' lang='lat' dir='ltr'>bella</span> <span class='ocrx_word' id='word_1_151' title='bbox 3418 1983 3704 2046; x_wconf 86' lang='lat' dir='ltr'>parantes;</span> 
     </span>
    </p>
   </div>
   <div class='ocr_carea' id='block_1_16' title="bbox 438 2063 3425 2134">
    <p class='ocr_par' dir='ltr' id='par_1_16' title="bbox 438 2063 3425 2134">
     <span class='ocr_line' id='line_1_16' title="bbox 438 2063 3425 2134; baseline -0.005 -1"><span class='ocrx_word' id='word_1_152' title='bbox 438 2077 513 2133; x_wconf 85' lang='lat' dir='ltr'>At</span> <span class='ocrx_word' id='word_1_153' title='bbox 543 2073 755 2130; x_wconf 88' lang='lat' dir='ltr'>nebula</span> <span class='ocrx_word' id='word_1_154' title='bbox 785 2072 1045 2123; x_wconf 89' lang='lat' dir='ltr'>Danaum</span> <span class='ocrx_word' id='word_1_155' title='bbox 1078 2066 1430 2134; x_wconf 83' lang='lat' dir='ltr'>prospectus</span> <span class='ocrx_word' id='word_1_156' title='bbox 1461 2063 1875 2131; x_wconf 85' lang='lat' dir='ltr'>praepediente,</span> <span class='ocrx_word' id='word_1_157' title='bbox 2205 2064 2369 2116; x_wconf 85' lang='lat' dir='ltr'>Alter</span> <span class='ocrx_word' id='word_1_158' title='bbox 2401 2063 2731 2116; x_wconf 82' lang='lat' dir='ltr'>Germanus</span> <span class='ocrx_word' id='word_1_159' title='bbox 2760 2064 3011 2133; x_wconf 81' lang='lat' dir='ltr'>Augusti</span> <span class='ocrx_word' id='word_1_160' title='bbox 3047 2065 3425 2134; x_wconf 85' lang='lat' dir='ltr'>Melisiauus,</span> 
     </span>
    </p>
   </div>
   <div class='ocr_carea' id='block_1_17' title="bbox 433 2151 3611 2227">
    <p class='ocr_par' dir='ltr' id='par_1_17' title="bbox 433 2151 3611 2227">
     <span class='ocr_line' id='line_1_17' title="bbox 433 2151 3611 2227; baseline -0.009 7"><span class='ocrx_word' id='word_1_161' title='bbox 433 2165 578 2220; x_wconf 76' lang='grc' dir='ltr'>ῙῙῙιιο</span> <span class='ocrx_word' id='word_1_162' title='bbox 607 2157 932 2216; x_wconf 57' lang='lat' dir='ltr'>Normanni</span> <span class='ocrx_word' id='word_1_163' title='bbox 961 2171 1067 2224; x_wconf 58' lang='grc' dir='ltr'>ΡΘῐὶ</span> <span class='ocrx_word' id='word_1_164' title='bbox 1094 2153 1311 2206; x_wconf 57' lang='lat' dir='ltr'>Vilibus</span> <span class='ocrx_word' id='word_1_165' title='bbox 1335 2166 1547 2220; x_wconf 63' lang='lat' dir='ltr'>aspera</span> <span class='ocrx_word' id='word_1_166' title='bbox 1578 2151 1781 2204; x_wconf 74' lang='lat' dir='ltr'>denSiS</span> <span class='ocrx_word' id='word_1_167' title='bbox 2123 2167 2173 2227; x_wconf 84' lang='grc' dir='ltr'>Β</span> <span class='ocrx_word' id='word_1_168' title='bbox 2207 2153 2372 2205; x_wconf 86' lang='lat' dir='ltr'>Alter</span> <span class='ocrx_word' id='word_1_169' title='bbox 2397 2154 2707 2221; x_wconf 88' lang='lat' dir='ltr'>cognatus,</span> <span class='ocrx_word' id='word_1_170' title='bbox 2743 2167 2953 2204; x_wconf 91' lang='lat' dir='ltr'>nomen</span> <span class='ocrx_word' id='word_1_171' title='bbox 2985 2151 3094 2205; x_wconf 86' lang='lat' dir='ltr'>fuit</span> <span class='ocrx_word' id='word_1_172' title='bbox 3124 2153 3258 2205; x_wconf 84' lang='lat' dir='ltr'>huic</span> <span class='ocrx_word' id='word_1_173' title='bbox 3289 2154 3611 2207; x_wconf 81' lang='lat' dir='ltr'>Adrianus.</span> 
     </span>
    </p>
   </div>
   <div class='ocr_carea' id='block_1_18' title="bbox 433 2238 3626 2320">
    <p class='ocr_par' dir='ltr' id='par_1_18' title="bbox 433 2238 3626 2320">
     <span class='ocr_line' id='line_1_18' title="bbox 433 2238 3626 2320; baseline -0.004 -12"><span class='ocrx_word' id='word_1_174' title='bbox 433 2253 732 2320; x_wconf 87' lang='lat' dir='ltr'>Plenaque</span> <span class='ocrx_word' id='word_1_175' title='bbox 765 2244 1013 2299; x_wconf 88' lang='lat' dir='ltr'>carectis</span> <span class='ocrx_word' id='word_1_176' title='bbox 1044 2243 1172 2295; x_wconf 88' lang='lat' dir='ltr'>loca</span> <span class='ocrx_word' id='word_1_177' title='bbox 1202 2255 1527 2310; x_wconf 89' lang='lat' dir='ltr'>pervenere</span> <span class='ocrx_word' id='word_1_178' title='bbox 1557 2238 1821 2293; x_wconf 85' lang='lat' dir='ltr'>latenter.</span> <span class='ocrx_word' id='word_1_179' title='bbox 2206 2239 2528 2292; x_wconf 89' lang='lat' dir='ltr'>Normanni</span> <span class='ocrx_word' id='word_1_180' title='bbox 2557 2240 2747 2292; x_wconf 82' lang='lat' dir='ltr'>solitae</span> <span class='ocrx_word' id='word_1_181' title='bbox 2777 2254 3070 2292; x_wconf 90' lang='lat' dir='ltr'>memores</span> <span class='ocrx_word' id='word_1_182' title='bbox 3100 2241 3338 2292; x_wconf 87' lang='lat' dir='ltr'>virtutis</span> <span class='ocrx_word' id='word_1_183' title='bbox 3369 2241 3442 2294; x_wconf 89' lang='lat' dir='ltr'>ad</span> <span class='ocrx_word' id='word_1_184' title='bbox 3473 2257 3626 2294; x_wconf 88' lang='lat' dir='ltr'>arma</span> 
     </span>
    </p>
   </div>
   <div class='ocr_carea' id='block_1_19' title="bbox 436 2326 3669 2404">
    <p class='ocr_par' dir='ltr' id='par_1_19' title="bbox 436 2326 3669 2404">
     <span class='ocr_line' id='line_1_19' title="bbox 436 2326 3669 2404; baseline -0.003 -13"><span class='ocrx_word' id='word_1_185' title='bbox 436 2340 643 2395; x_wconf 87' lang='lat' dir='ltr'>Obstat</span> <span class='ocrx_word' id='word_1_186' title='bbox 673 2331 1067 2404; x_wconf 82' lang='lat' dir='ltr'>congrediens</span> <span class='ocrx_word' id='word_1_187' title='bbox 1098 2329 1398 2398; x_wconf 84' lang='lat' dir='ltr'>paulisper</span> <span class='ocrx_word' id='word_1_188' title='bbox 1427 2327 1670 2385; x_wconf 84' lang='lat' dir='ltr'>Alexius</span> <span class='ocrx_word' id='word_1_189' title='bbox 1701 2327 1840 2395; x_wconf 92' lang='lat' dir='ltr'>illis,</span> <span class='ocrx_word' id='word_1_190' title='bbox 2203 2327 2570 2381; x_wconf 87' lang='lat' dir='ltr'>Concurrunt</span> <span class='ocrx_word' id='word_1_191' title='bbox 2602 2327 2847 2395; x_wconf 78' lang='lat' dir='ltr'>celeres,</span> <span class='ocrx_word' id='word_1_192' title='bbox 2882 2327 3156 2397; x_wconf 88' lang='lat' dir='ltr'>solitique</span> <span class='ocrx_word' id='word_1_193' title='bbox 3187 2326 3508 2399; x_wconf 80' lang='lat' dir='ltr'>fugacibus</span> <span class='ocrx_word' id='word_1_194' title='bbox 3539 2331 3669 2400; x_wconf 82' lang='lat' dir='ltr'>Argi</span> 
     </span>
    </p>
   </div>
   <div class='ocr_carea' id='block_1_20' title="bbox 436 2414 3656 2484">
    <p class='ocr_par' dir='ltr' id='par_1_20' title="bbox 436 2414 3656 2484">
     <span class='ocr_line' id='line_1_20' title="bbox 436 2414 3656 2484; baseline -0.005 2"><span class='ocrx_word' id='word_1_195' title='bbox 436 2429 554 2484; x_wconf 83' lang='lat' dir='ltr'>Sed</span> <span class='ocrx_word' id='word_1_196' title='bbox 581 2441 698 2480; x_wconf 87' lang='lat' dir='ltr'>non</span> <span class='ocrx_word' id='word_1_197' title='bbox 727 2424 1014 2476; x_wconf 70' lang='lat' dir='ltr'>instantes</span> <span class='ocrx_word' id='word_1_198' title='bbox 1046 2415 1296 2471; x_wconf 54' lang='lat' dir='ltr'>Sllﬂ‘erl‘e</span> <span class='ocrx_word' id='word_1_199' title='bbox 1328 2415 1546 2469; x_wconf 70' lang='lat' dir='ltr'>diutius</span> <span class='ocrx_word' id='word_1_200' title='bbox 1577 2415 1712 2468; x_wconf 81' lang='lat' dir='ltr'>illos</span> <span class='ocrx_word' id='word_1_201' title='bbox 2203 2414 2370 2468; x_wconf 91' lang='lat' dir='ltr'>Elabi</span> <span class='ocrx_word' id='word_1_202' title='bbox 2400 2415 2672 2484; x_wconf 86' lang='lat' dir='ltr'>pedibus,</span> <span class='ocrx_word' id='word_1_203' title='bbox 2704 2415 2950 2468; x_wconf 86' lang='lat' dir='ltr'>redeunt</span> <span class='ocrx_word' id='word_1_204' title='bbox 2979 2421 3371 2484; x_wconf 85' lang='lat' dir='ltr'>properanter</span> <span class='ocrx_word' id='word_1_205' title='bbox 3401 2418 3470 2470; x_wconf 91' lang='lat' dir='ltr'>ad</span> <span class='ocrx_word' id='word_1_206' title='bbox 3505 2417 3656 2471; x_wconf 89' lang='lat' dir='ltr'>urbis</span> 
     </span>
    </p>
   </div>
   <div class='ocr_carea' id='block_1_21' title="bbox 436 2502 3732 2581">
    <p class='ocr_par' dir='ltr' id='par_1_21' title="bbox 436 2502 3732 2581">
     <span class='ocr_line' id='line_1_21' title="bbox 436 2502 3732 2581; baseline -0.004 -11"><span class='ocrx_word' id='word_1_207' title='bbox 436 2515 688 2581; x_wconf 86' lang='lat' dir='ltr'>Evaluit,</span> <span class='ocrx_word' id='word_1_208' title='bbox 721 2512 1002 2580; x_wconf 88' lang='lat' dir='ltr'>petiitque</span> <span class='ocrx_word' id='word_1_209' title='bbox 1033 2507 1229 2576; x_wconf 80' lang='lat' dir='ltr'>fugam</span> <span class='ocrx_word' id='word_1_210' title='bbox 1261 2505 1572 2573; x_wconf 88' lang='lat' dir='ltr'>victusque</span> <span class='ocrx_word' id='word_1_211' title='bbox 1604 2504 1875 2557; x_wconf 90' lang='lat' dir='ltr'>recessit.</span> <span class='ocrx_word' id='word_1_212' title='bbox 2203 2503 2415 2556; x_wconf 85' lang='lat' dir='ltr'>Moenia</span> <span class='ocrx_word' id='word_1_213' title='bbox 2448 2503 2707 2556; x_wconf 82' lang='lat' dir='ltr'>Larissae</span> <span class='ocrx_word' id='word_1_214' title='bbox 2736 2502 2902 2572; x_wconf 52' lang='grc'>(117),</span> <span class='ocrx_word' id='word_1_215' title='bbox 2938 2519 3050 2572; x_wconf 91' lang='lat' dir='ltr'>qua</span> <span class='ocrx_word' id='word_1_216' title='bbox 3083 2505 3328 2557; x_wconf 89' lang='lat' dir='ltr'>clausus</span> <span class='ocrx_word' id='word_1_217' title='bbox 3356 2505 3596 2559; x_wconf 85' lang='lat' dir='ltr'>Alexius</span> <span class='ocrx_word' id='word_1_218' title='bbox 3625 2507 3732 2575; x_wconf 86' lang='lat' dir='ltr'>ipse</span> 
     </span>
    </p>
   </div>
   <div class='ocr_carea' id='block_1_22' title="bbox 439 2591 3629 2662">
    <p class='ocr_par' dir='ltr' id='par_1_22' title="bbox 439 2591 3629 2662">
     <span class='ocr_line' id='line_1_22' title="bbox 439 2591 3629 2662; baseline -0.004 -4"><span class='ocrx_word' id='word_1_219' title='bbox 439 2603 665 2658; x_wconf 88' lang='lat' dir='ltr'>Urbem</span> <span class='ocrx_word' id='word_1_220' title='bbox 695 2595 1022 2652; x_wconf 58' lang='lat' dir='ltr'>Thessaliae</span> <span class='ocrx_word' id='word_1_221' title='bbox 1056 2595 1369 2662; x_wconf 87' lang='lat' dir='ltr'>superatus</span> <span class='ocrx_word' id='word_1_222' title='bbox 1397 2592 1580 2644; x_wconf 88' lang='lat' dir='ltr'>Marte</span> <span class='ocrx_word' id='word_1_223' title='bbox 1617 2591 1878 2645; x_wconf 91' lang='lat' dir='ltr'>secundo</span> <span class='ocrx_word' id='word_1_224' title='bbox 2203 2591 2333 2644; x_wconf 89' lang='lat' dir='ltr'>Non</span> <span class='ocrx_word' id='word_1_225' title='bbox 2363 2591 2566 2660; x_wconf 85' lang='lat' dir='ltr'>procul</span> <span class='ocrx_word' id='word_1_226' title='bbox 2599 2591 2848 2644; x_wconf 87' lang='lat' dir='ltr'>audebat</span> <span class='ocrx_word' id='word_1_227' title='bbox 2878 2592 3049 2644; x_wconf 87' lang='lat' dir='ltr'>toties</span> <span class='ocrx_word' id='word_1_228' title='bbox 3083 2595 3406 2659; x_wconf 86' lang='lat' dir='ltr'>superatus</span> <span class='ocrx_word' id='word_1_229' title='bbox 3435 2593 3593 2647; x_wconf 91' lang='lat' dir='ltr'>abire</span> <span class='ocrx_word' id='word_1_230' title='bbox 3619 2613 3629 2658; x_wconf 89' lang='lat'><strong>;</strong></span> 
     </span>
    </p>
   </div>
   <div class='ocr_carea' id='block_1_23' title="bbox 439 2678 3758 2762">
    <p class='ocr_par' dir='ltr' id='par_1_23' title="bbox 439 2678 3758 2762">
     <span class='ocr_line' id='line_1_23' title="bbox 439 2678 3758 2762; baseline -0.002 -19"><span class='ocrx_word' id='word_1_231' title='bbox 439 2689 674 2762; x_wconf 88' lang='lat' dir='ltr'>Appetit</span> <span class='ocrx_word' id='word_1_232' title='bbox 741 2684 1042 2755; x_wconf 80' lang='lat' dir='ltr'>egregiam</span> <span class='ocrx_word' id='word_1_233' title='bbox 1069 2722 1082 2749; x_wconf 94' lang='lat'>,</span> <span class='ocrx_word' id='word_1_234' title='bbox 1155 2681 1374 2750; x_wconf 89' lang='lat' dir='ltr'>vulgus</span> <span class='ocrx_word' id='word_1_235' title='bbox 1429 2684 1598 2732; x_wconf 85' lang='lat' dir='ltr'>vocat</span> <span class='ocrx_word' id='word_1_236' title='bbox 1664 2679 1812 2732; x_wconf 88' lang='lat' dir='ltr'>hanc</span> <span class='ocrx_word' id='word_1_237' title='bbox 1870 2678 2091 2732; x_wconf 84' lang='lat' dir='ltr'>Salani-</span> <span class='ocrx_word' id='word_1_238' title='bbox 2203 2679 2326 2732; x_wconf 88' lang='lat' dir='ltr'>Nec</span> <span class='ocrx_word' id='word_1_239' title='bbox 2352 2679 2546 2732; x_wconf 91' lang='lat' dir='ltr'>minus</span> <span class='ocrx_word' id='word_1_240' title='bbox 2579 2682 2633 2732; x_wconf 91' lang='lat' dir='ltr'>et</span> <span class='ocrx_word' id='word_1_241' title='bbox 2664 2679 2841 2732; x_wconf 90' lang='lat' dir='ltr'>Turci</span> <span class='ocrx_word' id='word_1_242' title='bbox 2874 2679 3221 2732; x_wconf 88' lang='lat' dir='ltr'>clauduntur</span> <span class='ocrx_word' id='word_1_243' title='bbox 3250 2680 3309 2732; x_wconf 90' lang='lat' dir='ltr'>in</span> <span class='ocrx_word' id='word_1_244' title='bbox 3347 2682 3494 2734; x_wconf 86' lang='lat' dir='ltr'>urbe</span> <span class='ocrx_word' id='word_1_245' title='bbox 3527 2682 3758 2752; x_wconf 86' lang='lat' dir='ltr'>fugaces.</span> 
     </span>
    </p>
   </div>
   <div class='ocr_carea' id='block_1_24' title="bbox 1663 2766 3612 2838">
    <p class='ocr_par' dir='ltr' id='par_1_24' title="bbox 1663 2766 3612 2838">
     <span class='ocr_line' id='line_1_24' title="bbox 1663 2766 3612 2838; baseline 0.002 -18"><span class='ocrx_word' id='word_1_246' title='bbox 1663 2766 1820 2838; x_wconf 90' lang='lat' dir='ltr'>[chin</span> <span class='ocrx_word' id='word_1_247' title='bbox 1850 2767 2018 2838; x_wconf 85' lang='grc'>(116).</span> <span class='ocrx_word' id='word_1_248' title='bbox 2202 2767 2419 2820; x_wconf 89' lang='lat' dir='ltr'>Taliter</span> <span class='ocrx_word' id='word_1_249' title='bbox 2445 2767 2719 2820; x_wconf 89' lang='lat' dir='ltr'>obsessis</span> <span class='ocrx_word' id='word_1_250' title='bbox 2750 2767 3001 2835; x_wconf 91' lang='lat' dir='ltr'>populus</span> <span class='ocrx_word' id='word_1_251' title='bbox 3026 2767 3468 2822; x_wconf 88' lang='lat' dir='ltr'>Normannicus</span> <span class='ocrx_word' id='word_1_252' title='bbox 3501 2769 3612 2823; x_wconf 91' lang='lat' dir='ltr'>illis</span> 
     </span>
    </p>
   </div>
   <div class='ocr_carea' id='block_1_25' title="bbox 437 2855 3644 2937">
    <p class='ocr_par' dir='ltr' id='par_1_25' title="bbox 437 2855 3644 2937">
     <span class='ocr_line' id='line_1_25' title="bbox 437 2855 3644 2937; baseline 0.007 -45"><span class='ocrx_word' id='word_1_253' title='bbox 437 2866 510 2922; x_wconf 60' lang='lat' dir='ltr'><strong>Et</strong></span> <span class='ocrx_word' id='word_1_254' title='bbox 536 2865 672 2937; x_wconf 66' lang='lat' dir='ltr'>quia</span> <span class='ocrx_word' id='word_1_255' title='bbox 699 2861 992 2917; x_wconf 60' lang='lat' dir='ltr'>bellorum</span> <span class='ocrx_word' id='word_1_256' title='bbox 1023 2857 1222 2910; x_wconf 67' lang='lat' dir='ltr'>varios</span> <span class='ocrx_word' id='word_1_257' title='bbox 1253 2872 1369 2909; x_wconf 84' lang='lat' dir='ltr'>non</span> <span class='ocrx_word' id='word_1_258' title='bbox 1401 2855 1644 2925; x_wconf 87' lang='lat' dir='ltr'>ambigit</span> <span class='ocrx_word' id='word_1_259' title='bbox 1672 2870 1808 2909; x_wconf 88' lang='lat' dir='ltr'>esse</span> <span class='ocrx_word' id='word_1_260' title='bbox 2198 2856 2332 2909; x_wconf 91' lang='lat' dir='ltr'>Non</span> <span class='ocrx_word' id='word_1_261' title='bbox 2363 2870 2664 2908; x_wconf 90' lang='lat' dir='ltr'>remanere</span> <span class='ocrx_word' id='word_1_262' title='bbox 2696 2855 2794 2907; x_wconf 91' lang='lat' dir='ltr'>diu</span> <span class='ocrx_word' id='word_1_263' title='bbox 2823 2855 3025 2922; x_wconf 81' lang='lat' dir='ltr'>valuit,</span> <span class='ocrx_word' id='word_1_264' title='bbox 3057 2855 3191 2924; x_wconf 85' lang='lat' dir='ltr'>quia</span> <span class='ocrx_word' id='word_1_265' title='bbox 3221 2859 3383 2910; x_wconf 89' lang='lat' dir='ltr'>terra</span> <span class='ocrx_word' id='word_1_266' title='bbox 3416 2857 3644 2912; x_wconf 89' lang='lat' dir='ltr'>labores</span> 
     </span>
    </p>
   </div>
   <div class='ocr_carea' id='block_1_26' title="bbox 437 2943 3608 3019">
    <p class='ocr_par' dir='ltr' id='par_1_26' title="bbox 437 2943 3608 3019">
     <span class='ocr_line' id='line_1_26' title="bbox 437 2943 3608 3019; baseline -0.003 -10"><span class='ocrx_word' id='word_1_267' title='bbox 437 2954 720 3019; x_wconf 86' lang='lat' dir='ltr'>Eventus,</span> <span class='ocrx_word' id='word_1_268' title='bbox 756 2950 999 3003; x_wconf 88' lang='lat' dir='ltr'>conatur</span> <span class='ocrx_word' id='word_1_269' title='bbox 1029 2945 1220 2998; x_wconf 90' lang='lat' dir='ltr'>adhuc</span> <span class='ocrx_word' id='word_1_270' title='bbox 1251 2943 1323 2996; x_wconf 90' lang='lat' dir='ltr'>ad</span> <span class='ocrx_word' id='word_1_271' title='bbox 1351 2943 1502 2996; x_wconf 88' lang='lat' dir='ltr'>bella</span> <span class='ocrx_word' id='word_1_272' title='bbox 1533 2944 1746 2998; x_wconf 89' lang='lat' dir='ltr'>redire.</span> <span class='ocrx_word' id='word_1_273' title='bbox 2198 2944 2386 2997; x_wconf 86' lang='lat' dir='ltr'>Passa</span> <span class='ocrx_word' id='word_1_274' title='bbox 2413 2943 2771 3013; x_wconf 88' lang='lat' dir='ltr'>rapinarum,</span> <span class='ocrx_word' id='word_1_275' title='bbox 2801 2943 2996 2996; x_wconf 87' lang='lat' dir='ltr'>victus</span> <span class='ocrx_word' id='word_1_276' title='bbox 3026 2943 3300 2997; x_wconf 87' lang='lat' dir='ltr'>alimenta</span> <span class='ocrx_word' id='word_1_277' title='bbox 3336 2946 3608 3016; x_wconf 83' lang='lat' dir='ltr'>negabat,</span> 
     </span>
    </p>
   </div>
   <div class='ocr_carea' id='block_1_27' title="bbox 435 3031 3643 3104">
    <p class='ocr_par' dir='ltr' id='par_1_27' title="bbox 435 3031 3643 3104">
     <span class='ocr_line' id='line_1_27' title="bbox 435 3031 3643 3104; baseline -0.003 -6"><span class='ocrx_word' id='word_1_278' title='bbox 435 3042 710 3098; x_wconf 88' lang='lat' dir='ltr'>Gaudens</span> <span class='ocrx_word' id='word_1_279' title='bbox 743 3035 946 3091; x_wconf 90' lang='lat' dir='ltr'>audaci</span> <span class='ocrx_word' id='word_1_280' title='bbox 973 3034 1165 3104; x_wconf 90' lang='lat' dir='ltr'>magis</span> <span class='ocrx_word' id='word_1_281' title='bbox 1197 3032 1431 3102; x_wconf 85' lang='lat' dir='ltr'>agmine</span> <span class='ocrx_word' id='word_1_282' title='bbox 1463 3047 1634 3102; x_wconf 89' lang='lat' dir='ltr'>quam</span> <span class='ocrx_word' id='word_1_283' title='bbox 1667 3047 1983 3088; x_wconf 88' lang='lat' dir='ltr'>numeroso</span> <span class='ocrx_word' id='word_1_284' title='bbox 2199 3031 2269 3084; x_wconf 91' lang='lat' dir='ltr'>Et</span> <span class='ocrx_word' id='word_1_285' title='bbox 2298 3047 2485 3102; x_wconf 88' lang='lat' dir='ltr'>nuper</span> <span class='ocrx_word' id='word_1_286' title='bbox 2515 3033 2701 3100; x_wconf 88' lang='lat' dir='ltr'>captis</span> <span class='ocrx_word' id='word_1_287' title='bbox 2733 3032 2964 3086; x_wconf 89' lang='lat' dir='ltr'>fuerant</span> <span class='ocrx_word' id='word_1_288' title='bbox 2995 3048 3101 3086; x_wconf 88' lang='lat' dir='ltr'>sua</span> <span class='ocrx_word' id='word_1_289' title='bbox 3128 3033 3361 3100; x_wconf 85' lang='lat' dir='ltr'>perdita</span> <span class='ocrx_word' id='word_1_290' title='bbox 3396 3037 3643 3101; x_wconf 88' lang='lat' dir='ltr'>castris;</span> 
     </span>
    </p>
   </div>
   <div class='ocr_carea' id='block_1_28' title="bbox 434 3118 3476 3194">
    <p class='ocr_par' dir='ltr' id='par_1_28' title="bbox 434 3118 3476 3194">
     <span class='ocr_line' id='line_1_28' title="bbox 434 3118 3476 3194; baseline -0.003 -8"><span class='ocrx_word' id='word_1_291' title='bbox 434 3129 754 3186; x_wconf 85' lang='lat' dir='ltr'>Exsultans</span> <span class='ocrx_word' id='word_1_292' title='bbox 785 3124 934 3194; x_wconf 91' lang='lat' dir='ltr'>capti</span> <span class='ocrx_word' id='word_1_293' title='bbox 965 3121 1345 3176; x_wconf 89' lang='lat' dir='ltr'>Boamundus</span> <span class='ocrx_word' id='word_1_294' title='bbox 1376 3121 1600 3174; x_wconf 90' lang='lat' dir='ltr'>honore</span> <span class='ocrx_word' id='word_1_295' title='bbox 1629 3118 1848 3174; x_wconf 89' lang='lat' dir='ltr'>Civisci</span> <span class='ocrx_word' id='word_1_296' title='bbox 2166 3191 2178 3194; x_wconf 23' lang='grc' dir='ltr'><em>Α</em></span> <span class='ocrx_word' id='word_1_297' title='bbox 2199 3120 2376 3174; x_wconf 91' lang='lat' dir='ltr'>Milite</span> <span class='ocrx_word' id='word_1_298' title='bbox 2409 3120 2599 3173; x_wconf 89' lang='lat' dir='ltr'>diviso</span> <span class='ocrx_word' id='word_1_299' title='bbox 2633 3121 2766 3174; x_wconf 60' lang='lat' dir='ltr'>vitae</span> <span class='ocrx_word' id='word_1_300' title='bbox 2799 3120 3178 3173; x_wconf 84' lang='lat' dir='ltr'>Boamundus</span> <span class='ocrx_word' id='word_1_301' title='bbox 3209 3121 3278 3173; x_wconf 90' lang='lat' dir='ltr'>ad</span> <span class='ocrx_word' id='word_1_302' title='bbox 3321 3138 3476 3176; x_wconf 88' lang='lat' dir='ltr'>usus</span> 
     </span>
    </p>
   </div>
   <div class='ocr_carea' id='block_1_29' title="bbox 433 3191 3704 3284">
    <p class='ocr_par' dir='ltr' id='par_1_29' title="bbox 433 3191 3704 3284">
     <span class='ocr_line' id='line_1_29' title="bbox 433 3191 3704 3284; baseline -0.002 -10"><span class='ocrx_word' id='word_1_303' title='bbox 433 3217 678 3274; x_wconf 89' lang='lat' dir='ltr'>Obsidet</span> <span class='ocrx_word' id='word_1_304' title='bbox 706 3191 927 3284; x_wconf 77' lang='lat' dir='ltr'>insigni</span> <span class='ocrx_word' id='word_1_305' title='bbox 952 3212 1254 3264; x_wconf 77' lang='lat' dir='ltr'>Larissam</span> <span class='ocrx_word' id='word_1_306' title='bbox 1287 3209 1520 3262; x_wconf 88' lang='lat' dir='ltr'>nomine</span> <span class='ocrx_word' id='word_1_307' title='bbox 1551 3210 1790 3278; x_wconf 84' lang='lat' dir='ltr'>claram,</span> <span class='ocrx_word' id='word_1_308' title='bbox 2161 3191 2417 3271; x_wconf 43' lang='lat' dir='ltr'>‘Quaarit</span> <span class='ocrx_word' id='word_1_309' title='bbox 2447 3207 2748 3262; x_wconf 70' lang='lat' dir='ltr'>Ebellonae</span> <span class='ocrx_word' id='word_1_310' title='bbox 2779 3208 2926 3277; x_wconf 89' lang='lat' dir='ltr'>loca,</span> <span class='ocrx_word' id='word_1_311' title='bbox 2960 3208 3382 3279; x_wconf 65' lang='lat' dir='ltr'>Castoreazque</span> <span class='ocrx_word' id='word_1_312' title='bbox 3421 3211 3664 3266; x_wconf 87' lang='lat' dir='ltr'>Brienus</span> <span class='ocrx_word' id='word_1_313' title='bbox 3694 3230 3704 3266; x_wconf 91' lang='lat'><strong>:</strong></span> 
     </span>
    </p>
   </div>
   <div class='ocr_carea' id='block_1_30' title="bbox 432 3295 3496 3376">
    <p class='ocr_par' dir='ltr' id='par_1_30' title="bbox 432 3295 3496 3376">
     <span class='ocr_line' id='line_1_30' title="bbox 432 3295 3496 3376; baseline -0.003 -14"><span class='ocrx_word' id='word_1_314' title='bbox 432 3307 524 3361; x_wconf 85' lang='lat' dir='ltr'>Ad</span> <span class='ocrx_word' id='word_1_315' title='bbox 551 3320 726 3376; x_wconf 88' lang='lat' dir='ltr'>quam</span> <span class='ocrx_word' id='word_1_316' title='bbox 757 3302 983 3356; x_wconf 89' lang='lat' dir='ltr'>delatos</span> <span class='ocrx_word' id='word_1_317' title='bbox 1015 3299 1331 3352; x_wconf 88' lang='lat' dir='ltr'>thesauros</span> <span class='ocrx_word' id='word_1_318' title='bbox 1359 3297 1716 3366; x_wconf 90' lang='lat' dir='ltr'>imperiales,</span> <span class='ocrx_word' id='word_1_319' title='bbox 2197 3295 2456 3349; x_wconf 88' lang='lat' dir='ltr'>Dimissa</span> <span class='ocrx_word' id='word_1_320' title='bbox 2488 3312 2699 3366; x_wconf 88' lang='lat' dir='ltr'>magna</span> <span class='ocrx_word' id='word_1_321' title='bbox 2729 3295 3017 3351; x_wconf 66' lang='lat' dir='ltr'>Salonicae</span> <span class='ocrx_word' id='word_1_322' title='bbox 3049 3300 3210 3366; x_wconf 87' lang='lat' dir='ltr'>parte</span> <span class='ocrx_word' id='word_1_323' title='bbox 3243 3314 3496 3354; x_wconf 89' lang='lat' dir='ltr'>suorum</span> 
     </span>
    </p>
   </div>
   <div class='ocr_carea' id='block_1_31' title="bbox 430 3384 3618 3462">
    <p class='ocr_par' dir='ltr' id='par_1_31' title="bbox 430 3384 3618 3462">
     <span class='ocr_line' id='line_1_31' title="bbox 430 3384 3618 3462; baseline -0.001 -16"><span class='ocrx_word' id='word_1_324' title='bbox 430 3395 752 3462; x_wconf 90' lang='lat' dir='ltr'>Quamque,</span> <span class='ocrx_word' id='word_1_325' title='bbox 804 3388 1016 3458; x_wconf 89' lang='lat' dir='ltr'>opibus</span> <span class='ocrx_word' id='word_1_326' title='bbox 1047 3387 1280 3456; x_wconf 89' lang='lat' dir='ltr'>magnis</span> <span class='ocrx_word' id='word_1_327' title='bbox 1310 3384 1612 3438; x_wconf 87' lang='lat' dir='ltr'>audiverat</span> <span class='ocrx_word' id='word_1_328' title='bbox 1641 3402 1777 3440; x_wconf 91' lang='lat' dir='ltr'>esse</span> <span class='ocrx_word' id='word_1_329' title='bbox 1809 3386 2089 3456; x_wconf 87' lang='lat' dir='ltr'>repletam</span> <span class='ocrx_word' id='word_1_330' title='bbox 2142 3461 2145 3462; x_wconf 14' lang='grc' dir='ltr'><em>ν</em></span> <span class='ocrx_word' id='word_1_331' title='bbox 2197 3384 2282 3438; x_wconf 87' lang='lat' dir='ltr'>Ad</span> <span class='ocrx_word' id='word_1_332' title='bbox 2315 3385 2568 3453; x_wconf 86' lang='lat' dir='ltr'>propriae</span> <span class='ocrx_word' id='word_1_333' title='bbox 2600 3385 2801 3438; x_wconf 88' lang='lat' dir='ltr'>sedem</span> <span class='ocrx_word' id='word_1_334' title='bbox 2836 3387 3115 3440; x_wconf 86' lang='lat' dir='ltr'>remeavit</span> <span class='ocrx_word' id='word_1_335' title='bbox 3145 3387 3399 3442; x_wconf 79' lang='lat' dir='ltr'>Alexius</span> <span class='ocrx_word' id='word_1_336' title='bbox 3434 3389 3618 3458; x_wconf 88' lang='lat' dir='ltr'>urbis,</span> 
     </span>
    </p>
   </div>
   <div class='ocr_carea' id='block_1_32' title="bbox 430 3461 3632 3553">
    <p class='ocr_par' dir='ltr' id='par_1_32' title="bbox 430 3461 3632 3553">
     <span class='ocr_line' id='line_1_32' title="bbox 430 3461 3632 3553; baseline -0.002 -16"><span class='ocrx_word' id='word_1_337' title='bbox 430 3461 653 3553; x_wconf 78' lang='lat' dir='ltr'>prodiit</span> <span class='ocrx_word' id='word_1_338' title='bbox 677 3479 786 3531; x_wconf 90' lang='lat' dir='ltr'>hac</span> <span class='ocrx_word' id='word_1_339' title='bbox 815 3479 1020 3528; x_wconf 89' lang='lat' dir='ltr'>auctor</span> <span class='ocrx_word' id='word_1_340' title='bbox 1050 3472 1324 3542; x_wconf 81' lang='lat' dir='ltr'>&#39;l‘rojanae</span> <span class='ocrx_word' id='word_1_341' title='bbox 1359 3473 1541 3525; x_wconf 89' lang='lat' dir='ltr'>cladis</span> <span class='ocrx_word' id='word_1_342' title='bbox 1570 3473 1856 3528; x_wconf 88' lang='lat' dir='ltr'>Achilles.</span> <span class='ocrx_word' id='word_1_343' title='bbox 2120 3461 2166 3522; x_wconf 92' lang='lat' dir='ltr'>C</span> <span class='ocrx_word' id='word_1_344' title='bbox 2195 3472 2243 3525; x_wconf 88' lang='lat' dir='ltr'>A</span> <span class='ocrx_word' id='word_1_345' title='bbox 2275 3473 2656 3527; x_wconf 89' lang='lat' dir='ltr'>Constantino</span> <span class='ocrx_word' id='word_1_346' title='bbox 2688 3490 2819 3543; x_wconf 84' lang='lat' dir='ltr'>quae</span> <span class='ocrx_word' id='word_1_347' title='bbox 2850 3475 3103 3544; x_wconf 89' lang='lat' dir='ltr'>sumpsit</span> <span class='ocrx_word' id='word_1_348' title='bbox 3132 3476 3372 3529; x_wconf 90' lang='lat' dir='ltr'>condita</span> <span class='ocrx_word' id='word_1_349' title='bbox 3403 3494 3632 3532; x_wconf 89' lang='lat' dir='ltr'>nomen.</span> 
     </span>
    </p>
   </div>
   <div class='ocr_carea' id='block_1_33' title="bbox 432 3560 3704 3634">
    <p class='ocr_par' dir='ltr' id='par_1_33' title="bbox 432 3560 3704 3634">
     <span class='ocr_line' id='line_1_33' title="bbox 432 3560 3704 3634; baseline -0.002 -10"><span class='ocrx_word' id='word_1_350' title='bbox 432 3567 754 3624; x_wconf 90' lang='lat' dir='ltr'>Obsidione</span> <span class='ocrx_word' id='word_1_351' title='bbox 787 3580 913 3616; x_wconf 86' lang='lat' dir='ltr'>suae</span> <span class='ocrx_word' id='word_1_352' title='bbox 944 3561 1212 3614; x_wconf 91' lang='lat' dir='ltr'>turbatus</span> <span class='ocrx_word' id='word_1_353' title='bbox 1245 3560 1488 3613; x_wconf 87' lang='lat' dir='ltr'>Alexius</span> <span class='ocrx_word' id='word_1_354' title='bbox 1523 3561 1687 3614; x_wconf 89' lang='lat' dir='ltr'>urbis</span> <span class='ocrx_word' id='word_1_355' title='bbox 2192 3562 2351 3616; x_wconf 90' lang='lat' dir='ltr'>Gens</span> <span class='ocrx_word' id='word_1_356' title='bbox 2383 3562 2533 3615; x_wconf 89' lang='lat' dir='ltr'>redit</span> <span class='ocrx_word' id='word_1_357' title='bbox 2563 3563 2784 3615; x_wconf 88' lang='lat' dir='ltr'>interea</span> <span class='ocrx_word' id='word_1_358' title='bbox 2819 3562 3100 3616; x_wconf 78' lang='lat' dir='ltr'>Venetum</span> <span class='ocrx_word' id='word_1_359' title='bbox 3135 3564 3369 3618; x_wconf 88' lang='lat' dir='ltr'>ratibus</span> <span class='ocrx_word' id='word_1_360' title='bbox 3405 3567 3704 3634; x_wconf 86' lang='lat' dir='ltr'>reparatis,</span> 
     </span>
    </p>
   </div>
   <div class='ocr_carea' id='block_1_34' title="bbox 432 3649 3690 3719">
    <p class='ocr_par' dir='ltr' id='par_1_34' title="bbox 432 3649 3690 3719">
     <span class='ocr_line' id='line_1_34' title="bbox 432 3649 3690 3719; baseline -0.002 -9"><span class='ocrx_word' id='word_1_361' title='bbox 432 3657 744 3710; x_wconf 86' lang='lat' dir='ltr'>Innumera</span> <span class='ocrx_word' id='word_1_362' title='bbox 776 3666 906 3705; x_wconf 91' lang='lat' dir='ltr'>cum</span> <span class='ocrx_word' id='word_1_363' title='bbox 939 3652 1112 3719; x_wconf 88' lang='lat' dir='ltr'>gente</span> <span class='ocrx_word' id='word_1_364' title='bbox 1145 3649 1320 3716; x_wconf 90' lang='lat' dir='ltr'>venit,</span> <span class='ocrx_word' id='word_1_365' title='bbox 1359 3664 1727 3718; x_wconf 89' lang='lat' dir='ltr'>pugnamque</span> <span class='ocrx_word' id='word_1_366' title='bbox 1759 3650 1984 3705; x_wconf 88' lang='lat' dir='ltr'>virilem</span> <span class='ocrx_word' id='word_1_367' title='bbox 2191 3651 2380 3719; x_wconf 90' lang='lat' dir='ltr'>Atque</span> <span class='ocrx_word' id='word_1_368' title='bbox 2412 3650 2755 3719; x_wconf 87' lang='lat' dir='ltr'>requisitam</span> <span class='ocrx_word' id='word_1_369' title='bbox 2782 3650 2959 3703; x_wconf 92' lang='lat' dir='ltr'>nullis</span> <span class='ocrx_word' id='word_1_370' title='bbox 2992 3651 3453 3719; x_wconf 85' lang='lat' dir='ltr'>prohibentibus</span> <span class='ocrx_word' id='word_1_371' title='bbox 3485 3655 3690 3706; x_wconf 88' lang='lat' dir='ltr'>intrant</span> 
     </span>
    </p>
   </div>
   <div class='ocr_carea' id='block_1_35' title="bbox 433 3735 3706 3808">
    <p class='ocr_par' dir='ltr' id='par_1_35' title="bbox 433 3735 3706 3808">
     <span class='ocr_line' id='line_1_35' title="bbox 433 3735 3706 3808; baseline -0.002 -10"><span class='ocrx_word' id='word_1_372' title='bbox 433 3743 647 3799; x_wconf 87' lang='lat' dir='ltr'>Contra</span> <span class='ocrx_word' id='word_1_373' title='bbox 671 3741 1040 3793; x_wconf 87' lang='lat' dir='ltr'>Normannos</span> <span class='ocrx_word' id='word_1_374' title='bbox 1069 3736 1362 3804; x_wconf 85' lang='lat' dir='ltr'>exercuit;</span> <span class='ocrx_word' id='word_1_375' title='bbox 1396 3735 1566 3789; x_wconf 87' lang='lat' dir='ltr'>obvia</span> <span class='ocrx_word' id='word_1_376' title='bbox 1600 3753 1849 3808; x_wconf 89' lang='lat' dir='ltr'>namque</span> <span class='ocrx_word' id='word_1_377' title='bbox 2192 3737 2412 3791; x_wconf 82' lang='lat' dir='ltr'>Urbem</span> <span class='ocrx_word' id='word_1_378' title='bbox 2446 3738 2771 3807; x_wconf 64' lang='lat' dir='ltr'>Dyrrachii,</span> <span class='ocrx_word' id='word_1_379' title='bbox 2806 3739 2939 3808; x_wconf 87' lang='lat' dir='ltr'>quia</span> <span class='ocrx_word' id='word_1_380' title='bbox 2972 3754 3142 3790; x_wconf 88' lang='lat' dir='ltr'>rarus</span> <span class='ocrx_word' id='word_1_381' title='bbox 3175 3739 3232 3791; x_wconf 91' lang='lat' dir='ltr'>in</span> <span class='ocrx_word' id='word_1_382' title='bbox 3264 3741 3419 3794; x_wconf 90' lang='lat' dir='ltr'>urbe</span> <span class='ocrx_word' id='word_1_383' title='bbox 3453 3741 3706 3795; x_wconf 87' lang='lat' dir='ltr'>manebat</span> 
     </span>
    </p>
   </div>
   <div class='ocr_carea' id='block_1_36' title="bbox 430 3824 3583 3900">
    <p class='ocr_par' dir='ltr' id='par_1_36' title="bbox 430 3824 3583 3900">
     <span class='ocr_line' id='line_1_36' title="bbox 430 3824 3583 3900; baseline -0.001 -15"><span class='ocrx_word' id='word_1_384' title='bbox 430 3828 755 3900; x_wconf 87' lang='lat' dir='ltr'>Pugnando</span> <span class='ocrx_word' id='word_1_385' title='bbox 790 3827 941 3880; x_wconf 88' lang='lat' dir='ltr'>cedit</span> <span class='ocrx_word' id='word_1_386' title='bbox 973 3825 1086 3878; x_wconf 86' lang='lat' dir='ltr'>sibi</span> <span class='ocrx_word' id='word_1_387' title='bbox 1112 3839 1261 3894; x_wconf 88' lang='lat' dir='ltr'>gens</span> <span class='ocrx_word' id='word_1_388' title='bbox 1295 3824 1564 3877; x_wconf 89' lang='lat' dir='ltr'>comitata</span> <span class='ocrx_word' id='word_1_389' title='bbox 1594 3825 1889 3881; x_wconf 90' lang='lat' dir='ltr'>Brienum.</span> <span class='ocrx_word' id='word_1_390' title='bbox 2190 3824 2372 3893; x_wconf 88' lang='lat' dir='ltr'>Civis,</span> <span class='ocrx_word' id='word_1_391' title='bbox 2409 3826 2692 3896; x_wconf 87' lang='lat' dir='ltr'>egestatis</span> <span class='ocrx_word' id='word_1_392' title='bbox 2723 3825 3090 3893; x_wconf 84' lang='lat' dir='ltr'>disperserat</span> <span class='ocrx_word' id='word_1_393' title='bbox 3121 3826 3384 3897; x_wconf 89' lang='lat' dir='ltr'>undique</span> <span class='ocrx_word' id='word_1_394' title='bbox 3419 3831 3583 3883; x_wconf 83' lang='lat' dir='ltr'>cives</span> 
     </span>
    </p>
   </div>
   <div class='ocr_carea' id='block_1_37' title="bbox 429 3912 3689 3987">
    <p class='ocr_par' dir='ltr' id='par_1_37' title="bbox 429 3912 3689 3987">
     <span class='ocr_line' id='line_1_37' title="bbox 429 3912 3689 3987; baseline -0.001 -15"><span class='ocrx_word' id='word_1_395' title='bbox 429 3919 564 3972; x_wconf 90' lang='lat' dir='ltr'>Non</span> <span class='ocrx_word' id='word_1_396' title='bbox 595 3916 886 3971; x_wconf 90' lang='lat' dir='ltr'>modicum</span> <span class='ocrx_word' id='word_1_397' title='bbox 902 3917 1178 3982; x_wconf 89' lang='lat' dir='ltr'>spectans</span> <span class='ocrx_word' id='word_1_398' title='bbox 1212 3912 1587 3966; x_wconf 87' lang='lat' dir='ltr'>Boamundus</span> <span class='ocrx_word' id='word_1_399' title='bbox 1611 3915 1858 3969; x_wconf 91' lang='lat' dir='ltr'>collibus</span> <span class='ocrx_word' id='word_1_400' title='bbox 1878 3932 2089 3987; x_wconf 87' lang='lat' dir='ltr'>agmen</span> <span class='ocrx_word' id='word_1_401' title='bbox 2191 3913 2447 3966; x_wconf 84' lang='lat' dir='ltr'>Insolitae</span> <span class='ocrx_word' id='word_1_402' title='bbox 2481 3929 2658 3967; x_wconf 88' lang='lat' dir='ltr'>casus</span> <span class='ocrx_word' id='word_1_403' title='bbox 2688 3929 2701 3981; x_wconf 83' lang='lat'><strong>;</strong></span> <span class='ocrx_word' id='word_1_404' title='bbox 2736 3929 3040 3966; x_wconf 87' lang='lat' dir='ltr'>remorans</span> <span class='ocrx_word' id='word_1_405' title='bbox 3074 3918 3160 3966; x_wconf 87' lang='lat' dir='ltr'>ter</span> <span class='ocrx_word' id='word_1_406' title='bbox 3187 3915 3456 3985; x_wconf 90' lang='lat' dir='ltr'>quinque</span> <span class='ocrx_word' id='word_1_407' title='bbox 3488 3917 3689 3970; x_wconf 90' lang='lat' dir='ltr'>diebus</span> 
     </span>
    </p>
   </div>
   <div class='ocr_carea' id='block_1_38' title="bbox 432 3999 3657 4075">
    <p class='ocr_par' dir='ltr' id='par_1_38' title="bbox 432 3999 3657 4075">
     <span class='ocr_line' id='line_1_38' title="bbox 432 3999 3657 4075; baseline 0 -16"><span class='ocrx_word' id='word_1_408' title='bbox 432 4005 667 4075; x_wconf 89' lang='lat' dir='ltr'>Imperii</span> <span class='ocrx_word' id='word_1_409' title='bbox 697 4003 914 4072; x_wconf 88' lang='lat' dir='ltr'>pariter</span> <span class='ocrx_word' id='word_1_410' title='bbox 943 4004 1231 4054; x_wconf 88' lang='lat' dir='ltr'>rectorem</span> <span class='ocrx_word' id='word_1_411' title='bbox 1256 3999 1441 4053; x_wconf 88' lang='lat' dir='ltr'>credit</span> <span class='ocrx_word' id='word_1_412' title='bbox 1471 4000 1706 4066; x_wconf 89' lang='lat' dir='ltr'>adesse,</span> <span class='ocrx_word' id='word_1_413' title='bbox 2189 4001 2348 4056; x_wconf 91' lang='lat' dir='ltr'>Gens</span> <span class='ocrx_word' id='word_1_414' title='bbox 2382 4002 2576 4055; x_wconf 90' lang='lat' dir='ltr'>studet</span> <span class='ocrx_word' id='word_1_415' title='bbox 2606 4001 2848 4055; x_wconf 88' lang='lat' dir='ltr'>utilibus</span> <span class='ocrx_word' id='word_1_416' title='bbox 2878 4017 3132 4055; x_wconf 89' lang='lat' dir='ltr'>vacuare</span> <span class='ocrx_word' id='word_1_417' title='bbox 3162 4003 3450 4057; x_wconf 81' lang='lat' dir='ltr'>Venetica</span> <span class='ocrx_word' id='word_1_418' title='bbox 3484 4007 3657 4059; x_wconf 91' lang='lat' dir='ltr'>rebus</span> 
     </span>
    </p>
   </div>
   <div class='ocr_carea' id='block_1_39' title="bbox 431 4089 3513 4162">
    <p class='ocr_par' dir='ltr' id='par_1_39' title="bbox 431 4089 3513 4162">
     <span class='ocr_line' id='line_1_39' title="bbox 431 4089 3513 4162; baseline -0 -15"><span class='ocrx_word' id='word_1_419' title='bbox 431 4094 627 4162; x_wconf 89' lang='lat' dir='ltr'>Irruit,</span> <span class='ocrx_word' id='word_1_420' title='bbox 664 4096 718 4145; x_wconf 88' lang='lat' dir='ltr'>et</span> <span class='ocrx_word' id='word_1_421' title='bbox 749 4090 1009 4159; x_wconf 90' lang='lat' dir='ltr'>trepidos</span> <span class='ocrx_word' id='word_1_422' title='bbox 1041 4089 1266 4154; x_wconf 82' lang='lat' dir='ltr'>hostes,</span> <span class='ocrx_word' id='word_1_423' title='bbox 1302 4092 1361 4140; x_wconf 91' lang='lat' dir='ltr'>ut</span> <span class='ocrx_word' id='word_1_424' title='bbox 1392 4089 1577 4141; x_wconf 87' lang='lat' dir='ltr'>Nisus</span> <span class='ocrx_word' id='word_1_425' title='bbox 1608 4089 1849 4143; x_wconf 89' lang='lat' dir='ltr'>alaudas</span> <span class='ocrx_word' id='word_1_426' title='bbox 2192 4089 2601 4160; x_wconf 68' lang='lat' dir='ltr'>Dyrrachium,</span> <span class='ocrx_word' id='word_1_427' title='bbox 2636 4091 2741 4143; x_wconf 91' lang='lat' dir='ltr'>sed</span> <span class='ocrx_word' id='word_1_428' title='bbox 2772 4090 3070 4157; x_wconf 73' lang='lat' dir='ltr'>praesidiis</span> <span class='ocrx_word' id='word_1_429' title='bbox 3105 4091 3356 4145; x_wconf 90' lang='lat' dir='ltr'>munitio</span> <span class='ocrx_word' id='word_1_430' title='bbox 3389 4096 3513 4146; x_wconf 85' lang='lat' dir='ltr'>tuta</span> 
     </span>
    </p>
   </div>
   <div class='ocr_carea' id='block_1_40' title="bbox 433 4176 3442 4250">
    <p class='ocr_par' dir='ltr' id='par_1_40' title="bbox 433 4176 3442 4250">
     <span class='ocr_line' id='line_1_40' title="bbox 433 4176 3442 4250; baseline -0 -15"><span class='ocrx_word' id='word_1_431' title='bbox 433 4179 792 4250; x_wconf 88' lang='lat' dir='ltr'>Insequitur,</span> <span class='ocrx_word' id='word_1_432' title='bbox 826 4178 1062 4247; x_wconf 84' lang='lat' dir='ltr'>pOpulo,</span> <span class='ocrx_word' id='word_1_433' title='bbox 1096 4176 1437 4230; x_wconf 85' lang='lat' dir='ltr'>Graecorum</span> <span class='ocrx_word' id='word_1_434' title='bbox 1469 4179 1787 4247; x_wconf 85' lang='lat' dir='ltr'>exercitus,</span> <span class='ocrx_word' id='word_1_435' title='bbox 1823 4178 2002 4248; x_wconf 91' lang='lat' dir='ltr'>hujus</span> <span class='ocrx_word' id='word_1_436' title='bbox 2188 4180 2238 4231; x_wconf 93' lang='lat' dir='ltr'>A</span> <span class='ocrx_word' id='word_1_437' title='bbox 2262 4179 2409 4232; x_wconf 90' lang='lat' dir='ltr'>duce</span> <span class='ocrx_word' id='word_1_438' title='bbox 2439 4178 2724 4242; x_wconf 90' lang='lat' dir='ltr'>dimissis,</span> <span class='ocrx_word' id='word_1_439' title='bbox 2755 4178 2979 4231; x_wconf 89' lang='lat' dir='ltr'>castelli</span> <span class='ocrx_word' id='word_1_440' title='bbox 3006 4177 3144 4247; x_wconf 90' lang='lat' dir='ltr'>jura</span> <span class='ocrx_word' id='word_1_441' title='bbox 3175 4181 3442 4250; x_wconf 86' lang='lat' dir='ltr'>negavit.</span> 
     </span>
    </p>
   </div>
   <div class='ocr_carea' id='block_1_41' title="bbox 430 4265 3750 4340">
    <p class='ocr_par' dir='ltr' id='par_1_41' title="bbox 430 4265 3750 4340">
     <span class='ocr_line' id='line_1_41' title="bbox 430 4265 3750 4340; baseline -0.001 -18"><span class='ocrx_word' id='word_1_442' title='bbox 430 4269 624 4340; x_wconf 87' lang='lat' dir='ltr'>Terga</span> <span class='ocrx_word' id='word_1_443' title='bbox 652 4268 766 4334; x_wconf 88' lang='lat' dir='ltr'>dat,</span> <span class='ocrx_word' id='word_1_444' title='bbox 801 4271 856 4320; x_wconf 90' lang='lat' dir='ltr'>at</span> <span class='ocrx_word' id='word_1_445' title='bbox 877 4270 1073 4318; x_wconf 86' lang='lat' dir='ltr'>tantus</span> <span class='ocrx_word' id='word_1_446' title='bbox 1098 4265 1352 4318; x_wconf 81' lang='lat' dir='ltr'>contexit</span> <span class='ocrx_word' id='word_1_447' title='bbox 1385 4265 1575 4332; x_wconf 89' lang='lat' dir='ltr'>pulvis</span> <span class='ocrx_word' id='word_1_448' title='bbox 1609 4269 1942 4337; x_wconf 91' lang='lat' dir='ltr'>utrumque,</span> <span class='ocrx_word' id='word_1_449' title='bbox 2190 4265 2313 4320; x_wconf 87' lang='lat' dir='ltr'>Hoc</span> <span class='ocrx_word' id='word_1_450' title='bbox 2347 4283 2462 4320; x_wconf 91' lang='lat' dir='ltr'>non</span> <span class='ocrx_word' id='word_1_451' title='bbox 2491 4282 2672 4336; x_wconf 89' lang='lat' dir='ltr'>posse</span> <span class='ocrx_word' id='word_1_452' title='bbox 2703 4267 2832 4336; x_wconf 89' lang='lat' dir='ltr'>capi</span> <span class='ocrx_word' id='word_1_453' title='bbox 2863 4271 3173 4336; x_wconf 88' lang='lat' dir='ltr'>postquam</span> <span class='ocrx_word' id='word_1_454' title='bbox 3202 4267 3434 4335; x_wconf 88' lang='lat' dir='ltr'>videre,</span> <span class='ocrx_word' id='word_1_455' title='bbox 3469 4269 3750 4324; x_wconf 87' lang='lat' dir='ltr'>recedunt.</span> 
     </span>
    </p>
   </div>
   <div class='ocr_carea' id='block_1_42' title="bbox 431 4354 3436 4426">
    <p class='ocr_par' dir='ltr' id='par_1_42' title="bbox 431 4354 3436 4426">
     <span class='ocr_line' id='line_1_42' title="bbox 431 4354 3436 4426; baseline 0 -16"><span class='ocrx_word' id='word_1_456' title='bbox 431 4356 508 4410; x_wconf 92' lang='lat' dir='ltr'>Ut</span> <span class='ocrx_word' id='word_1_457' title='bbox 536 4359 742 4409; x_wconf 87' lang='lat' dir='ltr'>neuter</span> <span class='ocrx_word' id='word_1_458' title='bbox 767 4354 961 4406; x_wconf 90' lang='lat' dir='ltr'>videat</span> <span class='ocrx_word' id='word_1_459' title='bbox 984 4368 1270 4421; x_wconf 88' lang='lat' dir='ltr'>quorsum</span> <span class='ocrx_word' id='word_1_460' title='bbox 1302 4368 1440 4421; x_wconf 89' lang='lat' dir='ltr'>pars</span> <span class='ocrx_word' id='word_1_461' title='bbox 1473 4354 1655 4406; x_wconf 88' lang='lat' dir='ltr'>altera</span> <span class='ocrx_word' id='word_1_462' title='bbox 1686 4355 1882 4408; x_wconf 87' lang='lat' dir='ltr'>tendat</span> <span class='ocrx_word' id='word_1_463' title='bbox 1915 4371 1926 4409; x_wconf 89' lang='lat'><strong>:</strong></span> <span class='ocrx_word' id='word_1_464' title='bbox 2187 4355 2398 4409; x_wconf 90' lang='lat' dir='ltr'>Audito</span> <span class='ocrx_word' id='word_1_465' title='bbox 2430 4356 2624 4409; x_wconf 86' lang='lat' dir='ltr'>reditu</span> <span class='ocrx_word' id='word_1_466' title='bbox 2652 4356 2832 4426; x_wconf 88' lang='lat' dir='ltr'>geniti</span> <span class='ocrx_word' id='word_1_467' title='bbox 2863 4355 3031 4409; x_wconf 90' lang='lat' dir='ltr'>ducis</span> <span class='ocrx_word' id='word_1_468' title='bbox 3059 4355 3436 4411; x_wconf 87' lang='lat' dir='ltr'>advenientis</span> 
     </span>
    </p>
   </div>
   <div class='ocr_carea' id='block_1_43' title="bbox 429 4441 3686 4514">
    <p class='ocr_par' dir='ltr' id='par_1_43' title="bbox 429 4441 3686 4514">
     <span class='ocr_line' id='line_1_43' title="bbox 429 4441 3686 4514; baseline 0 -16"><span class='ocrx_word' id='word_1_469' title='bbox 429 4444 640 4498; x_wconf 87' lang='lat' dir='ltr'>Abdita</span> <span class='ocrx_word' id='word_1_470' title='bbox 673 4443 953 4496; x_wconf 87' lang='lat' dir='ltr'>silvarum</span> <span class='ocrx_word' id='word_1_471' title='bbox 983 4441 1121 4493; x_wconf 89' lang='lat' dir='ltr'>victi</span> <span class='ocrx_word' id='word_1_472' title='bbox 1153 4441 1376 4509; x_wconf 92' lang='lat' dir='ltr'>petiere</span> <span class='ocrx_word' id='word_1_473' title='bbox 1411 4441 1667 4512; x_wconf 87' lang='lat' dir='ltr'>Pelasgi.</span> <span class='ocrx_word' id='word_1_474' title='bbox 2186 4443 2568 4514; x_wconf 89' lang='lat' dir='ltr'>Ingressique</span> <span class='ocrx_word' id='word_1_475' title='bbox 2599 4447 2758 4498; x_wconf 91' lang='lat' dir='ltr'>rates</span> <span class='ocrx_word' id='word_1_476' title='bbox 2789 4445 3174 4497; x_wconf 89' lang='lat' dir='ltr'>communiter</span> <span class='ocrx_word' id='word_1_477' title='bbox 3203 4459 3453 4514; x_wconf 68' lang='lat' dir='ltr'>aequore</span> <span class='ocrx_word' id='word_1_478' title='bbox 3483 4447 3686 4500; x_wconf 87' lang='lat' dir='ltr'>multas</span> 
     </span>
    </p>
   </div>
   <div class='ocr_carea' id='block_1_44' title="bbox 425 4528 3598 4601">
    <p class='ocr_par' dir='ltr' id='par_1_44' title="bbox 425 4528 3598 4601">
     <span class='ocr_line' id='line_1_44' title="bbox 425 4528 3598 4601; baseline 0.001 -15"><span class='ocrx_word' id='word_1_479' title='bbox 425 4531 656 4586; x_wconf 89' lang='lat' dir='ltr'>Occisis</span> <span class='ocrx_word' id='word_1_480' title='bbox 689 4530 875 4583; x_wconf 88' lang='lat' dir='ltr'>victor</span> <span class='ocrx_word' id='word_1_481' title='bbox 908 4528 1054 4582; x_wconf 87' lang='lat' dir='ltr'>redit</span> <span class='ocrx_word' id='word_1_482' title='bbox 1085 4529 1156 4581; x_wconf 90' lang='lat' dir='ltr'>ad</span> <span class='ocrx_word' id='word_1_483' title='bbox 1189 4532 1461 4582; x_wconf 89' lang='lat' dir='ltr'>montana</span> <span class='ocrx_word' id='word_1_484' title='bbox 1492 4530 1867 4599; x_wconf 86' lang='lat' dir='ltr'>quibusdam,</span> <span class='ocrx_word' id='word_1_485' title='bbox 2186 4529 2444 4584; x_wconf 81' lang='lat' dir='ltr'>Erexcre</span> <span class='ocrx_word' id='word_1_486' title='bbox 2471 4532 2688 4598; x_wconf 89' lang='lat' dir='ltr'>trabes,</span> <span class='ocrx_word' id='word_1_487' title='bbox 2725 4536 2782 4585; x_wconf 93' lang='lat' dir='ltr'>et</span> <span class='ocrx_word' id='word_1_488' title='bbox 2809 4547 3007 4601; x_wconf 85' lang='lat' dir='ltr'>parvae</span> <span class='ocrx_word' id='word_1_489' title='bbox 3039 4532 3103 4584; x_wconf 81' lang='lat' dir='ltr'>fit</span> <span class='ocrx_word' id='word_1_490' title='bbox 3131 4531 3346 4586; x_wconf 88' lang='lat' dir='ltr'>modus</span> <span class='ocrx_word' id='word_1_491' title='bbox 3383 4534 3556 4588; x_wconf 89' lang='lat' dir='ltr'>urbis</span> <span class='ocrx_word' id='word_1_492' title='bbox 3588 4551 3598 4587; x_wconf 86' lang='lat'>:</span> 
     </span>
    </p>
   </div>
   <div class='ocr_carea' id='block_1_45' title="bbox 424 4617 3567 4691">
    <p class='ocr_par' dir='ltr' id='par_1_45' title="bbox 424 4617 3567 4691">
     <span class='ocr_line' id='line_1_45' title="bbox 424 4617 3567 4691; baseline 0 -17"><span class='ocrx_word' id='word_1_493' title='bbox 424 4619 487 4674; x_wconf 90' lang='lat' dir='ltr'>Si</span> <span class='ocrx_word' id='word_1_494' title='bbox 510 4635 624 4691; x_wconf 91' lang='lat' dir='ltr'>qua</span> <span class='ocrx_word' id='word_1_495' title='bbox 654 4621 934 4688; x_wconf 89' lang='lat' dir='ltr'>parentur</span> <span class='ocrx_word' id='word_1_496' title='bbox 966 4617 1113 4669; x_wconf 89' lang='lat' dir='ltr'>aduc</span> <span class='ocrx_word' id='word_1_497' title='bbox 1145 4617 1258 4685; x_wconf 92' lang='lat' dir='ltr'>ipsi</span> <span class='ocrx_word' id='word_1_498' title='bbox 1289 4618 1603 4671; x_wconf 89' lang='lat' dir='ltr'>certamina</span> <span class='ocrx_word' id='word_1_499' title='bbox 1635 4624 1913 4688; x_wconf 88' lang='lat' dir='ltr'>spectans</span> <span class='ocrx_word' id='word_1_500' title='bbox 1947 4635 1958 4674; x_wconf 94' lang='lat'><strong>:</strong></span> <span class='ocrx_word' id='word_1_501' title='bbox 2183 4617 2392 4672; x_wconf 88' lang='lat' dir='ltr'>Castro</span> <span class='ocrx_word' id='word_1_502' title='bbox 2426 4621 2752 4688; x_wconf 89' lang='lat' dir='ltr'>composito</span> <span class='ocrx_word' id='word_1_503' title='bbox 2781 4620 2850 4672; x_wconf 91' lang='lat' dir='ltr'>de</span> <span class='ocrx_word' id='word_1_504' title='bbox 2881 4619 3083 4690; x_wconf 85' lang='lat' dir='ltr'>lignis,</span> <span class='ocrx_word' id='word_1_505' title='bbox 3117 4621 3309 4674; x_wconf 83' lang='lat' dir='ltr'>omnia</span> <span class='ocrx_word' id='word_1_506' title='bbox 3343 4621 3567 4674; x_wconf 89' lang='lat' dir='ltr'>classis</span> 
     </span>
    </p>
   </div>
   <div class='ocr_carea' id='block_1_46' title="bbox 425 4705 3696 4787">
    <p class='ocr_par' dir='ltr' id='par_1_46' title="bbox 425 4705 3696 4787">
     <span class='ocr_line' id='line_1_46' title="bbox 425 4705 3696 4787; baseline -0 -25"><span class='ocrx_word' id='word_1_507' title='bbox 425 4709 647 4763; x_wconf 87' lang='lat' dir='ltr'>Hostes</span> <span class='ocrx_word' id='word_1_508' title='bbox 679 4707 990 4776; x_wconf 88' lang='lat' dir='ltr'>digressos</span> <span class='ocrx_word' id='word_1_509' title='bbox 1022 4705 1122 4758; x_wconf 87' lang='lat' dir='ltr'>ubi</span> <span class='ocrx_word' id='word_1_510' title='bbox 1151 4705 1312 4758; x_wconf 90' lang='lat' dir='ltr'>novit</span> <span class='ocrx_word' id='word_1_511' title='bbox 1344 4705 1589 4760; x_wconf 83' lang='lat' dir='ltr'>Alexius</span> <span class='ocrx_word' id='word_1_512' title='bbox 1621 4723 1780 4772; x_wconf 88' lang='lat' dir='ltr'>esse,</span> <span class='ocrx_word' id='word_1_513' title='bbox 2111 4734 2158 4787; x_wconf 84' lang='lat' dir='ltr'><strong>D</strong></span> <span class='ocrx_word' id='word_1_514' title='bbox 2186 4707 2578 4761; x_wconf 86' lang='lat' dir='ltr'>Instrumenta</span> <span class='ocrx_word' id='word_1_515' title='bbox 2608 4724 2734 4762; x_wconf 78' lang='lat' dir='ltr'>suae</span> <span class='ocrx_word' id='word_1_516' title='bbox 2767 4723 2916 4779; x_wconf 86' lang='lat' dir='ltr'>gens</span> <span class='ocrx_word' id='word_1_517' title='bbox 2945 4709 3210 4778; x_wconf 87' lang='lat' dir='ltr'>provida,</span> <span class='ocrx_word' id='word_1_518' title='bbox 3243 4724 3436 4779; x_wconf 89' lang='lat' dir='ltr'>seque</span> <span class='ocrx_word' id='word_1_519' title='bbox 3470 4710 3696 4764; x_wconf 89' lang='lat' dir='ltr'>locavit.</span> 
     </span>
    </p>
   </div>
   <div class='ocr_carea' id='block_1_47' title="bbox 423 4793 3627 4866">
    <p class='ocr_par' dir='ltr' id='par_1_47' title="bbox 423 4793 3627 4866">
     <span class='ocr_line' id='line_1_47' title="bbox 423 4793 3627 4866; baseline 0 -16"><span class='ocrx_word' id='word_1_520' title='bbox 423 4796 703 4850; x_wconf 88' lang='lat' dir='ltr'>Larissea</span> <span class='ocrx_word' id='word_1_521' title='bbox 731 4793 872 4864; x_wconf 87' lang='lat' dir='ltr'>petit</span> <span class='ocrx_word' id='word_1_522' title='bbox 905 4793 1081 4846; x_wconf 90' lang='lat' dir='ltr'>multo</span> <span class='ocrx_word' id='word_1_523' title='bbox 1114 4808 1240 4846; x_wconf 91' lang='lat' dir='ltr'>cum</span> <span class='ocrx_word' id='word_1_524' title='bbox 1272 4793 1448 4846; x_wconf 91' lang='lat' dir='ltr'>milite</span> <span class='ocrx_word' id='word_1_525' title='bbox 1483 4798 1694 4848; x_wconf 85' lang='lat' dir='ltr'>castra.</span> <span class='ocrx_word' id='word_1_526' title='bbox 2185 4794 2397 4865; x_wconf 89' lang='lat' dir='ltr'>Sicque</span> <span class='ocrx_word' id='word_1_527' title='bbox 2431 4796 2542 4849; x_wconf 90' lang='lat' dir='ltr'>sub</span> <span class='ocrx_word' id='word_1_528' title='bbox 2574 4795 2841 4849; x_wconf 85' lang='lat' dir='ltr'>aediculis</span> <span class='ocrx_word' id='word_1_529' title='bbox 2873 4797 3092 4866; x_wconf 88' lang='lat' dir='ltr'>algenti</span> <span class='ocrx_word' id='word_1_530' title='bbox 3119 4801 3388 4865; x_wconf 90' lang='lat' dir='ltr'>tempore</span> <span class='ocrx_word' id='word_1_531' title='bbox 3422 4801 3627 4851; x_wconf 88' lang='lat' dir='ltr'>contra</span> 
     </span>
    </p>
   </div>
   <div class='ocr_carea' id='block_1_48' title="bbox 423 4881 3694 4955">
    <p class='ocr_par' dir='ltr' id='par_1_48' title="bbox 423 4881 3694 4955">
     <span class='ocr_line' id='line_1_48' title="bbox 423 4881 3694 4955; baseline -0.001 -16"><span class='ocrx_word' id='word_1_532' title='bbox 423 4885 668 4939; x_wconf 81' lang='lat' dir='ltr'>Dimissi</span> <span class='ocrx_word' id='word_1_533' title='bbox 699 4883 915 4936; x_wconf 88' lang='lat' dir='ltr'>castris</span> <span class='ocrx_word' id='word_1_534' title='bbox 940 4881 1186 4951; x_wconf 91' lang='lat' dir='ltr'>pedites,</span> <span class='ocrx_word' id='word_1_535' title='bbox 1219 4881 1551 4951; x_wconf 83' lang='lat' dir='ltr'>majoribus</span> <span class='ocrx_word' id='word_1_536' title='bbox 1585 4884 1812 4937; x_wconf 89' lang='lat' dir='ltr'>hostem</span> <span class='ocrx_word' id='word_1_537' title='bbox 2185 4882 2504 4938; x_wconf 89' lang='lat' dir='ltr'>Nimbosas</span> <span class='ocrx_word' id='word_1_538' title='bbox 2537 4884 2764 4939; x_wconf 87' lang='lat' dir='ltr'>hiemes</span> <span class='ocrx_word' id='word_1_539' title='bbox 2807 4888 3177 4938; x_wconf 89' lang='lat' dir='ltr'>remorantur</span> <span class='ocrx_word' id='word_1_540' title='bbox 3209 4886 3266 4938; x_wconf 90' lang='lat' dir='ltr'>in</span> <span class='ocrx_word' id='word_1_541' title='bbox 3299 4901 3546 4955; x_wconf 63' lang='lat' dir='ltr'>aequore</span> <span class='ocrx_word' id='word_1_542' title='bbox 3577 4885 3694 4938; x_wconf 87' lang='lat' dir='ltr'>tuti.</span> 
     </span>
    </p>
   </div>
   <div class='ocr_carea' id='block_1_49' title="bbox 420 4970 3631 5042">
    <p class='ocr_par' dir='ltr' id='par_1_49' title="bbox 420 4970 3631 5042">
     <span class='ocr_line' id='line_1_49' title="bbox 420 4970 3631 5042; baseline 0.001 -17"><span class='ocrx_word' id='word_1_543' title='bbox 420 4972 662 5027; x_wconf 87' lang='lat' dir='ltr'>Viribus</span> <span class='ocrx_word' id='word_1_544' title='bbox 696 4975 1001 5042; x_wconf 80' lang='lat' dir='ltr'>urgentem</span> <span class='ocrx_word' id='word_1_545' title='bbox 1033 4984 1150 5023; x_wconf 89' lang='lat' dir='ltr'>non</span> <span class='ocrx_word' id='word_1_546' title='bbox 1181 4971 1361 5022; x_wconf 88' lang='lat' dir='ltr'>armis</span> <span class='ocrx_word' id='word_1_547' title='bbox 1388 4970 1542 5024; x_wconf 88' lang='lat' dir='ltr'>ferre</span> <span class='ocrx_word' id='word_1_548' title='bbox 1575 4971 1860 5041; x_wconf 86' lang='lat' dir='ltr'>valentes,</span> <span class='ocrx_word' id='word_1_549' title='bbox 2183 4971 2309 5023; x_wconf 86' lang='lat' dir='ltr'>Jam</span> <span class='ocrx_word' id='word_1_550' title='bbox 2347 4972 2589 5026; x_wconf 88' lang='lat' dir='ltr'>cedebat</span> <span class='ocrx_word' id='word_1_551' title='bbox 2620 4972 2830 5040; x_wconf 90' lang='lat' dir='ltr'>hiems,</span> <span class='ocrx_word' id='word_1_552' title='bbox 2867 4976 2921 5026; x_wconf 90' lang='lat' dir='ltr'>et</span> <span class='ocrx_word' id='word_1_553' title='bbox 2952 4973 3118 5027; x_wconf 89' lang='lat' dir='ltr'>verni</span> <span class='ocrx_word' id='word_1_554' title='bbox 3148 4975 3441 5042; x_wconf 88' lang='lat' dir='ltr'>temporis</span> <span class='ocrx_word' id='word_1_555' title='bbox 3474 4991 3631 5028; x_wconf 77' lang='lat' dir='ltr'>aurae</span> 
     </span>
    </p>
   </div>
   <div class='ocr_carea' id='block_1_50' title="bbox 422 5057 3808 5130">
    <p class='ocr_par' dir='ltr' id='par_1_50' title="bbox 422 5057 3808 5130">
     <span class='ocr_line' id='line_1_50' title="bbox 422 5057 3808 5130; baseline -0.001 -18"><span class='ocrx_word' id='word_1_556' title='bbox 422 5060 767 5126; x_wconf 84' lang='lat' dir='ltr'>Vincuntur,</span> <span class='ocrx_word' id='word_1_557' title='bbox 802 5059 993 5130; x_wconf 89' lang='lat' dir='ltr'>major</span> <span class='ocrx_word' id='word_1_558' title='bbox 1023 5073 1160 5128; x_wconf 86' lang='lat' dir='ltr'>pars</span> <span class='ocrx_word' id='word_1_559' title='bbox 1192 5058 1422 5125; x_wconf 89' lang='lat' dir='ltr'>occidit,</span> <span class='ocrx_word' id='word_1_560' title='bbox 1457 5063 1511 5112; x_wconf 88' lang='lat' dir='ltr'>et</span> <span class='ocrx_word' id='word_1_561' title='bbox 1543 5059 1788 5130; x_wconf 87' lang='lat' dir='ltr'>fugitiva</span> <span class='ocrx_word' id='word_1_562' title='bbox 2182 5057 2492 5128; x_wconf 89' lang='lat' dir='ltr'>Spirabant</span> <span class='ocrx_word' id='word_1_563' title='bbox 2532 5060 2790 5129; x_wconf 44' lang='lat' dir='ltr'>placidae,</span> <span class='ocrx_word' id='word_1_564' title='bbox 2836 5077 2966 5114; x_wconf 89' lang='lat' dir='ltr'>cum</span> <span class='ocrx_word' id='word_1_565' title='bbox 3017 5062 3267 5114; x_wconf 87' lang='lat' dir='ltr'>navibus</span> <span class='ocrx_word' id='word_1_566' title='bbox 3309 5063 3587 5116; x_wconf 88' lang='lat' dir='ltr'>omnibus</span> <span class='ocrx_word' id='word_1_567' title='bbox 3636 5071 3808 5113; x_wconf 86' lang='lat' dir='ltr'>omnes</span> 
     </span>
    </p>
   </div>
   <div class='ocr_carea' id='block_1_51' title="bbox 421 5145 3807 5220">
    <p class='ocr_par' dir='ltr' id='par_1_51' title="bbox 421 5145 3807 5220">
     <span class='ocr_line' id='line_1_51' title="bbox 421 5145 3807 5220; baseline 0.004 -20"><span class='ocrx_word' id='word_1_568' title='bbox 421 5148 568 5202; x_wconf 89' lang='lat' dir='ltr'>Pars</span> <span class='ocrx_word' id='word_1_569' title='bbox 602 5150 791 5203; x_wconf 90' lang='lat' dir='ltr'>minor</span> <span class='ocrx_word' id='word_1_570' title='bbox 819 5149 1114 5212; x_wconf 90' lang='lat' dir='ltr'>abscedit;</span> <span class='ocrx_word' id='word_1_571' title='bbox 1149 5147 1471 5216; x_wconf 87' lang='lat' dir='ltr'>spoliorum</span> <span class='ocrx_word' id='word_1_572' title='bbox 1503 5149 1786 5218; x_wconf 84' lang='lat' dir='ltr'>quidquid</span> <span class='ocrx_word' id='word_1_573' title='bbox 1817 5150 1888 5204; x_wconf 88' lang='lat' dir='ltr'>ab</span> <span class='ocrx_word' id='word_1_574' title='bbox 1921 5151 2077 5204; x_wconf 91' lang='lat' dir='ltr'>omni</span> <span class='ocrx_word' id='word_1_575' title='bbox 2181 5147 2267 5199; x_wconf 83' lang='lat' dir='ltr'>Ad</span> <span class='ocrx_word' id='word_1_576' title='bbox 2325 5147 2596 5201; x_wconf 69' lang='lat' dir='ltr'>Corisum</span> <span class='ocrx_word' id='word_1_577' title='bbox 2651 5153 3003 5217; x_wconf 64' lang='lat' dir='ltr'>properant.</span> <span class='ocrx_word' id='word_1_578' title='bbox 3077 5149 3204 5202; x_wconf 69' lang='lat' dir='ltr'>haec</span> <span class='ocrx_word' id='word_1_579' title='bbox 3263 5152 3593 5220; x_wconf 67' lang='lat' dir='ltr'>complacet</span> <span class='ocrx_word' id='word_1_580' title='bbox 3647 5145 3807 5201; x_wconf 66' lang='grc' dir='ltr'>ίηειΠε</span> 
     </span>
    </p>
   </div>
   <div class='ocr_carea' id='block_1_52' title="bbox 420 5233 3746 5306">
    <p class='ocr_par' dir='ltr' id='par_1_52' title="bbox 420 5233 3746 5306">
     <span class='ocr_line' id='line_1_52' title="bbox 420 5233 3746 5306; baseline 0.005 -22"><span class='ocrx_word' id='word_1_581' title='bbox 420 5233 644 5288; x_wconf 82' lang='lat' dir='ltr'>Victrix</span> <span class='ocrx_word' id='word_1_582' title='bbox 675 5238 840 5290; x_wconf 87' lang='lat' dir='ltr'>turba</span> <span class='ocrx_word' id='word_1_583' title='bbox 870 5237 998 5290; x_wconf 91' lang='lat' dir='ltr'>loco</span> <span class='ocrx_word' id='word_1_584' title='bbox 1031 5237 1337 5303; x_wconf 80' lang='lat' dir='ltr'>contraxit,</span> <span class='ocrx_word' id='word_1_585' title='bbox 1372 5237 1618 5288; x_wconf 90' lang='lat' dir='ltr'>Alexius</span> <span class='ocrx_word' id='word_1_586' title='bbox 1651 5236 1834 5290; x_wconf 74' lang='lat' dir='ltr'>effert.</span> <span class='ocrx_word' id='word_1_587' title='bbox 3473 5236 3746 5306; x_wconf 68' lang='grc' dir='ltr'>(θυηοιὶες</span> 
     </span>
    </p>
   </div>
   <div class='ocr_carea' id='block_1_53' title="bbox 420 5319 3602 5392">
    <p class='ocr_par' dir='ltr' id='par_1_53' title="bbox 420 5319 3602 5392">
     <span class='ocr_line' id='line_1_53' title="bbox 420 5319 3602 5392; baseline 0.002 -19"><span class='ocrx_word' id='word_1_588' title='bbox 420 5319 676 5373; x_wconf 89' lang='lat' dir='ltr'>Nuntius</span> <span class='ocrx_word' id='word_1_589' title='bbox 705 5324 775 5375; x_wconf 88' lang='lat' dir='ltr'>ad</span> <span class='ocrx_word' id='word_1_590' title='bbox 805 5329 1057 5378; x_wconf 89' lang='lat' dir='ltr'>montem</span> <span class='ocrx_word' id='word_1_591' title='bbox 1082 5325 1421 5378; x_wconf 85' lang='lat' dir='ltr'>Boamundo</span> <span class='ocrx_word' id='word_1_592' title='bbox 1454 5325 1709 5392; x_wconf 88' lang='lat' dir='ltr'>pandere</span> <span class='ocrx_word' id='word_1_593' title='bbox 1743 5341 1919 5380; x_wconf 89' lang='lat' dir='ltr'>casus</span> <span class='ocrx_word' id='word_1_594' title='bbox 2177 5325 2404 5378; x_wconf 89' lang='lat' dir='ltr'>Classis</span> <span class='ocrx_word' id='word_1_595' title='bbox 2436 5325 2694 5378; x_wconf 66' lang='lat' dir='ltr'>Blexina)</span> <span class='ocrx_word' id='word_1_596' title='bbox 2727 5326 2844 5378; x_wconf 85' lang='lat' dir='ltr'>dux</span> <span class='ocrx_word' id='word_1_597' title='bbox 2870 5325 3141 5380; x_wconf 77' lang='lat' dir='ltr'>Mabrica</span> <span class='ocrx_word' id='word_1_598' title='bbox 3173 5331 3416 5380; x_wconf 78' lang='lat' dir='ltr'>venerat</span> <span class='ocrx_word' id='word_1_599' title='bbox 3449 5327 3602 5379; x_wconf 92' lang='lat' dir='ltr'>illuc.</span> 
     </span>
    </p>
   </div>
   <div class='ocr_carea' id='block_1_54' title="bbox 419 5406 3631 5484">
    <p class='ocr_par' dir='ltr' id='par_1_54' title="bbox 419 5406 3631 5484">
     <span class='ocr_line' id='line_1_54' title="bbox 419 5406 3631 5484; baseline 0.001 -24"><span class='ocrx_word' id='word_1_600' title='bbox 419 5406 730 5461; x_wconf 86' lang='lat' dir='ltr'>Adversos</span> <span class='ocrx_word' id='word_1_601' title='bbox 760 5417 1048 5481; x_wconf 87' lang='lat' dir='ltr'>properat,</span> <span class='ocrx_word' id='word_1_602' title='bbox 1083 5413 1182 5482; x_wconf 91' lang='lat' dir='ltr'>qui</span> <span class='ocrx_word' id='word_1_603' title='bbox 1209 5428 1274 5466; x_wconf 94' lang='lat' dir='ltr'>se</span> <span class='ocrx_word' id='word_1_604' title='bbox 1307 5415 1651 5480; x_wconf 88' lang='lat' dir='ltr'>speraverat</span> <span class='ocrx_word' id='word_1_605' title='bbox 1691 5429 1828 5468; x_wconf 90' lang='lat' dir='ltr'>esse</span> <span class='ocrx_word' id='word_1_606' title='bbox 2177 5413 2317 5467; x_wconf 84' lang='lat' dir='ltr'>Inde</span> <span class='ocrx_word' id='word_1_607' title='bbox 2347 5414 2536 5482; x_wconf 86' lang='lat' dir='ltr'>placet</span> <span class='ocrx_word' id='word_1_608' title='bbox 2566 5414 2759 5467; x_wconf 87' lang='lat' dir='ltr'>nautis</span> <span class='ocrx_word' id='word_1_609' title='bbox 2793 5415 3109 5484; x_wconf 90' lang='lat' dir='ltr'>repetenda</span> <span class='ocrx_word' id='word_1_610' title='bbox 3139 5413 3383 5468; x_wconf 77' lang='lat' dir='ltr'>Venetia</span> <span class='ocrx_word' id='word_1_611' title='bbox 3417 5414 3631 5479; x_wconf 89' lang='lat' dir='ltr'>multis,</span> 
     </span>
    </p>
   </div>
   <div class='ocr_carea' id='block_1_55' title="bbox 489 5526 3800 5609">
    <p class='ocr_par' dir='ltr' id='par_1_55' title="bbox 489 5526 3800 5609">
     <span class='ocr_line' id='line_1_55' title="bbox 489 5526 3800 5609; baseline 0.002 -28"><span class='ocrx_word' id='word_1_612' title='bbox 489 5526 640 5600; x_wconf 84' lang='grc'>(116)</span> <span class='ocrx_word' id='word_1_613' title='bbox 661 5529 866 5609; x_wconf 76' lang='lat' dir='ltr'>Victus</span> <span class='ocrx_word' id='word_1_614' title='bbox 889 5534 1134 5609; x_wconf 84' lang='lat' dir='ltr'>Al_e_xius</span> <span class='ocrx_word' id='word_1_615' title='bbox 1154 5534 1508 5609; x_wconf 59' lang='lat' dir='ltr'>Salanichim</span> <span class='ocrx_word' id='word_1_616' title='bbox 1533 5536 1827 5608; x_wconf 86' lang='lat' dir='ltr'>confugit:</span> <span class='ocrx_word' id='word_1_617' title='bbox 1855 5537 2074 5602; x_wconf 87' lang='lat' dir='ltr'>Saloni-</span> <span class='ocrx_word' id='word_1_618' title='bbox 2175 5537 2276 5609; x_wconf 82' lang='lat' dir='ltr'>lib.</span> <span class='ocrx_word' id='word_1_619' title='bbox 2313 5555 2388 5604; x_wconf 81' lang='lat' dir='ltr'>ix,</span> <span class='ocrx_word' id='word_1_620' title='bbox 2427 5537 2650 5609; x_wconf 80' lang='lat' dir='ltr'>Haecin</span> <span class='ocrx_word' id='word_1_621' title='bbox 2693 5537 3030 5609; x_wconf 86' lang='lat' dir='ltr'>Macedonia</span> <span class='ocrx_word' id='word_1_622' title='bbox 3065 5539 3174 5592; x_wconf 86' lang='lat' dir='ltr'>sita</span> <span class='ocrx_word' id='word_1_623' title='bbox 3204 5541 3312 5607; x_wconf 86' lang='lat' dir='ltr'>est,</span> <span class='ocrx_word' id='word_1_624' title='bbox 3340 5554 3482 5609; x_wconf 86' lang='lat' dir='ltr'>quae</span> <span class='ocrx_word' id='word_1_625' title='bbox 3515 5536 3676 5592; x_wconf 85' lang='lat' dir='ltr'>hodie</span> <span class='ocrx_word' id='word_1_626' title='bbox 3705 5533 3800 5586; x_wconf 77' lang='lat' dir='ltr'>La-</span> 
     </span>
    </p>
   </div>
   <div class='ocr_carea' id='block_1_56' title="bbox 414 5602 3006 5673">
    <p class='ocr_par' dir='ltr' id='par_1_56' title="bbox 414 5602 3006 5673">
     <span class='ocr_line' id='line_1_56' title="bbox 414 5602 3006 5673; baseline 0.002 -14"><span class='ocrx_word' id='word_1_627' title='bbox 414 5616 735 5673; x_wconf 83' lang='lat' dir='ltr'>cem,_quae</span> <span class='ocrx_word' id='word_1_628' title='bbox 766 5602 904 5657; x_wconf 89' lang='lat' dir='ltr'>olim</span> <span class='ocrx_word' id='word_1_629' title='bbox 934 5603 1376 5659; x_wconf 87' lang='lat' dir='ltr'>Thessalonica.</span> <span class='ocrx_word' id='word_1_630' title='bbox 1412 5607 1620 5661; x_wconf 72' lang='lat' dir='ltr'>TIREM.</span> <span class='ocrx_word' id='word_1_631' title='bbox 1717 5602 1744 5608; x_wconf 71' lang='grc'>⁷</span> <span class='ocrx_word' id='word_1_632' title='bbox 2175 5607 2295 5662; x_wconf 87' lang='lat' dir='ltr'>rizo</span> <span class='ocrx_word' id='word_1_633' title='bbox 2325 5602 2538 5663; x_wconf 80' lang='lat' dir='ltr'>nemen</span> <span class='ocrx_word' id='word_1_634' title='bbox 2568 5608 2762 5666; x_wconf 88' lang='lat' dir='ltr'>habet.</span> <span class='ocrx_word' id='word_1_635' title='bbox 2797 5608 3006 5664; x_wconf 70' lang='lat' dir='ltr'>Tmen.</span> 
     </span>
    </p>
   </div>
   <div class='ocr_carea' id='block_1_57' title="bbox 483 5671 2073 5752">
    <p class='ocr_par' dir='ltr' id='par_1_57' title="bbox 483 5671 2073 5752">
     <span class='ocr_line' id='line_1_57' title="bbox 483 5671 2073 5752; baseline 0.006 -24"><span class='ocrx_word' id='word_1_636' title='bbox 483 5671 637 5752; x_wconf 67' lang='lat' dir='ltr'>(M7)</span> <span class='ocrx_word' id='word_1_637' title='bbox 692 5673 956 5730; x_wconf 84' lang='lat' dir='ltr'>Larissae</span> <span class='ocrx_word' id='word_1_638' title='bbox 997 5673 1201 5744; x_wconf 87' lang='lat' dir='ltr'>plures</span> <span class='ocrx_word' id='word_1_639' title='bbox 1248 5678 1420 5746; x_wconf 87' lang='lat' dir='ltr'>sunt,</span> <span class='ocrx_word' id='word_1_640' title='bbox 1467 5676 1540 5732; x_wconf 89' lang='lat' dir='ltr'>de</span> <span class='ocrx_word' id='word_1_641' title='bbox 1596 5677 1813 5750; x_wconf 89' lang='lat' dir='ltr'>quibus</span> <span class='ocrx_word' id='word_1_642' title='bbox 1862 5677 2073 5739; x_wconf 84' lang='lat' dir='ltr'>Strabo</span> 
     </span>
    </p>
   </div>
  </div>
